{"host":"49pjgf1q9ev52n8z","time":1611989009,"event":{"mods":["BaseMod","Bestiary","Colored Map","Minty Spire (QoL Compilation)","Relic Stats","StSLib"],"gold_per_floor":[369,381,381,2,19,47,60,60,113,78,78,153,153,176,176,272,272,295,220,220,241,241,272,272,295,295,295,368,295,327,11,11,104,104,119,140,140,161,161,161,202,202,277,301,326,326,0,21,21,21],"floor_reached":51,"language":"ENG","playtime":5875,"items_purged":["Regret"],"score":1272,"play_id":"61df1fef-2393-450c-8f2c-407af1924bbf","local_time":"20210129224329","is_ascension_mode":true,"campfire_choices":[{"data":"Footwork","floor":11.0,"key":"SMITH"},{"floor":13.0,"key":"REST"},{"data":"Dodge and Roll","floor":15.0,"key":"SMITH"},{"floor":24.0,"key":"REST"},{"floor":27.0,"key":"REST"},{"floor":32.0,"key":"REST"},{"data":"After Image","floor":40,"key":"SMITH"},{"floor":42,"key":"REST"},{"floor":49,"key":"REST"}],"circlet_count":0,"master_deck":["AscendersBane","Strike_G+1","Strike_G+1","Strike_G","Defend_G","Defend_G","Defend_G","Defend_G","Defend_G","Survivor","Neutralize","Cloak And Dagger","Flying Knee","Footwork+1","Dagger Throw","Noxious Fumes","Dodge and Roll+1","Adrenaline","Enlightenment","Catalyst","Malaise","Leg Sweep","Corpse Explosion","Dodge and Roll+1","PiercingWail+1","Blade Dance","After Image+1","Predator","Master of Strategy","Acrobatics+1"],"relics":["Ring of the Snake","Mercury Hourglass","TwistedFunnel","Centennial Puzzle","Golden Idol","Vajra","Sozu","Potion Belt","Matryoshka","MawBank","Shuriken","Tiny Chest","Bird Faced Urn","Philosopher\u0027s Stone","Whetstone","Anchor","Paper Crane","Toy Ornithopter","Calipers"],"acts_visited":["Exordium","TheCity","TheBeyond"],"potions_floor_usage":[33],"damage_taken":[{"damage":1.0,"enemies":"Jaw Worm","floor":1.0,"turns":5.0},{"damage":0.0,"enemies":"2 Louse","floor":2.0,"turns":3.0},{"damage":0.0,"enemies":"Small Slimes","floor":5.0,"turns":3.0},{"damage":10.0,"enemies":"3 Sentries","floor":6.0,"turns":7.0},{"damage":0.0,"enemies":"2 Fungi Beasts","floor":7.0,"turns":2.0},{"damage":0.0,"enemies":"3 Louse","floor":14.0,"turns":2.0},{"damage":10.0,"enemies":"Slime Boss","floor":16.0,"turns":9.0},{"damage":7.0,"enemies":"Spheric Guardian","floor":18.0,"turns":4.0},{"damage":0.0,"enemies":"Shell Parasite","floor":21.0,"turns":5.0},{"damage":37.0,"enemies":"Slavers","floor":23.0,"turns":7.0},{"damage":4.0,"enemies":"Snecko","floor":25.0,"turns":6.0},{"damage":9.0,"enemies":"Centurion and Healer","floor":30.0,"turns":7.0},{"damage":39,"enemies":"Collector","floor":33,"turns":13},{"damage":1,"enemies":"3 Shapes","floor":35,"turns":4},{"damage":0,"enemies":"Orb Walker","floor":36,"turns":5},{"damage":1,"enemies":"3 Darklings","floor":38,"turns":4},{"damage":42,"enemies":"Nemesis","floor":41,"turns":13},{"damage":12,"enemies":"Transient","floor":44,"turns":6},{"damage":0,"enemies":"Sphere and 2 Shapes","floor":48,"turns":4},{"damage":19,"enemies":"Awakened One","floor":50,"turns":17}],"seed_played":"-5328413130393883779","potions_obtained":[{"floor":2.0,"key":"Block Potion"},{"floor":7.0,"key":"Block Potion"},{"floor":16.0,"key":"CunningPotion"}],"is_trial":false,"path_per_floor":["M","M","?","$","M","E","M","?","T","?","R","?","R","M","R","B",null,"M","?","?","M","?","E","R","M","T","R","T","?","M","$","R","B",null,"M","M","?","M","?","R","E","R","T","M","T","?","$","M","R","B",null],"character_chosen":"THE_SILENT","items_purchased":["TwistedFunnel","Footwork","AttackPotion","Bird Faced Urn","Calipers"],"campfire_rested":6,"item_purchase_floors":[4,4,4,31,47],"current_hp_per_floor":[58,58,58,58,58,48,48,27,27,42,42,31,49,49,49,39,55,48,48,36,36,48,11,29,25,25,43,43,43,34,34,52,17,49,52,54,54,57,57,57,21,39,39,33,33,33,33,37,55,42],"gold":21,"neow_bonus":"TWO_FIFTY_GOLD","is_daily":false,"chose_seed":false,"campfire_upgraded":3,"win_rate":0.0,"timestamp":1611989009,"path_taken":["M","M","?","$","M","E","M","?","T","?","R","?","R","M","R","BOSS","M","?","?","?","?","E","R","M","T","R","?","?","M","$","R","BOSS","M","M","?","?","?","R","E","R","T","M","?","?","$","?","R","BOSS"],"items_purchased_type":["Relic","Card","Potion","Relic","Relic"],"build_version":"2020-12-22","purchased_purges":1,"victory":true,"max_hp_per_floor":[60,60,60,60,60,60,60,60,60,60,60,60,60,60,60,60,60,60,60,60,60,60,60,60,60,60,60,60,60,60,60,60,60,60,60,60,60,60,60,60,60,60,60,60,60,60,60,60,60,60],"relic_stats":{"counters":[20,125],"Golden Idol":114,"Whetstone":["Strike_G","Strike_G"],"MawBank":36,"Mercury Hourglass":[471],"Sozu":4,"Centennial Puzzle":[33],"Shuriken":[28],"Bird Faced Urn":[36],"Tiny Chest":1,"obtain_stats":[{"TwistedFunnel":4,"Potion Belt":23,"Calipers":47,"Golden Idol":8,"Vajra":9,"Whetstone":41,"Paper Crane":43,"MawBank":28,"Mercury Hourglass":3,"Sozu":17,"Centennial Puzzle":6,"Anchor":43,"Matryoshka":26,"Shuriken":28,"Bird Faced Urn":31,"Tiny Chest":29,"Philosopher\u0027s Stone":34,"Toy Ornithopter":45,"Ring of the Snake":0},{"TwistedFunnel":2,"Potion Belt":10,"Calipers":18,"Golden Idol":5,"Vajra":5,"Whetstone":17,"Paper Crane":17,"MawBank":11,"Mercury Hourglass":2,"Sozu":7,"Centennial Puzzle":4,"Anchor":17,"Matryoshka":11,"Shuriken":11,"Bird Faced Urn":12,"Tiny Chest":11,"Philosopher\u0027s Stone":13,"Toy Ornithopter":18,"Ring of the Snake":0},{"TwistedFunnel":8,"Potion Belt":46,"Calipers":104,"Golden Idol":19,"Vajra":19,"Whetstone":98,"Paper Crane":98,"MawBank":52,"Mercury Hourglass":8,"Sozu":30,"Centennial Puzzle":17,"Anchor":98,"Matryoshka":52,"Shuriken":52,"Bird Faced Urn":59,"Tiny Chest":52,"Philosopher\u0027s Stone":72,"Toy Ornithopter":104,"Ring of the Snake":0}],"Toy Ornithopter":0,"Ring of the Snake":[40]},"card_choices":[{"not_picked":["Concentrate","Sucker Punch"],"picked":"Cloak And Dagger","floor":1.0},{"not_picked":["Dagger Throw","Cloak And Dagger"],"picked":"Flying Knee","floor":2.0},{"not_picked":["Underhanded Strike","Cloak And Dagger"],"picked":"Dagger Throw","floor":5.0},{"not_picked":["Heel Hook","Cloak And Dagger","Acrobatics"],"picked":"SKIP","floor":6.0},{"not_picked":["Venomology","Backflip"],"picked":"Noxious Fumes","floor":7.0},{"not_picked":["Sucker Punch","Deadly Poison"],"picked":"Dodge and Roll","floor":14.0},{"not_picked":["Envenom","Die Die Die"],"picked":"Adrenaline","floor":16.0},{"not_picked":["Outmaneuver","Masterful Stab","Expertise"],"picked":"SKIP","floor":18.0},{"not_picked":["Deflect","Cloak And Dagger"],"picked":"Catalyst","floor":21.0},{"not_picked":["Glass Knife","Outmaneuver+1","Flying Knee+1"],"picked":"SKIP","floor":23.0},{"not_picked":["Dagger Throw","Setup"],"picked":"Malaise","floor":25.0},{"not_picked":["Quick Slash","Setup"],"picked":"Leg Sweep","floor":30.0},{"not_picked":["A Thousand Cuts","Venomology"],"picked":"Corpse Explosion","floor":33},{"not_picked":["Sucker Punch","Outmaneuver"],"picked":"Dodge and Roll+1","floor":35},{"not_picked":["Deflect+1","Acrobatics"],"picked":"PiercingWail+1","floor":36},{"not_picked":["Dagger Spray","Backflip+1"],"picked":"After Image","floor":38},{"not_picked":["Cloak And Dagger","Flying Knee","Sucker Punch"],"picked":"SKIP","floor":41},{"not_picked":["Flying Knee","Underhanded Strike"],"picked":"Predator","floor":44},{"not_picked":["Dramatic Entrance","Finesse"],"picked":"Master of Strategy","floor":46},{"not_picked":["Blade Dance","Underhanded Strike"],"picked":"Acrobatics+1","floor":48}],"player_experience":635193,"relics_obtained":[{"floor":6.0,"key":"Centennial Puzzle"},{"floor":9.0,"key":"Vajra"},{"floor":23.0,"key":"Potion Belt"},{"floor":26.0,"key":"Matryoshka"},{"floor":28.0,"key":"MawBank"},{"floor":28.0,"key":"Shuriken"},{"floor":41,"key":"Whetstone"},{"floor":43,"key":"Anchor"},{"floor":43,"key":"Paper Crane"},{"floor":45,"key":"Toy Ornithopter"}],"event_choices":[{"damage_healed":0.0,"max_hp_gain":0.0,"max_hp_loss":0.0,"gold_gain":0.0,"event_name":"Big Fish","player_choice":"Box","floor":3.0,"gold_loss":0.0,"damage_taken":0.0,"relics_obtained":["Mercury Hourglass"],"cards_obtained":["Regret"]},{"damage_healed":0.0,"max_hp_gain":0.0,"max_hp_loss":0.0,"gold_gain":0.0,"event_name":"Golden Idol","player_choice":"Take Damage","floor":8.0,"gold_loss":0.0,"damage_taken":21.0,"relics_obtained":["Golden Idol"]},{"damage_healed":15.0,"max_hp_gain":0.0,"max_hp_loss":0.0,"gold_gain":0.0,"event_name":"The Cleric","player_choice":"Healed","floor":10.0,"gold_loss":35.0,"damage_taken":0.0},{"damage_healed":0.0,"max_hp_gain":0.0,"max_hp_loss":0.0,"gold_gain":75.0,"event_name":"World of Goop","player_choice":"Gather Gold","floor":12.0,"gold_loss":0.0,"damage_taken":11.0},{"cards_removed":["Strike_G"],"damage_healed":0.0,"max_hp_gain":0.0,"max_hp_loss":0.0,"gold_gain":0.0,"event_name":"Beggar","player_choice":"Gave Gold","floor":19.0,"gold_loss":75.0,"damage_taken":0.0},{"damage_healed":0.0,"max_hp_gain":0.0,"max_hp_loss":0.0,"gold_gain":0.0,"event_name":"Knowing Skull","player_choice":"CARD ","floor":20.0,"potions_obtained":[],"gold_loss":0.0,"damage_taken":12.0,"cards_obtained":["Enlightenment"]},{"damage_healed":12.0,"max_hp_gain":0.0,"max_hp_loss":0.0,"gold_gain":0.0,"event_name":"The Library","player_choice":"Heal","floor":22.0,"gold_loss":0.0,"damage_taken":0.0},{"damage_healed":0.0,"max_hp_gain":0.0,"max_hp_loss":0.0,"gold_gain":0.0,"event_name":"Addict","player_choice":"Obtained Relic","floor":29.0,"gold_loss":85.0,"damage_taken":0.0,"relics_obtained":["Tiny Chest"]},{"damage_healed":0,"gold_gain":0,"player_choice":"1 cards matched","damage_taken":0,"max_hp_gain":0,"max_hp_loss":0,"event_name":"Match and Keep!","floor":37,"gold_loss":0,"cards_obtained":["Blade Dance"]},{"cards_removed":["Strike_G"],"damage_healed":0,"gold_gain":0,"player_choice":"Removed Attack","damage_taken":0,"max_hp_gain":0,"max_hp_loss":0,"event_name":"Falling","floor":39,"gold_loss":0},{"damage_healed":0,"gold_gain":0,"player_choice":"Memory 1","damage_taken":0,"max_hp_gain":0,"max_hp_loss":0,"event_name":"SensoryStone","floor":46,"gold_loss":0}],"is_beta":false,"boss_relics":[{"not_picked":["Busted Crown","SlaversCollar"],"picked":"Sozu"},{"not_picked":["Cursed Key","Runic Dome"],"picked":"Philosopher\u0027s Stone"}],"items_purged_floors":[4],"is_endless":false,"potions_floor_spawned":[2,7,16,18,25,33,41],"ascension_level":18}}