{"host":"dprcptr190br6xbd","time":1611969491,"event":{"mods":["AchievementEnabler","BaseMod","Colored Map","Colored Powertips","Googly Eyes","Hubris","Minty Spire (QoL Compilation)","Permanent Neow","Quick Restart","Remilia??????","Replay The Spire","StSLib","The Bug Knight"],"gold_per_floor":[118,133,145,50,50,63,10,20,20,20,38,58,86,2,2,104,154,169,186,201,48,64,64,64,64,91,91,91],"floor_reached":27,"language":"ENG","playtime":1227,"items_purged":[],"score":217,"play_id":"4a69a030-b19a-4594-afe9-332af12a7c4f","local_time":"20210129191811","is_ascension_mode":false,"campfire_choices":[{"data":"Cleave","floor":10.0,"key":"SMITH"},{"data":"Limit Break","floor":15.0,"key":"SMITH"}],"circlet_count":0,"master_deck":["Strike_R+1","Strike_R+1","Strike_R+1","Strike_R+1","Strike_R+1","Defend_R+1","Defend_R+1","Defend_R+1","Defend_R+1","Bash","Clothesline","Heavy Blade","Thunderclap","Thunderclap+1","Rage","Cleave+1","Flex","Cleave","Limit Break+1","Reckless Charge+1","Bloodletting","Hemokinesis+1","Clash","Juggernaut","Flex","hubris:ReadiedAction+1","Anger","Twin Strike","Intimidate"],"relics":["Burning Blood","Shuriken","Letter Opener","Tiny House","Pen Nib","hubris:Icosahedron","Whetstone"],"acts_visited":["TheCity"],"potions_floor_usage":[19,22,22],"damage_taken":[{"damage":5.0,"enemies":"Small Slimes","floor":1.0,"turns":4.0},{"damage":1.0,"enemies":"Cultist","floor":2.0,"turns":4.0},{"damage":3.0,"enemies":"Jaw Worm","floor":3.0,"turns":3.0},{"damage":8.0,"enemies":"Blue Slaver","floor":6.0,"turns":4.0},{"damage":0.0,"enemies":"2 Fungi Beasts","floor":8.0,"turns":2.0},{"damage":11.0,"enemies":"Large Slime","floor":11.0,"turns":4.0},{"damage":10.0,"enemies":"Exordium Wildlife","floor":12.0,"turns":4.0},{"damage":12.0,"enemies":"3 Sentries","floor":13.0,"turns":4.0},{"damage":55.0,"enemies":"The Guardian","floor":16.0,"turns":7.0},{"damage":17,"enemies":"Spheric Guardian","floor":18,"turns":4},{"damage":17,"enemies":"Snake Plant","floor":19,"turns":4},{"damage":25,"enemies":"Sentry and Sphere","floor":20,"turns":4},{"damage":31,"enemies":"Snecko","floor":22,"turns":5},{"damage":10,"enemies":"Shelled Parasite and Fungi","floor":27,"turns":1}],"seed_played":"-7644583369298686405","potions_obtained":[{"floor":0.0,"key":"Ancient Potion"},{"floor":0.0,"key":"Energy Potion"},{"floor":0.0,"key":"HeartOfIron"},{"floor":6.0,"key":"ColorlessPotion"},{"floor":13.0,"key":"PowerPotion"},{"floor":16.0,"key":"SteroidPotion"},{"floor":17,"key":"Flashbang"},{"floor":18,"key":"ElixirPotion"},{"floor":20,"key":"FearPotion"},{"floor":22,"key":"Death Potion"}],"is_trial":false,"path_per_floor":["M","M","M","$","?","M","$","M","T","R","M","M","E","$","R","B",null,"M","M","M","$","M","?","?","?","T","M"],"character_chosen":"IRONCLAD","items_purchased":["Thunderclap","Rage","Flex","Hemokinesis","Clash","Pen Nib"],"campfire_rested":0,"item_purchase_floors":[4,4,7,14,14,21],"current_hp_per_floor":[80,80,80,80,80,78,78,80,80,80,75,71,65,65,65,16,85,74,63,44,44,19,19,10,10,10,0,0],"gold":91,"neow_bonus":"THREE_SMALL_POTIONS","is_daily":false,"chose_seed":false,"campfire_upgraded":2,"win_rate":0.0,"timestamp":1611969491,"path_taken":["M","M","M","$","?","M","?","M","T","R","M","M","E","$","R","BOSS","M","M","M","$","M","?","?","?","T","M"],"items_purchased_type":["Card","Card","Card","Card","Card","Relic"],"build_version":"2020-12-22","purchased_purges":0,"victory":false,"max_hp_per_floor":[80,80,80,80,80,80,80,80,80,80,80,80,80,80,80,80,85,85,85,85,85,85,85,85,85,85,85,85],"card_choices":[{"not_picked":["Rupture","Shockwave"],"picked":"Clothesline","floor":1.0},{"not_picked":["Rage","Headbutt"],"picked":"Heavy Blade","floor":2.0},{"not_picked":["Body Slam","Sword Boomerang"],"picked":"Thunderclap","floor":3.0},{"not_picked":["Pommel Strike","Spot Weakness"],"picked":"Cleave","floor":6.0},{"not_picked":["Warcry","Iron Wave"],"picked":"Cleave","floor":8.0},{"not_picked":["Bloodletting","Shrug It Off"],"picked":"Limit Break","floor":11.0},{"not_picked":["Uppercut","Pommel Strike"],"picked":"Reckless Charge","floor":12.0},{"not_picked":["Perfected Strike","Clothesline"],"picked":"Bloodletting","floor":13.0},{"not_picked":["Demon Form","Feed"],"picked":"Juggernaut","floor":16.0},{"not_picked":["Pommel Strike","Clothesline"],"picked":"Flex","floor":17},{"not_picked":["Metallicize","Thunderclap+1"],"picked":"hubris:ReadiedAction+1","floor":18},{"not_picked":["Second Wind","Body Slam"],"picked":"Anger","floor":19},{"not_picked":["Bloodletting","hubris:ReadiedAction+1"],"picked":"Twin Strike","floor":20},{"not_picked":["Sword Boomerang+1","Shrug It Off"],"picked":"Intimidate","floor":22}],"player_experience":67463,"relics_obtained":[{"floor":9.0,"key":"Shuriken"},{"floor":13.0,"key":"Letter Opener"},{"floor":26,"key":"Whetstone"}],"event_choices":[{"damage_healed":0.0,"max_hp_gain":0.0,"max_hp_loss":0.0,"gold_gain":0.0,"event_name":"Upgrade Shrine","player_choice":"Upgraded","floor":5.0,"gold_loss":0.0,"damage_taken":0.0,"cards_upgraded":["Thunderclap"]},{"damage_healed":0,"gold_gain":0,"player_choice":"Simplicity","damage_taken":0,"max_hp_gain":0,"max_hp_loss":0,"event_name":"Back to Basics","floor":23,"gold_loss":0,"cards_upgraded":["Strike_R","Strike_R","Strike_R","Strike_R","Defend_R","Defend_R","Defend_R","Defend_R"]},{"damage_healed":0,"gold_gain":0,"player_choice":"Stopped","damage_taken":9,"max_hp_gain":0,"max_hp_loss":0,"event_name":"Cursed Tome","floor":24,"gold_loss":0}],"is_beta":false,"boss_relics":[{"not_picked":["SlaversCollar","Coffee Dripper"],"picked":"Tiny House"}],"items_purged_floors":[],"is_endless":false,"potions_floor_spawned":[6,8,11,13,16,18,20,22],"killed_by":"Shelled Parasite and Fungi","ascension_level":0}}