{"host":"eqgv7lcke5o8g4rz","time":1611985465,"event":{"mods":["A Penny For Your Troubles","BaseMod","ChefMod","Fox Events","GifTheSpireLib","Hermit","Highlight Path","Minty Spire (QoL Compilation)","Rare Cards Sparkle","Reliquary","Spire Arcade","StS++","StSLib","The Animator","The IronCluck","The Servant 0.9.4","TheSurvivalist","Virulent Crown","Wide Potions","everything is the same but u backflip on backflip","slay the spire mod where everything is the same but ironclad has a cowboy hat"],"gold_per_floor":[109,109,120,145,165,165,204,204,283,295,334,334,350,98,98,205,205,227,238,254,271,271,271,271,67,67,79,79,97,197,207,207,310,310,325,340,17,44,44,44,58,74,74,74,74,91,91,107,107,107,107],"floor_reached":50,"language":"ENG","playtime":8936,"items_purged":[],"score":635,"play_id":"c9e67563-8763-43be-912e-4b9668078915","local_time":"20210130004425","daily_mods":["Draft","Specialized","Allstar","Colorless Cards","Heirloom"],"is_ascension_mode":false,"campfire_choices":[{"data":"hermit:Dive","floor":6.0,"key":"SMITH"},{"data":"hermit:Manifest","floor":8.0,"key":"SMITH"},{"data":"hermit:Misfire","floor":12.0,"key":"SMITH"},{"data":"hermit:TrackingShot","floor":15.0,"key":"SMITH"},{"floor":23.0,"key":"REST"},{"floor":28.0,"key":"REST"},{"floor":32.0,"key":"REST"},{"data":"hermit:BlackWind","floor":40.0,"key":"SMITH"},{"data":"hermit:CalledShot","floor":45.0,"key":"SMITH"},{"data":"hermit:Vantage","floor":47,"key":"SMITH"},{"floor":49,"key":"REST"}],"circlet_count":0,"master_deck":["hermit:DeadMansHand","hermit:Grudge","hermit:Quickdraw","hermit:Misfire+1","hermit:Snipe","hermit:WideOpen","hermit:BodyArmor","hermit:Headshot","hermit:Manifest+1","hermit:Glare","hermit:LowProfile","hermit:Glare","hermit:LowProfile","hermit:Dive+1","hermit:Scavenge","hermit:Roulette","hermit:Glare","hermit:Misfire","hermit:Headshot","hermit:Quickdraw","hermit:FlashPowder","hermit:Headshot","hermit:TrackingShot+1","hermit:CalledShot","hermit:Combo","hermit:Adapt","hermit:GhostlyPresence+1","hermit:Glare+1","hermit:Headshot+1","hermit:Vantage","hermit:ItchyTrigger","hermit:Desperado","hermit:Gestalt","hermit:SprayPray","hermit:Coalescence+1","hermit:Desperado+1","hermit:CalledShot+1","hermit:CalledShot","hermit:BlackWind+1","Bandage Up","hermit:TakeCover+1","hermit:Quickdraw","hermit:Vantage+1","Deep Breath","hermit:ItchyTrigger","hermit:WideOpen","Thinking Ahead","The Bomb","Flash of Steel+1","hermit:CalledShot+1","hermit:HighCaliber+1"],"relics":["hermit:ClaspedLocket","Ice Cream","Mango","Singing Bowl","reliquary:TatteredRug","Happy Flower","Astrolabe","Toy Ornithopter","StSpp:SailorCap","hermit:CharredGlove","Meat on the Bone","Potion Belt","Molten Egg 2"],"acts_visited":["Exordium","TheCity","TheBeyond"],"potions_floor_usage":[46,46,46,50],"damage_taken":[{"damage":7.0,"enemies":"Jaw Worm","floor":1.0,"turns":6.0},{"damage":0.0,"enemies":"Cultist","floor":3.0,"turns":3.0},{"damage":0.0,"enemies":"2 Louse","floor":4.0,"turns":3.0},{"damage":7.0,"enemies":"Looter","floor":5.0,"turns":2.0},{"damage":9.0,"enemies":"Lagavulin","floor":7.0,"turns":4.0},{"damage":0.0,"enemies":"Blue Slaver","floor":10.0,"turns":2.0},{"damage":0.0,"enemies":"Gremlin Nob","floor":11.0,"turns":2.0},{"damage":0.0,"enemies":"Large Slime","floor":13.0,"turns":4.0},{"damage":14.0,"enemies":"The Guardian","floor":16.0,"turns":11.0},{"damage":4.0,"enemies":"Shell Parasite","floor":18.0,"turns":4.0},{"damage":20.0,"enemies":"2 Thieves","floor":19.0,"turns":3.0},{"damage":9.0,"enemies":"Snake Plant","floor":20.0,"turns":4.0},{"damage":15.0,"enemies":"Snecko","floor":21.0,"turns":5.0},{"damage":18.0,"enemies":"Shelled Parasite and Fungi","floor":27.0,"turns":4.0},{"damage":14.0,"enemies":"Centurion and Healer","floor":29.0,"turns":4.0},{"damage":0.0,"enemies":"Colosseum Slavers","floor":30.0,"turns":3.0},{"damage":10.0,"enemies":"Colosseum Nobs","floor":30.0,"turns":5.0},{"damage":18.0,"enemies":"Chosen and Byrds","floor":31.0,"turns":5.0},{"damage":59.0,"enemies":"Champ","floor":33.0,"turns":13.0},{"damage":3.0,"enemies":"Orb Walker","floor":35.0,"turns":4.0},{"damage":9.0,"enemies":"3 Darklings","floor":36.0,"turns":10.0},{"damage":2.0,"enemies":"Jaw Worm Horde","floor":38.0,"turns":5.0},{"damage":3.0,"enemies":"Transient","floor":41.0,"turns":5.0},{"damage":1.0,"enemies":"Spire Growth","floor":42.0,"turns":3.0},{"damage":15,"enemies":"3 Darklings","floor":46,"turns":5},{"damage":46,"enemies":"4 Shapes","floor":48,"turns":7},{"damage":97,"enemies":"Donu and Deca","floor":50,"turns":8}],"seed_played":"5404957818025304229","potions_obtained":[{"floor":5.0,"key":"ColorlessPotion"},{"floor":7.0,"key":"Explosive Potion"},{"floor":10.0,"key":"Explosive Potion"},{"floor":18.0,"key":"StSpp:InhibitionPotion"},{"floor":21.0,"key":"GamblersBrew"},{"floor":29.0,"key":"FearPotion"},{"floor":31.0,"key":"Ancient Potion"},{"floor":35.0,"key":"BlessingOfTheForge"},{"floor":38.0,"key":"Strength Potion"},{"floor":41.0,"key":"FearPotion"},{"floor":48,"key":"StSpp:InhibitionPotion"}],"is_trial":true,"path_per_floor":["M","?","M","M","M","R","E","R","T","M","E","R","M","$","R","B",null,"M","M","M","M","?","R","?","$","T","M","R","M","?","M","R","B",null,"M","M","$","M","?","R","M","M","T","?","R","M","R","M","R","B"],"character_chosen":"HERMIT","items_purchased":["hermit:CalledShot","Happy Flower","hermit:Combo","Toy Ornithopter","hermit:SprayPray","Potion Belt","hermit:Quickdraw","EntropicBrew","hermit:Vantage"],"campfire_rested":4,"item_purchase_floors":[14,14,14,25,25,37,37,37,37],"current_hp_per_floor":[68,75,75,75,68,68,73,73,73,73,73,73,73,73,73,59,89,85,65,56,41,41,67,50,50,50,37,65,51,56,50,78,36,94,91,85,85,93,94,94,94,93,93,83,83,83,83,53,81,0,0],"gold":107,"neow_bonus":"","is_daily":false,"chose_seed":false,"campfire_upgraded":7,"win_rate":0.0,"timestamp":1611985465,"path_taken":["M","?","M","?","M","R","E","R","T","M","E","R","M","$","R","BOSS","M","M","M","M","?","R","?","$","T","M","R","M","?","M","R","BOSS","M","M","$","M","?","R","M","M","T","?","R","M","R","M","R","BOSS"],"items_purchased_type":["Card","Relic","Card","Relic","Card","Relic","Card","Potion","Card"],"build_version":"2020-12-22","purchased_purges":0,"victory":false,"max_hp_per_floor":[75,75,75,75,75,75,89,89,89,89,89,89,89,89,89,89,89,89,89,89,89,89,89,94,94,94,94,94,94,94,94,94,94,94,94,94,94,94,94,94,94,94,94,94,94,94,94,94,94,94,94],"card_choices":[{"not_picked":["animator:MamizouFutatsuiwa","hermit:Manifest"],"picked":"hermit:Grudge","floor":0.0},{"not_picked":["animator:Canti","hermit:Headshot"],"picked":"hermit:Quickdraw","floor":0.0},{"not_picked":["hermit:ItchyTrigger","hermit:Vantage"],"picked":"hermit:Misfire","floor":0.0},{"not_picked":["animator:Kuroyukihime","hermit:Quickdraw"],"picked":"hermit:Snipe","floor":0.0},{"not_picked":["hermit:ItchyTrigger","animator:Kuroyukihime"],"picked":"hermit:WideOpen","floor":0.0},{"not_picked":["hermit:Roulette","hermit:Glare"],"picked":"hermit:BodyArmor","floor":0.0},{"not_picked":["animator:QuestionMark","hermit:WideOpen"],"picked":"hermit:FullyLoaded","floor":0.0},{"not_picked":["hermit:CalledShot","animator:LimeBell"],"picked":"hermit:Headshot","floor":0.0},{"not_picked":["hermit:Roulette","Madness"],"picked":"hermit:Manifest","floor":0.0},{"not_picked":["animator:Urushihara","Trip"],"picked":"hermit:Glare","floor":0.0},{"not_picked":["hermit:Misfire","hermit:Enervate"],"picked":"hermit:LowProfile","floor":0.0},{"not_picked":["hermit:Quickdraw","hermit:Feint"],"picked":"hermit:Glare","floor":0.0},{"not_picked":["Discovery","hermit:WideOpen"],"picked":"hermit:LowProfile","floor":0.0},{"not_picked":["hermit:LowProfile","Madness"],"picked":"hermit:Dive","floor":0.0},{"not_picked":["hermit:Feint","hermit:BodyArmor"],"picked":"hermit:Scavenge","floor":0.0},{"not_picked":["hermit:Desperado","hermit:Misfire"],"picked":"hermit:Roulette","floor":1.0},{"not_picked":["hermit:FatalDesire","hermit:CalledShot"],"picked":"hermit:Glare","floor":3.0},{"not_picked":["hermit:Dive","hermit:BodyArmor"],"picked":"hermit:Misfire","floor":4.0},{"not_picked":["hermit:Glare","animator:Magilou"],"picked":"hermit:Headshot","floor":5.0},{"not_picked":["hermit:LowProfile","hermit:Determination"],"picked":"hermit:Quickdraw","floor":7.0},{"not_picked":["hermit:Manifest","hermit:LowProfile"],"picked":"hermit:FlashPowder","floor":10.0},{"not_picked":["Enlightenment","animator:Hibiki"],"picked":"hermit:Headshot","floor":11.0},{"not_picked":["animator:IchigoKurosaki","hermit:Midnight"],"picked":"hermit:TrackingShot","floor":13.0},{"not_picked":["hermit:FatalDesire","Secret Weapon"],"picked":"hermit:Adapt","floor":16.0},{"not_picked":["hermit:Misfire+1","hermit:BigShot"],"picked":"hermit:Vantage","floor":18.0},{"not_picked":["animator:Shimakaze","Enlightenment"],"picked":"hermit:ItchyTrigger","floor":19.0},{"not_picked":["hermit:Manifest+1","hermit:LowProfile"],"picked":"hermit:Desperado","floor":20.0},{"not_picked":["hermit:Desperado","hermit:Maintenance+1"],"picked":"hermit:Gestalt","floor":21.0},{"not_picked":["hermit:FlashPowder","hermit:ItchyTrigger"],"picked":"hermit:Coalescence+1","floor":27.0},{"not_picked":["hermit:Glare+1","hermit:Roulette+1"],"picked":"hermit:Desperado+1","floor":29.0},{"not_picked":["hermit:ItchyTrigger","hermit:Manifest"],"picked":"hermit:CalledShot","floor":30.0},{"not_picked":["hermit:LowProfile","hermit:Misfire"],"picked":"hermit:CalledShot","floor":31.0},{"not_picked":["animator:Patchouli","hermit:OverwhelmingPower"],"picked":"hermit:BlackWind","floor":33.0},{"not_picked":["animator:QuestionMark+1","hermit:Coalescence+1"],"picked":"Bandage Up","floor":35.0},{"not_picked":["Madness+1","hermit:Combo"],"picked":"hermit:TakeCover+1","floor":36.0},{"not_picked":["hermit:FullyLoaded","StSpp:MindBarrier+1"],"picked":"Deep Breath","floor":38.0},{"not_picked":["hermit:Dive+1","hermit:HighCaliber"],"picked":"hermit:ItchyTrigger","floor":41.0},{"not_picked":["hermit:Roulette+1","animator:MamizouFutatsuiwa+1"],"picked":"hermit:WideOpen","floor":42.0},{"not_picked":["Swift Strike+1","Master of Strategy"],"picked":"Thinking Ahead","floor":44.0},{"not_picked":["StSpp:MindBarrier","Flash of Steel+1"],"picked":"The Bomb","floor":44.0},{"not_picked":["Jack Of All Trades","StSpp:Unbreakable"],"picked":"Flash of Steel+1","floor":44.0},{"not_picked":["hermit:Roulette+1","animator:IchigoKurosaki+1"],"picked":"hermit:CalledShot+1","floor":46},{"not_picked":["hermit:LoneWolf+1","Deep Breath+1"],"picked":"hermit:HighCaliber+1","floor":48}],"player_experience":288955,"relics_obtained":[{"floor":7.0,"key":"Mango"},{"floor":9.0,"key":"Singing Bowl"},{"floor":11.0,"key":"reliquary:TatteredRug"},{"floor":26.0,"key":"StSpp:SailorCap"},{"floor":30.0,"key":"hermit:CharredGlove"},{"floor":30.0,"key":"Meat on the Bone"},{"floor":43.0,"key":"Molten Egg 2"}],"event_choices":[{"cards_removed":["hermit:DeadMansHand"],"damage_healed":7.0,"max_hp_gain":0.0,"max_hp_loss":0.0,"gold_gain":0.0,"event_name":"Bonfire Elementals","player_choice":"Offered Uncommon","floor":2.0,"gold_loss":0.0,"damage_taken":0.0},{"cards_removed":["hermit:FullyLoaded"],"damage_healed":0.0,"max_hp_gain":0.0,"max_hp_loss":0.0,"gold_gain":0.0,"event_name":"Back to Basics","player_choice":"Elegance","floor":22.0,"gold_loss":0.0,"damage_taken":0.0},{"damage_healed":0.0,"max_hp_gain":5.0,"max_hp_loss":0.0,"gold_gain":0.0,"event_name":"Forgotten Altar","player_choice":"Shed Blood","floor":24.0,"gold_loss":0.0,"damage_taken":22.0},{"damage_healed":0.0,"max_hp_gain":0.0,"max_hp_loss":0.0,"gold_gain":0.0,"event_name":"Colosseum","player_choice":"Fight","floor":30.0,"gold_loss":0.0,"damage_taken":0.0},{"damage_healed":0.0,"max_hp_gain":0.0,"max_hp_loss":0.0,"gold_gain":0.0,"event_name":"Colosseum","player_choice":"Fought Nobs","floor":30.0,"gold_loss":0.0,"damage_taken":0.0},{"damage_healed":0.0,"max_hp_gain":0.0,"max_hp_loss":0.0,"gold_gain":0.0,"event_name":"SensoryStone","player_choice":"Memory 3","floor":44.0,"gold_loss":0.0,"damage_taken":10.0}],"is_beta":false,"boss_relics":[{"not_picked":["reliquary:RedCape","Empty Cage"],"picked":"Astrolabe"},{"not_picked":["Runic Pyramid","Snecko Eye"],"picked":"hermit:ClaspedLocket"}],"items_purged_floors":[],"is_endless":true,"potions_floor_spawned":[5,7,10,18,21,29,30,31,35,38,41,48],"killed_by":"Donu and Deca","ascension_level":0}}