{"host":"hqxy2g3i5ker09hc","time":1611968681,"event":{"mods":["2.2 Compatiblity","AlwaysNeverKeys","Aspiration","BaseMod","Beaked The Cultist","Better Match","Better Note","Better Sensory Stone","Better Silent Start","Better Third Choice","Better-Laid Plans","CCEM2","CatGirl Mod","Chen","Conspire","Downfall","Fireblade Mod","GifTheSpireLib","Gold Saver","Hubris","Ironclad Rager","Jorbs\u0027s Wanderer Trilogy","Magitek Elite","Minty Spire (QoL Compilation)","MostiFishMod","Permanent Neow","Prisma Mod","Quarter Circle Forward PUNCH!","Quick Restart","Replay The Spire","Shop Mod","Small Relic Pack","Spikes Relics","StSLib","Stuff the Spire","The Animator","The Bug Knight","The Forsaken","The Wild Card"],"gold_per_floor":[1035,892,906,925,941,941,941,941,941,941,953,953,967,31,31,128,128,139,214,135,149,49,49,67,85,85,85,100,19,33,50,50,117,117,127,27,27,27,27,27,71,103,156,75,108,194,194,217,217,235,235,235,45,73,73],"floor_reached":56,"language":"ENG","playtime":4867,"items_purged":["Regret","Strike_L"],"score":1118,"play_id":"4b19f907-9372-4d22-b48c-aeefbbea5419","local_time":"20210130020441","is_ascension_mode":false,"campfire_choices":[{"data":"Cure","floor":6.0,"key":"SMITH"},{"data":"theWildCard:Metatron","floor":10.0,"key":"SMITH"},{"data":"Minerva_Bustier","floor":12.0,"key":"SMITH"},{"data":"Balance","floor":15.0,"key":"SMITH"},{"data":"Cure","floor":23.0,"key":"SMITH"},{"data":"Fake_Moustache","floor":27.0,"key":"SMITH"},{"data":"Shell","floor":32.0,"key":"SMITH"},{"data":"Trance","floor":40.0,"key":"SMITH"},{"data":"Mirage_Vest","floor":47,"key":"SMITH"},{"data":"Tornado","floor":52,"key":"SMITH"}],"circlet_count":0,"master_deck":["Defend_L","Defend_L","Defend_L","Defend_L","Fire2","Cure+2","Thunder_Blade","Tornado+1","Enlightenment+1","Magnus_Hat","Replay:Sssssssssshield+1","Esuna","ReplayTheSpireMod:Brewmster+1","theWildCard:Metatron+1","Minerva_Bustier+1","Icebrand","MostiFishMod:Galeforce","Sharp Hide","Balance+1","Wall+1","Fake_Moustache+1","Bravery+1","Shell+1","Water","Force_Armor","Trance+1","conspire:ExplosiveBarrier","StuffTheSpire:ReptileScales","Iron Wave","PrismaMod:MiyuCheapEvoke","Protect_M+1","conspire:SpireCoStock","conspire:SpireCoStock","Mirage_Vest+1","MostiFishMod:ButterFly","Parasite","Thunder_P","Transfusion+1","Mystery_Veil","Panache","Gaia_Gear"],"relics":["Pendant","DaveBox","SynthV:TestCard","HollowDreamFlower","CCEMRelics:FestiveHat","StuffTheSpire:RedRose","StuffTheSpire:Mouthbags","CCEMRelics:LatexGloves","CCEMRelics:BundleOfDynamite","StuffTheSpire:BottledEssence","Centennial Puzzle","CCEMRelics:IronFruit","qcfpunch:Killian_Engine_Alpha","Nunchaku","CCEMRelics:Pendulum","qcfpunch:Red_Headband"],"acts_visited":["Exordium","TheCity","TheBeyond","TheEnding"],"potions_floor_usage":[46,46,48,50,50,50,50,50,50,54,54,54,54,54,54,55,55],"damage_taken":[{"damage":11.0,"enemies":"Cultist","floor":1.0,"turns":5.0},{"damage":11.0,"enemies":"Jaw Worm","floor":3.0,"turns":4.0},{"damage":2.0,"enemies":"Small Slimes","floor":4.0,"turns":4.0},{"damage":17.0,"enemies":"Exordium Wildlife","floor":5.0,"turns":6.0},{"damage":24.0,"enemies":"Exordium Thugs","floor":11.0,"turns":5.0},{"damage":1.0,"enemies":"2 Fungi Beasts","floor":13.0,"turns":3.0},{"damage":19.0,"enemies":"Hexaghost","floor":16.0,"turns":9.0},{"damage":5.0,"enemies":"3 Byrds","floor":18.0,"turns":4.0},{"damage":10.0,"enemies":"Spheric Guardian","floor":21.0,"turns":4.0},{"damage":20.0,"enemies":"Centurion and Healer","floor":24.0,"turns":8.0},{"damage":11.0,"enemies":"Snake Plant","floor":25.0,"turns":5.0},{"damage":2.0,"enemies":"conspire:HollyBat","floor":28.0,"turns":9.0},{"damage":24.0,"enemies":"Cultist and Chosen","floor":30.0,"turns":6.0},{"damage":0.0,"enemies":"Snake Plant","floor":31.0,"turns":6.0},{"damage":22.0,"enemies":"Champ","floor":33.0,"turns":12.0},{"damage":13.0,"enemies":"3 Darklings","floor":35.0,"turns":7.0},{"damage":5.0,"enemies":"Orb Walker","floor":41.0,"turns":7.0},{"damage":21.0,"enemies":"Sphere and 2 Shapes","floor":42.0,"turns":8.0},{"damage":23.0,"enemies":"Writhing Mass","floor":45.0,"turns":7.0},{"damage":9,"enemies":"Maw","floor":46,"turns":12},{"damage":0,"enemies":"Sphere and 2 Shapes","floor":48,"turns":7},{"damage":44,"enemies":"Awakened One","floor":50,"turns":11},{"damage":65,"enemies":"Shield and Spear","floor":54,"turns":9},{"damage":17,"enemies":"The Heart","floor":55,"turns":10}],"seed_played":"8254060934667497222","potions_obtained":[{"floor":1.0,"key":"FearPotion"},{"floor":4.0,"key":"Reflective Coating"},{"floor":25.0,"key":"hexamod:SoulburnPotion"},{"floor":31.0,"key":"champ:CounterPotion"},{"floor":35.0,"key":"Guardian:BlockOnCardUsePotion"},{"floor":45.0,"key":"LiquidBronze"},{"floor":46,"key":"GamblersBrew"}],"is_trial":false,"path_per_floor":["M","$","M","M","M","R","?","?","T","R","M","R","M","$","R","B",null,"M","?","?","M","$","R","M","M","T","R","M","$","M","M","R","B",null,"M","?","T","?","?","R","M","M","T","$","M","M","R","M","R","B",null,"R","$","E","B",null],"character_chosen":"MAGITEKELITE","items_purchased":["CCEMRelics:FestiveHat","CCEMRelics:LatexGloves","CCEMRelics:BundleOfDynamite","StuffTheSpire:BottledEssence","MostiFishMod:Galeforce","Sharp Hide","Balance","Wall","Shell","MostiFishMod:ButterFly","Panache"],"campfire_rested":0,"item_purchase_floors":[2,14,14,14,14,14,14,14,29,44,53],"current_hp_per_floor":[56,56,49,57,50,50,50,50,50,50,39,39,42,42,42,50,63,58,52,52,46,46,46,54,47,52,52,66,66,56,60,60,66,68,55,55,55,55,55,55,54,49,49,49,46,68,68,68,68,68,68,68,68,23,46],"gold":73,"neow_bonus":"THREE_CARDS","is_daily":false,"chose_seed":false,"campfire_upgraded":10,"win_rate":0.0,"timestamp":1611968681,"path_taken":["M","$","M","M","?","R","?","?","T","R","M","R","M","?","R","BOSS","M","?","?","M","$","R","?","?","T","R","?","?","M","?","R","BOSS","M","?","?","?","?","R","M","M","T","?","?","M","R","M","R","BOSS","R","$","E","BOSS"],"items_purchased_type":["Relic","Relic","Relic","Relic","Card","Card","Card","Card","Card","Card","Card"],"build_version":"2020-12-22","purchased_purges":2,"victory":true,"max_hp_per_floor":[63,63,63,63,63,63,63,63,63,63,63,63,63,63,63,63,63,63,63,63,63,63,63,63,63,68,68,68,68,68,68,68,68,68,68,68,68,68,68,68,68,68,68,68,68,68,68,68,68,68,68,68,68,68,68],"card_choices":[{"not_picked":["Poisona","Faith"],"picked":"Thunder_Blade","floor":0.0},{"not_picked":["Balance","Gladius"],"picked":"Tornado","floor":1.0},{"not_picked":["StuffTheSpire:Recharge+1","Blind+1","Madness+1","Mind Blast+1"],"picked":"Enlightenment+1","floor":3.0},{"not_picked":["Gaia_Gear","Wall","Meteor","Water"],"picked":"Magnus_Hat","floor":3.0},{"not_picked":["Replay:Bootleg Shield Generator+1","Metamorphosis+1","Survey Options+1","Bandage Up+1"],"picked":"Replay:Sssssssssshield+1","floor":4.0},{"not_picked":["Protect_M","Man_Eater","Gladius","Magnus_Hat"],"picked":"Esuna","floor":4.0},{"not_picked":["MostiFishMod:PerfectForm+1","PanicButton+1","StuffTheSpire:PlasmaPunch+1","conspire:Banana+1"],"picked":"ReplayTheSpireMod:Brewmster+1","floor":5.0},{"not_picked":["Gaia_Gear","Focus","Poisona","Magnus_Hat"],"picked":"Thunder_P","floor":5.0},{"not_picked":["Transpose_P","Holy","Barrier","Gaia_Gear"],"picked":"Minerva_Bustier","floor":11.0},{"not_picked":["Flare","Vox","Man_Eater","Flametongue"],"picked":"Icebrand","floor":13.0},{"not_picked":["Lightbringer","Mama","Remember","Gravity"],"picked":"Fake_Moustache","floor":16.0},{"not_picked":["Esuna","Water","Magnus_Hat","Mythril_Knife","Poisona"],"picked":"SKIP","floor":18.0},{"not_picked":["Focus+1","Holy","Barrier+1","Crystal_Sword","Magnus_Hat"],"picked":"SKIP","floor":21.0},{"not_picked":["Rasp","Magus_Robe","Gaia_Gear","Astra+1"],"picked":"Rune_Blade","floor":24.0},{"not_picked":["Tornado","Focus+1","Dark","Icebrand","Barrier+1"],"picked":"SKIP","floor":25.0},{"not_picked":["Crystal_Sword","Break","Magnus_Hat","Throw"],"picked":"Bravery+1","floor":28.0},{"not_picked":["Mama","Quake","Man_Eater+1","Icebrand+1"],"picked":"Water","floor":30.0},{"not_picked":["Quake","Man_Eater","Bravery","Falchion"],"picked":"Force_Armor","floor":31.0},{"not_picked":["Quick","Osmosis","Mystery_Veil","Diamond_Shield2"],"picked":"Trance","floor":33.0},{"not_picked":["Water","Shell","Vox+1","Gaia_Gear+1"],"picked":"Protect_M+1","floor":35.0},{"not_picked":["Cursed_Shield","Astra+1","Thunder_Blade+1","Barrier+1","Aero"],"picked":"SKIP","floor":41.0},{"not_picked":["Water","Heavy_Shield","Dark","Flametongue+1"],"picked":"Mirage_Vest","floor":42.0},{"not_picked":["Mythril_Knife+1","Thunder_P","Aero","Poisona","Gladius"],"picked":"SKIP","floor":45.0},{"not_picked":["Mythril_Knife+1","Flare","Gaia_Gear","Circlet"],"picked":"Transfusion+1","floor":46},{"not_picked":["Circlet","Icebrand+1","Thunder_P","Slow+1"],"picked":"Mystery_Veil","floor":48},{"not_picked":["Mythril_Knife","Thunder_P","Focus+1","Man_Eater+1"],"picked":"Gaia_Gear","floor":54}],"player_experience":733775,"relics_obtained":[{"floor":1.0,"key":"SynthV:TestCard"},{"floor":9.0,"key":"StuffTheSpire:Mouthbags"},{"floor":26.0,"key":"CCEMRelics:IronFruit"},{"floor":37.0,"key":"Nunchaku"},{"floor":43.0,"key":"CCEMRelics:Pendulum"},{"floor":54,"key":"qcfpunch:Red_Headband"}],"event_choices":[{"damage_healed":0.0,"max_hp_gain":0.0,"max_hp_loss":0.0,"gold_gain":75.0,"event_name":"FaceTrader","player_choice":"Touch","floor":19.0,"gold_loss":0.0,"damage_taken":6.0},{"damage_healed":0.0,"max_hp_gain":0.0,"max_hp_loss":0.0,"gold_gain":0.0,"event_name":"WeMeetAgain","player_choice":"Paid Gold","floor":20.0,"gold_loss":79.0,"damage_taken":0.0,"relics_obtained":["Centennial Puzzle"]},{"damage_healed":0.0,"max_hp_gain":0.0,"max_hp_loss":0.0,"gold_gain":0.0,"event_name":"conspire:Investor","player_choice":"Invest 2","floor":36.0,"gold_loss":0.0,"damage_taken":0.0},{"cards_removed":["Rune_Blade"],"damage_healed":0.0,"max_hp_gain":0.0,"max_hp_loss":0.0,"gold_gain":0.0,"event_name":"Falling","player_choice":"Removed Attack","floor":39.0,"gold_loss":0.0,"damage_taken":0.0}],"is_beta":false,"boss_relics":[{"not_picked":["Honey Jar","Ring of Chaos","aspiration:RunicSpoon"]},{"not_picked":["EE1DDrone","relicPack:KazumaCape"],"picked":"qcfpunch:Killian_Engine_Alpha"}],"items_purged_floors":[14,22],"is_endless":false,"potions_floor_spawned":[1,4,16,25,31,33,35,45,46],"ascension_level":0}}