{"host":"rk1e5mmpnpniq13w","time":1611977622,"event":{"mods":["BaseMod","Colored Powertips","Hubris","Minty Spire (QoL Compilation)","Replay The Spire","StSLib","The Bug Knight"],"gold_per_floor":[111,36,36,36,36,36,36,46,73,101,101,118,118,152,152,248,248,264,264,264,264,231,244,244,262,262,162,367,401,455,474,474,474,474,474,474],"floor_reached":35,"language":"ENG","playtime":2557,"items_purged":["HollowMod:NailStrikeStart","HollowMod:FocusHealStart"],"score":306,"play_id":"a60b6307-020f-4e62-a7ed-d8bc7726cd82","local_time":"20210129223342","is_ascension_mode":false,"campfire_choices":[{"data":"Pot Of Greed","floor":6,"key":"SMITH"},{"data":"HollowMod:DungDefenderAura","floor":13,"key":"SMITH"},{"floor":15,"key":"REST"}],"circlet_count":0,"master_deck":["HollowMod:NailStrikeStart+1","HollowMod:NailStrikeStart+1","HollowMod:NailStrikeStart+1","HollowMod:QuickDashStart+1","HollowMod:QuickDashStart+1","HollowMod:QuickDashStart+1","HollowMod:PogoStrike","HollowMod:SoulVessel+1","Pot Of Greed+1","HollowMod:MothsMistake","Pot Of Greed+1","HollowMod:CornifersMapStart+1","HollowMod:DungDefenderAura+1","HollowMod:ElderbugsWisdom","HollowMod:LifebloodCore","HollowMod:PureNailStrike+1","J.A.X.","HollowMod:GreatSlash+1","HollowMod:InfectedAttack","HollowMod:SoulEater","HollowMod:InfectedCysts","HollowMod:SoulVessel+1","HollowMod:ShapeofUnn","Pot Of Greed"],"relics":["HollowMod:VesselMask","Grinning Jar","hubris:DeckOfHolding","hubris:Icosahedron","hubris:ToyBattleship","Letter Opener","HornCleat","hubris:Backtick","Snake Skull","hubris:BottledHeart","Gremlin Horn","ReplayTheSpireMod:Shallot","Bird Faced Urn","War Paint"],"acts_visited":["Exordium","TheCity"],"potions_floor_usage":[],"damage_taken":[{"damage":1,"enemies":"Jaw Worm","floor":1,"turns":3},{"damage":5,"enemies":"Small Slimes","floor":8,"turns":5},{"damage":30,"enemies":"HollowMod:MossKnight","floor":10,"turns":13},{"damage":0,"enemies":"2 Louse","floor":12,"turns":2},{"damage":24,"enemies":"3 Sentries","floor":14,"turns":7},{"damage":64,"enemies":"Fading Forest","floor":16,"turns":11},{"damage":13,"enemies":"Chosen","floor":18,"turns":8},{"damage":0,"enemies":"2 Thieves","floor":22,"turns":5},{"damage":0,"enemies":"Centurion and Healer","floor":23,"turns":6},{"damage":0,"enemies":"Snecko","floor":25,"turns":5},{"damage":0,"enemies":"Gremlin Leader","floor":29,"turns":5},{"damage":0,"enemies":"Snake Plant","floor":31,"turns":5},{"damage":4,"enemies":"Champ","floor":35,"turns":9}],"seed_played":"2579204892003753318","potions_obtained":[{"floor":12,"key":"ColorlessPotion"},{"floor":14,"key":"FearPotion"},{"floor":31,"key":"Languid Potion"}],"is_trial":false,"path_per_floor":["M","$","?","?","?","R","?","M","T","E","?","M","R","E","R","B",null,"M","?","?","?","M","M","?","M","T","$","?","E","T","M","PTL","PTL","R","B"],"character_chosen":"THE_BUGKNIGHT","items_purchased":[],"campfire_rested":1,"item_purchase_floors":[],"current_hp_per_floor":[81,81,81,81,74,74,74,79,79,61,54,54,54,36,60,8,82,69,69,69,1,1,1,1,1,1,1,1,1,1,1,1,1,1,0,0],"gold":474,"neow_bonus":"TEN_PERCENT_HP_BONUS","is_daily":false,"chose_seed":false,"campfire_upgraded":2,"win_rate":0.0,"timestamp":1611977622,"path_taken":["M","$","?","?","?","R","?","M","T","E","?","M","R","E","R","BOSS","M","?","?","?","?","M","?","?","T","$","?","E","?","M","PTL","PTL","R","BOSS"],"items_purchased_type":[],"build_version":"2020-12-22","purchased_purges":2,"victory":false,"max_hp_per_floor":[82,82,82,82,82,82,82,82,82,82,82,82,82,82,82,82,82,82,82,82,1,1,1,1,1,1,1,1,1,1,1,1,1,1,1,1],"card_choices":[{"not_picked":["HollowMod:VengefulVoid","HollowMod:SharpenedNail"],"picked":"HollowMod:SoulVessel","floor":1},{"not_picked":["HollowMod:InfectionAssault","HollowMod:CrystalDash"],"picked":"HollowMod:MothsMistake","floor":8},{"not_picked":["HollowMod:InfectedAttack","HollowMod:ShadowDash"],"picked":"HollowMod:CornifersMapStart","floor":10},{"not_picked":["HollowMod:SoulVessel","HollowMod:DoubleDash"],"picked":"HollowMod:DungDefenderAura","floor":12},{"not_picked":["HollowMod:CloakDash","HollowMod:ChannelNail"],"picked":"HollowMod:ElderbugsWisdom","floor":14},{"not_picked":["HollowMod:ZotesMagnificence","HollowMod:SoulMaster"],"picked":"HollowMod:LifebloodCore","floor":16},{"not_picked":["HollowMod:GrimmsGift+1","HollowMod:TaintedHusks"],"picked":"HollowMod:PureNailStrike+1","floor":18},{"not_picked":["HollowMod:ShadowDash+1","HollowMod:SoulStrike"],"picked":"HollowMod:GreatSlash+1","floor":22},{"not_picked":["HollowMod:WraithStrike+1","HollowMod:DoubleDash+1"],"picked":"HollowMod:InfectedAttack","floor":23},{"not_picked":["HollowMod:TaintedHusks","HollowMod:SiblingsSouls+1"],"picked":"HollowMod:SoulEater","floor":25},{"not_picked":["HollowMod:GreatSlash","HollowMod:CornifersMapStart"],"picked":"HollowMod:InfectedCysts","floor":28},{"not_picked":["HollowMod:CoiledNail+1","HollowMod:ShapeofUnn","HollowMod:DreamGate+1"],"picked":"SKIP","floor":29},{"not_picked":["HollowMod:ShadowDash","HollowMod:NewJinnsSoul"],"picked":"HollowMod:SoulVessel+1","floor":31}],"player_experience":393041,"relics_obtained":[{"floor":9,"key":"hubris:ToyBattleship"},{"floor":10,"key":"Letter Opener"},{"floor":14,"key":"HornCleat"},{"floor":26,"key":"ReplayTheSpireMod:Shallot"},{"floor":29,"key":"Bird Faced Urn"},{"floor":30,"key":"War Paint"}],"event_choices":[{"damage_healed":0,"gold_gain":0,"player_choice":"Box","damage_taken":0,"relics_obtained":["Grinning Jar"],"max_hp_gain":0,"max_hp_loss":0,"event_name":"Big Fish","floor":3,"gold_loss":0,"cards_obtained":["Regret"]},{"damage_healed":0,"gold_gain":0,"player_choice":"Success","damage_taken":7,"relics_obtained":["hubris:DeckOfHolding"],"max_hp_gain":0,"max_hp_loss":0,"event_name":"Scrap Ooze","floor":5,"gold_loss":0},{"cards_removed":["Regret"],"damage_healed":0,"gold_gain":0,"player_choice":"Card Removal","damage_taken":7,"max_hp_gain":0,"max_hp_loss":0,"event_name":"Golden Wing","floor":11,"gold_loss":0},{"damage_healed":0,"gold_gain":0,"player_choice":"Obtain J.A.X.","damage_taken":0,"max_hp_gain":0,"max_hp_loss":0,"event_name":"Drug Dealer","floor":19,"gold_loss":0,"cards_obtained":["J.A.X."]},{"damage_healed":0,"gold_gain":0,"player_choice":"Simplicity","damage_taken":0,"max_hp_gain":0,"max_hp_loss":0,"event_name":"Back to Basics","floor":20,"gold_loss":0,"cards_upgraded":["HollowMod:NailStrikeStart","HollowMod:NailStrikeStart","HollowMod:NailStrikeStart","HollowMod:QuickDashStart","HollowMod:QuickDashStart","HollowMod:QuickDashStart","HollowMod:QuickDashStart"]},{"damage_healed":0,"gold_gain":0,"player_choice":"Gave Potion","damage_taken":0,"relics_obtained":["Gremlin Horn"],"max_hp_gain":0,"max_hp_loss":0,"event_name":"WeMeetAgain","floor":24,"gold_loss":0}],"is_beta":false,"boss_relics":[{"not_picked":["Tiny House","hubris:CrackedHourglass"],"picked":"hubris:Backtick"}],"items_purged_floors":[2,27],"is_endless":false,"potions_floor_spawned":[12,14,31],"killed_by":"Champ","ascension_level":0}}