{"host":"xkmvu47k9fdstweo","time":1611973703,"event":{"mods":["BaseMod","Colored Map","Conspire","HololiveMod","Hubris","Minty Spire (QoL Compilation)","Quick Restart","Shop Mod","StSLib"],"gold_per_floor":[76,76,1,19,19,51,51,82,105,146,146,146,146,166,166,275,275,287,287,44,44,143,143,173,173,173,173,187,207,223,253,253,357,407,427,427,427,32,46,76,76,93,93,131,131,15,29,29,29,39],"floor_reached":51,"language":"ENG","playtime":1209,"items_purged":[],"score":1319,"play_id":"d9a22007-e4a7-4f29-8062-492a7d4f7a8b","local_time":"20210129212823","is_ascension_mode":true,"campfire_choices":[{"data":"Hololive_CallHimemoriLuna","floor":7.0,"key":"SMITH"},{"data":"Hololive_CallInugamiKorone","floor":12.0,"key":"SMITH"},{"data":"Hololive_CallSpadeEcho","floor":15.0,"key":"SMITH"},{"data":"Hololive_Thief","floor":23.0,"key":"SMITH"},{"data":"Hololive_CallMurasakiShion","floor":25,"key":"SMITH"},{"data":"Compile Driver","floor":27,"key":"SMITH"},{"data":"Hololive_CallHoshimachiSuisei","floor":32,"key":"SMITH"},{"data":"Hololive_SummonFox","floor":41,"key":"SMITH"},{"data":"Hololive_BringToTrial","floor":45,"key":"SMITH"},{"data":"Hololive_CallMoonaHoshinova","floor":49,"key":"SMITH"}],"circlet_count":0,"master_deck":["Hololive_Strike","Hololive_Strike","Hololive_Defend","Hololive_Defend","Hololive_HuntDinosaur","Hololive_CallNekomataOkayu","Hololive_CallHimemoriLuna+1","Hololive_CallSpadeEcho+1","Hololive_CallYogiri","Hololive_CallShirakamiFubuki","Hololive_CandyCastle","Hololive_CallNekomataOkayu","Hololive_CallMurasakiShion+1","Hololive_CallHoushouMarine","Hololive_CallHimemoriLuna","Hololive_CallInugamiKorone+1","Hololive_CallOkamiMio","Hololive_Thief+1","Hololive_CallSpadeEcho+1","Compile Driver+1","Hololive_Sequa+1","Hololive_CocoNews","Hololive_Sequa+1","Hololive_CallHoshimachiSuisei+1","Hololive_CallCivia+1","Hololive_OpenUp","Hololive_OvertimeWork+1","Hololive_CallRoboco+1","The Bomb","Hololive_SummonFox+1","Hololive_BringToTrial+1","Hololive_OvertimeWork","Hololive_CallMurasakiShion","Hololive_CallOmaruPolka+1","Hololive_CallMoonaHoshinova+1","Hololive_Trident+1","Hololive_CallUruhaRushia+1","Hololive_CallShiranuiFlare+1","Hololive_Trident+1","Hololive_CallYozoraMel"],"relics":["Hololive_TheStar","NeowsBlessing","Sundial","conspire:DecoderRing","Bag of Preparation","hubris:TenFootPole","hubris:BlackHole","hubris:BottledRain","MutagenicStrength","hubris:SlimyHat","hubris:SphereOfDissonance","Red Mask","Tiny House","PreservedInsect","Shuriken","Molten Egg 2","Bottled Tornado"],"acts_visited":["Exordium","TheCity","TheBeyond"],"potions_floor_usage":[24,47],"damage_taken":[{"damage":0.0,"enemies":"Jaw Worm","floor":1.0,"turns":1.0},{"damage":0.0,"enemies":"Cultist","floor":4.0,"turns":1.0},{"damage":0.0,"enemies":"Lagavulin","floor":6.0,"turns":1.0},{"damage":0.0,"enemies":"Gremlin Nob","floor":8.0,"turns":2.0},{"damage":0.0,"enemies":"3 Sentries","floor":10.0,"turns":5.0},{"damage":0.0,"enemies":"2 Louse","floor":14.0,"turns":2.0},{"damage":0.0,"enemies":"The Guardian","floor":16.0,"turns":7.0},{"damage":0.0,"enemies":"3 Byrds","floor":18.0,"turns":3.0},{"damage":0,"enemies":"conspire:Head Lice","floor":24,"turns":8},{"damage":0,"enemies":"Shell Parasite","floor":28,"turns":1},{"damage":0,"enemies":"3 Cultists","floor":29,"turns":2},{"damage":0,"enemies":"Snecko","floor":30,"turns":2},{"damage":0,"enemies":"Masked Bandits","floor":31,"turns":2},{"damage":0,"enemies":"Collector","floor":33,"turns":3},{"damage":0,"enemies":"3 Shapes","floor":35,"turns":1},{"damage":0,"enemies":"Orb Walker","floor":39,"turns":1},{"damage":0,"enemies":"Reptomancer","floor":40,"turns":2},{"damage":0,"enemies":"Spire Growth","floor":42,"turns":2},{"damage":0,"enemies":"Nemesis","floor":44,"turns":1},{"damage":0,"enemies":"Maw","floor":47,"turns":3},{"damage":0,"enemies":"hubris:GrandSnecko","floor":50,"turns":6}],"seed_played":"-2976661987772215411","potions_obtained":[{"floor":1.0,"key":"CultistPotion"},{"floor":2.0,"key":"Dexterity Potion"},{"floor":2.0,"key":"Swift Potion"},{"floor":18.0,"key":"GamblersBrew"},{"floor":24,"key":"SpeedPotion"},{"floor":39,"key":"DistilledChaos"},{"floor":47,"key":"FearPotion"}],"is_trial":false,"path_per_floor":["M","?","$","M","$","E","R","E","T","E","?","R","?","M","R","B",null,"M","?","$","?","?","R","E","R","T","R","M","M","M","?","R","B",null,"M","?","?","$","M","E","R","M","T","E","R","$","M","?","R","B",null],"character_chosen":"Hololive_HololiveCharacter","items_purchased":["Hololive_CallNekomataOkayu","hubris:BottledRain","Hololive_SummonFox","PreservedInsect","Hololive_BringToTrial","Hololive_OvertimeWork","Hololive_CallMurasakiShion","Hololive_CallShiranuiFlare","Hololive_Trident+1"],"campfire_rested":0,"item_purchase_floors":[3,20,38,38,38,38,38,46,46],"current_hp_per_floor":[35,35,35,35,35,35,35,35,35,35,35,35,35,35,35,35,35,35,35,35,35,35,35,35,35,35,35,35,35,35,35,35,35,40,40,40,40,40,40,40,40,40,40,40,40,40,40,40,40,40],"gold":39,"neow_bonus":"THREE_ENEMY_KILL","is_daily":false,"chose_seed":false,"campfire_upgraded":10,"win_rate":0.0,"timestamp":1611973703,"path_taken":["M","?","?","?","$","E","R","E","T","E","?","R","?","?","R","BOSS","M","?","$","?","?","R","E","R","T","R","M","M","M","?","R","BOSS","M","?","?","$","M","E","R","M","T","E","R","?","M","?","R","BOSS"],"items_purchased_type":["Card","Relic","Card","Relic","Card","Card","Card","Card","Card"],"build_version":"2020-12-22","purchased_purges":0,"victory":true,"max_hp_per_floor":[35,35,35,35,35,35,35,35,35,35,35,35,35,35,35,35,35,35,35,35,35,35,35,35,35,35,35,35,35,35,35,35,35,40,40,40,40,40,40,40,40,40,40,40,40,40,40,40,40,40],"card_choices":[{"not_picked":["Hololive_Drill","Hololive_SoulCatcher","Hololive_CallShiroganeNoel"],"picked":"Hololive_CandyCastle","floor":1.0},{"not_picked":["Hololive_ILoveYou","Hololive_CallManoAloe","Hololive_CallSakuraMiko"],"picked":"Hololive_CallMurasakiShion","floor":4.0},{"not_picked":["Hololive_Yoholoon","Hololive_WolfAndLamb","Hololive_HuntDinosaur"],"picked":"Hololive_CallHoushouMarine","floor":6.0},{"not_picked":["Hololive_CallAyundaRisu","Hololive_CallCivia","Hololive_SoulCatcher"],"picked":"Hololive_CallHimemoriLuna","floor":8.0},{"not_picked":["Hololive_Trident","Hololive_CallUruhaRushia","Hololive_CallYukihanaLamy"],"picked":"Hololive_CallInugamiKorone","floor":10.0},{"not_picked":["Hololive_RevenueBasedLive","Hololive_CallCivia","Hololive_FlyingPonyTail"],"picked":"Hololive_CallOkamiMio","floor":14.0},{"not_picked":["Hololive_FlareMind","Hololive_OpenUp","Hololive_WolfAndLamb"],"picked":"Hololive_Thief","floor":16.0},{"not_picked":["Hololive_CallRosalyn+1","Hololive_RevenueBasedLive","Hololive_HuntDinosaur"],"picked":"Hololive_CallSpadeEcho+1","floor":18.0},{"not_picked":["Hololive_CocoNews","Hololive_Trident","Hololive_Rebound"],"picked":"Hololive_Sequa","floor":24},{"not_picked":["Hololive_Psychosis","Hololive_CallYogiri","Hololive_FlyingPonyTail"],"picked":"Hololive_CocoNews","floor":28},{"not_picked":["Hololive_CallSakuraMiko","Hololive_CallNekomataOkayu","Hololive_CallOkamiMio"],"picked":"Hololive_Sequa+1","floor":29},{"not_picked":["Hololive_ManjiGathering","Hololive_Sequa","Hololive_FlyingPonyTail"],"picked":"Hololive_CallHoshimachiSuisei","floor":30},{"not_picked":["Hololive_Drill+1","Hololive_CallSpadeEcho+1","Hololive_CallAZKi+1"],"picked":"Hololive_CallCivia+1","floor":31},{"not_picked":["Hololive_ScarfAndHalo","Hololive_DiamondStrike","Hololive_Nanodesu"],"picked":"Hololive_OpenUp","floor":33},{"not_picked":["Hololive_FlyingPonyTail","Hololive_ILoveYou+1","Hololive_Psychosis"],"picked":"Hololive_OvertimeWork+1","floor":34},{"not_picked":["Hololive_Breathe","Hololive_CallTsunomakiWatame","Hololive_Rebound+1"],"picked":"Hololive_CallRoboco+1","floor":35},{"not_picked":["Dark Shackles","Blind","Deep Breath"],"picked":"The Bomb","floor":37},{"not_picked":["Hololive_Trident","Hololive_CallAmaneKanata+1","Hololive_Psychosis+1"],"picked":"Hololive_CallOmaruPolka+1","floor":39},{"not_picked":["Hololive_LuckPotion+1","Hololive_CocoNews+1","Hololive_RevenueBasedLive+1"],"picked":"Hololive_CallMoonaHoshinova","floor":40},{"not_picked":["Hololive_CocoNews","Hololive_Breathe","Hololive_WolfAndLamb"],"picked":"Hololive_Trident+1","floor":42},{"not_picked":["Hololive_CallShirakamiFubuki","Hololive_ScarfAndHalo+1","Hololive_Breathe"],"picked":"Hololive_CallUruhaRushia+1","floor":44},{"not_picked":["Hololive_CallYuzukiChoco+1","Hololive_Drill+1","Hololive_CallInugamiKorone+1"],"picked":"Hololive_CallYozoraMel","floor":47}],"player_experience":320272,"relics_obtained":[{"floor":6.0,"key":"Sundial"},{"floor":8.0,"key":"conspire:DecoderRing"},{"floor":9.0,"key":"Bag of Preparation"},{"floor":10.0,"key":"hubris:TenFootPole"},{"floor":24,"key":"hubris:SlimyHat"},{"floor":26,"key":"hubris:SphereOfDissonance"},{"floor":31,"key":"Red Mask"},{"floor":40,"key":"Shuriken"},{"floor":43,"key":"Molten Egg 2"},{"floor":44,"key":"Bottled Tornado"}],"event_choices":[{"damage_healed":0.0,"max_hp_gain":0.0,"max_hp_loss":0.0,"gold_gain":0.0,"event_name":"Lab","player_choice":"Got Potions","floor":2.0,"gold_loss":0.0,"damage_taken":0.0},{"damage_healed":0.0,"max_hp_gain":0.0,"max_hp_loss":0.0,"gold_gain":0.0,"event_name":"conspire:Investor","player_choice":"Leave","floor":11.0,"gold_loss":0.0,"damage_taken":0.0},{"damage_healed":0.0,"max_hp_gain":0.0,"max_hp_loss":0.0,"gold_gain":0.0,"event_name":"The Woman in Blue","player_choice":"Bought 0 Potions","floor":13.0,"gold_loss":0.0,"damage_taken":0.0},{"damage_healed":0.0,"max_hp_gain":0.0,"max_hp_loss":0.0,"gold_gain":0.0,"event_name":"The Library","player_choice":"Read","floor":19.0,"gold_loss":0.0,"damage_taken":0.0,"cards_obtained":["Compile Driver"]},{"damage_healed":0.0,"max_hp_gain":0.0,"max_hp_loss":0.0,"gold_gain":0.0,"event_name":"Drug Dealer","player_choice":"Inject Mutagens","floor":21.0,"gold_loss":0.0,"damage_taken":0.0,"relics_obtained":["MutagenicStrength"]},{"damage_healed":0.0,"max_hp_gain":0.0,"max_hp_loss":0.0,"gold_gain":99.0,"event_name":"Nest","player_choice":"Stole From Cult","floor":22.0,"gold_loss":0.0,"damage_taken":0.0},{"damage_healed":0,"gold_gain":0,"player_choice":"Fought Bandits","damage_taken":0,"max_hp_gain":0,"max_hp_loss":0,"event_name":"Masked Bandits","floor":31,"gold_loss":0},{"damage_healed":0,"gold_gain":0,"player_choice":"Memory 1","damage_taken":0,"max_hp_gain":0,"max_hp_loss":0,"event_name":"SensoryStone","floor":37,"gold_loss":0},{"damage_healed":0,"gold_gain":0,"player_choice":"Upgraded","damage_taken":0,"max_hp_gain":0,"max_hp_loss":0,"event_name":"Upgrade Shrine","floor":48,"gold_loss":0,"cards_upgraded":["Hololive_CallShiranuiFlare"]}],"is_beta":false,"boss_relics":[{"not_picked":["hubris:GrandSneckoEye","hubris:RunicObelisk"],"picked":"hubris:BlackHole"},{"not_picked":["hubris:HollowSoul","Velvet Choker"],"picked":"Tiny House"}],"items_purged_floors":[],"is_endless":false,"potions_floor_spawned":[1,6,10,16,18,24,28,39,42,47],"ascension_level":4}}