{"host":"ew66i0vuc7r9fnl7","time":1611981378,"event":{"mods":["Arknights The Spire","BaseMod","DeckTracker","Koishi","Minty Spire (QoL Compilation)","StSLib"],"gold_per_floor":[11,11,11,11,29,68,68,93,93,41,41,56,56,56,56,56,56],"floor_reached":16,"language":"KOR","playtime":495,"items_purged":[],"score":98,"play_id":"041f863b-d9b1-4d70-8943-b6b1abf26c11","local_time":"20210130133618","is_ascension_mode":false,"campfire_choices":[{"data":"ats:Emotion Absorption","floor":11.0,"key":"SMITH"},{"floor":15.0,"key":"REST"}],"circlet_count":0,"master_deck":["ats:Strike S","ats:Armor Crushing Shot","ats:Defend","ats:Defend","ats:Defend","ats:Emotion Absorption+1","ats:Defend Order","ats:Counter Healing Mode","ats:Disruption Kick+1","ats:Hammer On+1"],"relics":["ats:Sanity","Golden Idol","StrikeDummy","ats:Originium","Molten Egg 2","Bag of Preparation"],"acts_visited":["Exordium"],"potions_floor_usage":[16],"damage_taken":[{"damage":6.0,"enemies":"2 Louse","floor":1.0,"turns":4.0},{"damage":0.0,"enemies":"Small Slimes","floor":5.0,"turns":4.0},{"damage":24.0,"enemies":"Gremlin Nob","floor":6.0,"turns":5.0},{"damage":6.0,"enemies":"Jaw Worm","floor":8.0,"turns":4.0},{"damage":9.0,"enemies":"Exordium Wildlife","floor":12.0,"turns":6.0},{"damage":0,"enemies":"Slime Boss","floor":16,"turns":4}],"seed_played":"-44693150780879221","potions_obtained":[{"floor":5.0,"key":"Block Potion"},{"floor":12.0,"key":"Fire Potion"}],"is_trial":false,"path_per_floor":["M","?","?","?","M","E","?","M","T","$","R","M","?","$","R","B"],"character_chosen":"DOCTOR_CLASS","items_purchased":["ats:Hammer On+1"],"campfire_rested":1,"item_purchase_floors":[10],"current_hp_per_floor":[66,66,66,54,54,30,23,17,17,17,17,8,8,8,28,28,28],"gold":56,"neow_bonus":"TRANSFORM_TWO_CARDS","is_daily":false,"chose_seed":false,"campfire_upgraded":1,"win_rate":0.0,"timestamp":1611981378,"path_taken":["M","?","?","?","?","E","?","M","T","$","R","M","?","$","R","BOSS"],"items_purchased_type":["Card"],"build_version":"2020-12-22","purchased_purges":0,"victory":false,"max_hp_per_floor":[72,67,67,67,67,67,67,67,67,67,67,67,67,67,67,67,67],"card_choices":[{"not_picked":["ats:Apocalypse","ats:Leaping Hammer","ats:Sunburst"],"picked":"SKIP","floor":1.0},{"not_picked":["ats:Apocalypse","ats:Leaping Hammer","ats:Sunburst"],"picked":"SKIP","floor":1.0},{"not_picked":["ats:Guard Mode","ats:Rapid Magazine","ats:Powerful Strike"],"picked":"SKIP","floor":5.0},{"not_picked":["ats:Rat Pack","ats:Part Time Job"],"picked":"ats:Disruption Kick+1","floor":6.0},{"not_picked":["ats:Poison Spread+1","ats:Rapid Magazine","ats:Assault Order"],"picked":"SKIP","floor":8.0},{"not_picked":["ats:Leaping Hammer+1","ats:Powerful Strike+1","ats:Apocalypse"],"picked":"SKIP","floor":12.0}],"player_experience":627362,"relics_obtained":[{"floor":6.0,"key":"ats:Originium"},{"floor":6.0,"key":"Molten Egg 2"},{"floor":9.0,"key":"Bag of Preparation"}],"event_choices":[{"damage_healed":0.0,"max_hp_gain":0.0,"max_hp_loss":5.0,"gold_gain":0.0,"event_name":"Golden Idol","player_choice":"Lose Max HP","floor":2.0,"gold_loss":0.0,"damage_taken":0.0,"relics_obtained":["Golden Idol"]},{"cards_removed":["ats:Strike G"],"damage_healed":0.0,"max_hp_gain":0.0,"max_hp_loss":0.0,"gold_gain":0.0,"event_name":"Living Wall","player_choice":"Forget","floor":3.0,"gold_loss":0.0,"damage_taken":0.0},{"damage_healed":0.0,"max_hp_gain":0.0,"max_hp_loss":0.0,"gold_gain":0.0,"event_name":"Scrap Ooze","player_choice":"Success","floor":4.0,"gold_loss":0.0,"damage_taken":12.0,"relics_obtained":["StrikeDummy"]},{"cards_removed":["ats:Strike C"],"damage_healed":0.0,"max_hp_gain":0.0,"max_hp_loss":0.0,"gold_gain":0.0,"event_name":"Golden Wing","player_choice":"Card Removal","floor":7.0,"gold_loss":0.0,"damage_taken":7.0},{"damage_healed":0.0,"max_hp_gain":0.0,"max_hp_loss":0.0,"gold_gain":0.0,"event_name":"Shining Light","player_choice":"Ignored","floor":13.0,"gold_loss":0.0,"damage_taken":0.0}],"is_beta":false,"boss_relics":[],"items_purged_floors":[],"is_endless":false,"potions_floor_spawned":[5,12],"killed_by":"Slime Boss","ascension_level":0}}