{"host":"1vzdexsn8vtq5lt7","time":1611975196,"event":{"mods":["Act Like it!","BaseMod","Colored Map","Colored Powertips","Conspire","Downfall","Easy Mod","Energized Spire","Minty Spire (QoL Compilation)","Quick Restart","Relic Stats","Replay The Spire","StSLib","SuperFastMode","TestMod","【功能Mod】Neow奖励","【功能Mod】混沌之环修复补丁","【功能Mod】精心准备","【遗物卡牌】REMEMod","没有小屋子和绿帽子啦"],"gold_per_floor":[99,156,156,181,197,230,230,245,264,296,206,222,241,268,282,379,379,279,291,302,315,315,346,346,394,418,461,483,522,422,458,485,597,597,597,597,615,179,205,258,312,345,345,396,416,465,465,486,523,539],"floor_reached":51,"language":"ZHS","playtime":2358,"items_purged":["champ:Defend","champ:Strike"],"score":1354,"play_id":"6b6ef66e-c6b6-4090-89c0-51955f7c9432","local_time":"20210130105316","is_ascension_mode":true,"campfire_choices":[{"data":"champ:Taunt","floor":1.0,"key":"SMITH"},{"data":"champ:Lariat","floor":18.0,"key":"SMITH"},{"data":"champ:UltimateStance","floor":30,"key":"SMITH"},{"data":"champ:StanceDance","floor":35,"key":"SMITH"},{"data":"testmod-Reproduce","floor":43,"key":"SMITH"},{"floor":47,"key":"RECALL"}],"circlet_count":0,"master_deck":["EasyMod:card_1","champ:Strike","champ:Strike","champ:Defend","champ:Defend","champ:Defend","champ:Execute","champ:Taunt+1","Glass Knife","champ:TornadoPunch","champ:Lariat+1","champ:FlashCut","champ:DefensiveShout","champ:FalseCounter","champ:BringItOn","champ:PreciseThrust","champ:FlashCut","champ:HoldFirm","champ:StanceDance+1","champ:DefensiveStyle+1","champ:SkillfulDodge","champ:UltimateStance+1","champ:ShieldWall+1","champ:SteelEdge","champ:VampiricStrike","testmod-Reproduce+1","champ:ShieldThrow","champ:MurderStrike"],"relics":["champ:ChampionCrownUpgraded","testmod-TestBox","REME_ComplimentaryCards","testmod-ArcanaOfDestiny","Nunchaku","ReplayTheSpireMod:Lightbulb","Garlic","Pen Nib","Potion Belt","Vajra","expansioncontent:StudyCardRelic","downfall:HeartBlessingBlue","conspire:DeflatedDodgeball","Centennial Puzzle","testmod-Acrobat","Blue Candle","sneckomod:BlankCard","REME_HandOfSuture","downfall:HeartBlessingGreen","Red Mask","bronze:BronzeIdol","champ:DuelingGlove","Omamori","Juzu Bracelet","Onion Ring","CeramicFish"],"acts_visited":["Exordium","TheCity","TheBeyond"],"potions_floor_usage":[25,29,29],"damage_taken":[{"damage":38.0,"enemies":"3 Sentries","floor":2.0,"turns":8.0},{"damage":0.0,"enemies":"Small Slimes","floor":5.0,"turns":2.0},{"damage":33.0,"enemies":"Replay:BlueRogue","floor":6.0,"turns":4.0},{"damage":2.0,"enemies":"conspire:RoseBush","floor":8.0,"turns":2.0},{"damage":0.0,"enemies":"2 Louse","floor":9.0,"turns":2.0},{"damage":0.0,"enemies":"3 Sentries","floor":10.0,"turns":5.0},{"damage":10.0,"enemies":"downfall:FleeingMerchant","floor":11.0,"turns":4.0},{"damage":0.0,"enemies":"Blue Slaver","floor":12.0,"turns":2.0},{"damage":13.0,"enemies":"Exordium Wildlife","floor":13.0,"turns":3.0},{"damage":4.0,"enemies":"Gremlin Nob","floor":14.0,"turns":2.0},{"damage":10.0,"enemies":"Red Slaver","floor":15.0,"turns":2.0},{"damage":39.0,"enemies":"DF_ARCHETYPE_STREAMLINE","floor":16.0,"turns":10.0},{"damage":0.0,"enemies":"Spheric Guardian","floor":19.0,"turns":3.0},{"damage":6,"enemies":"conspire:FuzzyDice","floor":20,"turns":6},{"damage":2,"enemies":"Cultist and Chosen","floor":21,"turns":6},{"damage":20,"enemies":"Gremlin Leader","floor":23,"turns":5},{"damage":10,"enemies":"conspire:Head Lice","floor":25,"turns":15},{"damage":1,"enemies":"Snecko","floor":26,"turns":3},{"damage":0,"enemies":"Book of Stabbing","floor":27,"turns":4},{"damage":6,"enemies":"Snake Plant","floor":28,"turns":3},{"damage":17,"enemies":"conspire:MimicChest","floor":29,"turns":4},{"damage":16,"enemies":"Masked Bandits","floor":31,"turns":3},{"damage":27,"enemies":"conspire:HollyBat","floor":32,"turns":5},{"damage":10,"enemies":"SI_MIRROR_ARCHETYPE","floor":33,"turns":7},{"damage":5,"enemies":"3 Shapes","floor":37,"turns":2},{"damage":22,"enemies":"downfall:FleeingMerchant","floor":38,"turns":4},{"damage":26,"enemies":"3 Darklings","floor":39,"turns":5},{"damage":20,"enemies":"3 Darklings","floor":40,"turns":5},{"damage":93,"enemies":"R_Hoarder","floor":42,"turns":3},{"damage":93,"enemies":"Reptomancer","floor":44,"turns":3},{"damage":5,"enemies":"Spire Growth","floor":45,"turns":3},{"damage":0,"enemies":"R_Hoarder","floor":46,"turns":4},{"damage":11,"enemies":"Writhing Mass","floor":48,"turns":4},{"damage":82,"enemies":"Transient","floor":49,"turns":5},{"damage":142,"enemies":"IC_BLOCK_ARCHETYPE","floor":50,"turns":2}],"seed_played":"2041744238218047553","potions_obtained":[{"floor":2.0,"key":"champ:OpenerPotion"},{"floor":8.0,"key":"Dexterity Potion"},{"floor":9.0,"key":"Strength Potion"},{"floor":10.0,"key":"Strength Potion"},{"floor":12.0,"key":"Strength Potion"},{"floor":20,"key":"Toxic Potion"},{"floor":21,"key":"Explosive Potion"},{"floor":23,"key":"LifebloodPotion"},{"floor":25,"key":"AttackPotion"},{"floor":31,"key":"ColorlessPotion"},{"floor":33,"key":"Explosive Potion"},{"floor":42,"key":"Dexterity Potion"},{"floor":46,"key":"Swift Potion"}],"is_trial":false,"path_per_floor":["R","?","?","T","M","E","T","M","M","E","$","M","M","E","M","B",null,"R","M","M","M","T","E","T","E","M","E","M","?","R","?","M","B",null,"R","?","M","$","M","?","T","E","R","E","M","E","R","M","M","B",null],"character_chosen":"THE_CHAMP","items_purchased":["testmod-Reproduce","champ:ShieldThrow"],"campfire_rested":0,"item_purchase_floors":[38,38],"current_hp_per_floor":[90,82,82,82,82,69,69,67,67,67,67,74,71,67,67,64,90,100,100,100,98,98,98,98,88,92,92,94,92,92,86,84,84,100,100,100,100,100,94,94,94,94,94,94,89,89,89,83,83,83],"gold":539,"neow_bonus":"RANDOM_COMMON_RELIC","is_daily":false,"chose_seed":false,"campfire_upgraded":5,"win_rate":0.0,"timestamp":1611975196,"path_taken":["R","?","?","?","M","E","T","M","M","E","?","M","?","E","M","BOSS","R","M","M","M","?","E","T","E","M","E","M","?","R","?","M","BOSS","R","?","?","$","M","?","T","E","R","E","M","E","R","M","M","BOSS"],"items_purchased_type":["Card","Card"],"build_version":"2020-12-22","purchased_purges":2,"victory":true,"max_hp_per_floor":[90,90,90,90,90,90,90,90,90,90,90,90,90,90,90,90,90,100,100,100,100,100,100,100,100,100,100,100,100,100,100,100,100,100,100,100,100,100,100,100,100,100,100,100,100,100,100,100,100,100],"relic_stats":{"Nunchaku":[21],"Centennial Puzzle":[51],"counters":[35,149],"Blue Candle":[0],"CeramicFish":9,"Pen Nib":[20],"Juzu Bracelet":0,"obtain_stats":[{"champ:DuelingGlove":40,"sneckomod:BlankCard":27,"CeramicFish":46,"Vajra":14,"champ:ChampionCrown":0,"downfall:HeartBlessingGreen":30,"expansioncontent:StudyCardRelic":17,"Juzu Bracelet":42,"Nunchaku":0,"Centennial Puzzle":23,"downfall:HeartBlessingBlue":18,"Red Mask":31,"testmod-ArcanaOfDestiny":0,"Potion Belt":10,"testmod-TestBox":0,"Blue Candle":25,"Pen Nib":7,"champ:ChampionCrownUpgraded":34,"Omamori":41,"bronze:BronzeIdol":36,"testmod-Acrobat":24,"Onion Ring":44,"REME_HandOfSuture":29,"Garlic":6,"conspire:DeflatedDodgeball":22,"ReplayTheSpireMod:Lightbulb":2,"REME_ComplimentaryCards":0},{"champ:DuelingGlove":28,"sneckomod:BlankCard":19,"CeramicFish":32,"Vajra":10,"champ:ChampionCrown":0,"downfall:HeartBlessingGreen":21,"expansioncontent:StudyCardRelic":12,"Juzu Bracelet":29,"Nunchaku":0,"Centennial Puzzle":16,"downfall:HeartBlessingBlue":12,"Red Mask":22,"testmod-ArcanaOfDestiny":0,"Potion Belt":6,"testmod-TestBox":0,"Blue Candle":17,"Pen Nib":3,"champ:ChampionCrownUpgraded":24,"Omamori":28,"bronze:BronzeIdol":24,"testmod-Acrobat":16,"Onion Ring":30,"REME_HandOfSuture":21,"Garlic":3,"conspire:DeflatedDodgeball":15,"ReplayTheSpireMod:Lightbulb":1,"REME_ComplimentaryCards":0},{"champ:DuelingGlove":125,"sneckomod:BlankCard":88,"CeramicFish":138,"Vajra":34,"champ:ChampionCrown":0,"downfall:HeartBlessingGreen":94,"expansioncontent:StudyCardRelic":46,"Juzu Bracelet":128,"Nunchaku":0,"Centennial Puzzle":66,"downfall:HeartBlessingBlue":46,"Red Mask":97,"testmod-ArcanaOfDestiny":0,"Potion Belt":23,"testmod-TestBox":0,"Blue Candle":81,"Pen Nib":14,"champ:ChampionCrownUpgraded":109,"Omamori":125,"bronze:BronzeIdol":109,"testmod-Acrobat":66,"Onion Ring":131,"REME_HandOfSuture":94,"Garlic":14,"conspire:DeflatedDodgeball":61,"ReplayTheSpireMod:Lightbulb":8,"REME_ComplimentaryCards":0}]},"card_choices":[{"not_picked":["champ:RapidStrikes","champ:CalledShot"],"picked":"champ:TornadoPunch","floor":2.0},{"not_picked":["champ:Haymaker","champ:CrownThrow"],"picked":"champ:Lariat","floor":5.0},{"not_picked":["champ:CrownThrow","champ:Backstep"],"picked":"champ:FlashCut","floor":6.0},{"not_picked":["champ:AdrenalArmor","champ:Shatter","champ:CrownThrow"],"picked":"SKIP","floor":8.0},{"not_picked":["champ:BerserkersShout","champ:RisingSlash","champ:FaceSlap"],"picked":"SKIP","floor":9.0},{"not_picked":["champ:EnGarde","champ:PreemptiveStrike"],"picked":"champ:DefensiveShout","floor":10.0},{"not_picked":["champ:Haymaker","champ:HeavySlash"],"picked":"champ:FalseCounter","floor":11.0},{"not_picked":["champ:ShieldSlam","champ:BladeFlurry"],"picked":"champ:BringItOn","floor":12.0},{"not_picked":["champ:EnGarde","champ:Shatter"],"picked":"champ:PreciseThrust","floor":13.0},{"not_picked":["champ:BringItOn","champ:ShieldSigil","champ:BerserkersShout"],"picked":"SKIP","floor":14.0},{"not_picked":["champ:AdrenalArmor","champ:BringItOn"],"picked":"champ:FlashCut","floor":15.0},{"not_picked":["champ:StrikeOfGenius","champ:EnchantShield"],"picked":"champ:HoldFirm","floor":16.0},{"not_picked":["champ:PreciseThrust","champ:GladiatorStyle"],"picked":"champ:StanceDance","floor":19.0},{"not_picked":["champ:CrownThrow","champ:RecklessLeap"],"picked":"champ:DefensiveStyle+1","floor":20},{"not_picked":["champ:Circumvent","champ:BerserkerStyle"],"picked":"champ:SkillfulDodge","floor":21},{"not_picked":["champ:SetATrap","champ:EnGarde+1","champ:Backstep+1"],"picked":"SKIP","floor":23},{"not_picked":["champ:BerserkersShout","champ:RageSigil"],"picked":"champ:UltimateStance","floor":25},{"not_picked":["champ:PerfectedStrike","champ:Lariat","champ:FalseCounter"],"picked":"SKIP","floor":26},{"not_picked":["champ:TornadoPunch","champ:EnGarde","champ:ViciousMockery"],"picked":"SKIP","floor":27},{"not_picked":["champ:ShieldSigil","champ:CrookedStrike","champ:BringItOn"],"picked":"SKIP","floor":28},{"not_picked":["champ:CalledShot","champ:BerserkersShout"],"picked":"champ:ShieldWall+1","floor":29},{"not_picked":["champ:GutPunch","champ:DefensiveShout"],"picked":"champ:SteelEdge","floor":32},{"not_picked":["champ:Improvising","champ:StrikeOfGenius"],"picked":"champ:VampiricStrike","floor":33},{"not_picked":["champ:PerfectedStrike","champ:GladiatorStyle","champ:Backstep+1"],"picked":"SKIP","floor":37},{"not_picked":["champ:Encircle","champ:BringItOn","champ:CrownThrow"],"picked":"SKIP","floor":38},{"not_picked":["champ:GutPunch+1","champ:PerfectedStrike","champ:TornadoPunch+1"],"picked":"SKIP","floor":39},{"not_picked":["champ:StrikeOfGenius","champ:Parry+1","champ:BladeFlurry"],"picked":"SKIP","floor":42},{"not_picked":["champ:FocusedDefense+1","champ:GutPunch","champ:DefensiveShout"],"picked":"SKIP","floor":44},{"not_picked":["champ:SkillfulDodge","champ:PreemptiveStrike+1","champ:FocusedDefense"],"picked":"SKIP","floor":45},{"not_picked":["champ:ShieldSigil+1","champ:DeathBlow+1"],"picked":"champ:MurderStrike","floor":46},{"not_picked":["champ:TornadoPunch","champ:FancyFootwork","champ:Backstep"],"picked":"SKIP","floor":48},{"not_picked":["champ:FlashCut","champ:EnGarde+1","champ:ShieldSigil"],"picked":"SKIP","floor":49}],"player_experience":249230,"relics_obtained":[{"floor":2.0,"key":"ReplayTheSpireMod:Lightbulb"},{"floor":6.0,"key":"Garlic"},{"floor":7.0,"key":"Pen Nib"},{"floor":10.0,"key":"Potion Belt"},{"floor":14.0,"key":"Vajra"},{"floor":22,"key":"conspire:DeflatedDodgeball"},{"floor":23,"key":"Centennial Puzzle"},{"floor":24,"key":"testmod-Acrobat"},{"floor":25,"key":"Blue Candle"},{"floor":27,"key":"sneckomod:BlankCard"},{"floor":29,"key":"REME_HandOfSuture"},{"floor":31,"key":"Red Mask"},{"floor":36,"key":"bronze:BronzeIdol"},{"floor":40,"key":"champ:DuelingGlove"},{"floor":41,"key":"Omamori"},{"floor":42,"key":"Juzu Bracelet"},{"floor":44,"key":"Onion Ring"},{"floor":46,"key":"CeramicFish"}],"event_choices":[{"cards_removed":["champ:Strike"],"damage_healed":0.0,"max_hp_gain":0.0,"max_hp_loss":0.0,"gold_gain":0.0,"event_name":"The Cleric","player_choice":"Card Removal","floor":3.0,"gold_loss":0.0,"damage_taken":0.0},{"damage_healed":0,"gold_gain":0,"player_choice":"Fought Bandits","damage_taken":0,"max_hp_gain":0,"max_hp_loss":0,"event_name":"Masked Bandits","floor":31,"gold_loss":0},{"damage_healed":0,"gold_gain":0,"player_choice":"Relic","damage_taken":0,"max_hp_gain":0,"max_hp_loss":0,"event_name":"Wheel of Change","floor":36,"gold_loss":0}],"is_beta":false,"boss_relics":[{"not_picked":["testmod-NegativeEmotionEnhancer","testmod-Recursion"],"picked":"expansioncontent:StudyCardRelic"},{"not_picked":["REME_ChargedStone","conspire:SpecialSausage"],"picked":"champ:ChampionCrownUpgraded"}],"items_purged_floors":[11,38],"is_endless":false,"potions_floor_spawned":[2,8,9,10,12,14,20,21,23,25,31,33,42,44,45,46,48],"ascension_level":3}}