{"host":"n23juj4d9qam5hh1","time":1611983934,"event":{"mods":["BaseMod","Better Note","BetterRewards","Displayed Cursed Tome","Infinite Spire","Minty Spire (QoL Compilation)","Relic Stats","StSLib","Thieving Mod"],"gold_per_floor":[109,125,400,419,273,273,286,319,319,228,228,243,243,258,258,258,258],"floor_reached":16,"language":"ENG","playtime":515,"items_purged":["Regret"],"score":122,"play_id":"93f02fa3-4737-4572-a7a1-79b77cfe8ac6","local_time":"20210130001854","is_ascension_mode":true,"campfire_choices":[{"data":"Zap","floor":6,"key":"SMITH"},{"floor":13,"key":"REST"},{"floor":15,"key":"REST"}],"circlet_count":0,"master_deck":["Strike_B","Strike_B","Strike_B","Strike_B","Defend_B","Defend_B","Defend_B","Defend_B","Zap+1","Dualcast+1","Self Repair","Consume","Coolheaded","Melter","Defragment","Buffer"],"relics":["Cracked Core","Turnip","Question Card"],"acts_visited":["Exordium"],"potions_floor_usage":[12],"damage_taken":[{"damage":0,"enemies":"Cultist","floor":1,"turns":3},{"damage":2,"enemies":"2 Louse","floor":2,"turns":2},{"damage":20,"enemies":"Jaw Worm","floor":4,"turns":4},{"damage":20,"enemies":"Gremlin Gang","floor":7,"turns":5},{"damage":46,"enemies":"Gremlin Nob","floor":8,"turns":5},{"damage":0,"enemies":"3 Louse","floor":12,"turns":3},{"damage":7,"enemies":"Looter","floor":14,"turns":3},{"damage":52,"enemies":"Hexaghost","floor":16,"turns":11}],"seed_played":"7132863149890078658","potions_obtained":[{"floor":4,"key":"DuplicationPotion"},{"floor":7,"key":"Energy Potion"}],"is_trial":false,"path_per_floor":["M","M","?","M","$","R","M","E","T","$","?","M","R","M","R","B"],"character_chosen":"DEFECT","items_purchased":["Consume","Coolheaded","Melter"],"campfire_rested":2,"item_purchase_floors":[5,10,10],"current_hp_per_floor":[75,75,75,62,62,62,49,10,10,10,10,17,39,32,54,2,2],"gold":258,"neow_bonus":"UPGRADE_CARD","is_daily":false,"chose_seed":false,"campfire_upgraded":1,"win_rate":0.0,"timestamp":1611983934,"path_taken":["M","M","?","M","$","R","M","E","T","?","?","?","R","M","R","BOSS"],"items_purchased_type":["Card","Card","Card"],"build_version":"2020-12-22","purchased_purges":1,"victory":false,"max_hp_per_floor":[75,75,75,75,75,75,75,75,75,75,75,75,75,75,75,75,75],"relic_stats":{"counters":[8,36],"Turnip":[0],"Question Card":2,"obtain_stats":[{"Turnip":8,"Cracked Core":0,"Question Card":9},{"Turnip":5,"Cracked Core":0,"Question Card":5},{"Turnip":19,"Cracked Core":0,"Question Card":19}]},"card_choices":[{"not_picked":["Steam","Turbo"],"picked":"Self Repair","floor":1},{"not_picked":["Go for the Eyes","Gash","Beam Cell"],"picked":"SKIP","floor":2},{"not_picked":["Rebound","Scrape","Genetic Algorithm"],"picked":"SKIP","floor":4},{"not_picked":["Go for the Eyes","Heatsinks","Scrape"],"picked":"SKIP","floor":7},{"not_picked":["Beam Cell","Rebound","Streamline"],"picked":"SKIP","floor":8},{"not_picked":["BootSequence","Stack","Coolheaded"],"picked":"Defragment","floor":12},{"not_picked":["Hologram","Compile Driver","Undo"],"picked":"Buffer","floor":14}],"player_experience":269564,"relics_obtained":[{"floor":8,"key":"Turnip"},{"floor":9,"key":"Question Card"}],"event_choices":[{"damage_healed":0,"gold_gain":275,"player_choice":"Desecrate","damage_taken":0,"max_hp_gain":0,"max_hp_loss":0,"event_name":"Golden Shrine","floor":3,"gold_loss":0,"cards_obtained":["Regret"]},{"damage_healed":0,"gold_gain":0,"player_choice":"Ignored","damage_taken":0,"max_hp_gain":0,"max_hp_loss":0,"event_name":"Shining Light","floor":11,"gold_loss":0}],"is_beta":false,"boss_relics":[],"items_purged_floors":[5],"is_endless":false,"potions_floor_spawned":[4,7],"killed_by":"Hexaghost","ascension_level":4}}