{"host":"nnmmiiw4bez2c8ei","time":1611992010,"event":{"mods":["AchievementEnabler","BaseMod","Colored Map","Colored Powertips","Minty Spire (QoL Compilation)","Rare Cards Sparkle","StSLib"],"gold_per_floor":[15,26,26,42,60,95,270,313,364,364,378,328,378,76,76,210,210,239,257,285,294,324,339,339,339],"floor_reached":24,"language":"KOR","playtime":1080,"items_purged":["Injury"],"score":298,"play_id":"7601f721-1dbf-4c77-9449-52ac293b77ec","local_time":"20210130163330","is_ascension_mode":true,"campfire_choices":[{"floor":10.0,"key":"REST"},{"floor":15.0,"key":"REST"}],"circlet_count":0,"master_deck":["Strike_R","Strike_R","Strike_R+1","Strike_R","Defend_R","Defend_R","Defend_R","Bash","Feed+1","Seeing Red","Metallicize","Clash","Shrug It Off","Thunderclap+1","Reckless Charge+1","Clash+1","Metallicize","Reaper+1","Sentinel","Dual Wield","Seeing Red","Searing Blow+1","Entrench","Armaments"],"relics":["Burning Blood","Golden Idol","Molten Egg 2","White Beast Statue","Whetstone","CeramicFish","Happy Flower","Black Star"],"acts_visited":["Exordium","TheCity"],"potions_floor_usage":[20,22,23,24],"damage_taken":[{"damage":12.0,"enemies":"Jaw Worm","floor":1.0,"turns":2.0},{"damage":6.0,"enemies":"2 Louse","floor":2.0,"turns":2.0},{"damage":12.0,"enemies":"Small Slimes","floor":4.0,"turns":2.0},{"damage":0.0,"enemies":"3 Louse","floor":5.0,"turns":3.0},{"damage":28.0,"enemies":"Lagavulin","floor":6.0,"turns":10.0},{"damage":54.0,"enemies":"3 Sentries","floor":8.0,"turns":18.0},{"damage":13.0,"enemies":"Blue Slaver","floor":11.0,"turns":2.0},{"damage":34.0,"enemies":"Lagavulin","floor":13.0,"turns":7.0},{"damage":38.0,"enemies":"Hexaghost","floor":16.0,"turns":10.0},{"damage":0.0,"enemies":"Chosen","floor":18.0,"turns":4.0},{"damage":18,"enemies":"Spheric Guardian","floor":20,"turns":6},{"damage":49,"enemies":"Snecko","floor":22,"turns":8},{"damage":60,"enemies":"Shelled Parasite and Fungi","floor":23,"turns":8},{"damage":32,"enemies":"Gremlin Leader","floor":24,"turns":2}],"seed_played":"-2353395162325802942","potions_obtained":[{"floor":1.0,"key":"PowerPotion"},{"floor":8.0,"key":"AttackPotion"},{"floor":11.0,"key":"DuplicationPotion"},{"floor":13.0,"key":"Regen Potion"},{"floor":16.0,"key":"LiquidMemories"},{"floor":18.0,"key":"Block Potion"},{"floor":20,"key":"BloodPotion"},{"floor":22,"key":"Fire Potion"},{"floor":23,"key":"EssenceOfSteel"}],"is_trial":false,"path_per_floor":["M","M","?","M","M","E","?","E","T","R","M","?","E","$","R","B",null,"M","?","M","?","M","M","E"],"character_chosen":"IRONCLAD","items_purchased":["Happy Flower","Metallicize"],"campfire_rested":2,"item_purchase_floors":[14,14],"current_hp_per_floor":[77,80,80,77,86,64,64,19,19,47,40,40,12,12,40,23,77,92,92,84,84,66,28,0,0],"gold":339,"neow_bonus":"THREE_RARE_CARDS","is_daily":false,"chose_seed":false,"campfire_upgraded":0,"win_rate":0.0,"timestamp":1611992010,"path_taken":["M","M","?","M","M","E","?","E","T","R","M","?","E","?","R","BOSS","M","?","M","?","M","M","E"],"items_purchased_type":["Relic","Card"],"build_version":"2020-12-22","purchased_purges":1,"victory":false,"max_hp_per_floor":[83,86,86,89,92,92,92,95,95,95,95,95,95,95,95,95,95,99,99,103,103,103,107,107,107],"card_choices":[{"not_picked":["Impervious","Reaper"],"picked":"Feed","floor":0.0},{"not_picked":["Flame Barrier","Wild Strike"],"picked":"Seeing Red","floor":1.0},{"not_picked":["Dual Wield","Anger"],"picked":"Metallicize","floor":2.0},{"not_picked":["Iron Wave","True Grit"],"picked":"Clash","floor":4.0},{"not_picked":["Heavy Blade","True Grit","Iron Wave"],"picked":"SKIP","floor":5.0},{"not_picked":["Hemokinesis+1","Warcry"],"picked":"Shrug It Off","floor":6.0},{"not_picked":["Metallicize","Limit Break"],"picked":"Thunderclap+1","floor":8.0},{"not_picked":["Havoc","Shrug It Off"],"picked":"Reckless Charge+1","floor":11.0},{"not_picked":["Headbutt+1","Immolate+1"],"picked":"Clash+1","floor":13.0},{"not_picked":["Brutality","Barricade"],"picked":"Reaper+1","floor":16.0},{"not_picked":["Sever Soul+1","Dropkick+1"],"picked":"Sentinel","floor":18.0},{"not_picked":["Anger+1","Thunderclap+1"],"picked":"Searing Blow+1","floor":20},{"not_picked":["True Grit","Disarm"],"picked":"Armaments","floor":22},{"not_picked":["Thunderclap+1","Burning Pact","Twin Strike+1"],"picked":"SKIP","floor":23}],"player_experience":488285,"relics_obtained":[{"floor":6.0,"key":"Molten Egg 2"},{"floor":8.0,"key":"White Beast Statue"},{"floor":9.0,"key":"Whetstone"},{"floor":13.0,"key":"CeramicFish"}],"event_choices":[{"damage_healed":0.0,"max_hp_gain":0.0,"max_hp_loss":0.0,"gold_gain":0.0,"event_name":"Golden Idol","player_choice":"Take Wound","floor":3.0,"gold_loss":0.0,"damage_taken":0.0,"relics_obtained":["Golden Idol"],"cards_obtained":["Injury"]},{"damage_healed":0.0,"max_hp_gain":0.0,"max_hp_loss":0.0,"gold_gain":175.0,"event_name":"Liars Game","player_choice":"AGREE","floor":7.0,"gold_loss":0.0,"damage_taken":0.0,"cards_obtained":["Doubt"]},{"cards_removed":["Doubt"],"damage_healed":0.0,"max_hp_gain":0.0,"max_hp_loss":0.0,"gold_gain":0.0,"event_name":"The Cleric","player_choice":"Card Removal","floor":12.0,"gold_loss":50.0,"damage_taken":0.0},{"damage_healed":0.0,"max_hp_gain":0.0,"max_hp_loss":0.0,"gold_gain":0.0,"cards_transformed":["Defend_R","Strike_R"],"event_name":"Drug Dealer","player_choice":"Became Test Subject","floor":19.0,"gold_loss":0.0,"damage_taken":0.0,"cards_obtained":["Dual Wield","Seeing Red"]},{"damage_healed":0,"gold_gain":0,"player_choice":"Read","damage_taken":0,"max_hp_gain":0,"max_hp_loss":0,"event_name":"The Library","floor":21,"gold_loss":0,"cards_obtained":["Entrench"]}],"is_beta":false,"boss_relics":[{"not_picked":["Cursed Key","Sozu"],"picked":"Black Star"}],"items_purged_floors":[14],"is_endless":false,"potions_floor_spawned":[1,8,11,13,16,18,20,22,23],"killed_by":"Gremlin Leader","ascension_level":5}}