{"host":"80ojs5zx0tu8i1zz","time":1611970852,"event":{"mods":["AchievementEnabler","Arknights The Spire","Aspiration","BaseMod","Better Altar","Better Match","Better Note","Better Sensory Stone","Better Skull","Better Third Choice","ChefMod","Colored Map","Colored Powertips","Hermit","Hubris","Infinite Spire","Jorbs\u0027s Wanderer Trilogy","Minty Spire (QoL Compilation)","Replay The Spire","Shade Mod","Shop Mod","StSLib","The Dragon Tamer","The Hayseed","The Hierophant","The Marked"],"gold_per_floor":[115,115,135,5,23,37,62,82,108,120,151,171,171,191,191,291,291,301,316,177,191,203,203,232,232,255,269,289,214,64,76,76,180,180,190,190,190,215,270,270,270],"floor_reached":40,"language":"ENG","playtime":2927,"items_purged":[],"score":524,"play_id":"636d4c77-5806-4763-8618-5479c9a0ec5f","local_time":"20210130034052","is_ascension_mode":false,"campfire_choices":[{"data":"Shade:Putrefaction","floor":15,"key":"SMITH"},{"data":"Shade:AnimateDead","floor":23,"key":"SMITH"},{"data":"Shade:PoundOfFlesh","floor":25,"key":"SMITH"},{"floor":32,"key":"DIG"}],"circlet_count":0,"master_deck":["Shade:Strike_Shade","Shade:Strike_Shade","Shade:Strike_Shade","Shade:Defend_Shade","Shade:Defend_Shade","Shade:Defend_Shade","Shade:Defend_Shade","Shade:AnimateDead+1","Shade:CarefulCut","Shade:Putrefaction+1","Shade:Frenzy","Shade:FreshBones+1","Shade:OpenGraves+1","Finesse+1","Shade:CoffinDance","Shade:GraveStillness+1","Shade:CoffinDance","Shade:PoundOfFlesh+1","Shade:FingerOfDeath","Shade:FleshOffering+1","Shade:CommandSoldier+1","Shade:PressTheAttack","Shade:DarkOfNight+1","hubris:Lust","Shade:Coordination","Enlightenment+1","infinitespire:FutureSight+1","hierophant:ChurchCoffers+1","Shade:LyeBath+1","Shade:CommandSoldier+1","Shade:Premonition+1","Trip+1","Shade:WallOfFlesh+1","Shade:Frenzy+1","Shade:Brains+1","Shade:GoDigging+1","Shade:Doomsay","Shade:Brains+1","Shade:AuraOfUnlife","Shade:Premonition+1","Shade:SkeletonArmy+1","Shade:PotionOfRestlessness","Shade:CommandSoldier+1","Shade:FleshLikeOak+1","Shade:LichForm","Shade:LyeBath+1","hubris:Greed","Shade:SpectralStrikes+1","Shade:WallOfFlesh+1"],"relics":["Shade:YorickSkull","Toxic Egg 2","Blood Vial","Anchor","aspiration:HatOfInfinitePower","ReplayTheSpireMod:SealedPack","StrikeDummy","Orrery","ReplayTheSpireMod:Ninjato","Empty Cage","ReplayTheSpireMod:Ring of Challenge","Ring of Misfortune","Nunchaku","CaptainsWheel"],"acts_visited":["Exordium","TheCity","TheBeyond"],"potions_floor_usage":[11,16,24,24,31,33],"damage_taken":[{"damage":2,"enemies":"Small Slimes","floor":1,"turns":4},{"damage":5,"enemies":"Jaw Worm","floor":3,"turns":4},{"damage":2,"enemies":"Cultist","floor":5,"turns":4},{"damage":5,"enemies":"3 Louse","floor":6,"turns":3},{"damage":16,"enemies":"Lagavulin","floor":7,"turns":7},{"damage":2,"enemies":"Exordium Thugs","floor":8,"turns":5},{"damage":0,"enemies":"Blue Slaver","floor":10,"turns":4},{"damage":2,"enemies":"Gremlin Nob","floor":11,"turns":4},{"damage":0,"enemies":"Looter","floor":12,"turns":2},{"damage":0,"enemies":"3 Louse","floor":14,"turns":3},{"damage":0,"enemies":"Fading Forest","floor":16,"turns":11},{"damage":0,"enemies":"3 Byrds","floor":18,"turns":3},{"damage":9,"enemies":"Shell Parasite","floor":19,"turns":5},{"damage":21,"enemies":"Snecko","floor":21,"turns":6},{"damage":19,"enemies":"Shelled Parasite and Fungi","floor":22,"turns":6},{"damage":0,"enemies":"Replay:Snechameleon","floor":24,"turns":5},{"damage":7,"enemies":"3 Cultists","floor":27,"turns":6},{"damage":14,"enemies":"Snecko","floor":28,"turns":7},{"damage":0,"enemies":"Centurion and Healer","floor":31,"turns":8},{"damage":24,"enemies":"hubris:MusketHawk","floor":33,"turns":7},{"damage":4,"enemies":"3 Shapes","floor":35,"turns":4},{"damage":0,"enemies":"3 Darklings","floor":38,"turns":3},{"damage":0,"enemies":"Mind Bloom Boss Battle","floor":39,"turns":6},{"damage":69,"enemies":"Reptomancer","floor":40,"turns":2}],"seed_played":"-6759535602796452119","potions_obtained":[{"floor":6,"key":"Dexterity Potion"},{"floor":11,"key":"Swift Potion"},{"floor":12,"key":"DuplicationPotion"},{"floor":16,"key":"EssenceOfSteel"},{"floor":18,"key":"SneckoOil"},{"floor":24,"key":"SpeedPotion"},{"floor":31,"key":"FairyPotion"}],"is_trial":false,"path_per_floor":["M","?","M","$","M","M","E","M","T","M","E","M","?","M","R","B",null,"M","M","$","M","M","R","E","R","T","M","M","?","$","M","R_BF","B",null,"M","?","AVR","M","?","E"],"character_chosen":"SHADE","items_purchased":["Shade:OpenGraves","Finesse+1","Shade:Premonition+1","Trip+1","Orrery"],"campfire_rested":0,"item_purchase_floors":[4,4,20,20,30],"current_hp_per_floor":[45,45,40,40,38,33,17,17,17,19,19,21,21,23,23,25,65,65,56,56,37,20,20,22,22,22,17,5,5,5,7,7,35,65,61,61,61,63,65,0,0],"gold":270,"neow_bonus":"THREE_RARE_CARDS","is_daily":false,"chose_seed":false,"campfire_upgraded":3,"win_rate":0.0,"timestamp":1611970852,"path_taken":["M","?","M","$","M","M","E","M","T","M","E","M","?","M","R","BOSS","M","M","?","M","M","R","E","R","T","M","?","?","$","M","R_BF","BOSS","M","?","AVR","M","?","E"],"items_purchased_type":["Card","Card","Card","Card","Relic"],"build_version":"2020-12-22","purchased_purges":0,"victory":false,"max_hp_per_floor":[65,65,65,65,65,65,65,65,65,65,65,65,65,65,65,65,65,65,65,65,65,65,65,65,65,65,65,65,65,65,65,65,65,65,65,65,65,65,65,65,65],"card_choices":[{"not_picked":["Shade:SoulPierce","Shade:Coordination"],"picked":"Shade:Putrefaction","floor":0},{"not_picked":["Shade:GreyBargain","Shade:AncientSpear"],"picked":"Shade:Frenzy","floor":1},{"not_picked":["Shade:LyeBath+1","Shade:CommandSoldier+1"],"picked":"Shade:FreshBones+1","floor":3},{"not_picked":["Shade:Frenzy+1","Shade:GreyBargain+1"],"picked":"Shade:CoffinDance","floor":5},{"not_picked":["Shade:Patience+1","Shade:AncientSpear"],"picked":"Shade:GraveStillness+1","floor":6},{"not_picked":["Shade:Asphyxiate","Shade:SpontaneousRitual"],"picked":"Shade:CoffinDance","floor":7},{"not_picked":["Shade:BoneShards","Shade:LastGasp+1"],"picked":"Shade:PoundOfFlesh","floor":8},{"not_picked":["Shade:Carnophage","Shade:RitualOffering+1"],"picked":"Shade:FingerOfDeath","floor":10},{"not_picked":["Shade:Premonition+1","Shade:SanguineRitual+1"],"picked":"Shade:FleshOffering+1","floor":11},{"not_picked":["Shade:BoneShards","Shade:Frenzy+1"],"picked":"Shade:CommandSoldier+1","floor":12},{"not_picked":["Shade:SkeletonHug","Shade:ScuttlingHand"],"picked":"Shade:PressTheAttack","floor":14},{"not_picked":["Shade:Putrefaction","Shade:SelfBurial+1"],"picked":"Shade:DarkOfNight+1","floor":16},{"not_picked":["Shade:OneIsEnough","Shade:MadHubris"],"picked":"Shade:Coordination","floor":17},{"not_picked":["Finesse","Madness"],"picked":"Enlightenment","floor":17},{"not_picked":["ReplayTheSpireMod:Echoes of Time","infinitespire:SevenWalls"],"picked":"infinitespire:FutureSight","floor":17},{"not_picked":["Vigilance","DTMod:DoubleHit"],"picked":"hierophant:ChurchCoffers","floor":17},{"not_picked":["Shade:ExtraLimbs","Shade:Asphyxiate+1"],"picked":"Shade:LyeBath+1","floor":18},{"not_picked":["Shade:GreyBargain+1","Shade:ClawBack"],"picked":"Shade:CommandSoldier+1","floor":19},{"not_picked":["Shade:CoffinDance","Shade:SoulPierce"],"picked":"Shade:WallOfFlesh+1","floor":21},{"not_picked":["Shade:TouchOfTheGrave","Shade:ExtraLimbs"],"picked":"Shade:Frenzy+1","floor":22},{"not_picked":["Shade:SkeletonHug+1","Shade:PoundOfFlesh+1"],"picked":"Shade:Brains+1","floor":24},{"not_picked":["Shade:GraveStillness+1","Shade:FuneraryJewels+1"],"picked":"Shade:GoDigging+1","floor":27},{"not_picked":["Shade:RitualOffering+1","Shade:CallOfTheGrave"],"picked":"Shade:Doomsay","floor":28},{"not_picked":["Shade:AncientSpear+1","Shade:GraveStillness+1"],"picked":"Shade:Brains+1","floor":29},{"not_picked":["Shade:WallOfFlesh+1","Shade:CoffinDance"],"picked":"Shade:AuraOfUnlife","floor":30},{"not_picked":["Shade:WallOfFlesh+1","Shade:AncientSpear"],"picked":"Shade:Premonition+1","floor":30},{"not_picked":["Shade:WallOfFlesh+1","Shade:SkeletonHug"],"picked":"Shade:SkeletonArmy+1","floor":30},{"not_picked":["Shade:WallOfFlesh+1","Shade:CallOfTheGrave"],"picked":"Shade:PotionOfRestlessness","floor":30},{"not_picked":["Shade:OneIsEnough","Shade:Bite_Shade"],"picked":"Shade:CommandSoldier+1","floor":30},{"not_picked":["Shade:OminousRitual","Shade:FeralStrike+1"],"picked":"Shade:FleshLikeOak+1","floor":31},{"not_picked":["Shade:SoulPierce","Shade:MadHubris+1"],"picked":"Shade:LichForm","floor":33},{"not_picked":["Shade:AncientSpear+1","Shade:ExtraLimbs"],"picked":"Shade:LyeBath+1","floor":35},{"not_picked":["Shade:FleshLikeOak+1","Shade:BoneShards"],"picked":"Shade:SpectralStrikes+1","floor":38},{"not_picked":["Shade:FeralStrike+1","Shade:AncientSpear+1"],"picked":"Shade:WallOfFlesh+1","floor":39}],"player_experience":225283,"relics_obtained":[{"floor":7,"key":"Blood Vial"},{"floor":9,"key":"Anchor"},{"floor":11,"key":"aspiration:HatOfInfinitePower"},{"floor":24,"key":"StrikeDummy"},{"floor":32,"key":"ReplayTheSpireMod:Ninjato"},{"floor":36,"key":"ReplayTheSpireMod:Ring of Challenge"},{"floor":36,"key":"Ring of Misfortune"},{"floor":39,"key":"CaptainsWheel"}],"event_choices":[{"damage_healed":0,"gold_gain":0,"player_choice":"Upgraded","damage_taken":0,"max_hp_gain":0,"max_hp_loss":0,"event_name":"Upgrade Shrine","floor":13,"gold_loss":0,"cards_upgraded":["Shade:OpenGraves"]},{"damage_healed":0,"gold_gain":0,"player_choice":"2","damage_taken":0,"max_hp_gain":0,"max_hp_loss":0,"event_name":"betterMatch:BetterMatch","floor":29,"gold_loss":0,"cards_obtained":["betterMatch:CommonCard"]},{"damage_healed":0,"gold_gain":0,"player_choice":"Fight","damage_taken":0,"max_hp_gain":0,"max_hp_loss":0,"event_name":"MindBloom","floor":39,"gold_loss":0}],"is_beta":false,"boss_relics":[{"not_picked":["ReplayTheSpireMod:DimensionalGlitch","hubris:BlackHole"],"picked":"ReplayTheSpireMod:SealedPack"},{"not_picked":["hubris:VirtuousBlindfold","hubris:Stopwatch"],"picked":"Empty Cage"}],"items_purged_floors":[],"is_endless":false,"potions_floor_spawned":[6,11,12,16,18,24,31],"killed_by":"Reptomancer","ascension_level":0}}