{"host":"r6jigiblrojhp6xe","time":1611975385,"event":{"mods":["AchievementEnabler","BaseMod","DeckTracker","Hermit","Minty Spire (QoL Compilation)","Quick Restart","Rare Cards Sparkle","Relic Stats","StSLib","SuperFastMode","everything is the same but u backflip on backflip"],"gold_per_floor":[109,122,141,216,229,229,258,258,258,275,275,275,316,340,340,429,429,444,444,422,9,59,95,95,115,166,25,49,49,90,3,3,96,96,110,110,123,138,154,190,190,190,238,269,269,269],"floor_reached":45,"language":"KOR","playtime":1336,"items_purged":["Strike_P","Defend_P"],"score":1136,"play_id":"4244cb21-1b14-4c27-91fe-c43c6811580c","local_time":"20210130115625","is_ascension_mode":true,"campfire_choices":[{"data":"Eruption","floor":6.0,"key":"SMITH"},{"data":"SignatureMove","floor":8.0,"key":"SMITH"},{"data":"MentalFortress","floor":15.0,"key":"SMITH"},{"data":"Vault","floor":24.0,"key":"SMITH"},{"data":"Fasting2","floor":29.0,"key":"SMITH"},{"data":"Adaptation","floor":32.0,"key":"SMITH"},{"data":"Ragnarok","floor":42,"key":"SMITH"}],"circlet_count":0,"master_deck":["AscendersBane","Strike_P","Defend_P","Defend_P","Defend_P","Eruption+1","Vigilance","FearNoEvil","Indignation","BowlingBash","SignatureMove+1","MentalFortress+1","Vault+1","Meditate","DeusExMachina","CutThroughFate+1","Fasting2+1","InnerPeace","Adaptation+1","Ragnarok+1","CrushJoints","MentalFortress+1","EmptyBody","EmptyMind+1"],"relics":["HolyWater","Meat on the Bone","Matryoshka","Golden Idol","Darkstone Periapt","OrangePellets","Centennial Puzzle","Anchor","Gremlin Horn","Regal Pillow","SacredBark","Orichalcum","Molten Egg 2","Blood Vial","Bird Faced Urn"],"acts_visited":["Exordium","TheCity","TheBeyond"],"potions_floor_usage":[40,45],"damage_taken":[{"damage":2.0,"enemies":"Cultist","floor":1.0,"turns":3.0},{"damage":1.0,"enemies":"2 Louse","floor":2.0,"turns":3.0},{"damage":6.0,"enemies":"Small Slimes","floor":3.0,"turns":5.0},{"damage":30.0,"enemies":"Exordium Wildlife","floor":5.0,"turns":5.0},{"damage":0.0,"enemies":"Lagavulin","floor":7.0,"turns":4.0},{"damage":12.0,"enemies":"Exordium Thugs","floor":10.0,"turns":3.0},{"damage":0.0,"enemies":"Gremlin Nob","floor":13.0,"turns":1.0},{"damage":0.0,"enemies":"3 Louse","floor":14.0,"turns":3.0},{"damage":36.0,"enemies":"Slime Boss","floor":16.0,"turns":6.0},{"damage":6.0,"enemies":"Chosen","floor":18.0,"turns":4.0},{"damage":7.0,"enemies":"2 Thieves","floor":20.0,"turns":5.0},{"damage":23.0,"enemies":"Slavers","floor":23.0,"turns":6.0},{"damage":7.0,"enemies":"3 Cultists","floor":25.0,"turns":4.0},{"damage":0.0,"enemies":"Centurion and Healer","floor":28.0,"turns":4.0},{"damage":9.0,"enemies":"Gremlin Leader","floor":30.0,"turns":3.0},{"damage":36,"enemies":"Champ","floor":33,"turns":7},{"damage":1,"enemies":"3 Darklings","floor":35,"turns":3},{"damage":12,"enemies":"Orb Walker","floor":37,"turns":4},{"damage":9,"enemies":"Sphere and 2 Shapes","floor":38,"turns":5},{"damage":1,"enemies":"Transient","floor":39,"turns":6},{"damage":31,"enemies":"Reptomancer","floor":40,"turns":6},{"damage":9,"enemies":"Mind Bloom Boss Battle","floor":44,"turns":3},{"damage":63,"enemies":"Giant Head","floor":45,"turns":8}],"seed_played":"7645548402757762186","potions_obtained":[{"floor":3.0,"key":"SteroidPotion"},{"floor":7.0,"key":"SkillPotion"},{"floor":10.0,"key":"Explosive Potion"},{"floor":14.0,"key":"FearPotion"},{"floor":23.0,"key":"FearPotion"},{"floor":28.0,"key":"SteroidPotion"},{"floor":30.0,"key":"Regen Potion"},{"floor":37,"key":"Fruit Juice"}],"is_trial":false,"path_per_floor":["M","M","M","?","M","R","E","R","T","M","?","?","E","M","R","B",null,"M","?","M","$","?","E","R","M","T","$","M","R","E","$","R","B",null,"M","?","M","M","M","E","?","R","T","?","E"],"character_chosen":"WATCHER","items_purchased":["OrangePellets","Centennial Puzzle","Fasting2","Adaptation"],"campfire_rested":0,"item_purchase_floors":[21,21,27,31],"current_hp_per_floor":[65,64,58,47,17,17,17,17,17,17,17,17,29,41,41,17,55,49,49,42,42,42,31,31,36,36,36,36,36,39,39,39,15,54,53,53,41,44,43,46,46,46,46,39,0,0],"gold":269,"neow_bonus":"TEN_PERCENT_HP_BONUS","is_daily":false,"chose_seed":false,"campfire_upgraded":7,"win_rate":0.0,"timestamp":1611975385,"path_taken":["M","M","M","?","M","R","E","R","T","M","?","?","E","M","R","BOSS","M","?","M","?","?","E","R","M","T","$","M","R","E","$","R","BOSS","M","?","M","?","M","E","?","R","T","?","E"],"items_purchased_type":["Relic","Relic","Card","Card"],"build_version":"2020-12-22","purchased_purges":2,"victory":false,"max_hp_per_floor":[74,74,74,74,74,74,74,74,74,74,67,67,67,67,67,67,67,67,67,67,67,67,67,67,67,67,67,67,67,67,67,67,67,67,67,67,67,67,67,67,67,67,67,67,77,77],"relic_stats":{"Darkstone Periapt":0,"Blood Vial":4,"OrangePellets":[14],"Centennial Puzzle":[34],"Regal Pillow":0,"Gremlin Horn":[13,13],"counters":[23,101],"Golden Idol":106,"Bird Faced Urn":[8],"Orichalcum":[12],"obtain_stats":[{"Darkstone Periapt":13,"Regal Pillow":30,"Gremlin Horn":26,"Golden Idol":11,"SacredBark":34,"Orichalcum":40,"Blood Vial":43,"OrangePellets":21,"Centennial Puzzle":21,"Anchor":23,"Matryoshka":9,"Bird Faced Urn":44,"HolyWater":17,"Molten Egg 2":43,"PureWater":0,"Meat on the Bone":7},{"Darkstone Periapt":7,"Regal Pillow":15,"Gremlin Horn":13,"Golden Idol":6,"SacredBark":16,"Orichalcum":21,"Blood Vial":21,"OrangePellets":11,"Centennial Puzzle":11,"Anchor":12,"Matryoshka":5,"Bird Faced Urn":22,"HolyWater":9,"Molten Egg 2":21,"PureWater":0,"Meat on the Bone":5},{"Darkstone Periapt":24,"Regal Pillow":59,"Gremlin Horn":52,"Golden Idol":23,"SacredBark":66,"Orichalcum":90,"Blood Vial":90,"OrangePellets":42,"Centennial Puzzle":42,"Anchor":48,"Matryoshka":20,"Bird Faced Urn":93,"HolyWater":33,"Molten Egg 2":90,"PureWater":0,"Meat on the Bone":20}],"Meat on the Bone":108},"card_choices":[{"not_picked":["CrushJoints","FlurryOfBlows"],"picked":"FearNoEvil","floor":1.0},{"not_picked":["WaveOfTheHand","Worship"],"picked":"Indignation","floor":2.0},{"not_picked":["Protect","Consecrate"],"picked":"BowlingBash","floor":3.0},{"not_picked":["Perseverance","FlyingSleeves","ForeignInfluence"],"picked":"SKIP","floor":5.0},{"not_picked":["PathToVictory","Wireheading"],"picked":"SignatureMove","floor":7.0},{"not_picked":["BowlingBash","FollowUp","MasterReality"],"picked":"SKIP","floor":10.0},{"not_picked":["ClearTheMind","DeceiveReality","Establishment"],"picked":"SKIP","floor":13.0},{"not_picked":["ClearTheMind","WaveOfTheHand","Vengeance"],"picked":"SKIP","floor":14.0},{"not_picked":["ConjureBlade","Establishment"],"picked":"Vault","floor":16.0},{"not_picked":["CutThroughFate","ClearTheMind"],"picked":"Meditate","floor":18.0},{"not_picked":["Crescendo","Evaluate","ForeignInfluence"],"picked":"SKIP","floor":20.0},{"not_picked":["FearNoEvil","Wireheading"],"picked":"DeusExMachina","floor":23.0},{"not_picked":["JustLucky+1","Weave"],"picked":"CutThroughFate+1","floor":25.0},{"not_picked":["Crescendo","FlyingSleeves","Evaluate"],"picked":"SKIP","floor":28.0},{"not_picked":["BowlingBash","WaveOfTheHand"],"picked":"InnerPeace","floor":30.0},{"not_picked":["SpiritShield","DeusExMachina"],"picked":"Ragnarok","floor":33},{"not_picked":["Fasting2","Conclude"],"picked":"CrushJoints","floor":35},{"not_picked":["Perseverance","Swivel","DeceiveReality"],"picked":"SKIP","floor":37},{"not_picked":["JustLucky","Perseverance+1","Indignation"],"picked":"SKIP","floor":38},{"not_picked":["FollowUp","InnerPeace"],"picked":"EmptyBody","floor":39},{"not_picked":["Protect+1","CrushJoints","JustLucky"],"picked":"SKIP","floor":40},{"not_picked":["WreathOfFlame","Meditate+1"],"picked":"EmptyMind+1","floor":44}],"player_experience":598400,"relics_obtained":[{"floor":7.0,"key":"Meat on the Bone"},{"floor":9.0,"key":"Matryoshka"},{"floor":13.0,"key":"Darkstone Periapt"},{"floor":23.0,"key":"Anchor"},{"floor":26.0,"key":"Gremlin Horn"},{"floor":30.0,"key":"Regal Pillow"},{"floor":40,"key":"Orichalcum"},{"floor":43,"key":"Molten Egg 2"},{"floor":43,"key":"Blood Vial"},{"floor":44,"key":"Bird Faced Urn"}],"event_choices":[{"damage_healed":0.0,"max_hp_gain":0.0,"max_hp_loss":0.0,"gold_gain":75.0,"event_name":"World of Goop","player_choice":"Gather Gold","floor":4.0,"gold_loss":0.0,"damage_taken":11.0},{"damage_healed":0.0,"max_hp_gain":0.0,"max_hp_loss":7.0,"gold_gain":0.0,"event_name":"Golden Idol","player_choice":"Lose Max HP","floor":11.0,"gold_loss":0.0,"damage_taken":0.0,"relics_obtained":["Golden Idol"]},{"damage_healed":0.0,"max_hp_gain":0.0,"max_hp_loss":0.0,"gold_gain":0.0,"cards_transformed":["Strike_P"],"event_name":"Living Wall","player_choice":"Change","floor":12.0,"gold_loss":0.0,"damage_taken":0.0,"cards_obtained":["MentalFortress"]},{"cards_removed":["Strike_P"],"damage_healed":0.0,"max_hp_gain":0.0,"max_hp_loss":0.0,"gold_gain":0.0,"event_name":"Bonfire Elementals","player_choice":"Offered Basic","floor":19.0,"gold_loss":0.0,"damage_taken":0.0},{"damage_healed":0.0,"max_hp_gain":0.0,"max_hp_loss":0.0,"gold_gain":50.0,"event_name":"Nest","player_choice":"Stole From Cult","floor":22.0,"gold_loss":0.0,"damage_taken":0.0},{"damage_healed":0,"gold_gain":0,"player_choice":"Copied","damage_taken":0,"max_hp_gain":0,"max_hp_loss":0,"event_name":"Duplicator","floor":36,"gold_loss":0,"cards_obtained":["MentalFortress"]},{"damage_healed":0,"gold_gain":0,"player_choice":"Ignored","damage_taken":0,"max_hp_gain":0,"max_hp_loss":0,"event_name":"Mysterious Sphere","floor":41,"gold_loss":0},{"damage_healed":0,"gold_gain":0,"player_choice":"Fight","damage_taken":0,"max_hp_gain":0,"max_hp_loss":0,"event_name":"MindBloom","floor":44,"gold_loss":0}],"is_beta":false,"boss_relics":[{"not_picked":["Calling Bell","Runic Pyramid"],"picked":"HolyWater"},{"not_picked":["SlaversCollar","Snecko Eye"],"picked":"SacredBark"}],"items_purged_floors":[21,27],"is_endless":false,"potions_floor_spawned":[3,7,10,14,23,28,30,37,38,39],"killed_by":"Giant Head","ascension_level":20}}