{"host":"ud45nb993j7p9nvw","time":1611983208,"event":{"mods":["2.2 Compatiblity","Aspiration","Bartender","BaseMod","Better Altar","Better Note","Better Sensory Stone","Better Skull","Better Third Choice","ChefMod","Colored Map","Colored Powertips","Conspire","Dark Map","Defuse TimeMaze Blight","Displayed Cursed Tome","Dota2Spire","Downfall","Halation","Hermit","Hubris","Jedi Mod","Jess\u0027s Bottle","Melee Mod","Minty Spire (QoL Compilation)","Permanent Neow","Poor People Problems","Quarter Circle Forward PUNCH!","QueenMod","RNG Fix","RatMod","Red Circlet Mod","Relic Filter","Relic Relevance Reorder","Relic Stats","Reworked Bosses","Robot Space Explorer","Shade Mod","Shedinja","Spicy Shops","Spikes Relics","StS++","StSLib","The Accelerator","The Blue Laboratory","The Construct","The Poker Player","The Problem Sleuth","The Runesmith","The Sage","Trackpad","everything is the same but u backflip on backflip"],"gold_per_floor":[99,115,115,130,130,148,171,206,41,41,41,26,40,52,67,167,167,67,82,97,97,97],"floor_reached":21,"language":"ENG","playtime":1513,"items_purged":[],"score":206,"play_id":"3c5a16ae-ad74-4f37-bcaf-ffbe210af182","local_time":"20210130000648","is_ascension_mode":false,"campfire_choices":[{"data":"accelerator:Strike","floor":1,"key":"SMITH"},{"floor":10,"key":"REST"},{"data":"accelerator:GrowingPotential","floor":18,"key":"SMITH"}],"circlet_count":0,"master_deck":["conspire:GhostlyStrike","conspire:GhostlyStrike","conspire:GhostlyStrike+1","accelerator:Stream","accelerator:Stream","conspire:GhostlyDefend","conspire:GhostlyDefend","conspire:GhostlyDefend","conspire:GhostlyDefend","accelerator:Reverse","accelerator:Reverse","accelerator:Investigation","accelerator:Cooldown","accelerator:ClosedSystem","Pain","accelerator:Blaze","accelerator:ClosedSystem","accelerator:Stabilize","accelerator:DarkMatter","accelerator:Knockback","accelerator:Chaos","accelerator:MergeSort","accelerator:GrowingPotential+1","accelerator:KnockOut","accelerator:Polarize"],"relics":["accelerator:Cloud","WarpedTongs","Runesmith:Nanobots","StSpp:JackpotMachine","trackpad:BottledTsunami","hubris:BlackHole","downfall:HeartBlessingBlue"],"acts_visited":["Exordium","TheCity"],"potions_floor_usage":[20,21,21],"damage_taken":[{"damage":1,"enemies":"Jaw Worm","floor":2,"turns":5},{"damage":5,"enemies":"Small Slimes","floor":4,"turns":4},{"damage":9,"enemies":"Cultist","floor":6,"turns":5},{"damage":27,"enemies":"3 Sentries","floor":8,"turns":6},{"damage":4,"enemies":"downfall:FleeingMerchant","floor":9,"turns":4},{"damage":15,"enemies":"downfall:FleeingMerchant","floor":12,"turns":4},{"damage":9,"enemies":"Large Slime","floor":13,"turns":7},{"damage":3,"enemies":"Red Slaver","floor":14,"turns":5},{"damage":2,"enemies":"2 Fungi Beasts","floor":15,"turns":4},{"damage":14,"enemies":"WA_ARCHETYPE_RETAIN","floor":16,"turns":7},{"damage":0,"enemies":"Spheric Guardian","floor":19,"turns":1},{"damage":5,"enemies":"Chosen and Byrds","floor":20,"turns":5},{"damage":116,"enemies":"Centurion and Healer","floor":21,"turns":11}],"seed_played":"-665985619460912963","potions_obtained":[{"floor":2,"key":"conspire:TimeTravelPotion"},{"floor":6,"key":"LiquidMemories"},{"floor":14,"key":"SteroidPotion"},{"floor":15,"key":"blueLaboratory:CorrosionFlask"},{"floor":16,"key":"blueLaboratory:FruitPunch"}],"is_trial":false,"path_per_floor":["R","M","?","M","?","M","T","E","$","R","?","$","M","M","M","B",null,"R","M","M","M"],"character_chosen":"THE_ACCELERATOR","items_purchased":["StSpp:JackpotMachine"],"campfire_rested":1,"item_purchase_floors":[9],"current_hp_per_floor":[54,56,56,54,54,48,48,24,23,45,45,37,34,38,42,37,75,85,85,83,0,0],"gold":97,"neow_bonus":"THREE_RARE_CARDS","is_daily":false,"chose_seed":false,"campfire_upgraded":2,"win_rate":0.0,"timestamp":1611983208,"path_taken":["R","M","?","?","?","M","T","E","?","R","?","$","M","M","M","BOSS","R","M","M","M"],"items_purchased_type":["Relic"],"build_version":"2020-12-22","purchased_purges":0,"victory":false,"max_hp_per_floor":[75,75,75,75,75,75,75,75,75,75,75,75,75,75,75,75,75,85,85,88,88,88],"relic_stats":{"counters":[13,68],"obtain_stats":[{"hubris:BlackHole":17,"Runesmith:Nanobots":8,"StSpp:JackpotMachine":9,"downfall:HeartBlessingBlue":18,"accelerator:Cloud":0,"trackpad:BottledTsunami":11,"WarpedTongs":5},{"hubris:BlackHole":10,"Runesmith:Nanobots":4,"StSpp:JackpotMachine":5,"downfall:HeartBlessingBlue":10,"accelerator:Cloud":0,"trackpad:BottledTsunami":5,"WarpedTongs":2},{"hubris:BlackHole":51,"Runesmith:Nanobots":20,"StSpp:JackpotMachine":24,"downfall:HeartBlessingBlue":51,"accelerator:Cloud":0,"trackpad:BottledTsunami":24,"WarpedTongs":9}],"WarpedTongs":[50]},"card_choices":[{"not_picked":["accelerator:GrowingPotential","accelerator:Spin"],"picked":"accelerator:Investigation","floor":0},{"not_picked":["accelerator:Superposition","accelerator:Blizzare"],"picked":"accelerator:Cooldown","floor":2},{"not_picked":["accelerator:Chaos","accelerator:Cooldown"],"picked":"accelerator:ClosedSystem","floor":4},{"not_picked":["accelerator:MergeSort","accelerator:Impact"],"picked":"accelerator:Blaze","floor":6},{"not_picked":["accelerator:Roast","accelerator:Spring"],"picked":"accelerator:ClosedSystem","floor":8},{"not_picked":["accelerator:AllignedFields","accelerator:MagneticLink"],"picked":"accelerator:Stabilize","floor":9},{"not_picked":["accelerator:Search","accelerator:Threaten"],"picked":"accelerator:DarkMatter","floor":12},{"not_picked":["accelerator:Blizzare","accelerator:Research"],"picked":"accelerator:Knockback","floor":13},{"not_picked":["accelerator:EnergyTransfer","accelerator:IceSandwich"],"picked":"accelerator:Chaos","floor":14},{"not_picked":["accelerator:Exchange","accelerator:Pull"],"picked":"accelerator:MergeSort","floor":15},{"not_picked":["accelerator:MagneticResonance","accelerator:Dynamo"],"picked":"accelerator:GrowingPotential","floor":16},{"not_picked":["accelerator:Relativity","accelerator:Wormhole"],"picked":"accelerator:KnockOut","floor":19},{"not_picked":["accelerator:Reject+1","accelerator:Relativity"],"picked":"accelerator:Polarize","floor":20}],"player_experience":244236,"relics_obtained":[{"floor":8,"key":"Runesmith:Nanobots"}],"event_choices":[{"damage_healed":0,"gold_gain":0,"player_choice":"Agree","damage_taken":0,"max_hp_gain":0,"max_hp_loss":0,"event_name":"conspire:LoneGhost","floor":3,"gold_loss":0},{"damage_healed":0,"gold_gain":0,"player_choice":"Rummage","damage_taken":0,"relics_obtained":["WarpedTongs"],"max_hp_gain":0,"max_hp_loss":0,"event_name":"Accursed Blacksmith","floor":5,"gold_loss":0,"cards_obtained":["Pain"]}],"is_beta":false,"boss_relics":[{"not_picked":["halation:ForbiddenBikini","hubris:VirtuousBlindfold"],"picked":"hubris:BlackHole"}],"items_purged_floors":[],"is_endless":false,"potions_floor_spawned":[2,6,14,15,16],"killed_by":"Centurion and Healer","ascension_level":0}}