{"host":"rkezzvf6da7mjjsm","time":1611977257,"event":{"mods":["BaseMod","Colored Map","Minty Spire (QoL Compilation)","Relic Stats","StSLib"],"gold_per_floor":[111,111,128,142,142,142,177,177,227,270,270,295,336,336,336,336,336],"floor_reached":16,"language":"ENG","playtime":621,"items_purged":[],"score":236,"play_id":"f31108d0-5c8d-4dbe-845b-4052d5121a9a","local_time":"20210130142737","is_ascension_mode":true,"campfire_choices":[{"data":"Riddle With Holes","floor":6.0,"key":"SMITH"},{"data":"Malaise","floor":11.0,"key":"SMITH"},{"floor":15,"key":"REST"}],"circlet_count":0,"master_deck":["AscendersBane","Strike_G","Strike_G","Strike_G","Strike_G","Strike_G","Defend_G","Defend_G","Defend_G","Defend_G","Defend_G","Survivor","Neutralize","Quick Slash","Riddle With Holes+1","Flying Knee","Backflip","Malaise+1","Deadly Poison","PiercingWail","Terror","A Thousand Cuts"],"relics":["Ring of the Snake","Bag of Preparation","Golden Idol","WingedGreaves","Art of War","Incense Burner","The Specimen"],"acts_visited":["Exordium"],"potions_floor_usage":[16],"damage_taken":[{"damage":1.0,"enemies":"Jaw Worm","floor":1.0,"turns":6.0},{"damage":0.0,"enemies":"2 Louse","floor":3.0,"turns":3.0},{"damage":2.0,"enemies":"Cultist","floor":4.0,"turns":5.0},{"damage":26.0,"enemies":"3 Sentries","floor":7.0,"turns":9.0},{"damage":6.0,"enemies":"Gremlin Nob","floor":10.0,"turns":3.0},{"damage":6.0,"enemies":"3 Louse","floor":12.0,"turns":4.0},{"damage":8.0,"enemies":"3 Sentries","floor":13.0,"turns":8.0},{"damage":26,"enemies":"Hexaghost","floor":16,"turns":11}],"seed_played":"8852301840290984739","potions_obtained":[{"floor":1.0,"key":"Dexterity Potion"},{"floor":7.0,"key":"LiquidBronze"},{"floor":10.0,"key":"Weak Potion"},{"floor":13,"key":"Explosive Potion"}],"is_trial":false,"path_per_floor":["M","?","M","M","?","R","E","?","T","E","R","M","E","?","R","B"],"character_chosen":"THE_SILENT","items_purchased":[],"campfire_rested":1,"item_purchase_floors":[],"current_hp_per_floor":[64,53,53,51,51,51,25,25,25,19,19,13,5,5,24,0,0],"gold":336,"neow_bonus":"TEN_PERCENT_HP_BONUS","is_daily":false,"chose_seed":false,"campfire_upgraded":2,"win_rate":0.0,"timestamp":1611977257,"path_taken":["M","?","M","M","?","R","E","?","T","E","R","?","E","?","R","BOSS"],"items_purchased_type":[],"build_version":"2020-12-22","purchased_purges":0,"victory":false,"max_hp_per_floor":[72,72,72,72,65,65,65,65,65,65,65,65,65,65,65,65,65],"relic_stats":{"counters":[8,49],"Golden Idol":37,"Bag of Preparation":[14],"Art of War":[2],"obtain_stats":[{"The Specimen":13,"Golden Idol":5,"WingedGreaves":7,"Bag of Preparation":2,"Art of War":9,"Incense Burner":10,"Ring of the Snake":0},{"The Specimen":7,"Golden Idol":3,"WingedGreaves":4,"Bag of Preparation":1,"Art of War":4,"Incense Burner":5,"Ring of the Snake":0},{"The Specimen":38,"Golden Idol":14,"WingedGreaves":23,"Bag of Preparation":6,"Art of War":23,"Incense Burner":26,"Ring of the Snake":0}],"Ring of the Snake":[16]},"card_choices":[{"not_picked":["Blur","Backflip"],"picked":"Quick Slash","floor":1.0},{"not_picked":["Dagger Spray","Dagger Throw"],"picked":"Riddle With Holes","floor":3.0},{"not_picked":["Concentrate","Backflip"],"picked":"Flying Knee","floor":4.0},{"not_picked":["Deflect","Grand Finale"],"picked":"Backflip","floor":7.0},{"not_picked":["Blade Dance","Prepared"],"picked":"Malaise","floor":10.0},{"not_picked":["Setup","Outmaneuver"],"picked":"Deadly Poison","floor":12.0},{"not_picked":["Prepared","Calculated Gamble"],"picked":"PiercingWail","floor":13}],"player_experience":642708,"relics_obtained":[{"floor":7.0,"key":"WingedGreaves"},{"floor":9.0,"key":"Art of War"},{"floor":10.0,"key":"Incense Burner"},{"floor":13,"key":"The Specimen"}],"event_choices":[{"damage_healed":0.0,"max_hp_gain":0.0,"max_hp_loss":0.0,"gold_gain":0.0,"event_name":"Scrap Ooze","player_choice":"Success","floor":2.0,"gold_loss":0.0,"damage_taken":11.0,"relics_obtained":["Bag of Preparation"]},{"damage_healed":0.0,"max_hp_gain":0.0,"max_hp_loss":7.0,"gold_gain":0.0,"event_name":"Golden Idol","player_choice":"Lose Max HP","floor":5.0,"gold_loss":0.0,"damage_taken":0.0,"relics_obtained":["Golden Idol"]},{"damage_healed":0.0,"max_hp_gain":0.0,"max_hp_loss":0.0,"gold_gain":0.0,"event_name":"Match and Keep!","player_choice":"0 cards matched","floor":8.0,"gold_loss":0.0,"damage_taken":0.0,"cards_obtained":[]},{"damage_healed":0,"gold_gain":0,"player_choice":"2 cards matched","damage_taken":0,"max_hp_gain":0,"max_hp_loss":0,"event_name":"Match and Keep!","floor":14,"gold_loss":0,"cards_obtained":["Terror","A Thousand Cuts"]}],"is_beta":false,"boss_relics":[],"items_purged_floors":[],"is_endless":false,"potions_floor_spawned":[1,7,10,13],"killed_by":"Hexaghost","ascension_level":20}}