{"host":"ebj6lkgm8suah319","time":1611981216,"event":{"mods":["2.2 Compatiblity","AchievementEnabler","BaseMod","Block Reminder","Colored Map","Colored Powertips","Minty Spire (QoL Compilation)","Quick Restart","Rare Cards Sparkle","Relic Stats","SuperFastMode"],"gold_per_floor":[119,138,158,1,1,1,1],"floor_reached":6,"language":"ENG","playtime":165,"items_purged":[],"score":47,"play_id":"939dd440-e79b-406b-88e3-72e8db11cac2","local_time":"20210129233336","is_ascension_mode":true,"campfire_choices":[],"circlet_count":0,"master_deck":["Strike_G","Strike_G","Strike_G","Strike_G","Strike_G","Defend_G","Defend_G","Defend_G","Defend_G","Defend_G","Survivor","Neutralize","Decay","Mayhem","Blade Dance","Underhanded Strike","Dagger Spray"],"relics":["Ring of the Snake","OrangePellets","Nunchaku"],"acts_visited":["Exordium"],"potions_floor_usage":[6],"damage_taken":[{"damage":9,"enemies":"2 Louse","floor":1,"turns":6},{"damage":10,"enemies":"Jaw Worm","floor":2,"turns":6},{"damage":3,"enemies":"Cultist","floor":3,"turns":4},{"damage":18,"enemies":"Lagavulin","floor":6,"turns":5}],"seed_played":"8681910634734812876","potions_obtained":[{"floor":1,"key":"EssenceOfSteel"}],"is_trial":false,"path_per_floor":["M","M","M","$","?","E"],"character_chosen":"THE_SILENT","items_purchased":["OrangePellets"],"campfire_rested":0,"item_purchase_floors":[4],"current_hp_per_floor":[54,44,41,41,16,0,0],"gold":1,"neow_bonus":"RANDOM_COLORLESS_2","is_daily":false,"chose_seed":false,"campfire_upgraded":0,"win_rate":0.0,"timestamp":1611981216,"path_taken":["M","M","M","$","?","E"],"items_purchased_type":["Relic"],"build_version":"2020-12-22","purchased_purges":0,"victory":false,"max_hp_per_floor":[70,70,70,70,70,70,70],"relic_stats":{"OrangePellets":[0],"Nunchaku":[1],"counters":[4,21],"obtain_stats":[{"OrangePellets":4,"Nunchaku":5,"Ring of the Snake":0},{"OrangePellets":3,"Nunchaku":3,"Ring of the Snake":0},{"OrangePellets":16,"Nunchaku":16,"Ring of the Snake":0}],"Ring of the Snake":[8]},"card_choices":[{"not_picked":["Chrysalis","Magnetism"],"picked":"Mayhem","floor":0},{"not_picked":["Heel Hook","Outmaneuver"],"picked":"Blade Dance","floor":1},{"not_picked":["Blur","Prepared"],"picked":"Underhanded Strike","floor":2},{"not_picked":["Blade Dance","Footwork"],"picked":"Dagger Spray","floor":3}],"player_experience":97093,"relics_obtained":[],"event_choices":[{"damage_healed":0,"gold_gain":0,"player_choice":"Success","damage_taken":25,"relics_obtained":["Nunchaku"],"max_hp_gain":0,"max_hp_loss":0,"event_name":"Scrap Ooze","floor":5,"gold_loss":0}],"is_beta":false,"boss_relics":[],"items_purged_floors":[],"is_endless":false,"potions_floor_spawned":[1],"killed_by":"Lagavulin","ascension_level":6}}