{"host":"7k2a2omxz3voj5ax","time":1611996229,"event":{"mods":["BaseMod","Marisa£¨ìFÓê¡¡Ä§ÀíÉ³£©","Minty Spire (QoL Compilation)","Quick Restart","Spicy Shops","StSLib","Starting Relic: Pandora\u0027s Box","Yakumo Yukari mod","¡¾ÒÅÎï¿¨ÅÆ¡¿REMEMod","óô»ðÖ¸ÄÏ"],"gold_per_floor":[17,28,40,40,50,60,60,60],"floor_reached":7,"language":"ZHS","playtime":313,"items_purged":[],"score":90,"play_id":"2c9f20cc-1432-4f2f-8ecd-7320fe30f411","local_time":"20210130174349","is_ascension_mode":true,"campfire_choices":[],"circlet_count":0,"master_deck":["AscendersBane","Hemokinesis","Clothesline","Flex","Twin Strike","Sword Boomerang","Shrug It Off","Second Wind+1","Blood for Blood","REME_Cut+1","Battle Trance","REME_ProfessionalPlagiarism","Armaments","Dark Embrace"],"relics":["Pandora\u0027s Box","REME_ComplimentaryCards"],"acts_visited":["Exordium"],"potions_floor_usage":[],"damage_taken":[{"damage":0.0,"enemies":"2 Louse","floor":1.0,"turns":1.0},{"damage":12.0,"enemies":"Small Slimes","floor":2.0,"turns":2.0},{"damage":0.0,"enemies":"Cultist","floor":3.0,"turns":3.0},{"damage":2.0,"enemies":"Large Slime","floor":5.0,"turns":4.0},{"damage":15.0,"enemies":"Exordium Thugs","floor":6.0,"turns":2.0},{"damage":33,"enemies":"Gremlin Nob","floor":7,"turns":3}],"seed_played":"-4421765217166119370","potions_obtained":[{"floor":1.0,"key":"Fruit Juice"},{"floor":2.0,"key":"Explosive Potion"}],"is_trial":false,"path_per_floor":["M","M","M","?","M","M","E"],"character_chosen":"IRONCLAD","items_purchased":[],"campfire_rested":0,"item_purchase_floors":[],"current_hp_per_floor":[68,56,56,33,31,16,0,0],"gold":60,"neow_bonus":"TRANSFORM_TWO_CARDS","is_daily":false,"chose_seed":false,"campfire_upgraded":0,"win_rate":0.0,"timestamp":1611996229,"path_taken":["M","M","M","?","M","M","E"],"items_purchased_type":[],"build_version":"2020-12-22","purchased_purges":0,"victory":false,"max_hp_per_floor":[75,75,75,75,75,75,75,75],"card_choices":[{"not_picked":["Warcry","Rampage","Perfected Strike"],"picked":"SKIP","floor":1.0},{"not_picked":["Thunderclap","Anger","Rage"],"picked":"SKIP","floor":2.0},{"not_picked":["Anger","True Grit"],"picked":"Armaments","floor":3.0},{"not_picked":["Armaments","Shrug It Off","Dual Wield"],"picked":"SKIP","floor":5.0},{"not_picked":["Rage","True Grit"],"picked":"Dark Embrace","floor":6.0}],"player_experience":287169,"relics_obtained":[],"event_choices":[{"damage_healed":0.0,"max_hp_gain":0.0,"max_hp_loss":0.0,"gold_gain":0.0,"event_name":"Shining Light","player_choice":"Entered Light","floor":4.0,"gold_loss":0.0,"damage_taken":23.0,"cards_upgraded":["REME_Cut","Second Wind"]}],"is_beta":false,"boss_relics":[],"items_purged_floors":[],"is_endless":false,"potions_floor_spawned":[1,2,5],"killed_by":"Gremlin Nob","ascension_level":20}}