{"host":"5t6k5h959q0wkklw","time":1611975205,"event":{"mods":["BaseMod","BetterRewards","Conspire","Downfall","Hubris","Infinite Spire","Minty Spire (QoL Compilation)","Replay The Spire","StSLib","The Poker Player"],"gold_per_floor":[99,157,216,216,216,216,243,259,21,21,33,64,64,76,88,188,188,188,199,199,199,209,209,209,228,228,228,228,228],"floor_reached":27,"language":"ENG","playtime":1781,"items_purged":[],"score":209,"play_id":"3533226e-4da4-4d7b-b91c-3dbcefa3271e","local_time":"20210129215325","is_ascension_mode":false,"metric_token":658,"campfire_choices":[{"data":"PokerPlayerMod:HiddenCard","floor":10,"key":"SMITH"},{"floor":13,"key":"REST"},{"floor":18,"key":"REST"},{"floor":23,"key":"REST"}],"circlet_count":0,"master_deck":["PokerPlayerMod:Diamond1","PokerPlayerMod:Diamond2","PokerPlayerMod:Diamond3","PokerPlayerMod:Diamond4","PokerPlayerMod:Diamond5","PokerPlayerMod:Spade1","PokerPlayerMod:Spade2","PokerPlayerMod:Spade3","PokerPlayerMod:Spade4","PokerPlayerMod:Club1","PokerPlayerMod:Club2","PokerPlayerMod:Heart2","PokerPlayerMod:TrumpStrike","PokerPlayerMod:BadJoker","PokerPlayerMod:Mulligan","PokerPlayerMod:Spade2","PokerPlayerMod:ClubsClub","PokerPlayerMod:HiddenCard+1","PokerPlayerMod:SpadeStrike","PokerPlayerMod:ClubDance","PokerPlayerMod:PoorCopy","PokerPlayerMod:DartThrow","PokerPlayerMod:Club5","PokerPlayerMod:SecretDealer","PokerPlayerMod:CardPrinter","PokerPlayerMod:ItsShowtime","PokerPlayerMod:Spade1","PokerPlayerMod:Club3","PokerPlayerMod:DiamondStrike","PokerPlayerMod:DamnStraight"],"relics":["PokerPlayerMod:DeckCase","Blood Vial","infinitespire:Satchel","infinitespire:Golems Mask","Pen Nib","infinitespire:Lucky Rock","Bronze Scales","Replay:Grab Bag","hubris:TerracottaHorce","Runic Dome","SlaversCollar","Happy Flower"],"acts_visited":["Exordium","TheCity"],"potions_floor_usage":[26],"damage_taken":[{"damage":7,"enemies":"3 Sentries","floor":3,"turns":6},{"damage":2,"enemies":"Jaw Worm","floor":8,"turns":4},{"damage":1,"enemies":"downfall:FleeingMerchant","floor":9,"turns":4},{"damage":0,"enemies":"Small Slimes","floor":11,"turns":2},{"damage":15,"enemies":"Replay:BlueRogue","floor":12,"turns":4},{"damage":4,"enemies":"conspire:RoseBush","floor":14,"turns":3},{"damage":8,"enemies":"Large Slime","floor":15,"turns":3},{"damage":31,"enemies":"DF_ARCHETYPE_STREAMLINE","floor":16,"turns":9},{"damage":2,"enemies":"3 Byrds","floor":19,"turns":2},{"damage":0,"enemies":"Chosen","floor":20,"turns":1},{"damage":37,"enemies":"Centurion and Healer","floor":22,"turns":6},{"damage":26,"enemies":"3 Cultists","floor":25,"turns":4},{"damage":25,"enemies":"Snecko","floor":27,"turns":3}],"seed_played":"6181867214473066177","potions_obtained":[{"floor":1,"key":"Fire Potion"},{"floor":1,"key":"Reflective Coating"},{"floor":2,"key":"champ:CounterPotion"},{"floor":8,"key":"infinitespire:BlackPotion"},{"floor":12,"key":"EntropicBrew"}],"is_trial":false,"path_per_floor":["R","?","?","?","?","?","T","M","$","R","M","E","R","M","M","B",null,"R","M","M","?","M","R","T","M","?","M"],"character_chosen":"THE_POKER_PLAYER","items_purchased":["infinitespire:Lucky Rock","PokerPlayerMod:PoorCopy"],"campfire_rested":3,"item_purchase_floors":[9,9],"current_hp_per_floor":[52,39,38,38,38,38,38,40,44,44,46,36,51,48,42,17,43,52,50,52,52,17,32,32,10,10,0,0,0],"gold":228,"neow_bonus":"RANDOM_COMMON_RELIC","is_daily":false,"chose_seed":false,"campfire_upgraded":1,"win_rate":0.0,"timestamp":1611975205,"path_taken":["R","?","?","?","?","?","T","M","?","R","?","E","R","M","M","BOSS","R","M","M","?","M","R","T","?","?","M"],"items_purchased_type":["Relic","Card"],"build_version":"2020-12-22","purchased_purges":0,"victory":false,"max_hp_per_floor":[52,52,52,52,52,52,52,52,52,52,52,52,52,52,52,52,52,52,52,52,52,52,52,52,52,52,52,52,52],"card_choices":[{"not_picked":["PokerPlayerMod:Diamond1","PokerPlayerMod:DamnStraight"],"picked":"PokerPlayerMod:Spade2","floor":2},{"not_picked":["PokerPlayerMod:Raise","PokerPlayerMod:Heart3"],"picked":"PokerPlayerMod:ClubsClub","floor":2},{"not_picked":["PokerPlayerMod:Trickery","PokerPlayerMod:PoorCopy"],"picked":"PokerPlayerMod:HiddenCard","floor":3},{"not_picked":["PokerPlayerMod:Fold","PokerPlayerMod:CardBurn"],"picked":"PokerPlayerMod:SpadeStrike","floor":8},{"not_picked":["PokerPlayerMod:CloakAndDiamond","PokerPlayerMod:SpadeStrike"],"picked":"PokerPlayerMod:ClubDance","floor":9},{"not_picked":["PokerPlayerMod:SecondChance","PokerPlayerMod:Fold"],"picked":"PokerPlayerMod:DartThrow","floor":11},{"not_picked":["PokerPlayerMod:Diamond6","PokerPlayerMod:JackOfSpades"],"picked":"PokerPlayerMod:Club5","floor":12},{"not_picked":["PokerPlayerMod:Trickery","PokerPlayerMod:Diamond3"],"picked":"PokerPlayerMod:SecretDealer","floor":14},{"not_picked":["PokerPlayerMod:Diamond1","PokerPlayerMod:CloakAndDiamond"],"picked":"PokerPlayerMod:CardPrinter","floor":15},{"not_picked":["PokerPlayerMod:Spade9","PokerPlayerMod:Diamond10+"],"picked":"PokerPlayerMod:ItsShowtime","floor":16},{"not_picked":["PokerPlayerMod:Diamond3","PokerPlayerMod:ClubShade"],"picked":"PokerPlayerMod:Spade1","floor":19},{"not_picked":["PokerPlayerMod:Spade2","PokerPlayerMod:Diamond4"],"picked":"PokerPlayerMod:Club3","floor":20},{"not_picked":["PokerPlayerMod:Diamond1","PokerPlayerMod:WasteCollection"],"picked":"PokerPlayerMod:DiamondStrike","floor":22},{"not_picked":["PokerPlayerMod:Spade3","PokerPlayerMod:ClubStrike"],"picked":"PokerPlayerMod:DamnStraight","floor":25}],"player_experience":118151,"relics_obtained":[{"floor":2,"key":"infinitespire:Satchel"},{"floor":7,"key":"Pen Nib"},{"floor":12,"key":"Bronze Scales"},{"floor":24,"key":"Happy Flower"}],"event_choices":[],"is_beta":false,"boss_relics":[{"not_picked":["Ring of Chaos","conspire:SlowCooker"],"picked":"Replay:Grab Bag"},{"not_picked":["ChewingGum","Busted Crown"],"picked":"hubris:TerracottaHorce"},{"not_picked":["Cursed Key","Fusion Hammer"],"picked":"Runic Dome"},{"not_picked":["Kintsugi","hubris:HollowSoul"],"picked":"SlaversCollar"}],"items_purged_floors":[],"is_endless":false,"potions_floor_spawned":[3,8,12,14,19],"killed_by":"Snecko","ascension_level":0}}