{"host":"2i1rjl87isetstuj","time":1611990032,"event":{"mods":["BaseMod","Better Vampires","Challenge The Spire","Lobotomy","LobotomyExtend","Marked Mod","Minty Spire (QoL Compilation)","Quick Restart","Shop Mod","StSLib","Waifu the Spire","óô»ðÖ¸ÄÏ"],"gold_per_floor":[113,123,138,149,99,99,99],"floor_reached":6,"language":"ZHS","playtime":303,"items_purged":[],"score":40,"play_id":"e98914fc-71b8-4bab-b287-09d8b42f0d3d","local_time":"20210130150032","is_ascension_mode":true,"campfire_choices":[],"circlet_count":0,"master_deck":["Strike_G","Strike_G","Strike_G","Strike_G","Defend_G","Defend_G","Defend_G","Defend_G","Defend_G","Survivor","Neutralize","GreedKing","GreedKing","Blade Dance","LittlePrince","Quick Slash","Bloodbath","Poisoned Stab","Funeral","Poisoned Stab"],"relics":["Ring of the Snake","CogitoBucket","LetterFromLob"],"acts_visited":["Exordium"],"potions_floor_usage":[],"damage_taken":[{"damage":7,"enemies":"Cultist","floor":1,"turns":4},{"damage":9,"enemies":"2 Louse","floor":2,"turns":2},{"damage":9,"enemies":"Jaw Worm","floor":3,"turns":4},{"damage":26,"enemies":"3 Louse","floor":4,"turns":4},{"damage":27,"enemies":"3 Sentries","floor":6,"turns":3}],"seed_played":"1291450314873810453","potions_obtained":[{"floor":1,"key":"AttackPotion"},{"floor":4,"key":"EssenceOfSteel"}],"is_trial":false,"path_per_floor":["M","M","M","M","?","E"],"character_chosen":"THE_SILENT","items_purchased":[],"campfire_rested":0,"item_purchase_floors":[],"current_hp_per_floor":[63,54,45,20,20,0,0],"gold":99,"neow_bonus":"","is_daily":false,"chose_seed":false,"campfire_upgraded":0,"win_rate":0.0,"timestamp":1611990032,"path_taken":["M","M","?","M","?","E"],"items_purchased_type":[],"build_version":"2020-12-22","purchased_purges":0,"victory":false,"max_hp_per_floor":[70,70,70,70,70,70,70],"card_choices":[{"not_picked":["PunishingBird","BlueStar"],"picked":"GreedKing","floor":1},{"not_picked":["PunishingBird","BlueStar"],"picked":"GreedKing","floor":1},{"not_picked":["Footwork","Underhanded Strike"],"picked":"Blade Dance","floor":1},{"not_picked":["Murderer","Scarecrow"],"picked":"LittlePrince","floor":2},{"not_picked":["Acrobatics","Tactician"],"picked":"Quick Slash","floor":2},{"not_picked":["CrumblingArmor","CherryBlossoms","Mercenary"],"picked":"Singing Bowl","floor":3},{"not_picked":["Wellcheers","DespairKnight"],"picked":"Bloodbath","floor":3},{"not_picked":["Acrobatics","Outmaneuver"],"picked":"Poisoned Stab","floor":3},{"not_picked":["VoidDream","DespairKnight","MHz"],"picked":"Singing Bowl","floor":4},{"not_picked":["BigBadWolf","SpiderBud"],"picked":"Funeral","floor":4},{"not_picked":["Catalyst","Deflect"],"picked":"Poisoned Stab","floor":4}],"player_experience":115556,"relics_obtained":[{"floor":1,"key":"LetterFromLob"}],"event_choices":[{"cards_removed":["Strike_G"],"damage_healed":0,"gold_gain":0,"player_choice":"Card Removal","damage_taken":0,"max_hp_gain":0,"max_hp_loss":0,"event_name":"The Cleric","floor":5,"gold_loss":50}],"is_beta":false,"boss_relics":[],"items_purged_floors":[],"is_endless":false,"potions_floor_spawned":[1,4],"killed_by":"3 Sentries","ascension_level":1}}