{"host":"qekv59dthhdg54sz","time":1611986978,"event":{"mods":["AchievementEnabler","BaseMod","Colored Map","DeckTracker","KOR Keyword Fix","Minty Spire (QoL Compilation)","Rare Cards Sparkle","StSLib","SuperFastMode"],"gold_per_floor":[109,109,109,34,50,50,69,69,92,17,17,17,50,75,75,75,75],"floor_reached":16,"language":"KOR","playtime":228,"items_purged":["Strike_R"],"score":240,"play_id":"cec396b3-b7c8-4e88-9179-f9eec4150fa7","local_time":"20210130150938","is_ascension_mode":true,"campfire_choices":[{"data":"Feed","floor":6,"key":"SMITH"},{"data":"Twin Strike","floor":8,"key":"SMITH"},{"data":"Bash","floor":11,"key":"SMITH"},{"data":"Evolve","floor":15,"key":"SMITH"}],"circlet_count":0,"master_deck":["AscendersBane","Strike_R","Strike_R","Strike_R","Strike_R","Defend_R","Defend_R","Defend_R","Defend_R","Bash+1","Feed+1","Power Through","Twin Strike+1","Perfected Strike","Evolve+1"],"relics":["Burning Blood","Golden Idol","Orichalcum","Akabeko","Bag of Preparation"],"acts_visited":["Exordium"],"potions_floor_usage":[13,16],"damage_taken":[{"damage":13,"enemies":"Jaw Worm","floor":1,"turns":7},{"damage":5,"enemies":"Small Slimes","floor":5,"turns":5},{"damage":0,"enemies":"2 Louse","floor":7,"turns":3},{"damage":0,"enemies":"Lagavulin","floor":13,"turns":3},{"damage":12,"enemies":"Exordium Wildlife","floor":14,"turns":5},{"damage":52,"enemies":"Hexaghost","floor":16,"turns":9}],"seed_played":"-6465580465505470076","potions_obtained":[{"floor":1,"key":"Energy Potion"},{"floor":5,"key":"AttackPotion"},{"floor":13,"key":"ColorlessPotion"}],"is_trial":false,"path_per_floor":["M","?","?","?","M","R","M","R","T","$","R","?","E","M","R","B"],"character_chosen":"IRONCLAD","items_purchased":[],"campfire_rested":0,"item_purchase_floors":[],"current_hp_per_floor":[64,64,69,69,73,73,80,80,80,80,80,69,79,77,77,25,25],"gold":75,"neow_bonus":"THREE_RARE_CARDS","is_daily":false,"chose_seed":false,"campfire_upgraded":4,"win_rate":0.0,"timestamp":1611986978,"path_taken":["M","?","?","?","M","R","M","R","T","$","R","?","E","?","R","BOSS"],"items_purchased_type":[],"build_version":"2020-12-22","purchased_purges":1,"victory":false,"max_hp_per_floor":[78,71,76,73,76,76,80,80,80,80,80,80,84,88,88,88,88],"card_choices":[{"not_picked":["Impervious","Corruption"],"picked":"Feed","floor":0},{"not_picked":["Shockwave","Clothesline"],"picked":"Power Through","floor":1},{"not_picked":["Havoc","Warcry","Entrench"],"picked":"SKIP","floor":5},{"not_picked":["Headbutt","Rupture"],"picked":"Twin Strike","floor":7},{"not_picked":["True Grit","Whirlwind"],"picked":"Perfected Strike","floor":13},{"not_picked":["Cleave","Headbutt"],"picked":"Evolve","floor":14}],"player_experience":874768,"relics_obtained":[{"floor":9,"key":"Orichalcum"},{"floor":13,"key":"Bag of Preparation"}],"event_choices":[{"damage_healed":0,"gold_gain":0,"player_choice":"Lose Max HP","damage_taken":0,"relics_obtained":["Golden Idol"],"max_hp_gain":0,"max_hp_loss":7,"event_name":"Golden Idol","floor":2,"gold_loss":0},{"damage_healed":0,"gold_gain":0,"player_choice":"Donut","damage_taken":0,"max_hp_gain":5,"max_hp_loss":0,"event_name":"Big Fish","floor":3,"gold_loss":0},{"cards_removed":["Parasite"],"damage_healed":0,"gold_gain":0,"player_choice":"Card Removal","damage_taken":0,"max_hp_gain":0,"max_hp_loss":0,"event_name":"The Cleric","floor":4,"gold_loss":75},{"damage_healed":0,"gold_gain":0,"player_choice":"Success","damage_taken":11,"relics_obtained":["Akabeko"],"max_hp_gain":0,"max_hp_loss":0,"event_name":"Scrap Ooze","floor":12,"gold_loss":0}],"is_beta":false,"boss_relics":[],"items_purged_floors":[10],"is_endless":false,"potions_floor_spawned":[1,5,13],"killed_by":"Hexaghost","ascension_level":19}}