{"host":"u1dfzl6o6mfmauc3","time":1611969003,"event":{"mods":["2.2 Compatiblity","AchievementEnabler","BaseMod","Bestiary","Block Reminder","Challenge The Spire","Colored Map","Dark Map","Hermit","Minty Spire (QoL Compilation)","Random Character Button","Rare Cards Sparkle","Relic Stats","Robot Space Explorer","StSLib","The Disciple"],"gold_per_floor":[212,17,17,36,36,70,70,129,139,139,163,163,176,135,135,147,147,250,250,235,235,253,271,81,109,109,136,0,79,79,79,79],"floor_reached":31,"language":"ENG","playtime":3137,"items_purged":[],"score":339,"play_id":"404f9938-8a56-41d8-881e-523c87638b69","local_time":"20210129201003","is_ascension_mode":true,"campfire_choices":[{"floor":7,"key":"REST"},{"floor":12,"key":"REST"},{"floor":15,"key":"REST"},{"floor":17,"key":"REST"},{"floor":26,"key":"REST"}],"circlet_count":0,"master_deck":["hermit:Strike_Hermit+1","hermit:Strike_Hermit+1","hermit:Strike_Hermit+1","hermit:Strike_Hermit+1","hermit:Defend_Hermit+1","hermit:Defend_Hermit+1","hermit:Defend_Hermit+1","hermit:Defend_Hermit+1","hermit:Snapshot","hermit:Covet","hermit:FlashPowder","hermit:Dive","hermit:Maintenance","hermit:Virtue","hermit:DeadMansHand","hermit:Deadeye","hermit:Manifest+1","hermit:Showdown","hermit:Feint+1","hermit:HeroicBravado","hermit:Determination","hermit:NoHoldsBarred"],"relics":["hermit:Momento","Membership Card","StrikeDummy","Omamori","Lantern","Darkstone Periapt","Cursed Key","Kunai","White Beast Statue","Singing Bowl","Eternal Feather","Bag of Preparation"],"acts_visited":["Exordium","TheCity"],"potions_floor_usage":[8,20,25,25],"damage_taken":[{"damage":4,"enemies":"Small Slimes","floor":1,"turns":4},{"damage":1,"enemies":"Jaw Worm","floor":4,"turns":4},{"damage":49,"enemies":"Gremlin Nob","floor":6,"turns":5},{"damage":51,"enemies":"Gremlin Nob","floor":8,"turns":6},{"damage":0,"enemies":"2 Louse","floor":9,"turns":4},{"damage":20,"enemies":"Lots of Slimes","floor":13,"turns":6},{"damage":0,"enemies":"Exordium Wildlife","floor":16,"turns":3},{"damage":41,"enemies":"Hexaghost","floor":18,"turns":13},{"damage":22,"enemies":"2 Thieves","floor":20,"turns":4},{"damage":4,"enemies":"3 Byrds","floor":22,"turns":7},{"damage":8,"enemies":"Centurion and Healer","floor":23,"turns":9},{"damage":26,"enemies":"Book of Stabbing","floor":25,"turns":7},{"damage":21,"enemies":"Gremlin Leader","floor":27,"turns":7},{"damage":10,"enemies":"Cultist and Chosen","floor":31,"turns":4}],"seed_played":"4774191450669746311","potions_obtained":[{"floor":6,"key":"Regen Potion"},{"floor":8,"key":"CultistPotion"},{"floor":16,"key":"SteroidPotion"},{"floor":18,"key":"DistilledChaos"},{"floor":20,"key":"DistilledChaos"},{"floor":27,"key":"Energy Potion"}],"is_trial":false,"path_per_floor":["M","$","?","M","?","E","R","?","M","T","T","R","M","?","R","M","R","B",null,"M","?","M","M","$","E","R","E","?","T","T","M"],"character_chosen":"HERMIT","items_purchased":["Membership Card","hermit:FlashPowder","hermit:Dive","hermit:HeroicBravado","hermit:Determination","Kunai"],"campfire_rested":5,"item_purchase_floors":[2,2,2,24,24,24],"current_hp_per_floor":[71,71,76,75,68,19,43,7,7,7,7,31,11,11,35,35,59,18,65,43,43,39,31,31,5,29,10,10,10,10,0,0],"gold":79,"neow_bonus":"HUNDRED_GOLD","is_daily":false,"chose_seed":false,"campfire_upgraded":0,"win_rate":0.0,"timestamp":1611969003,"path_taken":["M","$","?","M","?","E","R","?","M","T","T","R","M","?","R","M","R","BOSS","M","?","M","M","$","E","R","E","?","T","T","M"],"items_purchased_type":["Relic","Card","Card","Card","Card","Relic"],"build_version":"2020-12-22","purchased_purges":0,"victory":false,"max_hp_per_floor":[75,75,80,80,80,80,80,80,80,80,80,80,80,80,80,80,80,80,80,80,80,80,80,80,80,80,82,82,82,82,82,82],"relic_stats":{"Darkstone Periapt":0,"Singing Bowl":2,"counters":[14,83],"Eternal Feather":0,"Bag of Preparation":[2],"Kunai":[4],"Cursed Key":2,"obtain_stats":[{"Darkstone Periapt":10,"Lantern":8,"Singing Bowl":27,"Eternal Feather":29,"Omamori":6,"Bag of Preparation":30,"Membership Card":2,"Kunai":24,"StrikeDummy":5,"Cursed Key":19,"hermit:Momento":0,"White Beast Statue":25},{"Darkstone Periapt":5,"Lantern":4,"Singing Bowl":13,"Eternal Feather":13,"Omamori":3,"Bag of Preparation":13,"Membership Card":1,"Kunai":11,"StrikeDummy":2,"Cursed Key":8,"hermit:Momento":0,"White Beast Statue":12},{"Darkstone Periapt":23,"Lantern":19,"Singing Bowl":79,"Eternal Feather":79,"Omamori":13,"Bag of Preparation":79,"Membership Card":4,"Kunai":65,"StrikeDummy":8,"Cursed Key":45,"hermit:Momento":0,"White Beast Statue":72}]},"card_choices":[{"not_picked":["hermit:ItchyTrigger","hermit:Showdown","hermit:Quickdraw"],"picked":"SKIP","floor":1},{"not_picked":["hermit:Scavenge","hermit:Feint"],"picked":"hermit:Maintenance","floor":4},{"not_picked":["hermit:Midnight","hermit:OverwhelmingPower"],"picked":"hermit:Virtue","floor":6},{"not_picked":["hermit:SprayPray","hermit:Spite"],"picked":"hermit:DeadMansHand","floor":9},{"not_picked":["hermit:TakeAim","hermit:Feint"],"picked":"hermit:Deadeye","floor":13},{"not_picked":["hermit:Misfire","hermit:PistolWhip","hermit:LowProfile"],"picked":"SKIP","floor":16},{"not_picked":["hermit:Snipe+1","hermit:BodyArmor"],"picked":"hermit:Manifest+1","floor":20},{"not_picked":["hermit:Coalescence","hermit:CursedWeapon"],"picked":"hermit:Showdown","floor":22},{"not_picked":["hermit:Misfire","hermit:ItchyTrigger"],"picked":"hermit:Feint+1","floor":23},{"not_picked":["hermit:Malice+1","hermit:HighCaliber"],"picked":"hermit:NoHoldsBarred","floor":25},{"not_picked":["hermit:EternalForm","hermit:HoleUp+1","hermit:DeadMansHand"],"picked":"Singing Bowl","floor":27}],"player_experience":195751,"relics_obtained":[{"floor":6,"key":"Omamori"},{"floor":8,"key":"Lantern"},{"floor":10,"key":"Darkstone Periapt"},{"floor":25,"key":"White Beast Statue"},{"floor":27,"key":"Singing Bowl"},{"floor":29,"key":"Eternal Feather"},{"floor":30,"key":"Bag of Preparation"}],"event_choices":[{"damage_healed":0,"gold_gain":0,"player_choice":"Donut","damage_taken":0,"max_hp_gain":5,"max_hp_loss":0,"event_name":"Big Fish","floor":3,"gold_loss":0},{"damage_healed":0,"gold_gain":0,"player_choice":"Success","damage_taken":7,"relics_obtained":["StrikeDummy"],"max_hp_gain":0,"max_hp_loss":0,"event_name":"Scrap Ooze","floor":5,"gold_loss":0},{"damage_healed":0,"gold_gain":0,"player_choice":"Searched \u00271\u0027 times","damage_taken":0,"max_hp_gain":0,"max_hp_loss":0,"event_name":"Dead Adventurer","floor":8,"gold_loss":0},{"damage_healed":0,"gold_gain":0,"player_choice":"Left Gold","damage_taken":0,"max_hp_gain":0,"max_hp_loss":0,"event_name":"World of Goop","floor":14,"gold_loss":41},{"damage_healed":0,"gold_gain":0,"player_choice":"Simplicity","damage_taken":0,"max_hp_gain":0,"max_hp_loss":0,"event_name":"Back to Basics","floor":21,"gold_loss":0,"cards_upgraded":["hermit:Strike_Hermit","hermit:Strike_Hermit","hermit:Strike_Hermit","hermit:Strike_Hermit","hermit:Defend_Hermit","hermit:Defend_Hermit","hermit:Defend_Hermit","hermit:Defend_Hermit"]},{"damage_healed":0,"gold_gain":0,"player_choice":"Paid Fearfully","damage_taken":0,"max_hp_gain":0,"max_hp_loss":0,"event_name":"Masked Bandits","floor":28,"gold_loss":136}],"is_beta":false,"boss_relics":[{"not_picked":["SacredBark","Runic Dome"],"picked":"Cursed Key"}],"items_purged_floors":[],"is_endless":false,"potions_floor_spawned":[6,8,16,18,20,22,27],"killed_by":"Cultist and Chosen","ascension_level":5}}