{"host":"f0gpob8hq9vgebej","time":1611976926,"event":{"mods":["AchievementEnabler","BaseMod","Minty Spire (QoL Compilation)","Quick Restart","SuperFastMode"],"gold_per_floor":[151,111,122,47,61,61,61,81,81,81,81,108,127,147,157,157,231,231,242,142,156,172,172,205,80,100,100,115,115,133,133,133,133,210,210,230,250,100,115,130,155,155,188,214,231,256,256,256,81,81,81],"floor_reached":51,"language":"KOR","playtime":1890,"items_purged":["Strike_G","Riddle With Holes","Slice","Well Laid Plans+1","Cloak And Dagger"],"score":1397,"play_id":"f06e5305-07b8-4a26-934f-53580dce31c5","local_time":"20210130122206","is_ascension_mode":true,"campfire_choices":[{"data":"Eviscerate","floor":6.0,"key":"SMITH"},{"data":"Backflip","floor":8.0,"key":"SMITH"},{"data":"Poisoned Stab","floor":10.0,"key":"SMITH"},{"data":"Neutralize","floor":15.0,"key":"SMITH"},{"data":"Well Laid Plans","floor":28.0,"key":"SMITH"},{"data":"Night Terror","floor":30.0,"key":"SMITH"},{"data":"Outmaneuver","floor":32.0,"key":"SMITH"},{"floor":41,"key":"REST"},{"data":"Concentrate","floor":46,"key":"SMITH"},{"data":"Acrobatics","floor":49,"key":"SMITH"}],"circlet_count":0,"master_deck":["AscendersBane","Survivor","Neutralize+1","Dagger Throw+1","Eviscerate+1","Acrobatics+1","Backflip+1","Poisoned Stab+1","PiercingWail","Grand Finale+1","Outmaneuver+1","Masterful Stab","Deflect","Night Terror+1","Prepared+1","After Image","Burst","Concentrate+1","Blur+1","Deep Breath"],"relics":["Ring of the Snake","HornCleat","Mango","Pandora\u0027s Box","Mercury Hourglass","Oddly Smooth Stone","Paper Crane","Runic Pyramid","MealTicket","Centennial Puzzle","Whetstone","Unceasing Top"],"acts_visited":["Exordium","TheCity","TheBeyond"],"potions_floor_usage":[],"damage_taken":[{"damage":0.0,"enemies":"Jaw Worm","floor":1.0,"turns":7.0},{"damage":0.0,"enemies":"Cultist","floor":2.0,"turns":4.0},{"damage":0.0,"enemies":"2 Louse","floor":4.0,"turns":2.0},{"damage":11.0,"enemies":"Large Slime","floor":7.0,"turns":8.0},{"damage":3.0,"enemies":"Lagavulin","floor":11.0,"turns":5.0},{"damage":1.0,"enemies":"Blue Slaver","floor":12.0,"turns":3.0},{"damage":0.0,"enemies":"Looter","floor":13.0,"turns":2.0},{"damage":0.0,"enemies":"2 Fungi Beasts","floor":14.0,"turns":3.0},{"damage":38.0,"enemies":"Slime Boss","floor":16.0,"turns":9.0},{"damage":0.0,"enemies":"Chosen","floor":18.0,"turns":4.0},{"damage":1.0,"enemies":"2 Thieves","floor":20.0,"turns":3.0},{"damage":0.0,"enemies":"Centurion and Healer","floor":21.0,"turns":4.0},{"damage":22.0,"enemies":"Slavers","floor":23.0,"turns":2.0},{"damage":0.0,"enemies":"Cultist and Chosen","floor":25.0,"turns":3.0},{"damage":0.0,"enemies":"Sentry and Sphere","floor":27.0,"turns":3.0},{"damage":11.0,"enemies":"Centurion and Healer","floor":29.0,"turns":5.0},{"damage":0.0,"enemies":"Collector","floor":33.0,"turns":5.0},{"damage":7.0,"enemies":"3 Darklings","floor":35.0,"turns":2.0},{"damage":2.0,"enemies":"Orb Walker","floor":36.0,"turns":3.0},{"damage":5.0,"enemies":"Jaw Worm Horde","floor":38.0,"turns":5.0},{"damage":26.0,"enemies":"Sphere and 2 Shapes","floor":39.0,"turns":4.0},{"damage":34,"enemies":"Giant Head","floor":40,"turns":8},{"damage":0,"enemies":"Nemesis","floor":42,"turns":5},{"damage":0,"enemies":"Maw","floor":44,"turns":5},{"damage":0,"enemies":"Mind Bloom Boss Battle","floor":45,"turns":4},{"damage":3,"enemies":"Awakened One","floor":50,"turns":11}],"seed_played":"2780718251910556299","potions_obtained":[{"floor":2.0,"key":"GamblersBrew"},{"floor":4.0,"key":"Weak Potion"},{"floor":14.0,"key":"Fire Potion"},{"floor":16.0,"key":"Fire Potion"},{"floor":21.0,"key":"SpeedPotion"},{"floor":27.0,"key":"EssenceOfSteel"},{"floor":39.0,"key":"FairyPotion"},{"floor":42,"key":"GhostInAJar"}],"is_trial":false,"path_per_floor":["M","M","$","M","?","R","M","R","T","R","E","M","M","M","R","B",null,"M","$","M","M","?","E","$","M","T","M","R","M","R","?","R","B",null,"M","M","$","M","M","E","R","E","T","M","?","R","?","$","R","B",null],"character_chosen":"THE_SILENT","items_purchased":[],"campfire_rested":1,"item_purchase_floors":[],"current_hp_per_floor":[19,63,63,63,63,63,63,52,52,52,52,63,62,62,62,62,24,64,64,64,63,63,63,41,41,41,41,41,41,30,30,55,55,55,72,65,63,63,58,32,23,46,46,46,46,46,46,46,61,61,58],"gold":81,"neow_bonus":"REMOVE_TWO","is_daily":false,"chose_seed":false,"campfire_upgraded":9,"win_rate":0.0,"timestamp":1611976926,"path_taken":["M","M","$","M","?","R","M","R","T","R","E","M","M","M","R","BOSS","M","$","?","M","?","E","$","M","T","M","R","M","R","?","R","BOSS","M","M","$","M","M","E","R","E","T","M","?","R","?","$","R","BOSS"],"items_purchased_type":[],"build_version":"2020-12-22","purchased_purges":5,"victory":true,"max_hp_per_floor":[77,63,63,63,63,63,63,63,63,63,63,77,77,77,77,77,77,77,77,77,77,77,77,77,77,77,77,77,77,77,77,77,77,77,77,77,77,77,77,77,77,77,77,77,77,77,77,77,77,77,77],"card_choices":[{"not_picked":["Quick Slash","Riddle With Holes"],"picked":"Dagger Throw","floor":1.0},{"not_picked":["Dagger Throw","Heel Hook"],"picked":"Eviscerate","floor":2.0},{"not_picked":["Deadly Poison","Predator"],"picked":"Acrobatics","floor":4.0},{"not_picked":["Outmaneuver","All Out Attack"],"picked":"Poisoned Stab","floor":7.0},{"not_picked":["Leg Sweep","Slice","Heel Hook"],"picked":"SKIP","floor":11.0},{"not_picked":["Bouncing Flask","Outmaneuver","Cloak And Dagger"],"picked":"SKIP","floor":12.0},{"not_picked":["Poisoned Stab","All Out Attack"],"picked":"PiercingWail","floor":13.0},{"not_picked":["Quick Slash","Outmaneuver","Slice"],"picked":"SKIP","floor":14.0},{"not_picked":["Doppelganger","Unload"],"picked":"Grand Finale","floor":16.0},{"not_picked":["Deadly Poison","Footwork"],"picked":"Prepared+1","floor":18.0},{"not_picked":["Reflex","Underhanded Strike"],"picked":"Well Laid Plans","floor":20.0},{"not_picked":["Quick Slash+1","Dodge and Roll+1","Underhanded Strike"],"picked":"SKIP","floor":21.0},{"not_picked":["Heel Hook","Underhanded Strike","Slice"],"picked":"SKIP","floor":23.0},{"not_picked":["Masterful Stab+1","Quick Slash"],"picked":"After Image","floor":25.0},{"not_picked":["Dagger Throw","Outmaneuver","Blade Dance"],"picked":"SKIP","floor":27.0},{"not_picked":["Finisher","Predator+1","Acrobatics"],"picked":"SKIP","floor":29.0},{"not_picked":["Bullet Time","Doppelganger"],"picked":"Burst","floor":33.0},{"not_picked":["Deadly Poison","Expertise","Footwork"],"picked":"SKIP","floor":35.0},{"not_picked":["Cloak And Dagger+1","Underhanded Strike","Poisoned Stab"],"picked":"SKIP","floor":36.0},{"not_picked":["Acrobatics+1","Dodge and Roll","Reflex"],"picked":"SKIP","floor":38.0},{"not_picked":["Backflip+1","Riddle With Holes"],"picked":"Concentrate","floor":39.0},{"not_picked":["Blade Dance","Heel Hook+1","Cloak And Dagger+1"],"picked":"SKIP","floor":40},{"not_picked":["Dagger Throw","Heel Hook"],"picked":"Blur+1","floor":42},{"not_picked":["PiercingWail+1","Accuracy","Bouncing Flask"],"picked":"SKIP","floor":44},{"not_picked":["Madness","Enlightenment"],"picked":"Deep Breath","floor":47}],"player_experience":287482,"relics_obtained":[{"floor":9.0,"key":"HornCleat"},{"floor":11.0,"key":"Mango"},{"floor":23.0,"key":"Oddly Smooth Stone"},{"floor":26.0,"key":"Paper Crane"},{"floor":40,"key":"MealTicket"},{"floor":42,"key":"Centennial Puzzle"},{"floor":43,"key":"Whetstone"},{"floor":45,"key":"Unceasing Top"}],"event_choices":[{"damage_healed":0.0,"max_hp_gain":0.0,"max_hp_loss":0.0,"gold_gain":0.0,"event_name":"Match and Keep!","player_choice":"1 cards matched","floor":5.0,"gold_loss":0.0,"damage_taken":0.0,"cards_obtained":["Backflip"]},{"damage_healed":0.0,"max_hp_gain":0.0,"max_hp_loss":0.0,"gold_gain":0.0,"event_name":"The Mausoleum","player_choice":"Opened","floor":22.0,"gold_loss":0.0,"damage_taken":0.0,"relics_obtained":["Mercury Hourglass"]},{"damage_healed":25.0,"max_hp_gain":0.0,"max_hp_loss":0.0,"gold_gain":0.0,"event_name":"The Library","player_choice":"Heal","floor":31.0,"gold_loss":0.0,"damage_taken":0.0},{"damage_healed":0,"gold_gain":0,"player_choice":"Fight","damage_taken":0,"max_hp_gain":0,"max_hp_loss":0,"event_name":"MindBloom","floor":45,"gold_loss":0},{"damage_healed":0,"gold_gain":0,"player_choice":"Memory 1","damage_taken":0,"max_hp_gain":0,"max_hp_loss":0,"event_name":"SensoryStone","floor":47,"gold_loss":0}],"is_beta":false,"boss_relics":[{"not_picked":["Ectoplasm","Busted Crown"],"picked":"Pandora\u0027s Box"},{"not_picked":["SacredBark","Sozu"],"picked":"Runic Pyramid"}],"items_purged_floors":[3,19,24,37,48],"is_endless":false,"potions_floor_spawned":[2,4,14,16,21,27,33,36,39,42,45],"ascension_level":13}}