{"host":"xenpv6dj5x1yxp66","time":1611970785,"event":{"mods":["AchievementEnabler","Aspiration","BaseMod","Better Altar","Better Sensory Stone","Better Skull","Better Third Choice","BetterRewards","Colored Map","Colored Powertips","Conspire","Downfall","Highlight Path","Hubris","Marisa????????","Minty Spire (QoL Compilation)","Quick Restart","READ ME - Guardian Mod","Replay The Spire","Shade Mod","StSLib","The Animator","The Bug Knight","The Construct","The Cursed","The Disciple","The Necromancer","The Runesmith","The Servant 0.9.4"],"gold_per_floor":[110,122,137,157,169,202,202,202,202,46,46,60,76,87,87,182,182,201,401,416,416,416],"floor_reached":21,"language":"ENG","playtime":1057,"items_purged":[],"score":285,"play_id":"b44c9008-b4b9-4d6a-8374-dbd915204542","local_time":"20210130023945","is_ascension_mode":false,"campfire_choices":[{"data":"Accuracy","floor":7,"key":"SMITH"},{"data":"aspiration:Lunge","floor":11,"key":"SMITH"},{"floor":15,"key":"REST"}],"circlet_count":0,"master_deck":["Strike_G","Strike_G","Strike_G","Strike_G","Strike_G","Defend_G","Defend_G","Defend_G","Defend_G","Defend_G","Survivor","Neutralize","Accuracy+1","Cloak And Dagger","Hidden Blade","Quick Slash","conspire:DoublingDagger","Blade Dance","Cloak And Dagger","Dagger Spray","aspiration:Lunge+1","Die Die Die","Phantasmal Killer","Cloak And Dagger","Blade Dance"],"relics":["Ring of the Snake","ReplayTheSpireMod:TigerMarble","Runic Pyramid"],"acts_visited":["Exordium","TheCity"],"potions_floor_usage":[16,16,20],"damage_taken":[{"damage":0,"enemies":"Jaw Worm","floor":1,"turns":4},{"damage":0,"enemies":"Cultist","floor":2,"turns":5},{"damage":0,"enemies":"conspire:RoseBush","floor":3,"turns":4},{"damage":7,"enemies":"Looter","floor":4,"turns":4},{"damage":0,"enemies":"3 Louse","floor":5,"turns":4},{"damage":23,"enemies":"Gremlin Nob","floor":6,"turns":4},{"damage":1,"enemies":"Exordium Thugs","floor":12,"turns":4},{"damage":8,"enemies":"Large Slime","floor":13,"turns":3},{"damage":3,"enemies":"Exordium Wildlife","floor":14,"turns":4},{"damage":47,"enemies":"Fading Forest","floor":16,"turns":11},{"damage":6,"enemies":"3 Byrds","floor":18,"turns":4},{"damage":35,"enemies":"Spheric Guardian","floor":20,"turns":6},{"damage":32,"enemies":"Snake Plant","floor":21,"turns":3}],"seed_played":"1410645560192498388","potions_obtained":[{"floor":1,"key":"champ:CounterPotion"},{"floor":2,"key":"AttackPotion"},{"floor":4,"key":"Elixir"},{"floor":13,"key":"GamblersBrew"},{"floor":18,"key":"Dexterity Potion"}],"is_trial":false,"path_per_floor":["M","M","M","M","M","E","R","?","T","$","R","M","M","M","R","B",null,"M","?","M","M"],"character_chosen":"THE_SILENT","items_purchased":["Accuracy","Cloak And Dagger","aspiration:Lunge"],"campfire_rested":1,"item_purchase_floors":[0,0,10],"current_hp_per_floor":[70,70,70,63,63,40,40,40,40,40,40,39,31,28,49,20,70,64,64,29,0,0],"gold":416,"neow_bonus":"","is_daily":false,"chose_seed":false,"campfire_upgraded":2,"win_rate":0.0,"timestamp":1611970785,"path_taken":["M","M","M","M","M","E","R","?","T","$","R","M","?","M","R","BOSS","M","?","?","?"],"items_purchased_type":["Card","Card","Card"],"build_version":"2020-12-22","purchased_purges":0,"victory":false,"max_hp_per_floor":[70,70,70,70,70,70,70,70,70,70,70,70,70,70,70,70,70,70,70,70,70,70],"card_choices":[{"not_picked":["PiercingWail","Prepared"],"picked":"Hidden Blade","floor":1},{"not_picked":["Dodge and Roll","Deflect"],"picked":"Quick Slash","floor":2},{"not_picked":["Sucker Punch","All Out Attack"],"picked":"conspire:DoublingDagger","floor":3},{"not_picked":["Dagger Spray","Slice"],"picked":"Blade Dance","floor":4},{"not_picked":["Backflip","Catalyst"],"picked":"Cloak And Dagger","floor":5},{"not_picked":["Dodge and Roll","Hidden Blade"],"picked":"Dagger Spray","floor":6},{"not_picked":["Sucker Punch","Deflect","Slice"],"picked":"SKIP","floor":12},{"not_picked":["Acrobatics","Cloak And Dagger"],"picked":"Die Die Die","floor":13},{"not_picked":["Heel Hook","Acrobatics","PiercingWail"],"picked":"SKIP","floor":14},{"not_picked":["Unload","Glass Knife"],"picked":"Phantasmal Killer","floor":16},{"not_picked":["Bane","Underhanded Strike+1"],"picked":"Cloak And Dagger","floor":18},{"not_picked":["Fluid Movement","Quick Slash+1"],"picked":"Blade Dance","floor":20}],"player_experience":175381,"relics_obtained":[{"floor":6,"key":"ReplayTheSpireMod:TigerMarble"}],"event_choices":[{"damage_healed":0,"gold_gain":0,"player_choice":"0 cards matched","damage_taken":0,"max_hp_gain":0,"max_hp_loss":0,"event_name":"Match and Keep!","floor":8,"gold_loss":0,"cards_obtained":[]},{"damage_healed":0,"gold_gain":200,"player_choice":"Gold","damage_taken":0,"max_hp_gain":0,"max_hp_loss":0,"event_name":"Wheel of Change","floor":19,"gold_loss":0}],"is_beta":false,"boss_relics":[{"not_picked":["Honey Jar","Ring of Chaos"],"picked":"Runic Pyramid"}],"items_purged_floors":[],"is_endless":false,"potions_floor_spawned":[1,2,4,13,18],"killed_by":"Snake Plant","ascension_level":0}}