{"host":"491vyvchqhlfizue","time":1611992275,"event":{"mods":["AchievementEnabler","BaseMod","BetterRewards","Colored Map","Conspire","Downfall","Infinite Spire","Minty Spire (QoL Compilation)","Reliquary","Replay The Spire","Shop Mod","Spikes Relics","StSLib","The Forsaken","The Runesmith"],"gold_per_floor":[118,128,113,129,140,169,183,218,263,289,289,289,17,17,17,113,113,133,133,133,144,161,189,201,234,315,342,342,360,387,399,399,495,495,514,514,529,549,549,549,577,577,645,695,725,742,166,177,177,177],"floor_reached":51,"language":"ENG","playtime":5170,"items_purged":["theForsaken:TheForsaken_Strike","theForsaken:TheForsaken_Defend","theForsaken:TheForsaken_Strike","theForsaken:TheForsaken_Defend","theForsaken:TheForsaken_Strike","theForsaken:TheForsaken_Strike"],"score":1957,"play_id":"5710d245-b9a8-43bb-9076-72ee65492255","local_time":"20210130023755","is_ascension_mode":true,"campfire_choices":[{"data":"theForsaken:DarkBargain","floor":11.0,"key":"SMITH"},{"data":"theForsaken:NobleSacrifice","floor":15.0,"key":"SMITH"},{"data":"theForsaken:DefensiveStance","floor":28.0,"key":"SMITH"},{"data":"theForsaken:MagicWeapon","floor":32.0,"key":"SMITH"},{"data":"Madness","floor":40.0,"key":"SMITH"},{"data":"Madness","floor":42.0,"key":"SMITH"},{"floor":49,"key":"DIG"}],"circlet_count":0,"master_deck":["AscendersBane","theForsaken:TheForsaken_Defend","theForsaken:Smite","theForsaken:Penitence","Flash of Steel+1","theForsaken:DefensiveStance+1","theForsaken:DarkBargain+1","theForsaken:NobleSacrifice+1","theForsaken:FatRoll","theForsaken:RainingSunlight+1","theForsaken:QuickAttack+1","theForsaken:ShieldBash+1","BlessedFruit+1","BlessedFruit+1","theForsaken:Prudence+1","theForsaken:ShieldBash+1","theForsaken:QuickAttack+1","theForsaken:FatRoll","theForsaken:MagicWeapon+1","theForsaken:DivineGuidance+1","CurseOfTheBell","CurseOfTheBell","Madness+1","Madness+1","theForsaken:Eulogy","Panache+1"],"relics":["theForsaken:JudgementScales","Molten Egg 2","MerchantsRug","infinitespire:EmpoweringShard","reliquary:PurpleTingedLeaf","reliquary:Bookmark","Centennial Puzzle","CaptainsWheel","reliquary:ExpiredCoupon","Golden Egg","HeavenlyBonsai","SlaversCollar","reliquary:TuningFork","Regal Pillow","Replay:Rubber Ducky","Pantograph","Letter Opener","Ancient Tea Set","downfall:ExtraCursedBell","ReplayTheSpireMod:TigerMarble","InkBottle","Runesmith:Locket","infinitespire:Joker Card","Mummified Hand","infinitespire:CursedDice","reliquary:OuijaBoard","theForsaken:Gavel","Bottled Flame"],"acts_visited":["Exordium","TheCity","TheBeyond"],"potions_floor_usage":[50,50],"damage_taken":[{"damage":0.0,"enemies":"Small Slimes","floor":1.0,"turns":3.0},{"damage":0.0,"enemies":"2 Louse","floor":2.0,"turns":2.0},{"damage":0.0,"enemies":"Jaw Worm","floor":4.0,"turns":3.0},{"damage":0.0,"enemies":"Gremlin Gang","floor":5.0,"turns":3.0},{"damage":19.0,"enemies":"Gremlin Nob","floor":6.0,"turns":4.0},{"damage":3.0,"enemies":"Blue Slaver","floor":7.0,"turns":3.0},{"damage":0.0,"enemies":"Lagavulin","floor":8.0,"turns":7.0},{"damage":11.0,"enemies":"Gremlin Nob","floor":10.0,"turns":3.0},{"damage":0.0,"enemies":"Hexaghost","floor":16.0,"turns":10.0},{"damage":0.0,"enemies":"Spheric Guardian","floor":18.0,"turns":3.0},{"damage":11.0,"enemies":"2 Thieves","floor":21.0,"turns":3.0},{"damage":0.0,"enemies":"Snecko","floor":22.0,"turns":4.0},{"damage":0.0,"enemies":"Gremlin Leader","floor":23.0,"turns":5.0},{"damage":1.0,"enemies":"3 Cultists","floor":24.0,"turns":4.0},{"damage":0.0,"enemies":"Book of Stabbing","floor":25.0,"turns":4.0},{"damage":0.0,"enemies":"Gremlin Leader","floor":27.0,"turns":4.0},{"damage":0.0,"enemies":"Centurion and Healer","floor":29.0,"turns":4.0},{"damage":0.0,"enemies":"Book of Stabbing","floor":30.0,"turns":4.0},{"damage":0.0,"enemies":"Shelled Parasite and Fungi","floor":31.0,"turns":5.0},{"damage":8.0,"enemies":"conspire:MysteriousRune","floor":33.0,"turns":9.0},{"damage":4.0,"enemies":"3 Darklings","floor":35.0,"turns":3.0},{"damage":0.0,"enemies":"3 Shapes","floor":37.0,"turns":4.0},{"damage":0.0,"enemies":"Jaw Worm Horde","floor":38.0,"turns":4.0},{"damage":0.0,"enemies":"Nightmare","floor":41.0,"turns":8.0},{"damage":0.0,"enemies":"Mind Bloom Boss Battle","floor":44.0,"turns":5.0},{"damage":0,"enemies":"Giant Head","floor":45,"turns":9},{"damage":21,"enemies":"Writhing Mass","floor":46,"turns":7},{"damage":0,"enemies":"4 Shapes","floor":48,"turns":1},{"damage":11,"enemies":"conspire:OrnateMirror","floor":50,"turns":8}],"seed_played":"7073065419854586328","potions_obtained":[{"floor":2.0,"key":"Explosive Potion"},{"floor":4.0,"key":"Flashbang"},{"floor":8.0,"key":"CultistPotion"},{"floor":16.0,"key":"Fire Potion"},{"floor":22.0,"key":"champ:CounterPotion"},{"floor":24.0,"key":"DuplicationPotion"},{"floor":29.0,"key":"SkillPotion"},{"floor":30.0,"key":"Weak Potion"},{"floor":38.0,"key":"Adrenaline Potion"},{"floor":44.0,"key":"hexamod:SoulburnPotion"},{"floor":48,"key":"Swift Potion"}],"is_trial":false,"path_per_floor":["M","M","$","M","M","E","M","E","T","E","R","?","$","?","R","B",null,"M","AVR","?","M","M","E","M","E","T","E","R","M","E","M","R","B",null,"M","?","M","M","?","R","NM","R","T","?","E","M","$","M","R_BF","B",null],"character_chosen":"THE_FORSAKEN","items_purchased":["Molten Egg 2","Flash of Steel+1","theForsaken:DefensiveStance","MerchantsRug","infinitespire:EmpoweringShard","theForsaken:DarkBargain","theForsaken:NobleSacrifice","reliquary:PurpleTingedLeaf","reliquary:Bookmark","champ:CounterPotion","theForsaken:QuickAttack+1","HeavenlyBonsai","Panache","theForsaken:Gavel","LiquidMemories"],"campfire_rested":0,"item_purchase_floors":[0,0,0,0,0,0,0,0,0,0,3,13,47,47,47],"current_hp_per_floor":[62,63,63,65,65,49,47,54,54,47,47,47,47,47,47,59,67,73,73,73,67,77,85,89,93,93,97,97,101,105,109,109,107,112,113,113,121,125,109,109,126,126,126,133,139,130,130,137,137,153],"gold":177,"neow_bonus":"","is_daily":false,"chose_seed":false,"campfire_upgraded":6,"win_rate":0.0,"timestamp":1611992275,"path_taken":["M","M","$","M","M","E","M","E","T","E","R","?","$","?","R","BOSS","M","AVR","?","M","M","E","M","E","T","E","R","M","E","M","R","BOSS","M","?","M","M","?","R","NM","R","T","?","E","M","$","M","R_BF","BOSS"],"items_purchased_type":["Relic","Card","Card","Relic","Relic","Card","Card","Relic","Relic","Potion","Card","Relic","Card","Relic","Potion"],"build_version":"2020-12-22","purchased_purges":6,"victory":true,"max_hp_per_floor":[65,65,65,65,65,65,65,65,65,65,65,65,65,65,65,69,69,73,73,73,77,81,85,89,93,93,97,97,101,105,109,109,113,113,117,117,121,125,125,125,129,129,129,133,139,145,145,151,151,155],"card_choices":[{"not_picked":["theForsaken:BountifulSunlight","theForsaken:DarkBargain"],"picked":"theForsaken:RainingSunlight+1","floor":1.0},{"not_picked":["theForsaken:Preservation","theForsaken:DarkBarrier","theForsaken:WordOfPower+1"],"picked":"SKIP","floor":2.0},{"not_picked":["theForsaken:ShieldCharge+1","theForsaken:PowerUp","theForsaken:CreepingInfection"],"picked":"SKIP","floor":4.0},{"not_picked":["theForsaken:HymnOfPatience","theForsaken:PanicDive","theForsaken:NobleSacrifice"],"picked":"SKIP","floor":5.0},{"not_picked":["theForsaken:ShieldCharge+1","theForsaken:PanicDive","theForsaken:Enfeeble+1"],"picked":"SKIP","floor":6.0},{"not_picked":["theForsaken:CreepingInfection","theForsaken:CowardsBrand+1","theForsaken:SacrificeSoul+1"],"picked":"SKIP","floor":7.0},{"not_picked":["theForsaken:HymnOfPatience","theForsaken:AncientWords","theForsaken:CleansingLight"],"picked":"SKIP","floor":8.0},{"not_picked":["theForsaken:Temperance+1","theForsaken:Riposte"],"picked":"theForsaken:ShieldBash+1","floor":10.0},{"not_picked":["theForsaken:CorruptedForm","theForsaken:DarkRift+1"],"picked":"theForsaken:Prudence","floor":16.0},{"not_picked":["theForsaken:Backlash+1","theForsaken:HorrifyingStrike+1","theForsaken:StoreUp"],"picked":"SKIP","floor":18.0},{"not_picked":["theForsaken:PowerUp","theForsaken:RainingSunlight+1"],"picked":"theForsaken:QuickAttack+1","floor":21.0},{"not_picked":["theForsaken:ShieldBash+1","theForsaken:HymnOfPatience+1"],"picked":"theForsaken:FatRoll","floor":22.0},{"not_picked":["theForsaken:SacrificeSoul+1","theForsaken:HealingLight+1","theForsaken:BlightOfFamine+1"],"picked":"SKIP","floor":23.0},{"not_picked":["theForsaken:CreepingInfection","theForsaken:PanicDive+1","theForsaken:StoreUp"],"picked":"SKIP","floor":24.0},{"not_picked":["theForsaken:ShieldBash+1","theForsaken:QuickAttack+1","theForsaken:DarkBargain+1"],"picked":"SKIP","floor":25.0},{"not_picked":["theForsaken:QuickAttack+1","theForsaken:Thunderbolt+1","theForsaken:NobleSacrifice+1"],"picked":"SKIP","floor":27.0},{"not_picked":["theForsaken:PanicDive","theForsaken:WrathOfGod+1"],"picked":"theForsaken:MagicWeapon","floor":29.0},{"not_picked":["theForsaken:FuryStrikes+1","theForsaken:PowerUp","theForsaken:Temperance+1"],"picked":"SKIP","floor":30.0},{"not_picked":["theForsaken:PowerUp","theForsaken:FuryStrikes+1","theForsaken:ChargeAttack+1"],"picked":"SKIP","floor":31.0},{"not_picked":["theForsaken:CorruptDeck","theForsaken:SacredOath"],"picked":"theForsaken:DivineGuidance","floor":33.0},{"not_picked":["theForsaken:WordOfPower+1","theForsaken:HorrifyingStrike+1","theForsaken:Thunderbolt+1"],"picked":"SKIP","floor":35.0},{"not_picked":["theForsaken:StoreUp+1","theForsaken:QuickAttack+1","theForsaken:Tranquility"],"picked":"SKIP","floor":37.0},{"not_picked":["theForsaken:BindingThorns+1","theForsaken:QuickAttack+1","theForsaken:HorrifyingStrike+1"],"picked":"SKIP","floor":38.0},{"not_picked":["theForsaken:ChargeAttack+1","theForsaken:CowardsBrand+1","theForsaken:CreepingInfection"],"picked":"SKIP","floor":41.0},{"not_picked":["theForsaken:BottledPlague+1","theForsaken:BlightOfFamine+1","theForsaken:WordOfPower+1"],"picked":"SKIP","floor":45},{"not_picked":["theForsaken:HymnOfPatience","theForsaken:Backlash"],"picked":"theForsaken:Eulogy","floor":46},{"not_picked":["theForsaken:Backlash","theForsaken:SolarFlare+1","theForsaken:BlessedWeapon+1"],"picked":"SKIP","floor":48}],"player_experience":76163,"relics_obtained":[{"floor":6.0,"key":"Centennial Puzzle"},{"floor":8.0,"key":"CaptainsWheel"},{"floor":9.0,"key":"reliquary:ExpiredCoupon"},{"floor":10.0,"key":"Golden Egg"},{"floor":23.0,"key":"Regal Pillow"},{"floor":25.0,"key":"Replay:Rubber Ducky"},{"floor":26.0,"key":"Pantograph"},{"floor":27.0,"key":"Letter Opener"},{"floor":30.0,"key":"Ancient Tea Set"},{"floor":36.0,"key":"ReplayTheSpireMod:TigerMarble"},{"floor":36.0,"key":"InkBottle"},{"floor":36.0,"key":"Runesmith:Locket"},{"floor":41.0,"key":"infinitespire:Joker Card"},{"floor":43.0,"key":"Mummified Hand"},{"floor":44.0,"key":"infinitespire:CursedDice"},{"floor":45,"key":"reliquary:OuijaBoard"},{"floor":49,"key":"Bottled Flame"}],"event_choices":[{"damage_healed":0.0,"max_hp_gain":0.0,"max_hp_loss":0.0,"gold_gain":0.0,"event_name":"The Library","player_choice":"Read","floor":20.0,"gold_loss":0.0,"damage_taken":0.0,"cards_obtained":["theForsaken:ShieldBash"]},{"damage_healed":0.0,"max_hp_gain":0.0,"max_hp_loss":0.0,"gold_gain":0.0,"event_name":"Winding Halls","player_choice":"Embrace Madness","floor":39.0,"gold_loss":0.0,"damage_taken":16.0,"cards_obtained":["Madness","Madness"]},{"damage_healed":0.0,"max_hp_gain":0.0,"max_hp_loss":0.0,"gold_gain":0.0,"event_name":"MindBloom","player_choice":"Fight","floor":44.0,"gold_loss":0.0,"damage_taken":0.0}],"is_beta":false,"boss_relics":[{"not_picked":["conspire:SlowCooker","Calling Bell"],"picked":"SlaversCollar"},{"not_picked":["Runesmith:UraniumAnvil","Replay:Drink Me","infinitespire:Cupcake"]}],"items_purged_floors":[0,0,0,0,19,47],"is_endless":false,"potions_floor_spawned":[2,4,8,16,22,24,29,30,38,44,48],"ascension_level":11}}