{"host":"n23juj4d9qam5hh1","time":1611979517,"event":{"mods":["BaseMod","Better Note","BetterRewards","Displayed Cursed Tome","Infinite Spire","Minty Spire (QoL Compilation)","Relic Stats","StSLib","Thieving Mod"],"gold_per_floor":[119,119,10,10,10,10,45,45,94,126,126,136,136,109,109,213,213,232,242,242,261,261,261,261,273,273,273,273],"floor_reached":27,"language":"ENG","playtime":1414,"items_purged":["Defend_B"],"score":260,"play_id":"028625cd-b757-43b8-97ec-a17b6cf5fcc4","local_time":"20210129230517","is_ascension_mode":true,"campfire_choices":[{"data":"Dualcast","floor":6,"key":"SMITH"},{"floor":8,"key":"REST"},{"data":"Zap","floor":8,"key":"SMITH"},{"data":"Capacitor","floor":11,"key":"SMITH"},{"data":"Chaos","floor":13,"key":"SMITH"},{"data":"Sunder","floor":15,"key":"SMITH"},{"data":"Chaos","floor":23,"key":"SMITH"}],"circlet_count":0,"master_deck":["Strike_B+1","Defend_B","Defend_B","Zap+1","Dualcast+1","Sweeping Beam+1","Capacitor+1","Doom and Gloom","Sunder+1","Seek","Turbo","Steam Power","Chaos+1","Creative AI","Leap","Chaos+1","Glacier+1","Self Repair+1","Fission+1","Turbo+1"],"relics":["Cracked Core","infinitespire:Magic Flask","Regal Pillow","WingedGreaves","infinitespire:Cupcake","Astrolabe","Whetstone","Blue Candle"],"acts_visited":["Exordium","TheCity"],"potions_floor_usage":[10,10,16,27],"damage_taken":[{"damage":7,"enemies":"Small Slimes","floor":1,"turns":3},{"damage":25,"enemies":"Lagavulin","floor":7,"turns":5},{"damage":13,"enemies":"3 Sentries","floor":10,"turns":4},{"damage":0,"enemies":"Cultist","floor":12,"turns":3},{"damage":57,"enemies":"Slime Boss","floor":16,"turns":9},{"damage":6,"enemies":"Spheric Guardian","floor":18,"turns":3},{"damage":9,"enemies":"3 Byrds","floor":19,"turns":4},{"damage":1,"enemies":"3 Cultists","floor":21,"turns":4},{"damage":42,"enemies":"Centurion and Healer","floor":25,"turns":6},{"damage":44,"enemies":"Masked Bandits","floor":27,"turns":3}],"seed_played":"-7552821254245958447","potions_obtained":[{"floor":0,"key":"Block Potion"},{"floor":0,"key":"FocusPotion"},{"floor":0,"key":"FearPotion"},{"floor":1,"key":"Regen Potion"},{"floor":21,"key":"PowerPotion"}],"is_trial":false,"path_per_floor":["M","?","$","?","$","R","E","R","T","E","R","M","R","?","R","B",null,"M","M","AVR","M","?","R","$","M","T","?"],"character_chosen":"DEFECT","items_purchased":["Capacitor","Doom and Gloom"],"campfire_rested":1,"item_purchase_floors":[3,3],"current_hp_per_floor":[68,68,68,68,68,68,43,65,65,61,61,61,61,61,61,4,75,69,60,60,69,69,69,69,37,37,0,0],"gold":273,"neow_bonus":"THREE_SMALL_POTIONS","is_daily":false,"chose_seed":false,"campfire_upgraded":6,"win_rate":0.0,"timestamp":1611979517,"path_taken":["M","?","?","?","$","R","E","R","T","E","R","?","R","?","R","BOSS","M","M","AVR","M","?","R","$","M","T","?"],"items_purchased_type":["Card","Card"],"build_version":"2020-12-22","purchased_purges":1,"victory":false,"max_hp_per_floor":[75,75,75,75,75,75,75,75,75,75,75,75,75,75,75,75,75,75,75,75,75,75,75,75,75,75,75,75],"relic_stats":{"Regal Pillow":0,"counters":[10,44],"Astrolabe":["Glacier","Self Repair","Fission"],"Blue Candle":[0],"Whetstone":["Strike_B","Sweeping Beam"],"obtain_stats":[{"Regal Pillow":9,"Astrolabe":20,"Blue Candle":26,"WingedGreaves":10,"infinitespire:Magic Flask":7,"Whetstone":20,"Cracked Core":0,"infinitespire:Cupcake":17},{"Regal Pillow":2,"Astrolabe":7,"Blue Candle":9,"WingedGreaves":3,"infinitespire:Magic Flask":2,"Whetstone":7,"Cracked Core":0,"infinitespire:Cupcake":5},{"Regal Pillow":8,"Astrolabe":31,"Blue Candle":41,"WingedGreaves":12,"infinitespire:Magic Flask":8,"Whetstone":31,"Cracked Core":0,"infinitespire:Cupcake":24}]},"card_choices":[{"not_picked":["Beam Cell","Rebound","Gash"],"picked":"SKIP","floor":1},{"not_picked":["Steam","Genetic Algorithm"],"picked":"Turbo","floor":7},{"not_picked":["Conserve Battery","Rebound"],"picked":"Steam Power","floor":10},{"not_picked":["Leap","Auto Shields"],"picked":"Chaos","floor":12},{"not_picked":["Fission","Reboot"],"picked":"Creative AI","floor":16},{"not_picked":["Rebound","Sweeping Beam"],"picked":"Leap","floor":18},{"not_picked":["Redo","Sweeping Beam"],"picked":"Chaos","floor":19},{"not_picked":["Go for the Eyes","Stack+1"],"picked":"Turbo+1","floor":21},{"not_picked":["Rip and Tear","Gash","Creative AI"],"picked":"SKIP","floor":25}],"player_experience":268150,"relics_obtained":[{"floor":7,"key":"infinitespire:Magic Flask"},{"floor":9,"key":"Regal Pillow"},{"floor":10,"key":"WingedGreaves"},{"floor":26,"key":"Blue Candle"}],"event_choices":[{"damage_healed":0,"gold_gain":0,"cards_transformed":["Strike_B"],"player_choice":"Transformed","damage_taken":0,"max_hp_gain":0,"max_hp_loss":0,"event_name":"Transmorgrifier","floor":2,"gold_loss":0,"cards_obtained":["Sweeping Beam"]},{"damage_healed":0,"gold_gain":0,"player_choice":"2 cards matched","damage_taken":0,"max_hp_gain":0,"max_hp_loss":0,"event_name":"Match and Keep!","floor":4,"gold_loss":0,"cards_obtained":["Sunder","Seek"]},{"damage_healed":0,"gold_gain":0,"player_choice":"Left Gold","damage_taken":0,"max_hp_gain":0,"max_hp_loss":0,"event_name":"World of Goop","floor":14,"gold_loss":27},{"damage_healed":0,"gold_gain":0,"player_choice":"Ignored","damage_taken":0,"max_hp_gain":0,"max_hp_loss":0,"event_name":"Vampires","floor":22,"gold_loss":0},{"damage_healed":0,"gold_gain":0,"player_choice":"Fought Bandits","damage_taken":0,"max_hp_gain":0,"max_hp_loss":0,"event_name":"Masked Bandits","floor":27,"gold_loss":0}],"is_beta":false,"boss_relics":[{"not_picked":["Black Star","Velvet Choker"],"picked":"infinitespire:Cupcake"}],"items_purged_floors":[20],"is_endless":false,"potions_floor_spawned":[1,7,21],"killed_by":"Masked Bandits","ascension_level":4}}