{"host":"2i0myh7fqij2ti1z","time":1611993918,"event":{"mods":["Aspiration","BaseMod","Better Third Choice","Colored Powertips","Conspire","Evolution","FoggyMod","GifTheSpireLib","Highlight Path","Hubris","Minty Spire (QoL Compilation)","Permanent Neow","Quick Restart","Random Character Button","Random Character Mod","Replay The Spire","Shop Mod","Spicy Shops","StSLib","Stuff the Spire","Wandering Minibosses","óô»ðÖ¸ÄÏ"],"gold_per_floor":[16,116,116,116,116,147,147,147,171,171,29,68,68,203,203,333,333,352,712,811,811,394,394,559,559,559,733,148,157,137,307,316,454,454,473,550,550,252,252,537,537,776,776,1001,1129,1129,1129,1138,546,851,851,701,651,886,1026],"floor_reached":56,"language":"ENG","playtime":3897,"items_purged":["Strike_R","Strike_R","Defend_R","StuffTheSpire:PestControl","Evolve","Endless Agony","Voices","Self Repair+1","Reaper"],"score":2124,"play_id":"52bdaef7-07e4-4c0d-8210-668209a52adf","local_time":"20210130160518","is_ascension_mode":true,"campfire_choices":[{"data":"Twin Strike","floor":8.0,"key":"SMITH"},{"data":"StuffTheSpire:Slingshot","floor":15.0,"key":"SMITH"},{"data":"Offering","floor":23.0,"key":"SMITH"},{"data":"Double Tap","floor":41.0,"key":"SMITH"}],"circlet_count":0,"master_deck":["Twin Strike+1","Acrobatics","StuffTheSpire:Slingshot+1","hubris:StunningStrike+1","Offering+1","Shrug It Off+1","Hemokinesis","Rage","Bloodletting+1","Double Tap+1","ReplayTheSpireMod:Muscle Training","Berserk+1","Sword Boomerang+1","Glacier"],"relics":["StuffTheSpire:OccultApparatus","Black Star","Juzu Bracelet","Ring of Chaos","aspiration:DSix","aspiration:StickyExplosives_weak","Golden Idol","Eternal Feather","Vajra","Strawberry","Iron Core","StuffTheSpire:TintedRock","hubris:TinFlute","hubris:Potato","Replay:Baseball","Replay:Grab Bag","Replay:Bronze Core","Philosopher\u0027s Stone","Ring of Chaos","Replay:Wax Seal","Sling","Blood Vial","InkBottle","Replay:Bottled Flurry","Snack Pack","CeramicFish","aspiration:HummingbirdHeart","hubris:HerbalPaste","StuffTheSpire:DarkSteelAnvil","Chameleon Ring","hubris:Zylophone","StuffTheSpire:Kangaroo","StuffTheSpire:NeowsTribute","Replay:Bandana","Bronze Scales","Replay:WaspNest","Self Forming Clay","hubris:ToyBattleship","aspiration:DSix","Onion Ring","Smiling Mask","Champion Belt","Medical Kit","King of Hearts","hubris:EvacipatedBox","ReplayTheSpireMod:Ring of Challenge","ReplayTheSpireMod:Ring of Exchange","ReplayTheSpireMod:Ninjato","Guide Book","War Paint","BranchBurnRelic","Du-Vu Doll","StuffTheSpire:CocoNut"],"acts_visited":["Exordium","TheCity","TheBeyond","TheEnding"],"potions_floor_usage":[],"damage_taken":[{"damage":6.0,"enemies":"Cultist","floor":1.0,"turns":3.0},{"damage":50.0,"enemies":"Lagavulin","floor":6.0,"turns":7.0},{"damage":0.0,"enemies":"Gremlin Nob","floor":12.0,"turns":3.0},{"damage":20.0,"enemies":"Lagavulin","floor":14.0,"turns":5.0},{"damage":27.0,"enemies":"The Guardian","floor":16.0,"turns":9.0},{"damage":0.0,"enemies":"conspire:FuzzyDice","floor":18.0,"turns":3.0},{"damage":22.0,"enemies":"conspire:SneckoGhost","floor":24.0,"turns":4.0},{"damage":1.0,"enemies":"conspire:Head Lice","floor":27.0,"turns":2.0},{"damage":2.0,"enemies":"Slavers","floor":31.0,"turns":3.0},{"damage":1.0,"enemies":"Champ","floor":33.0,"turns":6.0},{"damage":12.0,"enemies":"3 Darklings","floor":35.0,"turns":3.0},{"damage":41.0,"enemies":"2 Orb Walkers","floor":36.0,"turns":2.0},{"damage":3.0,"enemies":"R_Hoarder","floor":40.0,"turns":3.0},{"damage":33.0,"enemies":"Reptomancer","floor":42.0,"turns":2.0},{"damage":45.0,"enemies":"R_Hoarder","floor":44.0,"turns":3.0},{"damage":10.0,"enemies":"Mind Bloom Boss Battle","floor":45.0,"turns":4.0},{"damage":18.0,"enemies":"Awakened One","floor":50.0,"turns":7.0},{"damage":6,"enemies":"Shield and Spear","floor":54,"turns":2},{"damage":19,"enemies":"The Heart","floor":55,"turns":3}],"seed_played":"-7619313670431841467","potions_obtained":[{"floor":6.0,"key":"Reflective Coating"},{"floor":14.0,"key":"EssenceOfSteel"},{"floor":16.0,"key":"Block Potion"},{"floor":24.0,"key":"SkillPotion"},{"floor":30.0,"key":"FairyPotion"},{"floor":40.0,"key":"DistilledChaos"}],"is_trial":false,"path_per_floor":["M","?","?","T","?","E","?","R","T","?","$","E","?","E","R","B",null,"M","?","?","?","$","R","E","?","T","E","$","?","?","E","R","B",null,"M","?","?","$","?","E","R","E","T","E","?","?","$","?","R","B",null,"R","$","E","B",null],"character_chosen":"IRONCLAD","items_purchased":["StuffTheSpire:Slingshot","Replay:Wax Seal","Sling","Blood Vial","hubris:HerbalPaste","StuffTheSpire:DarkSteelAnvil","Bloodletting","Double Tap","Replay:Bandana","Medical Kit","King of Hearts","hubris:EvacipatedBox","ReplayTheSpireMod:Ninjato","Guide Book","War Paint","Glacier"],"campfire_rested":0,"item_purchase_floors":[11,22,22,22,28,28,28,28,38,47,47,47,49,49,49,52],"current_hp_per_floor":[88,88,88,88,64,20,20,26,33,33,33,33,33,23,29,12,80,80,44,44,44,44,50,40,40,40,55,55,35,35,54,63,94,101,103,76,76,76,76,102,103,72,72,103,103,103,52,52,61,103,103,103,103,104,99],"gold":1026,"neow_bonus":"TWENTY_PERCENT_HP_BONUS","is_daily":false,"chose_seed":false,"campfire_upgraded":4,"win_rate":0.0,"timestamp":1611993918,"path_taken":["M","?","?","?","?","E","?","R","T","?","?","E","?","E","R","BOSS","M","?","?","?","$","R","E","?","T","E","$","?","?","E","R","BOSS","M","?","?","$","?","E","R","E","T","E","?","?","?","?","R","BOSS","R","$","E","BOSS"],"items_purchased_type":["Card","Relic","Relic","Relic","Relic","Relic","Card","Card","Relic","Relic","Relic","Relic","Relic","Relic","Relic","Card"],"build_version":"2020-12-22","purchased_purges":9,"victory":true,"max_hp_per_floor":[96,96,96,96,96,96,96,96,103,103,103,103,103,103,103,103,103,103,103,103,103,103,103,103,103,103,103,103,103,103,103,103,103,103,103,103,103,103,103,103,103,103,103,103,103,103,103,103,103,103,103,103,103,110,110],"card_choices":[{"not_picked":["True Grit","Twin Strike","Clash"],"picked":"SKIP","floor":1.0},{"not_picked":["Pommel Strike","Iron Wave","Ghostly Armor"],"picked":"SKIP","floor":6.0},{"not_picked":["Body Slam","StuffTheSpire:RockThrow","Perfected Strike"],"picked":"SKIP","floor":12.0},{"not_picked":["True Grit","FTL"],"picked":"hubris:StunningStrike","floor":14.0},{"not_picked":["Demonic Infusion","Mirror Shield"],"picked":"Offering","floor":16.0},{"not_picked":["Feel No Pain","Replay:Undeath\u0027s Touch","Warcry"],"picked":"SKIP","floor":18.0},{"not_picked":["Inflame","Headbutt"],"picked":"Hemokinesis","floor":24.0},{"not_picked":["ReplayTheSpireMod:Stacked","StuffTheSpire:Incineration"],"picked":"Rage","floor":27.0},{"not_picked":["Bludgeon","Wild Strike","Twin Strike"],"picked":"SKIP","floor":31.0},{"not_picked":["Hemogenesis","Demon Form"],"picked":"Berserk","floor":33.0},{"not_picked":["Abandon","Carnage","Cleave+1"],"picked":"SKIP","floor":35.0},{"not_picked":["Perfected Strike+1","Wild Strike"],"picked":"Sword Boomerang+1","floor":36.0},{"not_picked":["conspire:Charge+1","conspire:ExplosiveBarrier","StuffTheSpire:Slingshot+1"],"picked":"SKIP","floor":40.0},{"not_picked":["Warcry","hubris:SharpeningStone"],"picked":"Reaper","floor":42.0},{"not_picked":["Bloodletting","Warcry+1","Heavy Blade"],"picked":"SKIP","floor":44.0},{"not_picked":["ReplayTheSpireMod:Limb From Limb","ReplayTheSpireMod:Strike From Hell","Second Wind+1"],"picked":"SKIP","floor":54}],"player_experience":308114,"relics_obtained":[{"floor":4.0,"key":"aspiration:StickyExplosives_weak"},{"floor":6.0,"key":"Eternal Feather"},{"floor":6.0,"key":"Vajra"},{"floor":9.0,"key":"Strawberry"},{"floor":12.0,"key":"StuffTheSpire:TintedRock"},{"floor":12.0,"key":"hubris:TinFlute"},{"floor":14.0,"key":"hubris:Potato"},{"floor":14.0,"key":"Replay:Baseball"},{"floor":24.0,"key":"InkBottle"},{"floor":24.0,"key":"Replay:Bottled Flurry"},{"floor":26.0,"key":"Snack Pack"},{"floor":27.0,"key":"CeramicFish"},{"floor":27.0,"key":"aspiration:HummingbirdHeart"},{"floor":31.0,"key":"Chameleon Ring"},{"floor":31.0,"key":"hubris:Zylophone"},{"floor":36.0,"key":"StuffTheSpire:NeowsTribute"},{"floor":40.0,"key":"Bronze Scales"},{"floor":40.0,"key":"Dead Branch"},{"floor":42.0,"key":"Replay:WaspNest"},{"floor":42.0,"key":"Self Forming Clay"},{"floor":43.0,"key":"hubris:ToyBattleship"},{"floor":44.0,"key":"Onion Ring"},{"floor":44.0,"key":"Smiling Mask"},{"floor":45.0,"key":"Champion Belt"},{"floor":48.0,"key":"ReplayTheSpireMod:Ring of Challenge"},{"floor":48.0,"key":"ReplayTheSpireMod:Ring of Exchange"},{"floor":54,"key":"Du-Vu Doll"},{"floor":54,"key":"StuffTheSpire:CocoNut"}],"event_choices":[{"damage_healed":0.0,"max_hp_gain":0.0,"max_hp_loss":0.0,"gold_gain":100.0,"event_name":"Golden Shrine","player_choice":"Pray","floor":2.0,"gold_loss":0.0,"damage_taken":0.0},{"damage_healed":0.0,"max_hp_gain":0.0,"max_hp_loss":0.0,"gold_gain":0.0,"event_name":"Golden Idol","player_choice":"Take Damage","floor":5.0,"gold_loss":0.0,"damage_taken":24.0,"relics_obtained":["Golden Idol"]},{"damage_healed":0.0,"max_hp_gain":0.0,"max_hp_loss":0.0,"gold_gain":0.0,"event_name":"Match and Keep!","player_choice":"0 cards matched","floor":7.0,"gold_loss":0.0,"damage_taken":0.0,"cards_obtained":[]},{"damage_healed":0.0,"max_hp_gain":0.0,"max_hp_loss":0.0,"gold_gain":360.0,"event_name":"Knowing Skull","player_choice":"GOLD GOLD GOLD GOLD ","floor":19.0,"potions_obtained":[],"gold_loss":0.0,"damage_taken":36.0,"cards_obtained":[]},{"damage_healed":0.0,"max_hp_gain":0.0,"max_hp_loss":0.0,"gold_gain":99.0,"event_name":"betterThird:BetterNest","player_choice":"Steal","floor":20.0,"gold_loss":0.0,"damage_taken":0.0},{"damage_healed":0.0,"max_hp_gain":0.0,"max_hp_loss":0.0,"gold_gain":0.0,"cards_transformed":["Defend_G","Defend_R"],"event_name":"Drug Dealer","player_choice":"Became Test Subject","floor":21.0,"gold_loss":0.0,"damage_taken":0.0,"cards_obtained":["Evolve","Shrug It Off"]},{"cards_removed":["Bash"],"damage_healed":0.0,"max_hp_gain":0.0,"max_hp_loss":0.0,"gold_gain":0.0,"event_name":"Purifier","player_choice":"Purged","floor":25.0,"gold_loss":0.0,"damage_taken":0.0},{"damage_healed":0.0,"max_hp_gain":0.0,"max_hp_loss":0.0,"gold_gain":0.0,"event_name":"The Woman in Blue","player_choice":"Bought 1 Potion","floor":30.0,"gold_loss":0.0,"damage_taken":0.0},{"damage_healed":0.0,"max_hp_gain":0.0,"max_hp_loss":0.0,"gold_gain":0.0,"event_name":"Mysterious Sphere","player_choice":"Fight","floor":36.0,"gold_loss":0.0,"damage_taken":0.0},{"damage_healed":0.0,"max_hp_gain":0.0,"max_hp_loss":0.0,"gold_gain":0.0,"event_name":"Tomb of Lord Red Mask","player_choice":"Ignored","floor":39.0,"gold_loss":0.0,"damage_taken":0.0},{"damage_healed":0.0,"max_hp_gain":0.0,"max_hp_loss":0.0,"gold_gain":0.0,"event_name":"MindBloom","player_choice":"Fight","floor":45.0,"gold_loss":0.0,"damage_taken":0.0},{"damage_healed":0.0,"max_hp_gain":0.0,"max_hp_loss":0.0,"gold_gain":0.0,"event_name":"conspire:Investor","player_choice":"Leave","floor":46.0,"gold_loss":0.0,"damage_taken":0.0}],"is_beta":false,"boss_relics":[{"not_picked":["hubris:TerracottaHorce","ReplayTheSpireMod:DimensionalGlitch"],"picked":"Replay:Grab Bag"},{"not_picked":["hubris:RunicObelisk","Painkiller Herb"],"picked":"Replay:Bronze Core"},{"not_picked":["ChewingGum","aspiration:FutureDiary"],"picked":"Philosopher\u0027s Stone"},{"not_picked":["aspiration:PoetsPen_weak","conspire:RunicOctahedron"],"picked":"Ring of Chaos"},{"not_picked":["Replay:Ancient Bell","Runic Pyramid"],"picked":"StuffTheSpire:Kangaroo"}],"items_purged_floors":[11,22,28,38,47,47,49,52,53],"is_endless":false,"potions_floor_spawned":[6,14,16,24,40,42,44,54],"ascension_level":7}}