{"host":"KYO","time":1611973262,"event":{"mods":["ATMod(°¢èªMod)","BaseMod","Minty Spire (QoL Compilation)","Permanent Neow","Remove Card Discount Mod","Replay The Spire","Shop Mod","StSLib","SuperFastMode","TestMod","[IsaacMod]ÒÔÈö¼âËþ","¡¾ÒÅÎï¿¨ÅÆ¡¿REMEMod"],"gold_per_floor":[115,115,115,136,160,203,222,265,265,281,321,321,305,320,320,415,415,433,447,367,472,173,241,241,282,306,330,344,358,358,392,392,488,488,502,178,209,249,249,287,287,287,314,329,377,397,411,455,455,455,485,485,485,234,273,273],"floor_reached":57,"language":"ZHS","playtime":3792,"items_purged":["Neutralize","Strike_G","Defend_G","Strike_G","Defend_G","Defend_G","Strike_G","Defend_G","Defend_G","Strike_G","Strike_G","Dagger Spray","AT_ArcaneSupremacy"],"score":2715,"play_id":"4daae5c1-8ba4-4009-a873-c91b69dee21f","local_time":"20210130102102","is_ascension_mode":true,"campfire_choices":[{"data":"AT_FamilyPortrait","floor":15.0,"key":"SMITH"},{"data":"ReplayTheSpireMod:Tripwire","floor":24.0,"key":"SMITH"},{"floor":32.0,"key":"RECALL"},{"floor":42,"key":"REST"},{"floor":49,"key":"DIG"},{"floor":53,"key":"DIG"}],"circlet_count":0,"master_deck":["AscendersBane","Survivor+1","Neutralize+1","AT_FamilyPortrait+1","Corpse Explosion+1","Bullet Time+1","Venomology+1","ReplayTheSpireMod:Tripwire+1","REME_GrazeFinale+1","Adrenaline+1","Noxious Fumes+1","ReplayTheSpireMod:Brewmster+1","Dash+1","Escape Plan+1"],"relics":["HushsDoor","AT_ATBox","REME_ComplimentaryCards","testmod-TestBox","MoneyPower","testmod-ArcanaOfDestiny","Runic Pyramid","Golden Idol","Snack Pack","Mirror","AT_SunfireAegis","testmod-BloodSacrificeSpiritualization","Vajra","MerchantsRug","Toy Ornithopter","Blood Vial","HowToJump","Nunchaku","HoveringKite","Oddly Smooth Stone","Shovel","testmod-Antiphasic","Pet Ghost","Art of War","Byrd Skull","Bottled Tornado","SatanicBible","AT_RedTearstoneRing"],"acts_visited":["Exordium","TheCity","TheBeyond","TheEnding"],"potions_floor_usage":[40,40,44,45,46,47,47,48,48,50,50,50,50,50,51,51,51,55,55,55,56,56,56,56,56,56,56,56,56],"damage_taken":[{"damage":0.0,"enemies":"2 Louse","floor":1.0,"turns":3.0},{"damage":0.0,"enemies":"Jaw Worm","floor":4.0,"turns":3.0},{"damage":1.0,"enemies":"Small Slimes","floor":5.0,"turns":2.0},{"damage":12.0,"enemies":"3 Sentries","floor":6.0,"turns":1.0},{"damage":3.0,"enemies":"3 Louse","floor":7.0,"turns":3.0},{"damage":30.0,"enemies":"Gremlin Nob","floor":8.0,"turns":4.0},{"damage":0.0,"enemies":"Gremlin Gang","floor":10.0,"turns":2.0},{"damage":0.0,"enemies":"Lagavulin","floor":11.0,"turns":5.0},{"damage":0.0,"enemies":"Looter","floor":14.0,"turns":2.0},{"damage":2.0,"enemies":"Fading Forest","floor":16.0,"turns":11.0},{"damage":6.0,"enemies":"3 Byrds","floor":18.0,"turns":1.0},{"damage":14.0,"enemies":"Shell Parasite","floor":19.0,"turns":4.0},{"damage":6.0,"enemies":"Book of Stabbing","floor":23.0,"turns":4.0},{"damage":6.0,"enemies":"REME_1_Revenger","floor":25.0,"turns":3.0},{"damage":6.0,"enemies":"3 Cultists","floor":27.0,"turns":2.0},{"damage":6.0,"enemies":"Snake Plant","floor":28.0,"turns":2.0},{"damage":18.0,"enemies":"Book of Stabbing","floor":31.0,"turns":4.0},{"damage":11.0,"enemies":"Automaton","floor":33.0,"turns":4.0},{"damage":4.0,"enemies":"Orb Walker","floor":35.0,"turns":3.0},{"damage":16.0,"enemies":"Mind Bloom Boss Battle","floor":37.0,"turns":5.0},{"damage":24.0,"enemies":"3 Darklings","floor":38.0,"turns":2.0},{"damage":55,"enemies":"Nemesis","floor":40,"turns":8},{"damage":8,"enemies":"4 Shapes","floor":44,"turns":3},{"damage":10,"enemies":"R_Hoarder","floor":45,"turns":6},{"damage":4,"enemies":"Sphere and 2 Shapes","floor":46,"turns":3},{"damage":0,"enemies":"Writhing Mass","floor":47,"turns":4},{"damage":0,"enemies":"Reptomancer","floor":48,"turns":4},{"damage":61,"enemies":"Replay:Hell Engine","floor":50,"turns":7},{"damage":27,"enemies":"Donu and Deca","floor":51,"turns":5},{"damage":24,"enemies":"Shield and Spear","floor":55,"turns":4},{"damage":32,"enemies":"The Heart","floor":56,"turns":7}],"seed_played":"8628852830561897093","potions_obtained":[{"floor":4.0,"key":"Death Potion"},{"floor":6.0,"key":"SpeedPotion"},{"floor":8.0,"key":"SpeedPotion"},{"floor":11.0,"key":"Doom Potion"},{"floor":19.0,"key":"SteroidPotion"},{"floor":23.0,"key":"Poison Potion"},{"floor":31.0,"key":"Cursed Concoction"},{"floor":37.0,"key":"DuplicationPotion"},{"floor":40,"key":"LiquidBronze"},{"floor":55,"key":"testmod-SpacePotion"}],"is_trial":false,"path_per_floor":["M","?","?","M","M","E","M","E","T","M","E","?","$","M","R","B",null,"M","M","?","?","$","E","R","E","T","M","M","$","?","E","R","B",null,"M","$","?","M","?","E","?","R","T","M","E","M","M","E","R","B","B",null,"R","$","E","B",null],"character_chosen":"THE_SILENT","items_purchased":["MerchantsRug","REME_GrazeFinale","Noxious Fumes+1","Oddly Smooth Stone","ReplayTheSpireMod:Brewmster","SatanicBible"],"campfire_rested":1,"item_purchase_floors":[22,22,36,36,36,54],"current_hp_per_floor":[59,59,59,59,58,46,57,27,27,27,33,38,38,38,38,60,64,60,48,48,22,22,65,65,65,65,64,64,64,64,65,65,60,64,65,65,65,65,65,10,5,24,24,65,61,65,65,65,65,66,70,70,70,70,70,70],"gold":273,"neow_bonus":"BOSS_RELIC","is_daily":false,"chose_seed":false,"campfire_upgraded":2,"win_rate":0.0,"timestamp":1611973262,"path_taken":["M","?","?","M","M","E","M","E","T","?","E","?","$","M","R","BOSS","M","?","?","?","$","E","R","E","T","?","M","$","?","E","R","BOSS","M","$","?","M","?","E","?","R","T","M","E","?","M","E","R","BOSS","BOSS","R","$","E","BOSS"],"items_purchased_type":["Relic","Card","Card","Relic","Card","Relic"],"build_version":"2020-12-18","purchased_purges":13,"victory":true,"max_hp_per_floor":[66,66,60,60,60,60,60,60,60,60,60,65,65,65,65,65,65,65,65,65,65,65,65,65,65,65,65,65,65,65,65,65,65,65,65,65,65,65,65,65,65,65,65,65,65,65,65,65,65,70,70,70,70,70,70,70],"card_choices":[{"not_picked":["AT_TinkerSharpsword","Deadly Poison"],"picked":"Dagger Spray","floor":1.0},{"not_picked":["AT_TwilightShroud","Poisoned Stab"],"picked":"Corpse Explosion","floor":4.0},{"not_picked":["PiercingWail","Well Laid Plans","Dagger Spray"],"picked":"SKIP","floor":5.0},{"not_picked":["Prepared","Poisoned Stab"],"picked":"Bullet Time","floor":6.0},{"not_picked":["Blade Dance","AT_TwilightShroud","Noxious Fumes"],"picked":"SKIP","floor":7.0},{"not_picked":["ReplayTheSpireMod:Scrap Shanks","Deadly Poison","Outmaneuver"],"picked":"SKIP","floor":8.0},{"not_picked":["Caltrops","Hidden Blade","AT_ThistleTea"],"picked":"SKIP","floor":10.0},{"not_picked":["AT_WindFlip","Hidden Blade","Concentrate"],"picked":"SKIP","floor":11.0},{"not_picked":["Acrobatics","Backstab"],"picked":"AT_ArcaneSupremacy","floor":14.0},{"not_picked":["Glass Knife","Phantasmal Killer"],"picked":"Venomology","floor":16.0},{"not_picked":["Deadly Poison+1","Expertise","AT_ShadowStep"],"picked":"SKIP","floor":18.0},{"not_picked":["Terror","Dagger Spray","Deadly Poison"],"picked":"SKIP","floor":19.0},{"not_picked":["Terror","AT_WindFlip"],"picked":"ReplayTheSpireMod:Tripwire","floor":21.0},{"not_picked":["Sucker Punch","ReplayTheSpireMod:Speed Training","Malaise"],"picked":"SKIP","floor":23.0},{"not_picked":["PiercingWail","AT_WindFlip","Outmaneuver+1"],"picked":"SKIP","floor":25.0},{"not_picked":["Flying Knee","Choke","Crippling Poison"],"picked":"SKIP","floor":27.0},{"not_picked":["Flying Knee","Choke","Crippling Poison"],"picked":"SKIP","floor":27.0},{"not_picked":["Reflex","Dagger Throw","Sneak Up"],"picked":"SKIP","floor":28.0},{"not_picked":["Phantasmal Killer","Noxious Fumes"],"picked":"Adrenaline","floor":31.0},{"not_picked":["Bane","Underhanded Strike+1","ReplayTheSpireMod:Tripwire"],"picked":"SKIP","floor":35.0},{"not_picked":["Blade Dance","PiercingWail+1","Distraction"],"picked":"SKIP","floor":38.0},{"not_picked":["Tools of the Trade","Caltrops","AT_TinkerSharpsword"],"picked":"SKIP","floor":40},{"not_picked":["Hidden Blade","Cloak And Dagger"],"picked":"Dash+1","floor":44},{"not_picked":["Deflect","All Out Attack","PiercingWail"],"picked":"SKIP","floor":45},{"not_picked":["Deflect","All Out Attack","PiercingWail"],"picked":"SKIP","floor":45},{"not_picked":["Poisoned Stab+1","Acrobatics","Unload"],"picked":"SKIP","floor":46},{"not_picked":["Prepared","Dagger Throw+1","AT_WindRun+1"],"picked":"SKIP","floor":47},{"not_picked":["Quick Slash","Acrobatics","Poisoned Stab"],"picked":"SKIP","floor":48},{"not_picked":["Dash+1","Predator+1"],"picked":"Escape Plan+1","floor":55}],"player_experience":708784,"relics_obtained":[{"floor":6.0,"key":"Happy Flower"},{"floor":8.0,"key":"Snack Pack"},{"floor":9.0,"key":"Mirror"},{"floor":11.0,"key":"AT_SunfireAegis"},{"floor":21.0,"key":"Vajra"},{"floor":23.0,"key":"Toy Ornithopter"},{"floor":25.0,"key":"Blood Vial"},{"floor":26.0,"key":"HowToJump"},{"floor":31.0,"key":"Nunchaku"},{"floor":37.0,"key":"Shovel"},{"floor":40,"key":"testmod-Antiphasic"},{"floor":45,"key":"Pet Ghost"},{"floor":48,"key":"Art of War"},{"floor":49,"key":"Byrd Skull"},{"floor":53,"key":"Bottled Tornado"},{"floor":55,"key":"AT_RedTearstoneRing"}],"event_choices":[{"damage_healed":0.0,"max_hp_gain":0.0,"max_hp_loss":6.0,"gold_gain":0.0,"event_name":"Golden Idol","player_choice":"Lose Max HP","floor":3.0,"gold_loss":0.0,"damage_taken":0.0,"relics_obtained":["Golden Idol"]},{"damage_healed":0.0,"max_hp_gain":5.0,"max_hp_loss":0.0,"gold_gain":0.0,"event_name":"Big Fish","player_choice":"Donut","floor":12.0,"gold_loss":0.0,"damage_taken":0.0},{"damage_healed":0.0,"max_hp_gain":0.0,"max_hp_loss":0.0,"gold_gain":0.0,"event_name":"WeMeetAgain","player_choice":"Gave Potion","floor":30.0,"gold_loss":0.0,"damage_taken":0.0,"relics_obtained":["Replay:Bottled Snecko"]},{"damage_healed":0.0,"max_hp_gain":0.0,"max_hp_loss":0.0,"gold_gain":0.0,"event_name":"MindBloom","player_choice":"Fight","floor":37.0,"gold_loss":0.0,"damage_taken":0.0},{"damage_healed":0,"gold_gain":0,"player_choice":"Punched","damage_taken":5,"max_hp_gain":0,"max_hp_loss":0,"event_name":"Designer","floor":41,"gold_loss":0}],"is_beta":true,"boss_relics":[{"not_picked":["Coffee Dripper","testmod-HarvestTotem"],"picked":"testmod-BloodSacrificeSpiritualization"},{"not_picked":[]},{"not_picked":["Abe\u0027s Treasure","Empty Cage"],"picked":"HoveringKite"},{"not_picked":[]}],"items_purged_floors":[13,13,13,13,13,13,13,13,22,22,22,22,29],"is_endless":false,"potions_floor_spawned":[4,6,8,10,11,16,19,23,31,33,37,40,47,55],"ascension_level":20}}