{"host":"zk71suw73lg2r165","time":1611977743,"event":{"mods":["BaseMod","Colored Map","Minty Spire (QoL Compilation)","Permanent Neow","Relic Stats","StSLib"],"gold_per_floor":[117,129,204,220,220,220,232,267,267,293,32,50,76,95,95,172,172,184,109,159,26,26,59,59,84,111,131,149,160,160,194,194,270,270,288,338,348,268,285,316,328,360,372,410,422,434,446,446],"floor_reached":47,"language":"ENG","playtime":1757,"items_purged":["Strike_B","Strike_B"],"score":1376,"play_id":"57bf55cb-30dd-4f69-96a4-fa437fb176e8","local_time":"20210129223543","is_ascension_mode":true,"campfire_choices":[{"data":"Loop","floor":6.0,"key":"SMITH"},{"data":"Defragment","floor":15.0,"key":"SMITH"},{"data":"Rainbow","floor":24.0,"key":"SMITH"},{"data":"Defragment","floor":30.0,"key":"SMITH"},{"data":"Darkness","floor":32.0,"key":"SMITH"},{"floor":46.0,"key":"RECALL"}],"circlet_count":0,"master_deck":["AscendersBane","Defend_B","Defend_B","Defend_B","Defend_B+1","Zap","Dualcast+1","CurseOfTheBell","Ball Lightning","Loop+1","Ball Lightning","Darkness+1","Defragment+1","Defragment+1","Compile Driver","Chill","Rainbow+1","Glacier","Barrage+1","Hologram+1","Coolheaded","Electrodynamics","Glacier"],"relics":["Calling Bell","MealTicket","HornCleat","Pocketwatch","Kunai","Mercury Hourglass","The Courier","DollysMirror","Meat on the Bone","Snecko Eye","Medical Kit","PreservedInsect","Symbiotic Virus","Lantern","War Paint","Black Star","Gambling Chip","Darkstone Periapt","MawBank","Ornamental Fan","Centennial Puzzle"],"acts_visited":["Exordium","TheCity","TheBeyond"],"potions_floor_usage":[],"damage_taken":[{"damage":2.0,"enemies":"Jaw Worm","floor":1.0,"turns":4.0},{"damage":5.0,"enemies":"2 Louse","floor":2.0,"turns":3.0},{"damage":0.0,"enemies":"Small Slimes","floor":4.0,"turns":3.0},{"damage":11.0,"enemies":"Looter","floor":7.0,"turns":3.0},{"damage":11.0,"enemies":"Lagavulin","floor":8.0,"turns":5.0},{"damage":0.0,"enemies":"Gremlin Nob","floor":10.0,"turns":3.0},{"damage":0.0,"enemies":"2 Fungi Beasts","floor":12.0,"turns":3.0},{"damage":21.0,"enemies":"3 Sentries","floor":13.0,"turns":5.0},{"damage":0.0,"enemies":"Exordium Wildlife","floor":14.0,"turns":3.0},{"damage":0.0,"enemies":"Slime Boss","floor":16.0,"turns":6.0},{"damage":19.0,"enemies":"Shell Parasite","floor":18.0,"turns":3.0},{"damage":34.0,"enemies":"Slavers","floor":23.0,"turns":6.0},{"damage":8.0,"enemies":"Book of Stabbing","floor":25.0,"turns":4.0},{"damage":0.0,"enemies":"Chosen","floor":27.0,"turns":4.0},{"damage":17.0,"enemies":"Snake Plant","floor":28.0,"turns":3.0},{"damage":18.0,"enemies":"Centurion and Healer","floor":29.0,"turns":7.0},{"damage":0.0,"enemies":"Gremlin Leader","floor":31.0,"turns":5.0},{"damage":36.0,"enemies":"Collector","floor":33.0,"turns":10.0},{"damage":0.0,"enemies":"Orb Walker","floor":35.0,"turns":3.0},{"damage":4.0,"enemies":"2 Orb Walkers","floor":36.0,"turns":4.0},{"damage":0.0,"enemies":"3 Shapes","floor":37.0,"turns":3.0},{"damage":0.0,"enemies":"Spire Growth","floor":39.0,"turns":4.0},{"damage":0.0,"enemies":"Reptomancer","floor":40.0,"turns":5.0},{"damage":0.0,"enemies":"Maw","floor":42.0,"turns":7.0},{"damage":13.0,"enemies":"Nemesis","floor":44.0,"turns":3.0},{"damage":66,"enemies":"Reptomancer","floor":47,"turns":3}],"seed_played":"-1733878076647831761","potions_obtained":[{"floor":7.0,"key":"BlessingOfTheForge"},{"floor":12.0,"key":"Dexterity Potion"},{"floor":13.0,"key":"BlessingOfTheForge"},{"floor":23.0,"key":"Block Potion"},{"floor":27.0,"key":"LiquidBronze"},{"floor":28.0,"key":"Explosive Potion"},{"floor":33.0,"key":"SneckoOil"},{"floor":40.0,"key":"ColorlessPotion"}],"is_trial":false,"path_per_floor":["M","M","?","M","?","R","M","E","T","E","$","M","E","M","R","B",null,"M","?","?","$","?","E","R","E","T","M","M","M","R","E","R","B",null,"M","?","M","$","M","E","?","M","T","E","?","R","E"],"character_chosen":"DEFECT","items_purchased":["Defragment","DollysMirror","Medical Kit"],"campfire_rested":0,"item_purchase_floors":[11,11,21],"current_hp_per_floor":[62,57,46,46,39,39,28,17,17,17,32,32,11,23,23,35,62,43,43,43,58,58,36,36,40,40,40,35,29,29,41,41,17,58,58,54,54,69,69,69,69,69,69,56,56,56,0,0],"gold":446,"neow_bonus":"BOSS_RELIC","is_daily":false,"chose_seed":false,"campfire_upgraded":5,"win_rate":0.0,"timestamp":1611977743,"path_taken":["M","M","?","M","?","R","M","E","T","E","$","M","E","M","R","BOSS","M","?","?","?","?","E","R","E","T","M","M","M","R","E","R","BOSS","M","?","M","$","M","E","?","M","T","E","?","R","E"],"items_purchased_type":["Card","Relic","Relic"],"build_version":"2020-12-22","purchased_purges":2,"victory":false,"max_hp_per_floor":[71,71,71,71,71,71,71,71,71,71,71,71,71,71,71,71,71,71,71,71,71,71,71,71,71,71,71,71,71,71,71,71,71,71,71,71,71,71,71,71,71,71,71,71,71,71,71,71],"relic_stats":{"Darkstone Periapt":0,"counters":[26,111],"PreservedInsect":262,"War Paint":["Dualcast","Defend_B"],"Medical Kit":[16],"MawBank":84,"Mercury Hourglass":[446],"Centennial Puzzle":[3],"Ornamental Fan":[0],"Gambling Chip":[27],"Snecko Eye":[134,149,146,168],"MealTicket":45,"Black Star":2,"Kunai":[3],"obtain_stats":[{"Darkstone Periapt":40,"Lantern":26,"The Courier":10,"PreservedInsect":23,"War Paint":31,"Medical Kit":21,"MawBank":40,"Mercury Hourglass":9,"Calling Bell":0,"Centennial Puzzle":44,"HornCleat":0,"DollysMirror":11,"Ornamental Fan":44,"Gambling Chip":36,"Snecko Eye":17,"MealTicket":0,"Black Star":34,"Kunai":8,"Cracked Core":0,"Symbiotic Virus":25,"Pocketwatch":0,"Meat on the Bone":13},{"Darkstone Periapt":23,"Lantern":13,"The Courier":6,"PreservedInsect":12,"War Paint":17,"Medical Kit":11,"MawBank":23,"Mercury Hourglass":5,"Calling Bell":0,"Centennial Puzzle":25,"HornCleat":0,"DollysMirror":6,"Ornamental Fan":25,"Gambling Chip":20,"Snecko Eye":10,"MealTicket":0,"Black Star":18,"Kunai":5,"Cracked Core":0,"Symbiotic Virus":13,"Pocketwatch":0,"Meat on the Bone":8},{"Darkstone Periapt":98,"Lantern":51,"The Courier":21,"PreservedInsect":47,"War Paint":69,"Medical Kit":41,"MawBank":98,"Mercury Hourglass":18,"Calling Bell":0,"Centennial Puzzle":108,"HornCleat":0,"DollysMirror":21,"Ornamental Fan":108,"Gambling Chip":86,"Snecko Eye":38,"MealTicket":0,"Black Star":79,"Kunai":18,"Cracked Core":0,"Symbiotic Virus":51,"Pocketwatch":0,"Meat on the Bone":29}],"Pocketwatch":[159],"Meat on the Bone":96},"card_choices":[{"not_picked":["Beam Cell","Leap"],"picked":"Ball Lightning","floor":1.0},{"not_picked":["Stack","Ball Lightning"],"picked":"Loop","floor":2.0},{"not_picked":["Rebound","Tempest","Aggregate"],"picked":"SKIP","floor":4.0},{"not_picked":["Chaos","Rebound"],"picked":"Ball Lightning","floor":7.0},{"not_picked":["Rip and Tear","Aggregate"],"picked":"Darkness","floor":8.0},{"not_picked":["Heatsinks","Rip and Tear","Steam Power"],"picked":"SKIP","floor":10.0},{"not_picked":["Meteor Strike","Turbo"],"picked":"Compile Driver","floor":12.0},{"not_picked":["Double Energy","Darkness","Rebound"],"picked":"SKIP","floor":13.0},{"not_picked":["Gash","Cold Snap"],"picked":"Chill","floor":14.0},{"not_picked":["Reboot","Fission"],"picked":"Rainbow","floor":16.0},{"not_picked":["Hologram","Go for the Eyes","Streamline"],"picked":"SKIP","floor":18.0},{"not_picked":["Beam Cell","Turbo"],"picked":"Barrage+1","floor":23.0},{"not_picked":["Leap","Go for the Eyes"],"picked":"Hologram+1","floor":25.0},{"not_picked":["Recycle","Hologram+1"],"picked":"Coolheaded","floor":27.0},{"not_picked":["Sunder","Go for the Eyes+1","Beam Cell+1"],"picked":"SKIP","floor":28.0},{"not_picked":["Sunder","Hologram","Consume"],"picked":"SKIP","floor":29.0},{"not_picked":["Loop","Tempest","Machine Learning"],"picked":"SKIP","floor":31.0},{"not_picked":["Biased Cognition","Amplify"],"picked":"Electrodynamics","floor":33.0},{"not_picked":["Recycle","Ball Lightning","Streamline+1"],"picked":"SKIP","floor":35.0},{"not_picked":["Chill","Storm"],"picked":"Glacier","floor":37.0},{"not_picked":["Machine Learning","Hologram","Cold Snap"],"picked":"SKIP","floor":39.0},{"not_picked":["Turbo","Melter+1","Beam Cell"],"picked":"SKIP","floor":40.0},{"not_picked":["Consume","Cold Snap","Scrape+1"],"picked":"SKIP","floor":42.0},{"not_picked":["Stack","Gash","Consume"],"picked":"SKIP","floor":44.0}],"player_experience":1426443,"relics_obtained":[{"floor":0.0,"key":"MealTicket"},{"floor":0.0,"key":"HornCleat"},{"floor":0.0,"key":"Pocketwatch"},{"floor":8.0,"key":"Kunai"},{"floor":9.0,"key":"Mercury Hourglass"},{"floor":10.0,"key":"The Courier"},{"floor":13.0,"key":"Meat on the Bone"},{"floor":23.0,"key":"PreservedInsect"},{"floor":25.0,"key":"Symbiotic Virus"},{"floor":26.0,"key":"Lantern"},{"floor":31.0,"key":"War Paint"},{"floor":36.0,"key":"Gambling Chip"},{"floor":40.0,"key":"Darkstone Periapt"},{"floor":40.0,"key":"MawBank"},{"floor":44.0,"key":"Ornamental Fan"},{"floor":44.0,"key":"Centennial Puzzle"}],"event_choices":[{"damage_healed":0.0,"max_hp_gain":0.0,"max_hp_loss":0.0,"gold_gain":75.0,"event_name":"World of Goop","player_choice":"Gather Gold","floor":3.0,"gold_loss":0.0,"damage_taken":11.0},{"cards_removed":["Strike_B"],"damage_healed":0.0,"max_hp_gain":0.0,"max_hp_loss":0.0,"gold_gain":0.0,"event_name":"Golden Wing","player_choice":"Card Removal","floor":5.0,"gold_loss":0.0,"damage_taken":7.0},{"cards_removed":["Strike_B"],"damage_healed":0.0,"max_hp_gain":0.0,"max_hp_loss":0.0,"gold_gain":0.0,"event_name":"Beggar","player_choice":"Gave Gold","floor":19.0,"gold_loss":75.0,"damage_taken":0.0},{"damage_healed":0.0,"max_hp_gain":0.0,"max_hp_loss":0.0,"gold_gain":50.0,"event_name":"Nest","player_choice":"Stole From Cult","floor":20.0,"gold_loss":0.0,"damage_taken":0.0},{"damage_healed":0.0,"max_hp_gain":0.0,"max_hp_loss":0.0,"gold_gain":0.0,"event_name":"The Library","player_choice":"Read","floor":22.0,"gold_loss":0.0,"damage_taken":0.0,"cards_obtained":["Glacier"]},{"damage_healed":0.0,"max_hp_gain":0.0,"max_hp_loss":0.0,"gold_gain":0.0,"event_name":"Mysterious Sphere","player_choice":"Fight","floor":36.0,"gold_loss":0.0,"damage_taken":0.0},{"damage_healed":0.0,"max_hp_gain":0.0,"max_hp_loss":0.0,"gold_gain":0.0,"event_name":"SensoryStone","player_choice":"Memory 1","floor":41.0,"gold_loss":0.0,"damage_taken":0.0},{"damage_healed":0.0,"max_hp_gain":0.0,"max_hp_loss":0.0,"gold_gain":0.0,"event_name":"Tomb of Lord Red Mask","player_choice":"Ignored","floor":45.0,"gold_loss":0.0,"damage_taken":0.0}],"is_beta":false,"boss_relics":[{"not_picked":["Coffee Dripper","SlaversCollar"],"picked":"Snecko Eye"},{"not_picked":["Tiny House","Empty Cage"],"picked":"Black Star"}],"items_purged_floors":[11,38],"is_endless":false,"potions_floor_spawned":[7,12,13,14,23,27,28,33,36,37,40],"killed_by":"Reptomancer","ascension_level":20}}