{"host":"3vgzk5mhz751jdrj","time":1611971052,"event":{"mods":["2.2 Compatiblity","AchievementEnabler","Act Like it!","Aspiration","BaseMod","Better Altar","Better Match","Better Note","Better Sensory Stone","Better Skull","Better Third Choice","Block Reminder","Colored Map","Conspire","Curses Come First","Dark Map","Displayed Cursed Tome","Downfall","Friendly Minions","GifTheSpireLib","Halation","Hubris","Marked Mod","Mimic Mod","Minty Spire (QoL Compilation)","Quick Restart","Rare Cards Sparkle","Replay The Spire","Shop Mod","Spicy Shops","Spikes Relics","StSLib","Stuff the Spire","TheSurvivalist","Trackpad"],"gold_per_floor":[119,85,99,115,190,225,23,41,65,65,75,75,91,110,110,215,215,232,232,232,232],"floor_reached":20,"language":"ENG","playtime":983,"items_purged":[],"score":201,"play_id":"c1e673fb-42b5-4aa1-897d-5dfdc78e7d66","local_time":"20210129204412","is_ascension_mode":false,"campfire_choices":[{"floor":10,"key":"REST"},{"data":"survmod:Sprint","floor":15,"key":"SMITH"}],"circlet_count":0,"master_deck":["survmod:Strike","survmod:Strike","survmod:Strike","survmod:Strike","survmod:Defend","survmod:Defend","survmod:Defend","survmod:Defend","survmod:VersatileOffense","survmod:Sprint+1","survmod:SkillfulManeuver","survmod:GoForFace","survmod:GoForFace","survmod:MarkedShot","survmod:QuickDash","survmod:GoForFace","survmod:CloseCombat","survmod:HiddenTactic","survmod:GoForFace","survmod:RejectWeakness","survmod:CloseCall","survmod:TakeAim+1"],"relics":["survmod:InnateMutation","NeowsBlessing","Pet Ghost","StuffTheSpire:Gunfinga","conspire:SeveredTorchhead"],"acts_visited":["Exordium","TheCity"],"potions_floor_usage":[6,11,14,18,20],"damage_taken":[{"damage":0,"enemies":"Small Slimes","floor":1,"turns":1},{"damage":0,"enemies":"2 Louse","floor":3,"turns":1},{"damage":0,"enemies":"Cultist","floor":4,"turns":1},{"damage":10,"enemies":"3 Sentries","floor":6,"turns":9},{"damage":2,"enemies":"2 Fungi Beasts","floor":8,"turns":4},{"damage":7,"enemies":"Lots of Slimes","floor":11,"turns":4},{"damage":4,"enemies":"Looter","floor":13,"turns":4},{"damage":0,"enemies":"Large Slime","floor":14,"turns":4},{"damage":6,"enemies":"Hexaghost","floor":16,"turns":9},{"damage":14,"enemies":"conspire:FuzzyDice","floor":18,"turns":6},{"damage":0,"enemies":"3 Byrds","floor":20,"turns":2}],"seed_played":"5906669942008882768","potions_obtained":[{"floor":1,"key":"champ:CounterPotion"},{"floor":6,"key":"DistilledChaos"},{"floor":8,"key":"Adrenaline Potion"},{"floor":11,"key":"LiquidMemories"},{"floor":12,"key":"DuplicationPotion"},{"floor":12,"key":"conspire:TimeTravelPotion"},{"floor":18,"key":"AttackPotion"}],"is_trial":false,"path_per_floor":["M","$","M","M","?","E","$","M","T","R","M","?","M","M","R","B",null,"M","?","M"],"character_chosen":"THE_SURVIVOR","items_purchased":["survmod:GoForFace","survmod:GoForFace","StuffTheSpire:Gunfinga"],"campfire_rested":1,"item_purchase_floors":[2,7,7],"current_hp_per_floor":[50,50,50,50,39,29,29,27,27,42,35,35,31,31,31,25,50,50,50,50,50],"gold":232,"neow_bonus":"THREE_ENEMY_KILL","is_daily":false,"chose_seed":false,"campfire_upgraded":1,"win_rate":0.0,"timestamp":1611971052,"path_taken":["M","$","M","M","?","E","$","M","T","R","M","?","?","M","R","BOSS","M","?","M"],"items_purchased_type":["Card","Card","Relic"],"build_version":"2020-12-22","purchased_purges":0,"victory":false,"max_hp_per_floor":[50,50,50,50,50,50,50,50,50,50,50,50,50,50,50,50,50,50,50,50,50],"card_choices":[{"not_picked":["survmod:UnfortunateEscape","survmod:TakeAim"],"picked":"survmod:SkillfulManeuver","floor":1},{"not_picked":["survmod:HailOfArrows","survmod:FlashbangShot","survmod:ShrapnelTraps"],"picked":"SKIP","floor":3},{"not_picked":["survmod:AcidTrap","survmod:DuckAndFlare"],"picked":"survmod:MarkedShot","floor":4},{"not_picked":["survmod:MarkTrap","survmod:MarkedShot"],"picked":"survmod:QuickDash","floor":6},{"not_picked":["survmod:GoForFace","survmod:FindCover"],"picked":"survmod:CloseCombat","floor":8},{"not_picked":["survmod:FocusedFire","survmod:SimpleMutation"],"picked":"survmod:HiddenTactic","floor":11},{"not_picked":["survmod:SimpleMutation","survmod:TwinShot"],"picked":"survmod:GoForFace","floor":13},{"not_picked":["survmod:UnfortunateEscape","survmod:DuckAndFlare"],"picked":"survmod:RejectWeakness","floor":14},{"not_picked":["survmod:LeapingShot","survmod:EmptyQuiver"],"picked":"survmod:CloseCall","floor":16},{"not_picked":["survmod:VersatileDefense","survmod:NockAnArrow"],"picked":"survmod:TakeAim+1","floor":18}],"player_experience":415543,"relics_obtained":[{"floor":6,"key":"Pet Ghost"}],"event_choices":[{"damage_healed":0,"gold_gain":75,"player_choice":"Gold","damage_taken":11,"max_hp_gain":0,"max_hp_loss":0,"event_name":"betterThird:BetterGoop","floor":5,"gold_loss":0},{"damage_healed":0,"gold_gain":0,"player_choice":"Got Potions","damage_taken":0,"max_hp_gain":0,"max_hp_loss":0,"event_name":"Lab","floor":12,"gold_loss":0},{"damage_healed":0,"gold_gain":0,"player_choice":"Ignored","damage_taken":0,"max_hp_gain":0,"max_hp_loss":0,"event_name":"betterNote:BetterNote","floor":19,"gold_loss":0,"cards_obtained":["Slimebound:FirmFortitude"]}],"is_beta":false,"boss_relics":[{"not_picked":["halation:PinkAlligatorPlush","Philosopher\u0027s Stone"],"picked":"conspire:SeveredTorchhead"}],"items_purged_floors":[],"is_endless":false,"potions_floor_spawned":[1,6,8,11,18],"killed_by":"3 Byrds","ascension_level":0}}