{"host":"58syw52hqfl22t9m","time":1611988110,"event":{"mods":["2.2 Compatiblity","AchievementEnabler","BaseMod","Better Altar","Better Match","Better Note","Better Sensory Stone","Better Skull","Better Third Choice","BetterRewards","Block Reminder","Colored Map","Colored Powertips","Curses Come First","Dark Map","GifTheSpireLib","Highlight Path","Hubris","Infinite Spire","Minty Spire (QoL Compilation)","Monster B Gone","Permanent Neow","Poor People Problems","Random Character Button","Rare Cards Sparkle","Relic Stats","Reliquary","Replay The Spire","Shop Mod","Spicy Shops","StSLib","The Blue Laboratory"],"gold_per_floor":[112,127,143,143,43,58,58,58,58,73,73,96,109,122,122,226,226,243,256,256,256,86,86,86,97,97,97,115,134,134,134],"floor_reached":30,"language":"ENG","playtime":2038,"items_purged":["Strike_P","Defend_P","Defend_P","Strike_P"],"score":432,"play_id":"827e5076-2736-43b4-893a-c66baa52305c","local_time":"20210129222830","is_ascension_mode":true,"campfire_choices":[{"data":"Eruption","floor":7,"key":"SMITH"},{"data":"Study","floor":11,"key":"SMITH"},{"floor":15,"key":"REST"},{"data":"Consecrate","floor":23,"key":"SMITH"},{"floor":27,"key":"REST"}],"circlet_count":0,"master_deck":["Strike_P","Defend_P","Defend_P","Eruption+1","Vigilance","SashWhip","MentalFortress","Halt","Tantrum","Protect","Study+1","DeceiveReality","Establishment","FollowUp","ClearTheMind","Judgement","SandsOfTime","Crescendo+1","Consecrate+1","Replay:AtTheReady"],"relics":["PureWater","Lantern","Eternal Feather","Odd Mushroom","Replay:PocketPolymizer"],"acts_visited":["Exordium","TheCity"],"potions_floor_usage":[12,16,19,24,24,28],"damage_taken":[{"damage":5,"enemies":"Small Slimes","floor":1,"turns":3},{"damage":15,"enemies":"Jaw Worm","floor":2,"turns":3},{"damage":0,"enemies":"2 Louse","floor":3,"turns":1},{"damage":0,"enemies":"Gremlin Gang","floor":6,"turns":3},{"damage":0,"enemies":"Looter","floor":10,"turns":3},{"damage":6,"enemies":"The Mushroom Lair","floor":12,"turns":3},{"damage":4,"enemies":"2 Fungi Beasts","floor":13,"turns":2},{"damage":7,"enemies":"Lots of Slimes","floor":14,"turns":3},{"damage":0,"enemies":"The Guardian","floor":16,"turns":14},{"damage":12,"enemies":"Chosen","floor":18,"turns":7},{"damage":19,"enemies":"Shell Parasite","floor":19,"turns":4},{"damage":0,"enemies":"Centurion and Healer","floor":24,"turns":1},{"damage":36,"enemies":"Snake Plant","floor":25,"turns":4},{"damage":0,"enemies":"Snecko","floor":28,"turns":5},{"damage":24,"enemies":"Centurion and Healer","floor":29,"turns":5},{"damage":37,"enemies":"Snake Plant","floor":30,"turns":2}],"seed_played":"-454506108891068775","potions_obtained":[{"floor":2,"key":"GamblersBrew"},{"floor":13,"key":"blueLaboratory:ArtificerPotion"},{"floor":14,"key":"SkillPotion"},{"floor":16,"key":"BlessingOfTheForge"},{"floor":18,"key":"BlessingOfTheForge"},{"floor":19,"key":"Weak Potion"},{"floor":21,"key":"SmokeBomb"},{"floor":25,"key":"SkillPotion"},{"floor":29,"key":"blueLaboratory:HorrorPotion"}],"is_trial":false,"path_per_floor":["M","M","M","?","$","M","R","?","T","M","R","?","M","M","R","B",null,"M","M","AVR","?","$","R","M","M","T","R","M","M","M"],"character_chosen":"WATCHER","items_purchased":["Lantern","SashWhip","MentalFortress","Consecrate"],"campfire_rested":2,"item_purchase_floors":[0,0,0,22],"current_hp_per_floor":[67,52,52,52,52,52,52,52,52,52,61,55,51,44,72,72,72,60,41,41,41,41,53,53,17,17,50,50,26,0,0],"gold":134,"neow_bonus":"","is_daily":false,"chose_seed":false,"campfire_upgraded":3,"win_rate":0.0,"timestamp":1611988110,"path_taken":["M","M","M","?","$","M","R","?","T","M","R","?","M","M","R","BOSS","M","M","AVR","?","$","R","M","?","T","R","?","M","M"],"items_purchased_type":["Relic","Card","Card","Card"],"build_version":"2020-12-22","purchased_purges":4,"victory":false,"max_hp_per_floor":[72,72,72,72,72,72,72,72,72,72,72,72,72,72,72,72,72,72,72,72,72,72,72,72,72,72,72,72,72,72,72],"relic_stats":{"counters":[134,519],"Eternal Feather":42,"obtain_stats":[{"CeramicFish":32,"Vajra":14,"Sling":8,"Sozu":17,"Strawberry":0,"Prayer Wheel":6,"Iron Hammer":0,"Kunai":21,"Toxic Egg 2":0,"MerchantsRug":38,"Happy Flower":9,"Oddly Smooth Stone":0,"Eternal Feather":9,"Question Card":0,"OrangePellets":38,"SlaversCollar":17,"Molten Egg 2":0,"Nloth\u0027s Gift":20,"Lantern":14,"Regal Pillow":9,"Replay:PocketPolymizer":26,"Juzu Bracelet":21,"hubris:SlimyHat":38,"Ancient Tea Set":0,"Smiling Mask":6,"Nunchaku":0,"hubris:ScarierMask":17,"Tiny Chest":9,"Replay:Bottled Eggs":26,"hubris:GlazedTorus":0,"Gremlin Food":0,"Golden Idol":12,"Guide Book":0,"PreservedInsect":7,"hubris:MedicalManual":12,"Replay:WaspNest":5,"hubris:Towel":3,"Frozen Egg 2":38,"Odd Mushroom":12,"MawBank":12,"Replay:Arrowhead":28,"Mercury Hourglass":0,"Peace Pipe":7,"hubris:BundleOfHerbs":24,"Garlic":26,"Art of War":6,"Membership Card":0,"PureWater":0,"ReplayTheSpireMod:Lightbulb":9,"hubris:OldNail":11,"hubris:BottledRain":26},{"CeramicFish":63,"Vajra":26,"Sling":70,"Sozu":44,"Strawberry":89,"Prayer Wheel":55,"Iron Hammer":34,"Kunai":76,"Toxic Egg 2":9,"MerchantsRug":83,"Happy Flower":12,"Oddly Smooth Stone":50,"Eternal Feather":122,"Question Card":20,"OrangePellets":83,"SlaversCollar":98,"Molten Egg 2":34,"Nloth\u0027s Gift":76,"Lantern":43,"Regal Pillow":94,"Replay:PocketPolymizer":131,"Juzu Bracelet":46,"hubris:SlimyHat":83,"Ancient Tea Set":34,"Smiling Mask":39,"Nunchaku":84,"hubris:ScarierMask":74,"Tiny Chest":5,"Replay:Bottled Eggs":47,"hubris:GlazedTorus":50,"Gremlin Food":89,"Golden Idol":6,"Guide Book":34,"PreservedInsect":5,"hubris:MedicalManual":43,"Replay:WaspNest":86,"hubris:Towel":22,"Frozen Egg 2":83,"Odd Mushroom":124,"MawBank":72,"Replay:Arrowhead":61,"Mercury Hourglass":9,"Peace Pipe":93,"hubris:BundleOfHerbs":112,"Garlic":77,"Art of War":87,"Membership Card":9,"PureWater":0,"ReplayTheSpireMod:Lightbulb":70,"hubris:OldNail":25,"hubris:BottledRain":31},{"CeramicFish":242,"Vajra":89,"Sling":265,"Sozu":163,"Strawberry":344,"Prayer Wheel":200,"Iron Hammer":124,"Kunai":284,"Toxic Egg 2":41,"MerchantsRug":323,"Happy Flower":50,"Oddly Smooth Stone":188,"Eternal Feather":466,"Question Card":79,"OrangePellets":323,"SlaversCollar":377,"Molten Egg 2":124,"Nloth\u0027s Gift":284,"Lantern":152,"Regal Pillow":358,"Replay:PocketPolymizer":507,"Juzu Bracelet":169,"hubris:SlimyHat":323,"Ancient Tea Set":124,"Smiling Mask":140,"Nunchaku":328,"hubris:ScarierMask":277,"Tiny Chest":16,"Replay:Bottled Eggs":173,"hubris:GlazedTorus":188,"Gremlin Food":344,"Golden Idol":18,"Guide Book":124,"PreservedInsect":16,"hubris:MedicalManual":152,"Replay:WaspNest":334,"hubris:Towel":82,"Frozen Egg 2":323,"Odd Mushroom":472,"MawBank":270,"Replay:Arrowhead":230,"Mercury Hourglass":41,"Peace Pipe":356,"hubris:BundleOfHerbs":421,"Garlic":290,"Art of War":340,"Membership Card":41,"PureWater":0,"ReplayTheSpireMod:Lightbulb":265,"hubris:OldNail":87,"hubris:BottledRain":115}]},"card_choices":[{"not_picked":["Indignation","Replay:Battleflow"],"picked":"Halt","floor":1},{"not_picked":["SignatureMove","Perseverance"],"picked":"Tantrum","floor":2},{"not_picked":["Halt","Replay:Vibes"],"picked":"Protect","floor":3},{"not_picked":["SashWhip","Replay:BluntJabs"],"picked":"Study","floor":6},{"not_picked":["FlurryOfBlows","Replay:BluntJabs"],"picked":"DeceiveReality","floor":10},{"not_picked":["EmptyFist","Evaluate"],"picked":"Establishment","floor":12},{"not_picked":["LikeWater","InnerPeace"],"picked":"FollowUp","floor":13},{"not_picked":["Conclude","BowlingBash"],"picked":"ClearTheMind","floor":14},{"not_picked":["MasterReality","LessonLearned"],"picked":"Judgement","floor":16},{"not_picked":["Replay:Cycle+1","Crescendo+1"],"picked":"SandsOfTime","floor":18},{"not_picked":["Replay:Vibes+1","EmptyFist"],"picked":"Crescendo+1","floor":19},{"not_picked":["Protect","Replay:Battleflow","PathToVictory"],"picked":"SKIP","floor":25},{"not_picked":["EmptyFist","JustLucky","Consecrate"],"picked":"SKIP","floor":28},{"not_picked":["ThirdEye+1","Collect","Replay:BluntJabs"],"picked":"SKIP","floor":29}],"player_experience":433470,"relics_obtained":[{"floor":9,"key":"Eternal Feather"},{"floor":12,"key":"Odd Mushroom"},{"floor":26,"key":"Replay:PocketPolymizer"}],"event_choices":[{"damage_healed":0,"gold_gain":0,"player_choice":"Fought Mushrooms","damage_taken":0,"max_hp_gain":0,"max_hp_loss":0,"event_name":"Mushrooms","floor":12,"gold_loss":0},{"damage_healed":0,"gold_gain":0,"player_choice":"Got Potions","damage_taken":0,"max_hp_gain":0,"max_hp_loss":0,"event_name":"Lab","floor":21,"gold_loss":0}],"is_beta":false,"boss_relics":[{"not_picked":["hubris:TerracottaHorce","Abe\u0027s Treasure","Coffee Dripper"]}],"items_purged_floors":[0,5,20,22],"is_endless":false,"potions_floor_spawned":[2,13,14,16,18,19,25,29],"killed_by":"Snake Plant","ascension_level":3}}