{"host":"x730sfaw5rd1mxd8","time":1611970810,"event":{"mods":["BaseMod","BetterRewards","Colored Powertips","Highlight Path","Minty Spire (QoL Compilation)","Relic Sorter","Relic Stats","Replay The Spire","StSLib"],"gold_per_floor":[110,110,122,142,159,159,185,185,185,210,226,226,256,269,269,342,342,362,377,395,245,257,289,289,317,363,374,409,409,409,420,420,492,592,610,610,623,640,640,669,682,682,682,707,771,871,871,901,901,901,901,901,73,103,103],"floor_reached":56,"language":"ENG","playtime":3308,"items_purged":["Strike_R","Strike_R","Strike_R","Strike_R","Cleave"],"score":2482,"play_id":"a3dcb260-d3d7-416e-9533-67f10e2d1678","local_time":"20210129204010","is_ascension_mode":true,"campfire_choices":[{"data":"Whirlwind","floor":6.0,"key":"SMITH"},{"data":"Disarm","floor":8.0,"key":"SMITH"},{"data":"Flame Barrier","floor":12.0,"key":"SMITH"},{"data":"Evolve","floor":15.0,"key":"SMITH"},{"data":"Rage","floor":24.0,"key":"SMITH"},{"data":"Demon Form","floor":30.0,"key":"SMITH"},{"data":"Rupture","floor":32.0,"key":"SMITH"},{"data":"Power Through","floor":42.0,"key":"SMITH"},{"data":"ReplayTheSpireMod:Muscle Training","floor":47.0,"key":"SMITH"},{"floor":49,"key":"RECALL"},{"data":"Metallicize","floor":52,"key":"SMITH"}],"circlet_count":0,"master_deck":["AscendersBane","Defend_R","Defend_R","Defend_R","Defend_R","Bash","Battle Trance","Evolve+1","Wild Strike","Twin Strike+1","Twin Strike+1","Metallicize+1","Fire Breathing","Whirlwind+1","ReplayTheSpireMod:Muscle Training+1","Pommel Strike","Disarm+1","Shrug It Off","Flame Barrier+1","Immolate+1","Headbutt+1","Immolate+1","Rupture+1","Clothesline+1","Rage+1","ReplayTheSpireMod:Corrosion Curse+1","Twin Strike+1","Demon Form+1","Anger+1","Metallicize","ReplayTheSpireMod:Stacked","Feed+1","Inflame","ReplayTheSpireMod:Stacked","Power Through+1","Anger+1","Juggernaut+1","Seeing Red","Corruption+1","Ghostly Armor","Anger+1"],"relics":["Burning Blood","Anchor","OrangePellets","Replay:Bottled Eggs","ReplayTheSpireMod:Lightbulb","Question Card","Ice Cream","Pocketwatch","Vajra","Molten Egg 2","Paper Frog","MealTicket","Pantograph","Honey Jar","Snack Pack","Centennial Puzzle","FossilizedHelix","Replay:Wanted Poster","Omamori","Garlic","Bottled Tornado","Ornamental Fan","Another Sword","Incense Burner","Guide Book","Bag of Preparation","TungstenRod"],"acts_visited":["Exordium","TheCity","TheBeyond","TheEnding"],"potions_floor_usage":[54,54,55],"damage_taken":[{"damage":0.0,"enemies":"Small Slimes","floor":1.0,"turns":2.0},{"damage":1.0,"enemies":"Cultist","floor":3.0,"turns":2.0},{"damage":1.0,"enemies":"Jaw Worm","floor":4.0,"turns":2.0},{"damage":0.0,"enemies":"2 Fungi Beasts","floor":5.0,"turns":2.0},{"damage":12.0,"enemies":"Lagavulin","floor":7.0,"turns":5.0},{"damage":11.0,"enemies":"3 Sentries","floor":10.0,"turns":3.0},{"damage":7.0,"enemies":"Gremlin Gang","floor":11.0,"turns":3.0},{"damage":17.0,"enemies":"Replay:BlueRogue","floor":13.0,"turns":5.0},{"damage":0.0,"enemies":"Exordium Wildlife","floor":14.0,"turns":2.0},{"damage":41.0,"enemies":"Hexaghost","floor":16.0,"turns":9.0},{"damage":2.0,"enemies":"Shell Parasite","floor":18.0,"turns":2.0},{"damage":0.0,"enemies":"Chosen","floor":19.0,"turns":3.0},{"damage":0.0,"enemies":"3 Cultists","floor":20.0,"turns":2.0},{"damage":1.0,"enemies":"Cultist and Chosen","floor":22.0,"turns":4.0},{"damage":6.0,"enemies":"Replay:Snechameleon","floor":23.0,"turns":5.0},{"damage":7.0,"enemies":"Book of Stabbing","floor":25.0,"turns":4.0},{"damage":2.0,"enemies":"Centurion and Healer","floor":27.0,"turns":4.0},{"damage":4.0,"enemies":"Replay:Snechameleon","floor":28.0,"turns":5.0},{"damage":0.0,"enemies":"3 Cultists","floor":31.0,"turns":2.0},{"damage":33.0,"enemies":"Automaton","floor":33.0,"turns":8.0},{"damage":0.0,"enemies":"3 Darklings","floor":35.0,"turns":2.0},{"damage":0.0,"enemies":"Orb Walker","floor":37.0,"turns":3.0},{"damage":0.0,"enemies":"Spire Growth","floor":38.0,"turns":4.0},{"damage":9.0,"enemies":"Giant Head","floor":40.0,"turns":8.0},{"damage":0.0,"enemies":"3 Darklings","floor":41.0,"turns":3.0},{"damage":0.0,"enemies":"R_Hoarder","floor":44.0,"turns":7.0},{"damage":0.0,"enemies":"Reptomancer","floor":48.0,"turns":4.0},{"damage":15,"enemies":"Donu and Deca","floor":50,"turns":7},{"damage":33,"enemies":"Shield and Spear","floor":54,"turns":4},{"damage":34,"enemies":"The Heart","floor":55,"turns":7}],"seed_played":"3357578505342412185","potions_obtained":[{"floor":7.0,"key":"Dexterity Potion"},{"floor":10.0,"key":"BlessingOfTheForge"},{"floor":11.0,"key":"Strength Potion"},{"floor":13.0,"key":"LiquidMemories"},{"floor":16.0,"key":"ColorlessPotion"},{"floor":20.0,"key":"PowerPotion"},{"floor":23.0,"key":"ColorlessPotion"},{"floor":28.0,"key":"SkillPotion"},{"floor":35.0,"key":"Fire Potion"},{"floor":40.0,"key":"AttackPotion"},{"floor":41.0,"key":"Reflective Coating"},{"floor":45.0,"key":"SpeedPotion"}],"is_trial":false,"path_per_floor":["M","?","M","M","M","R","E","R","T","E","M","R","E","M","R","B",null,"M","M","M","$","M","E","R","E","T","M","E","?","R","M","R","B",null,"M","?","M","M","?","E","M","R","T","E","?","?","R","E","R","B",null,"R","$","E","B",null],"character_chosen":"IRONCLAD","items_purchased":["Anchor","OrangePellets","Battle Trance","Evolve","Wild Strike","Twin Strike","Replay:Bottled Eggs","ReplayTheSpireMod:Lightbulb","Question Card","Metallicize","Ice Cream","Pocketwatch","Fire Breathing","Whirlwind","Vajra","Incense Burner","Guide Book","Block Potion","Bag of Preparation"],"campfire_rested":0,"item_purchase_floors":[0,0,0,0,0,0,0,0,0,0,0,0,0,0,0,53,53,53,53],"current_hp_per_floor":[78,78,80,80,80,80,74,74,74,69,68,68,57,63,63,45,71,75,80,80,80,80,80,80,80,80,80,80,65,65,71,71,60,79,85,85,85,89,89,89,89,89,89,89,67,67,67,79,79,86,91,91,93,68,75],"gold":103,"neow_bonus":"","is_daily":false,"chose_seed":false,"campfire_upgraded":10,"win_rate":0.0,"timestamp":1611970810,"path_taken":["M","?","M","M","M","R","E","R","T","E","?","R","E","M","R","BOSS","M","M","M","$","M","E","R","E","T","M","E","?","R","M","R","BOSS","M","?","M","?","?","E","M","R","T","E","?","?","R","E","R","BOSS","R","$","E","BOSS"],"items_purchased_type":["Relic","Relic","Card","Card","Card","Card","Relic","Relic","Relic","Card","Relic","Relic","Card","Card","Relic","Relic","Relic","Potion","Relic"],"build_version":"2020-12-22","purchased_purges":5,"victory":true,"max_hp_per_floor":[80,80,80,80,80,80,80,80,80,80,80,80,80,80,80,80,80,80,80,80,80,80,80,80,80,80,80,80,85,85,85,85,85,85,85,85,85,89,89,89,89,89,89,89,89,89,89,89,89,93,93,93,93,93,93],"relic_stats":{"OrangePellets":[34],"Centennial Puzzle":[51],"counters":[251,1133],"Ornamental Fan":[52],"Pantograph":66,"MealTicket":2,"Bag of Preparation":[4],"Question Card":29,"obtain_stats":[{"Golden Egg":8,"Replay:Accelerometer":52,"Whetstone":14,"Bottled Tornado":44,"Boot":53,"Old Coin":47,"Blood Vial":20,"Replay:Wanted Poster":34,"Replay:Ringing Soul":54,"Sundial":28,"MealTicket":27,"Kunai":53,"Electric Blood":17,"Blue Candle":30,"Velvet Choker":19,"Akabeko":27,"SlaversCollar":17,"Bird Faced Urn":12,"Pandora\u0027s Box":34,"Mark of Pain":0,"Abe\u0027s Treasure":17,"Unceasing Top":49,"Singing Bowl":10,"Torii":0,"Magic Flower":11,"StoneCalendar":14,"Bag of Preparation":9,"Cursed Key":34,"Smiling Mask":24,"Burning Blood":0,"Pet Ghost":23,"Replay:Rubber Ducky":0,"Matryoshka":0,"Shovel":46,"Chemical X":41,"Replay:Bottled Eggs":27,"Paper Frog":9,"Potion Belt":48,"Golden Idol":11,"Self Forming Clay":7,"Thread and Needle":50,"The Courier":14,"PreservedInsect":22,"Omamori":40,"Frozen Egg 2":0,"MawBank":26,"Busted Crown":17,"Ornamental Fan":50,"Turnip":46,"Art of War":40,"Garlic":32,"Champion Belt":56,"Bottled Lightning":9,"ReplayTheSpireMod:Lightbulb":0,"Ice Cream":14,"Divine Protection":42,"Gremlin Horn":9,"CeramicFish":43,"Vajra":0,"Centennial Puzzle":9,"Strawberry":28,"Honey Jar":17,"Philosopher\u0027s Stone":17,"Iron Hammer":0,"Toxic Egg 2":9,"Girya":19,"Happy Flower":27,"ReplayTheSpireMod:CursedCoin":0,"Dead Branch":13,"Oddly Smooth Stone":26,"Charon\u0027s Ashes":39,"War Paint":8,"Question Card":0,"OrangePellets":53,"Replay:Baseball":38,"ReplayTheSpireMod:Spearhead":24,"ReplayTheSpireMod:Shallot":30,"Shuriken":55,"Bronze Scales":12,"Simple Rune":28,"Onion Ring":45,"Molten Egg 2":7,"ReplayTheSpireMod:TigerMarble":13,"Grinning Jar":25,"Pocketwatch":0,"Darkstone Periapt":5,"ReplayFunnel":19,"Iron Core":3,"Mango":6,"Juzu Bracelet":42,"Incense Burner":12,"Replay:Mystery Machine":0,"ClockworkSouvenir":0,"Dream Catcher":43,"Nunchaku":38,"Replay:Bandana":0,"TheAbacus":0,"Chameleon Ring":24,"Mummified Hand":0,"Pantograph":23,"Gambling Chip":24,"Replay:Bottled Snecko":6,"Red Skull":6,"Runic Pyramid":34,"Gremlin Food":0,"Quantum Egg":32,"Guide Book":53,"Replay:WaspNest":0,"Orichalcum":48,"White Beast Statue":0,"Mercury Hourglass":43,"Anchor":10,"CaptainsWheel":49,"Another Sword":42,"Snack Pack":8,"Membership Card":0,"TungstenRod":40,"FossilizedHelix":28},{"Golden Egg":68,"Replay:Accelerometer":153,"Whetstone":70,"Bottled Tornado":247,"Boot":153,"Old Coin":88,"Blood Vial":26,"Replay:Wanted Poster":241,"Replay:Ringing Soul":220,"Sundial":108,"MealTicket":58,"Kunai":153,"Electric Blood":51,"Blue Candle":30,"Velvet Choker":72,"Akabeko":138,"SlaversCollar":24,"Bird Faced Urn":22,"Pandora\u0027s Box":208,"Mark of Pain":0,"Abe\u0027s Treasure":102,"Unceasing Top":120,"Singing Bowl":21,"Torii":186,"Magic Flower":49,"StoneCalendar":166,"Bag of Preparation":68,"Cursed Key":31,"Smiling Mask":106,"Burning Blood":0,"Pet Ghost":56,"Replay:Rubber Ducky":93,"Matryoshka":93,"Shovel":151,"Chemical X":114,"Replay:Bottled Eggs":78,"Paper Frog":226,"Potion Belt":119,"Golden Idol":5,"Self Forming Clay":97,"Thread and Needle":90,"The Courier":7,"PreservedInsect":11,"Omamori":245,"Frozen Egg 2":14,"MawBank":106,"Busted Crown":8,"Ornamental Fan":120,"Turnip":38,"Art of War":36,"Garlic":109,"Champion Belt":92,"Bottled Lightning":129,"ReplayTheSpireMod:Lightbulb":93,"Ice Cream":23,"Divine Protection":148,"Gremlin Horn":20,"CeramicFish":115,"Vajra":221,"Centennial Puzzle":5,"Strawberry":13,"Honey Jar":231,"Philosopher\u0027s Stone":167,"Iron Hammer":155,"Toxic Egg 2":192,"Girya":134,"Happy Flower":203,"ReplayTheSpireMod:CursedCoin":155,"Dead Branch":165,"Oddly Smooth Stone":57,"Charon\u0027s Ashes":213,"War Paint":163,"Question Card":221,"OrangePellets":219,"Replay:Baseball":83,"ReplayTheSpireMod:Spearhead":202,"ReplayTheSpireMod:Shallot":206,"Shuriken":91,"Bronze Scales":6,"Simple Rune":78,"Onion Ring":116,"Molten Egg 2":226,"ReplayTheSpireMod:TigerMarble":132,"Grinning Jar":137,"Pocketwatch":41,"Darkstone Periapt":18,"ReplayFunnel":103,"Iron Core":188,"Mango":19,"Juzu Bracelet":87,"Incense Burner":131,"Replay:Mystery Machine":93,"ClockworkSouvenir":123,"Dream Catcher":37,"Nunchaku":83,"Replay:Bandana":123,"TheAbacus":61,"Chameleon Ring":170,"Mummified Hand":155,"Pantograph":12,"Gambling Chip":27,"Replay:Bottled Snecko":161,"Red Skull":47,"Runic Pyramid":142,"Gremlin Food":155,"Quantum Egg":80,"Guide Book":249,"Replay:WaspNest":93,"Orichalcum":218,"White Beast Statue":155,"Mercury Hourglass":181,"Anchor":69,"CaptainsWheel":152,"Another Sword":181,"Snack Pack":48,"Membership Card":93,"TungstenRod":214,"FossilizedHelix":239},{"Golden Egg":270,"Replay:Accelerometer":693,"Whetstone":276,"Bottled Tornado":1111,"Boot":693,"Old Coin":374,"Blood Vial":107,"Replay:Wanted Poster":1084,"Replay:Ringing Soul":1002,"Sundial":475,"MealTicket":230,"Kunai":693,"Electric Blood":208,"Blue Candle":123,"Velvet Choker":287,"Akabeko":613,"SlaversCollar":100,"Bird Faced Urn":86,"Pandora\u0027s Box":935,"Mark of Pain":0,"Abe\u0027s Treasure":449,"Unceasing Top":539,"Singing Bowl":82,"Torii":830,"Magic Flower":200,"StoneCalendar":746,"Bag of Preparation":270,"Cursed Key":130,"Smiling Mask":466,"Burning Blood":0,"Pet Ghost":224,"Replay:Rubber Ducky":411,"Matryoshka":411,"Shovel":679,"Chemical X":510,"Replay:Bottled Eggs":311,"Paper Frog":1023,"Potion Belt":538,"Golden Idol":17,"Self Forming Clay":425,"Thread and Needle":385,"The Courier":25,"PreservedInsect":40,"Omamori":1101,"Frozen Egg 2":51,"MawBank":466,"Busted Crown":30,"Ornamental Fan":539,"Turnip":156,"Art of War":146,"Garlic":481,"Champion Belt":400,"Bottled Lightning":578,"ReplayTheSpireMod:Lightbulb":411,"Ice Cream":93,"Divine Protection":660,"Gremlin Horn":78,"CeramicFish":521,"Vajra":1010,"Centennial Puzzle":17,"Strawberry":48,"Honey Jar":1045,"Philosopher\u0027s Stone":751,"Iron Hammer":713,"Toxic Egg 2":857,"Girya":598,"Happy Flower":908,"ReplayTheSpireMod:CursedCoin":713,"Dead Branch":743,"Oddly Smooth Stone":226,"Charon\u0027s Ashes":957,"War Paint":736,"Question Card":1010,"OrangePellets":999,"Replay:Baseball":343,"ReplayTheSpireMod:Spearhead":903,"ReplayTheSpireMod:Shallot":922,"Shuriken":395,"Bronze Scales":20,"Simple Rune":311,"Onion Ring":524,"Molten Egg 2":1023,"ReplayTheSpireMod:TigerMarble":589,"Grinning Jar":609,"Pocketwatch":170,"Darkstone Periapt":65,"ReplayFunnel":454,"Iron Core":838,"Mango":73,"Juzu Bracelet":367,"Incense Burner":585,"Replay:Mystery Machine":411,"ClockworkSouvenir":554,"Dream Catcher":151,"Nunchaku":343,"Replay:Bandana":554,"TheAbacus":244,"Chameleon Ring":764,"Mummified Hand":713,"Pantograph":44,"Gambling Chip":111,"Replay:Bottled Snecko":730,"Red Skull":189,"Runic Pyramid":629,"Gremlin Food":713,"Quantum Egg":320,"Guide Book":1122,"Replay:WaspNest":411,"Orichalcum":988,"White Beast Statue":713,"Mercury Hourglass":808,"Anchor":273,"CaptainsWheel":682,"Another Sword":808,"Snack Pack":196,"Membership Card":411,"TungstenRod":963,"FossilizedHelix":1074}],"Burning Blood":121,"TungstenRod":35,"Pocketwatch":[159]},"card_choices":[{"not_picked":["Seeing Red","Perfected Strike","Dropkick"],"picked":"ReplayTheSpireMod:Muscle Training","floor":1.0},{"not_picked":["Second Wind","Armaments","True Grit"],"picked":"Cleave","floor":3.0},{"not_picked":["Feel No Pain","Iron Wave","Combust"],"picked":"Disarm","floor":4.0},{"not_picked":["Abandon","Dropkick","Searing Blow"],"picked":"Shrug It Off","floor":5.0},{"not_picked":["Dropkick+1","Armaments","Dark Embrace"],"picked":"Flame Barrier","floor":7.0},{"not_picked":["Dark Embrace","Flex","Thunderclap+1"],"picked":"Immolate+1","floor":10.0},{"not_picked":["Carnage+1","Run Through+1","Armaments","Massacre+1"],"picked":"SKIP","floor":11.0},{"not_picked":["Wild Strike+1","Pommel Strike+1","True Grit"],"picked":"Headbutt+1","floor":13.0},{"not_picked":["Flex","Sentinel","Life Link","ReplayReversal"],"picked":"SKIP","floor":14.0},{"not_picked":["Double Tap","Demonic Infusion","Eclipse"],"picked":"Immolate+1","floor":16.0},{"not_picked":["Flex","ReplayReversal+1","Sword Boomerang+1","Twin Strike+1"],"picked":"Rupture","floor":18.0},{"not_picked":["Replay:Undeath\u0027s Touch+1","Sword Boomerang+1","Bloodletting","Perfected Strike+1"],"picked":"Clothesline+1","floor":19.0},{"not_picked":["Anger+1","Cleave+1","Intimidate","Pummel+1"],"picked":"Rage","floor":20.0},{"not_picked":["Heavy Blade+1","Headbutt+1","Twin Strike+1","Pummel+1"],"picked":"ReplayTheSpireMod:Corrosion Curse+1","floor":22.0},{"not_picked":["Bludgeon+1","Carnage+1","Anger+1","Replay:Undeath\u0027s Touch+1"],"picked":"Twin Strike+1","floor":23.0},{"not_picked":["Headbutt+1","Havoc","Flex","ReplayTheSpireMod:Muscle Training"],"picked":"Demon Form","floor":25.0},{"not_picked":["Warcry","Headbutt+1","Heavy Blade+1","Body Slam+1"],"picked":"Anger+1","floor":27.0},{"not_picked":["Body Slam+1","Massacre+1","Cleave+1","Burning Pact"],"picked":"Metallicize","floor":28.0},{"not_picked":["Armaments+1","Thunderclap+1","Replay:Undeath\u0027s Touch+1","ReplayTheSpireMod:Strike From Hell+1"],"picked":"ReplayTheSpireMod:Stacked","floor":31.0},{"not_picked":["Exhume","Demon Form","Offering","Berserk"],"picked":"Feed+1","floor":33.0},{"not_picked":["Whirlwind+1","Fire Breathing","Twin Strike+1","Wild Strike+1"],"picked":"Inflame","floor":35.0},{"not_picked":["ReplayTheSpireMod:LeadingStrike+1","Iron Wave+1","Shrug It Off","Replay:Undeath\u0027s Touch+1"],"picked":"ReplayTheSpireMod:Stacked","floor":37.0},{"not_picked":["Perfected Strike+1","Abandon+1","Dropkick+1","Sever Soul+1"],"picked":"Power Through","floor":38.0},{"not_picked":["Thunderclap+1","Pommel Strike+1","Perfected Strike+1","Heavy Blade+1"],"picked":"Anger+1","floor":40.0},{"not_picked":["Clash+1","Thunderclap+1","Armaments","Sever Soul+1"],"picked":"Juggernaut","floor":41.0},{"not_picked":["Flex","Cleave+1","Clash+1","ReplayTheSpireMod:Limb From Limb+1"],"picked":"Seeing Red","floor":44.0},{"not_picked":["Abandon+1","Body Slam+1","Battle Trance+1","Twin Strike+1"],"picked":"Corruption","floor":45.0},{"not_picked":["Run Through+1","Dual Wield","Abandon","Clash+1"],"picked":"Ghostly Armor","floor":48.0},{"not_picked":["Evolve+1","Rupture","Clothesline+1","Thunderclap+1"],"picked":"Anger+1","floor":54}],"player_experience":4040642,"relics_obtained":[{"floor":7.0,"key":"Molten Egg 2"},{"floor":9.0,"key":"Paper Frog"},{"floor":10.0,"key":"MealTicket"},{"floor":13.0,"key":"Pantograph"},{"floor":23.0,"key":"Snack Pack"},{"floor":25.0,"key":"Centennial Puzzle"},{"floor":28.0,"key":"FossilizedHelix"},{"floor":40.0,"key":"Omamori"},{"floor":43.0,"key":"Garlic"},{"floor":44.0,"key":"Bottled Tornado"},{"floor":45.0,"key":"Ornamental Fan"},{"floor":48.0,"key":"Another Sword"},{"floor":54,"key":"TungstenRod"}],"event_choices":[{"damage_healed":0.0,"max_hp_gain":0.0,"max_hp_loss":0.0,"gold_gain":0.0,"cards_transformed":["Strike_R"],"event_name":"Transmorgrifier","player_choice":"Transformed","floor":2.0,"gold_loss":0.0,"damage_taken":0.0,"cards_obtained":["Pommel Strike"]},{"damage_healed":0.0,"max_hp_gain":5.0,"max_hp_loss":0.0,"gold_gain":0.0,"event_name":"Forgotten Altar","player_choice":"Shed Blood","floor":29.0,"gold_loss":0.0,"damage_taken":20.0},{"damage_healed":0.0,"max_hp_gain":0.0,"max_hp_loss":0.0,"gold_gain":0.0,"event_name":"Wheel of Change","player_choice":"Full Heal","floor":36.0,"gold_loss":0.0,"damage_taken":0.0},{"damage_healed":0.0,"max_hp_gain":0.0,"max_hp_loss":0.0,"gold_gain":100.0,"event_name":"Golden Shrine","player_choice":"Pray","floor":46.0,"gold_loss":0.0,"damage_taken":0.0}],"is_beta":false,"boss_relics":[{"not_picked":["SlaversCollar","Cursed Key"],"picked":"Honey Jar"},{"not_picked":["Empty Cage","Kintsugi"],"picked":"Replay:Wanted Poster"}],"items_purged_floors":[0,0,0,21,53],"is_endless":false,"potions_floor_spawned":[7,10,11,13,16,20,23,28,35,40,41],"ascension_level":13}}