{"host":"f1ywytio1xmbwkwz","time":1611982575,"event":{"mods":["BaseMod","Minty Spire (QoL Compilation)","Relic Stats","StSLib","The Cursed"],"gold_per_floor":[112,131,131,155,120,163,179,179,179,214,214,232,271,446,446,570,570,594,615,530,70,70,70,95,95,95],"floor_reached":25,"language":"ENG","playtime":846,"items_purged":[],"score":287,"play_id":"b969bd7e-5442-47b4-8b45-9afb8ef7fa82","local_time":"20210129215615","is_ascension_mode":true,"campfire_choices":[{"data":"Metallicize","floor":8,"key":"SMITH"},{"data":"Infernal Blade","floor":11,"key":"SMITH"},{"floor":15,"key":"REST"},{"data":"Metallicize","floor":23,"key":"SMITH"}],"circlet_count":0,"master_deck":["Strike_R","Strike_R","Strike_R","Strike_R","Strike_R","Defend_R","Defend_R","Defend_R","Defend_R","Bash","Anger","Infernal Blade+1","Clothesline","Metallicize+1","Shrug It Off","Inflame","Metallicize+1","Thunderclap","Doubt","Bludgeon","Entrench","Rampage+1","Cleave","Immolate","Pummel","Spot Weakness"],"relics":["Burning Blood","NeowsBlessing","Golden Idol","Potion Belt","Darkstone Periapt","Gambling Chip","Regal Pillow","Cursed Key","Singing Bowl","Orichalcum","Frozen Egg 2"],"acts_visited":["Exordium","TheCity"],"potions_floor_usage":[6,12,13,16,24],"damage_taken":[{"damage":0,"enemies":"Jaw Worm","floor":1,"turns":1},{"damage":0,"enemies":"Small Slimes","floor":2,"turns":2},{"damage":0,"enemies":"Cultist","floor":4,"turns":1},{"damage":31,"enemies":"Gremlin Nob","floor":6,"turns":4},{"damage":11,"enemies":"Large Slime","floor":7,"turns":6},{"damage":17,"enemies":"3 Sentries","floor":10,"turns":8},{"damage":0,"enemies":"Blue Slaver","floor":12,"turns":1},{"damage":17,"enemies":"Gremlin Nob","floor":13,"turns":4},{"damage":27,"enemies":"Slime Boss","floor":16,"turns":9},{"damage":2,"enemies":"Chosen","floor":18,"turns":4},{"damage":35,"enemies":"2 Thieves","floor":19,"turns":4},{"damage":26,"enemies":"Shelled Parasite and Fungi","floor":24,"turns":5},{"damage":40,"enemies":"Slavers","floor":25,"turns":3}],"seed_played":"-7133350765916703469","potions_obtained":[{"floor":1,"key":"Ancient Potion"},{"floor":2,"key":"DuplicationPotion"},{"floor":10,"key":"Fire Potion"},{"floor":12,"key":"LiquidMemories"},{"floor":19,"key":"Explosive Potion"}],"is_trial":false,"path_per_floor":["M","M","?","M","?","E","M","R","T","E","R","M","E","?","R","B",null,"M","M","?","$","?","R","M","E"],"character_chosen":"IRONCLAD","items_purchased":["Orichalcum","Frozen Egg 2","Cleave"],"campfire_rested":1,"item_purchase_floors":[21,21,21],"current_hp_per_floor":[78,80,60,66,80,55,50,50,50,39,39,45,34,40,80,59,79,83,54,54,54,54,54,34,0,0],"gold":95,"neow_bonus":"THREE_ENEMY_KILL","is_daily":false,"chose_seed":false,"campfire_upgraded":3,"win_rate":0.0,"timestamp":1611982575,"path_taken":["M","M","?","M","?","E","M","R","T","E","R","M","E","?","R","BOSS","M","M","?","$","?","R","?","E"],"items_purchased_type":["Relic","Relic","Card"],"build_version":"2020-12-22","purchased_purges":0,"victory":false,"max_hp_per_floor":[80,80,80,80,80,80,80,80,80,80,80,80,80,86,86,86,86,86,86,86,86,86,86,86,86,86],"relic_stats":{"Darkstone Periapt":6,"Regal Pillow":15,"Singing Bowl":0,"counters":[13,52],"Golden Idol":75,"Gambling Chip":[13],"Orichalcum":[24],"Cursed Key":0,"obtain_stats":[{"Potion Belt":6,"Darkstone Periapt":9,"Regal Pillow":13,"NeowsBlessing":0,"Singing Bowl":20,"Golden Idol":3,"Gambling Chip":10,"Orichalcum":21,"Frozen Egg 2":21,"Cursed Key":17,"Burning Blood":0},{"Potion Belt":4,"Darkstone Periapt":5,"Regal Pillow":8,"NeowsBlessing":0,"Singing Bowl":11,"Golden Idol":2,"Gambling Chip":6,"Orichalcum":11,"Frozen Egg 2":11,"Cursed Key":9,"Burning Blood":0},{"Potion Belt":8,"Darkstone Periapt":14,"Regal Pillow":27,"NeowsBlessing":0,"Singing Bowl":44,"Golden Idol":3,"Gambling Chip":22,"Orichalcum":44,"Frozen Egg 2":44,"Cursed Key":36,"Burning Blood":0}],"Burning Blood":68},"card_choices":[{"not_picked":["Reckless Charge","Searing Blow"],"picked":"Anger","floor":1},{"not_picked":["Battle Trance","Clothesline"],"picked":"Infernal Blade","floor":2},{"not_picked":["Infernal Blade","Thunderclap"],"picked":"Clothesline","floor":4},{"not_picked":["Rupture","Shrug It Off"],"picked":"Metallicize","floor":6},{"not_picked":["Dual Wield","Entrench"],"picked":"Shrug It Off","floor":7},{"not_picked":["Feel No Pain","Wild Strike"],"picked":"Inflame","floor":10},{"not_picked":["Demon Form","Shrug It Off"],"picked":"Metallicize","floor":12},{"not_picked":["Dropkick","Sword Boomerang"],"picked":"Thunderclap","floor":13},{"not_picked":["Reaper","Barricade"],"picked":"Bludgeon","floor":16},{"not_picked":["Headbutt","Clothesline"],"picked":"Entrench","floor":18},{"not_picked":["Rupture","Body Slam"],"picked":"Rampage+1","floor":19},{"not_picked":["Burning Pact","Clash"],"picked":"Spot Weakness","floor":24}],"player_experience":299159,"relics_obtained":[{"floor":6,"key":"Potion Belt"},{"floor":9,"key":"Darkstone Periapt"},{"floor":10,"key":"Gambling Chip"},{"floor":13,"key":"Regal Pillow"}],"event_choices":[{"damage_healed":0,"gold_gain":0,"player_choice":"Take Damage","damage_taken":20,"relics_obtained":["Golden Idol"],"max_hp_gain":0,"max_hp_loss":0,"event_name":"Golden Idol","floor":3,"gold_loss":0},{"damage_healed":20,"gold_gain":0,"player_choice":"Healed","damage_taken":0,"max_hp_gain":0,"max_hp_loss":0,"event_name":"The Cleric","floor":5,"gold_loss":35},{"damage_healed":0,"gold_gain":175,"player_choice":"AGREE","damage_taken":0,"max_hp_gain":0,"max_hp_loss":0,"event_name":"Liars Game","floor":14,"gold_loss":0,"cards_obtained":["Doubt"]},{"damage_healed":0,"gold_gain":0,"player_choice":"Obtained Relic","damage_taken":0,"relics_obtained":["Singing Bowl"],"max_hp_gain":0,"max_hp_loss":0,"event_name":"Addict","floor":20,"gold_loss":85},{"damage_healed":0,"gold_gain":0,"player_choice":"2 cards matched","damage_taken":0,"max_hp_gain":0,"max_hp_loss":0,"event_name":"Match and Keep!","floor":22,"gold_loss":0,"cards_obtained":["Immolate","Pummel"]}],"is_beta":false,"boss_relics":[{"not_picked":["Busted Crown","SlaversCollar"],"picked":"Cursed Key"}],"items_purged_floors":[],"is_endless":false,"potions_floor_spawned":[1,2,10,12,19],"killed_by":"Slavers","ascension_level":6}}