{"host":"v9ordiuf4xzdpttp","time":1611979345,"event":{"mods":["AchievementEnabler","Act Like it!","BaseMod","Better Third Choice","Better Vampires","BetterRewards","Colored Map","Gold Saver","Infinite Spire","Marked Mod","Minty Spire (QoL Compilation)","Remove Card Discount Mod","Shop Mod","Spicy Shops","StSLib"],"gold_per_floor":[114,114,114,32,47,62,77,92,142,157,172,172,16,31,31,131,131,146,146,161,176,191,191,191],"floor_reached":23,"language":"ENG","playtime":1713,"items_purged":["Purity","Defend_R","Defend_R"],"score":189,"play_id":"53e5027f-f096-4ea6-9605-7f7076f9225d","local_time":"20210129230225","daily_mods":["Specialized","Colorless Cards","Terminal"],"is_ascension_mode":false,"campfire_choices":[{"data":"Mind Blast","floor":12.0,"key":"SMITH"},{"data":"Infernal Blade","floor":15.0,"key":"SMITH"}],"circlet_count":0,"master_deck":["Strike_R","Strike_R","Strike_R","Strike_R","Strike_R","Defend_R","Defend_R","Purity","Purity","Purity","Armaments","Feel No Pain","Twin Strike","Infernal Blade+1","Flex","Mind Blast+1","Rage","Anger","Thunderclap","Double Tap","Dramatic Entrance","Headbutt","Flex+1"],"relics":["Burning Blood","Oddly Smooth Stone","Smiling Mask","Toy Ornithopter","Membership Card","Sozu"],"acts_visited":["Exordium","TheCity"],"potions_floor_usage":[],"damage_taken":[{"damage":0.0,"enemies":"Cultist","floor":1.0,"turns":4.0},{"damage":3.0,"enemies":"Jaw Worm","floor":5.0,"turns":6.0},{"damage":0.0,"enemies":"Small Slimes","floor":6.0,"turns":4.0},{"damage":0.0,"enemies":"Exordium Wildlife","floor":7.0,"turns":5.0},{"damage":7.0,"enemies":"Blue Slaver","floor":8.0,"turns":4.0},{"damage":8.0,"enemies":"Large Slime","floor":10.0,"turns":8.0},{"damage":5.0,"enemies":"2 Fungi Beasts","floor":11.0,"turns":4.0},{"damage":2.0,"enemies":"Exordium Wildlife","floor":14.0,"turns":3.0},{"damage":43.0,"enemies":"Hexaghost","floor":16.0,"turns":9.0},{"damage":2.0,"enemies":"3 Byrds","floor":18.0,"turns":6.0},{"damage":7.0,"enemies":"Shell Parasite","floor":20.0,"turns":5.0},{"damage":37.0,"enemies":"Cultist and Chosen","floor":21.0,"turns":7.0},{"damage":8,"enemies":"Sentry and Sphere","floor":22,"turns":7},{"damage":29,"enemies":"Book of Stabbing","floor":23,"turns":3}],"seed_played":"-828330817948855686","potions_obtained":[{"floor":5.0,"key":"Fire Potion"},{"floor":10.0,"key":"Energy Potion"},{"floor":14.0,"key":"Fire Potion"}],"is_trial":false,"path_per_floor":["M","?","?","$","M","M","M","M","T","M","M","R","$","M","R","B",null,"M","?","M","M","M","E"],"character_chosen":"IRONCLAD","items_purchased":["Feel No Pain","Membership Card"],"campfire_rested":0,"item_purchase_floors":[4,13],"current_hp_per_floor":[78,77,76,75,74,73,72,71,70,68,68,67,66,65,64,32,62,61,60,59,28,26,0,0],"gold":191,"neow_bonus":"","is_daily":true,"chose_seed":false,"campfire_upgraded":2,"win_rate":0.0,"timestamp":1611979345,"path_taken":["M","?","?","$","M","M","M","?","T","M","M","R","$","M","R","BOSS","M","?","?","M","M","E"],"items_purchased_type":["Card","Relic"],"build_version":"2020-12-22","purchased_purges":3,"victory":false,"max_hp_per_floor":[78,77,76,75,74,73,72,71,70,69,68,67,66,65,64,63,62,61,60,59,58,57,57,57],"card_choices":[{"not_picked":["Heavy Blade","Cleave"],"picked":"Armaments","floor":1.0},{"not_picked":["Cleave","Armaments"],"picked":"Twin Strike","floor":5.0},{"not_picked":["Second Wind","Heavy Blade"],"picked":"Infernal Blade","floor":6.0},{"not_picked":["Havoc","Wild Strike"],"picked":"Flex","floor":7.0},{"not_picked":["Bludgeon","Havoc"],"picked":"Mind Blast","floor":8.0},{"not_picked":["Cleave","Havoc"],"picked":"Rage","floor":10.0},{"not_picked":["Havoc","Rage"],"picked":"Anger","floor":11.0},{"not_picked":["infinitespire:OneForAll","Twin Strike"],"picked":"Thunderclap","floor":14.0},{"not_picked":["Corruption","Immolate"],"picked":"Double Tap","floor":16.0},{"not_picked":["Warcry","Body Slam"],"picked":"Dramatic Entrance","floor":18.0},{"not_picked":["Searing Blow+1","Body Slam"],"picked":"Headbutt","floor":20.0},{"not_picked":["Twin Strike","True Grit","PanicButton"],"picked":"SKIP","floor":21},{"not_picked":["Havoc","Wild Strike"],"picked":"Flex+1","floor":22}],"player_experience":235518,"relics_obtained":[{"floor":2.0,"key":"Oddly Smooth Stone"},{"floor":9.0,"key":"Toy Ornithopter"}],"event_choices":[{"cards_removed":["Purity"],"damage_healed":0.0,"max_hp_gain":0.0,"max_hp_loss":0.0,"gold_gain":0.0,"event_name":"WeMeetAgain","player_choice":"Gave Card","floor":3.0,"gold_loss":0.0,"damage_taken":0.0,"relics_obtained":["Smiling Mask"]},{"cards_removed":["Bash"],"damage_healed":0.0,"max_hp_gain":0.0,"max_hp_loss":0.0,"gold_gain":0.0,"event_name":"Bonfire Elementals","player_choice":"Offered Basic","floor":19.0,"gold_loss":0.0,"damage_taken":0.0}],"is_beta":false,"boss_relics":[{"not_picked":["Runic Dome","Philosopher\u0027s Stone"],"picked":"Sozu"}],"items_purged_floors":[13,13,13],"is_endless":false,"potions_floor_spawned":[5,10,14,21],"killed_by":"Book of Stabbing","ascension_level":0}}