{"host":"h8cdlle7aepm4d8g","time":1611983985,"event":{"mods":["AchievementEnabler","BaseMod","Colored Powertips","Downfall","Minty Spire (QoL Compilation)","Quick Restart","Relic Stats","StSLib"],"gold_per_floor":[99,118,130,130,143,178,178,210,275,286,286,301,321,321,336,336,336,336],"floor_reached":16,"language":"ENG","playtime":1080,"items_purged":[],"score":114,"play_id":"17cecd72-4a55-4213-919f-99652232c164","local_time":"20210129211945","is_ascension_mode":false,"campfire_choices":[{"data":"Slimebound:Split","floor":1,"key":"SMITH"},{"data":"Slimebound:Schlurp","floor":11,"key":"SMITH"}],"circlet_count":0,"master_deck":["Slimebound:Strike_Slimebound","Slimebound:Strike_Slimebound","Slimebound:Tackle","Slimebound:Defend_Slimebound","Slimebound:Defend_Slimebound","Slimebound:Defend_Slimebound","Slimebound:Defend_Slimebound","Slimebound:Split+1","Slimebound:CorrosiveSpit","Slimebound:LeechingTouch","Slimebound:MegaLick","Slimebound:SplitAcid","Slimebound:Teamwork","Slimebound:LivingWall","Slimebound:FinishingTackle","Slimebound:Schlurp+1","Slimebound:LivingWall"],"relics":["Slimebound:AbsorbEndCombat","downfall:BrokenWingStatue","Incense Burner","Anchor","Regal Pillow"],"acts_visited":["Exordium"],"potions_floor_usage":[8,9,16,16],"damage_taken":[{"damage":5,"enemies":"Cultist","floor":2,"turns":4},{"damage":3,"enemies":"Small Slimes","floor":3,"turns":3},{"damage":6,"enemies":"Jaw Worm","floor":5,"turns":3},{"damage":26,"enemies":"Lagavulin","floor":6,"turns":7},{"damage":21,"enemies":"3 Sentries","floor":8,"turns":5},{"damage":8,"enemies":"3 Sentries","floor":9,"turns":5},{"damage":4,"enemies":"Blue Slaver","floor":10,"turns":3},{"damage":3,"enemies":"Large Slime","floor":12,"turns":6},{"damage":11,"enemies":"Lots of Slimes","floor":13,"turns":4},{"damage":2,"enemies":"2 Fungi Beasts","floor":15,"turns":4},{"damage":36,"enemies":"WA_ARCHETYPE_RETAIN","floor":16,"turns":13}],"seed_played":"6138396188570022729","potions_obtained":[{"floor":2,"key":"GamblersBrew"},{"floor":6,"key":"SteroidPotion"},{"floor":8,"key":"Block Potion"},{"floor":12,"key":"SteroidPotion"},{"floor":15,"key":"Guardian:BlockOnCardUsePotion"}],"is_trial":false,"path_per_floor":["R","M","M","?","M","E","T","E","?","M","R","M","M","?","M","B"],"character_chosen":"SLIMEBOUND","items_purchased":[],"campfire_rested":0,"item_purchase_floors":[],"current_hp_per_floor":[71,69,68,68,68,48,48,33,29,29,29,28,23,23,27,0,0,0],"gold":336,"neow_bonus":"TEN_PERCENT_HP_BONUS","is_daily":false,"chose_seed":false,"campfire_upgraded":2,"win_rate":0.0,"timestamp":1611983985,"path_taken":["R","M","M","?","M","E","T","E","?","M","R","M","?","?","M","BOSS"],"items_purchased_type":[],"build_version":"2020-12-22","purchased_purges":0,"victory":false,"max_hp_per_floor":[71,71,71,71,71,71,71,71,71,71,71,71,71,71,71,71,71,71],"relic_stats":{"Regal Pillow":0,"counters":[11,54],"obtain_stats":[{"Anchor":8,"Regal Pillow":9,"downfall:BrokenWingStatue":4,"Slimebound:AbsorbEndCombat":0,"Incense Burner":6},{"Anchor":5,"Regal Pillow":6,"downfall:BrokenWingStatue":2,"Slimebound:AbsorbEndCombat":0,"Incense Burner":4},{"Anchor":21,"Regal Pillow":26,"downfall:BrokenWingStatue":7,"Slimebound:AbsorbEndCombat":0,"Incense Burner":17}]},"card_choices":[{"not_picked":["Slimebound:ViciousTackle","Slimebound:PressTheAttack"],"picked":"Slimebound:LeechingTouch","floor":2},{"not_picked":["Slimebound:LeechingTouch","Slimebound:Prepare"],"picked":"Slimebound:MegaLick","floor":3},{"not_picked":["Slimebound:LeechEnergy","Slimebound:LeechingTouch"],"picked":"Slimebound:SplitAcid","floor":5},{"not_picked":["Slimebound:RollThrough","Slimebound:SlimeSpikes"],"picked":"Slimebound:Teamwork","floor":6},{"not_picked":["Slimebound:GrowthPunch","Slimebound:RollThrough"],"picked":"Slimebound:LivingWall","floor":8},{"not_picked":["Slimebound:SplitAcid","Slimebound:GoopTackle"],"picked":"Slimebound:FinishingTackle","floor":9},{"not_picked":["Slimebound:LeechEnergy","Slimebound:FinishingTackle"],"picked":"Slimebound:Schlurp","floor":10},{"not_picked":["Slimebound:ItLooksTasty","Slimebound:TongueLash","Slimebound:DuplicatedForm"],"picked":"SKIP","floor":12},{"not_picked":["Slimebound:RollThrough","Slimebound:HauntingLick"],"picked":"Slimebound:LivingWall","floor":13},{"not_picked":["Slimebound:HauntingLick","Slimebound:LivingWall","Slimebound:LeechEnergy"],"picked":"SKIP","floor":15}],"player_experience":48086,"relics_obtained":[{"floor":6,"key":"Incense Burner"},{"floor":8,"key":"Anchor"},{"floor":9,"key":"Regal Pillow"}],"event_choices":[],"is_beta":false,"boss_relics":[],"items_purged_floors":[],"is_endless":false,"potions_floor_spawned":[2,6,8,12,15],"killed_by":"WA_ARCHETYPE_RETAIN","ascension_level":0}}