{"host":"eaiphzh066bwqdh7","time":1611967450,"event":{"mods":["BaseMod","Better Note","Halation","Hubris","Minty Spire (QoL Compilation)","Reliquary","Replay The Spire","StSLib"],"gold_per_floor":[114,35,52,52,65,65,93,93,173,173,173,187,210,227,227,322,322,336,336,117,117,117,117,145,20,45,59,59,59,59,72,72,169,169,183,32,42,58,72,103,103,103,154,154,188,201,219,40,40,40],"floor_reached":51,"language":"ENG","playtime":1986,"items_purged":["Strike_G"],"score":924,"play_id":"ee577d56-24b7-43b5-a869-9322158ef533","local_time":"20210129194410","is_ascension_mode":true,"campfire_choices":[{"floor":6,"key":"REST"},{"floor":8,"key":"REST"},{"data":"PiercingWail","floor":10,"key":"SMITH"},{"data":"hubris:Counter","floor":15,"key":"SMITH"},{"floor":23,"key":"REST"},{"floor":28,"key":"REST"},{"floor":30,"key":"REST"},{"floor":32,"key":"REST"},{"floor":41,"key":"REST"},{"data":"Noxious Fumes","floor":44,"key":"SMITH"},{"floor":49,"key":"REST"}],"circlet_count":0,"master_deck":["Corpse Explosion","Strike_G","Strike_G","Strike_G+1","Defend_G","Defend_G","Defend_G","Defend_G","Defend_G","Survivor","Neutralize","hubris:Strike_Merchant+1","PiercingWail+1","Hidden Blade","Slice","Slice","hubris:Counter+1","Adrenaline","Cloak And Dagger+1","Corpse Explosion","Infinite Blades","Slice","hubris:Counter","Hidden Blade+1","Adrenaline","Slice","Slice+1","Noxious Fumes+1","Hidden Blade+1","Burst","Poisoned Stab","Venomology+1","Noxious Fumes+1","Blade Dance+1","Blade Dance+1"],"relics":["Ring of the Snake","halation:LostSnail","hubris:SphereOfDissonance","hubris:Metronome","halation:EternalFortune","Odd Mushroom","Honey Jar","halation:Sosunser","hubris:Icosahedron","reliquary:Firecrackers","reliquary:RedPaperclip","Pet Ghost","Bag of Marbles","Gremlin Food","Nunchaku","Ancient Tea Set"],"acts_visited":["Exordium","TheCity","TheBeyond"],"potions_floor_usage":[7,16,16,38,39,46,50,50,50,50,50],"damage_taken":[{"damage":13,"enemies":"Small Slimes","floor":1,"turns":3},{"damage":4,"enemies":"2 Louse","floor":3,"turns":4},{"damage":4,"enemies":"Jaw Worm","floor":5,"turns":6},{"damage":28,"enemies":"Lagavulin","floor":7,"turns":5},{"damage":0,"enemies":"Large Slime","floor":12,"turns":2},{"damage":0,"enemies":"The Mushroom Lair","floor":13,"turns":2},{"damage":3,"enemies":"Looter","floor":14,"turns":3},{"damage":55,"enemies":"The Guardian","floor":16,"turns":12},{"damage":20,"enemies":"Shell Parasite","floor":18,"turns":5},{"damage":24,"enemies":"Slavers","floor":24,"turns":3},{"damage":11,"enemies":"2 Thieves","floor":27,"turns":2},{"damage":18,"enemies":"Snecko","floor":31,"turns":3},{"damage":82,"enemies":"Automaton","floor":33,"turns":8},{"damage":0,"enemies":"3 Darklings","floor":35,"turns":1},{"damage":0,"enemies":"Orb Walker","floor":37,"turns":1},{"damage":0,"enemies":"Transient","floor":38,"turns":5},{"damage":12,"enemies":"Maw","floor":39,"turns":5},{"damage":15,"enemies":"Nemesis","floor":40,"turns":3},{"damage":58,"enemies":"Reptomancer","floor":45,"turns":5},{"damage":0,"enemies":"Sphere and 2 Shapes","floor":46,"turns":1},{"damage":0,"enemies":"Jaw Worm Horde","floor":47,"turns":1},{"damage":34,"enemies":"hubris:GrandSnecko","floor":50,"turns":5}],"seed_played":"-7869433645351252257","potions_obtained":[{"floor":1,"key":"Death Potion"},{"floor":5,"key":"FearPotion"},{"floor":12,"key":"Regen Potion"},{"floor":33,"key":"Weak Potion"},{"floor":35,"key":"BlessingOfTheForge"},{"floor":37,"key":"CultistPotion"},{"floor":39,"key":"FearPotion"},{"floor":46,"key":"SmokeBomb"},{"floor":47,"key":"PowerPotion"}],"is_trial":false,"path_per_floor":["M","$","M","?","M","R","E","R","T","R","?","M","?","M","R","B",null,"M","?","$","?","?","R","E","$","T","M","R","T","R","M","R","B",null,"M","$","M","M","M","E","R","?","T","R","E","M","M","$","R","B",null],"character_chosen":"THE_SILENT","items_purchased":["halation:LostSnail","halation:Sosunser","Infinite Blades","Slice","Pet Ghost","Ancient Tea Set","Blade Dance+1"],"campfire_rested":8,"item_purchase_floors":[2,20,25,25,36,48,48],"current_hp_per_floor":[71,71,67,60,56,81,53,78,78,78,81,81,81,78,78,38,87,67,50,50,50,50,77,56,56,56,45,73,73,95,77,95,13,95,95,95,98,98,86,71,98,98,98,98,40,40,43,43,73,39],"gold":40,"neow_bonus":"TWENTY_PERCENT_HP_BONUS","is_daily":false,"chose_seed":false,"campfire_upgraded":3,"win_rate":0.0,"timestamp":1611967450,"path_taken":["M","$","M","?","M","R","E","R","T","R","?","?","?","M","R","BOSS","M","?","$","?","?","R","E","$","T","M","R","?","R","?","R","BOSS","M","$","M","M","M","E","R","?","T","R","E","?","M","$","R","BOSS"],"items_purchased_type":["Relic","Relic","Card","Card","Relic","Relic","Card"],"build_version":"2020-12-22","purchased_purges":1,"victory":true,"max_hp_per_floor":[84,84,84,84,84,84,84,84,84,84,87,87,87,87,87,87,87,87,92,92,92,92,92,95,95,95,95,95,95,95,95,95,95,95,95,95,98,98,98,98,98,98,98,98,98,98,101,101,101,101],"card_choices":[{"not_picked":["ReplayTheSpireMod:Tripwire","Acrobatics"],"picked":"PiercingWail","floor":1},{"not_picked":["Dagger Throw","Endless Agony"],"picked":"Hidden Blade","floor":3},{"not_picked":["Dodge and Roll","Reflex"],"picked":"Slice","floor":5},{"not_picked":["Calculated Gamble","Doppelganger"],"picked":"Slice","floor":7},{"not_picked":["Outmaneuver","Dagger Spray"],"picked":"hubris:Counter","floor":12},{"not_picked":["Distraction","Bane","Footwork"],"picked":"SKIP","floor":14},{"not_picked":["Die Die Die","Unload"],"picked":"Adrenaline","floor":16},{"not_picked":["Dagger Throw","Flying Knee","Calculated Gamble"],"picked":"Cloak And Dagger+1","floor":18},{"not_picked":["Crippling Poison","Choke","Prepared+1"],"picked":"Corpse Explosion","floor":24},{"not_picked":["Flechettes","ReplayTheSpireMod:The Works","Dodge and Roll+1"],"picked":"hubris:Counter","floor":27},{"not_picked":["Prepared","Deflect","PiercingWail"],"picked":"Hidden Blade+1","floor":31},{"not_picked":["Malaise","ReplayTheSpireMod:From All Sides","Venomology"],"picked":"Adrenaline","floor":33},{"not_picked":["Escape Plan","Blur+1","Outmaneuver"],"picked":"Slice","floor":35},{"not_picked":["Poisoned Stab+1","Deflect+1","Quick Slash+1"],"picked":"Slice+1","floor":37},{"not_picked":["PiercingWail+1","Eviscerate","Prepared+1"],"picked":"Noxious Fumes","floor":38},{"not_picked":["ReplayTheSpireMod:Scrap Shanks","Distraction","hubris:SlightOfHand"],"picked":"Hidden Blade+1","floor":39},{"not_picked":["Well Laid Plans","Deadly Poison","Eviscerate"],"picked":"Burst","floor":40},{"not_picked":["Deadly Poison","Slice+1","Poisoned Stab"],"picked":"Venomology","floor":45},{"not_picked":["Footwork+1","Dodge and Roll+1","Eviscerate+1"],"picked":"Noxious Fumes+1","floor":46},{"not_picked":["Dagger Throw+1","Deadly Poison","Prepared"],"picked":"Blade Dance+1","floor":47}],"player_experience":210604,"relics_obtained":[{"floor":7,"key":"hubris:SphereOfDissonance"},{"floor":9,"key":"hubris:Metronome"},{"floor":13,"key":"Odd Mushroom"},{"floor":24,"key":"halation:EternalFortune"},{"floor":24,"key":"reliquary:Firecrackers"},{"floor":26,"key":"Whetstone"},{"floor":29,"key":"reliquary:RosewoodLute"},{"floor":37,"key":"halation:EternalFortune"},{"floor":40,"key":"Bag of Marbles"},{"floor":43,"key":"Gremlin Food"},{"floor":45,"key":"Nunchaku"},{"floor":47,"key":"halation:EternalFortune"}],"event_choices":[{"cards_removed":["Defend_R"],"damage_healed":0,"gold_gain":0,"player_choice":"Card Removal","damage_taken":7,"max_hp_gain":0,"max_hp_loss":0,"event_name":"Golden Wing","floor":4,"gold_loss":0},{"damage_healed":0,"gold_gain":0,"player_choice":"Fought Mushrooms","damage_taken":0,"max_hp_gain":0,"max_hp_loss":0,"event_name":"Mushrooms","floor":13,"gold_loss":0},{"damage_healed":0,"gold_gain":0,"player_choice":"Shed Blood","damage_taken":22,"max_hp_gain":5,"max_hp_loss":0,"event_name":"Forgotten Altar","floor":19,"gold_loss":0},{"damage_healed":0,"gold_gain":0,"cards_transformed":["Strike_G"],"player_choice":"Transformed","damage_taken":0,"max_hp_gain":0,"max_hp_loss":0,"event_name":"Transmorgrifier","floor":42,"gold_loss":0,"cards_obtained":["Poisoned Stab"]}],"is_beta":false,"boss_relics":[{"not_picked":["halation:ForbiddenBikini","ChewingGum"],"picked":"Honey Jar"},{"not_picked":["Replay:Ancient Bell","reliquary:RedCape"],"picked":"reliquary:RedPaperclip"}],"items_purged_floors":[20],"is_endless":false,"potions_floor_spawned":[1,5,12,33,35,37,39,46,47],"ascension_level":3}}