{"host":"zsnmfqgcm92hlreo","time":1611998118,"event":{"mods":["AchievementEnabler","BaseMod","Bestiary","Block Reminder","Colored Powertips","Minty Spire (QoL Compilation)","Permanent Neow","Quick Restart","Relic Stats","Weighted Paths"],"gold_per_floor":[109,109,123,147,158,158,170,170,193,193,234,234,249,293,293,387,387,402,448,463,486,511,511,511,555,555,555,564,564,29,59,59,164,164,193,193,217,226,52,96,96,43,43,72,122,147,147,195,207,219,219],"floor_reached":50,"language":"ENG","playtime":2124,"items_purged":["Strike_G","Strike_G"],"score":1241,"play_id":"5768acaf-5e65-47e8-9d02-a7cc699db876","local_time":"20210130031518","is_ascension_mode":true,"campfire_choices":[{"floor":6.0,"key":"REST"},{"data":"Caltrops","floor":10.0,"key":"SMITH"},{"data":"Infinite Blades","floor":15.0,"key":"SMITH"},{"floor":24.0,"key":"REST"},{"floor":27.0,"key":"REST"},{"data":"Choke","floor":29.0,"key":"SMITH"},{"floor":32.0,"key":"REST"},{"floor":41,"key":"REST"},{"floor":47,"key":"RECALL"},{"data":"Well Laid Plans","floor":49,"key":"SMITH"}],"circlet_count":0,"master_deck":["AscendersBane","Strike_G","Strike_G","Strike_G","Defend_G","Defend_G","Defend_G","Defend_G+1","Defend_G+1","Survivor","Neutralize","PiercingWail","Caltrops+1","Blade Dance","Injury","Accuracy","Infinite Blades+1","Well Laid Plans+1","Burst","Dagger Spray","Backflip","Calculated Gamble","Leg Sweep","Choke+1","Pain","Glass Knife","Accuracy","Infinite Blades+1","Malaise","Corpse Explosion","Cloak And Dagger+1","Backflip","Swift Strike","Accuracy","Backstab+1","PiercingWail+1","PiercingWail+1","Blade Dance+1","Die Die Die"],"relics":["Ring of the Snake","Du-Vu Doll","Tiny Chest","Golden Idol","Toy Ornithopter","Matryoshka","Mango","Black Star","Bag of Marbles","Bag of Preparation","MutagenicStrength","Ancient Tea Set","CeramicFish","Meat on the Bone","Mummified Hand","WarpedTongs","DollysMirror","Lantern","WristBlade","Ice Cream","Toxic Egg 2","Snake Skull","PreservedInsect","Eternal Feather","Strawberry","MawBank"],"acts_visited":["Exordium","TheCity","TheBeyond"],"potions_floor_usage":[40,50],"damage_taken":[{"damage":4.0,"enemies":"Small Slimes","floor":1.0,"turns":3.0},{"damage":1.0,"enemies":"Jaw Worm","floor":3.0,"turns":4.0},{"damage":0.0,"enemies":"2 Louse","floor":5.0,"turns":4.0},{"damage":10.0,"enemies":"Exordium Thugs","floor":7.0,"turns":7.0},{"damage":21.0,"enemies":"Lagavulin","floor":11.0,"turns":7.0},{"damage":0.0,"enemies":"Red Slaver","floor":13.0,"turns":3.0},{"damage":32.0,"enemies":"Gremlin Nob","floor":14.0,"turns":4.0},{"damage":29.0,"enemies":"Slime Boss","floor":16.0,"turns":8.0},{"damage":0.0,"enemies":"Chosen","floor":18.0,"turns":4.0},{"damage":12.0,"enemies":"Spheric Guardian","floor":20.0,"turns":5.0},{"damage":17.0,"enemies":"Snecko","floor":21.0,"turns":5.0},{"damage":18.0,"enemies":"Chosen and Byrds","floor":22.0,"turns":5.0},{"damage":29.0,"enemies":"Slavers","floor":25.0,"turns":6.0},{"damage":1.0,"enemies":"Cultist and Chosen","floor":31.0,"turns":2.0},{"damage":58.0,"enemies":"Collector","floor":33.0,"turns":8.0},{"damage":0.0,"enemies":"3 Darklings","floor":35.0,"turns":3.0},{"damage":6.0,"enemies":"3 Shapes","floor":37.0,"turns":2.0},{"damage":13,"enemies":"Reptomancer","floor":40,"turns":6},{"damage":21,"enemies":"Maw","floor":44,"turns":5},{"damage":13,"enemies":"Nemesis","floor":45,"turns":5},{"damage":0,"enemies":"4 Shapes","floor":46,"turns":3},{"damage":0,"enemies":"Giant Head","floor":48,"turns":1},{"damage":115,"enemies":"Awakened One","floor":50,"turns":6}],"seed_played":"-3554440219265149478","potions_obtained":[{"floor":3.0,"key":"SkillPotion"},{"floor":11.0,"key":"SkillPotion"},{"floor":14.0,"key":"SkillPotion"},{"floor":16.0,"key":"PowerPotion"},{"floor":22.0,"key":"GhostInAJar"},{"floor":25.0,"key":"FairyPotion"},{"floor":33.0,"key":"Explosive Potion"},{"floor":37.0,"key":"Energy Potion"},{"floor":48,"key":"EntropicBrew"}],"is_trial":false,"path_per_floor":["M","?","M","T","M","R","M","?","T","R","E","?","M","E","R","B",null,"M","T","M","M","M","?","R","E","T","R","?","R","$","M","R","B",null,"M","T","M","?","$","E","R","$","T","M","E","M","R","E","R","B"],"character_chosen":"THE_SILENT","items_purchased":["Glass Knife","Accuracy","DollysMirror","Lantern","Accuracy","PowerPotion"],"campfire_rested":5,"item_purchase_floors":[30,30,30,30,39,42],"current_hp_per_floor":[55,37,36,36,36,54,44,44,44,44,28,60,60,42,42,23,61,61,61,49,37,19,19,41,12,12,34,34,34,34,45,67,26,62,62,62,56,56,56,48,70,70,70,49,48,48,69,76,81,0,0],"gold":219,"neow_bonus":"ONE_RARE_RELIC","is_daily":false,"chose_seed":false,"campfire_upgraded":4,"win_rate":0.0,"timestamp":1611998118,"path_taken":["M","?","M","?","M","R","M","?","T","R","E","?","?","E","R","BOSS","M","?","?","M","M","?","R","E","T","R","?","R","$","M","R","BOSS","M","?","M","?","$","E","R","$","T","M","E","M","R","E","R","BOSS"],"items_purchased_type":["Card","Card","Relic","Relic","Card","Potion"],"build_version":"2020-12-22","purchased_purges":2,"victory":false,"max_hp_per_floor":[60,60,60,60,60,60,60,60,60,60,60,60,60,74,74,74,74,74,74,74,74,74,74,74,74,74,74,74,74,74,74,74,74,74,74,74,74,74,74,74,74,74,74,74,74,74,74,81,81,81,81],"relic_stats":{"counters":[23,106],"Golden Idol":122,"CeramicFish":144,"Eternal Feather":26,"Snake Skull":[2],"PreservedInsect":130,"Bag of Preparation":[28],"MawBank":24,"WarpedTongs":[41],"Mummified Hand":[51],"Tiny Chest":2,"Black Star":4,"obtain_stats":[{"Ice Cream":36,"Lantern":30,"CeramicFish":25,"Mango":14,"Snake Skull":40,"Bag of Preparation":19,"Ancient Tea Set":25,"Matryoshka":11,"WristBlade":34,"Mummified Hand":26,"DollysMirror":30,"Strawberry":48,"Tiny Chest":4,"Toxic Egg 2":40,"Ring of the Snake":0,"Golden Idol":8,"Eternal Feather":45,"PreservedInsect":45,"MawBank":48,"WarpedTongs":28,"Du-Vu Doll":0,"MutagenicStrength":23,"Black Star":17,"Bag of Marbles":19,"Toy Ornithopter":9,"Meat on the Bone":26},{"Ice Cream":16,"Lantern":13,"CeramicFish":13,"Mango":7,"Snake Skull":18,"Bag of Preparation":9,"Ancient Tea Set":13,"Matryoshka":5,"WristBlade":15,"Mummified Hand":13,"DollysMirror":13,"Strawberry":22,"Tiny Chest":2,"Toxic Egg 2":18,"Ring of the Snake":0,"Golden Idol":4,"Eternal Feather":20,"PreservedInsect":20,"MawBank":22,"WarpedTongs":13,"Du-Vu Doll":0,"MutagenicStrength":12,"Black Star":8,"Bag of Marbles":9,"Toy Ornithopter":4,"Meat on the Bone":13},{"Ice Cream":78,"Lantern":65,"CeramicFish":65,"Mango":32,"Snake Skull":86,"Bag of Preparation":44,"Ancient Tea Set":65,"Matryoshka":25,"WristBlade":75,"Mummified Hand":65,"DollysMirror":65,"Strawberry":100,"Tiny Chest":7,"Toxic Egg 2":86,"Ring of the Snake":0,"Golden Idol":18,"Eternal Feather":96,"PreservedInsect":96,"MawBank":100,"WarpedTongs":65,"Du-Vu Doll":0,"MutagenicStrength":59,"Black Star":40,"Bag of Marbles":44,"Toy Ornithopter":18,"Meat on the Bone":65}],"Toy Ornithopter":35,"Ring of the Snake":[46],"Meat on the Bone":36},"card_choices":[{"not_picked":["Flechettes","Dodge and Roll"],"picked":"PiercingWail","floor":1.0},{"not_picked":["Distraction","Slice"],"picked":"Caltrops","floor":3.0},{"not_picked":["Predator","Flying Knee","Poisoned Stab"],"picked":"SKIP","floor":5.0},{"not_picked":["Concentrate","Underhanded Strike"],"picked":"Blade Dance","floor":7.0},{"not_picked":["Endless Agony","Dodge and Roll"],"picked":"Accuracy","floor":11.0},{"not_picked":["Dodge and Roll","Acrobatics"],"picked":"Infinite Blades","floor":13.0},{"not_picked":["Eviscerate","Burst"],"picked":"Well Laid Plans","floor":14.0},{"not_picked":["Venomology","Storm of Steel"],"picked":"Burst","floor":16.0},{"not_picked":["Flechettes","All Out Attack+1"],"picked":"Dagger Spray","floor":18.0},{"not_picked":["Choke","Quick Slash"],"picked":"Backflip","floor":20.0},{"not_picked":["Escape Plan","Dagger Throw","Calculated Gamble"],"picked":"SKIP","floor":21.0},{"not_picked":["Escape Plan","Dagger Throw"],"picked":"Calculated Gamble","floor":21.0},{"not_picked":["Acrobatics","Sucker Punch"],"picked":"Leg Sweep","floor":22.0},{"not_picked":["Flying Knee","Deflect"],"picked":"Choke","floor":25.0},{"not_picked":["Concentrate","Crippling Poison"],"picked":"Malaise","floor":31.0},{"not_picked":["Bullet Time","Grand Finale"],"picked":"Corpse Explosion","floor":33.0},{"not_picked":["Setup","PiercingWail"],"picked":"Cloak And Dagger+1","floor":35.0},{"not_picked":["Quick Slash+1","Riddle With Holes"],"picked":"Backflip","floor":37.0},{"not_picked":["Mind Blast","Bandage Up"],"picked":"Swift Strike","floor":38},{"not_picked":["Backflip+1","Quick Slash"],"picked":"Backstab+1","floor":40},{"not_picked":["Expertise+1","Calculated Gamble+1"],"picked":"PiercingWail+1","floor":44},{"not_picked":["Dash+1","Flying Knee"],"picked":"PiercingWail+1","floor":45},{"not_picked":["Eviscerate+1","Bouncing Flask+1"],"picked":"Blade Dance+1","floor":46},{"not_picked":["Reflex+1","Prepared+1"],"picked":"Die Die Die","floor":48}],"player_experience":957659,"relics_obtained":[{"floor":4.0,"key":"Tiny Chest"},{"floor":9.0,"key":"Toy Ornithopter"},{"floor":11.0,"key":"Matryoshka"},{"floor":14.0,"key":"Mango"},{"floor":19.0,"key":"Bag of Marbles"},{"floor":19.0,"key":"Bag of Preparation"},{"floor":25.0,"key":"Ancient Tea Set"},{"floor":25.0,"key":"CeramicFish"},{"floor":26.0,"key":"Meat on the Bone"},{"floor":26.0,"key":"Mummified Hand"},{"floor":36.0,"key":"Ice Cream"},{"floor":40,"key":"Toxic Egg 2"},{"floor":40,"key":"Snake Skull"},{"floor":45,"key":"PreservedInsect"},{"floor":45,"key":"Eternal Feather"},{"floor":48,"key":"Strawberry"},{"floor":48,"key":"MawBank"}],"event_choices":[{"damage_healed":0.0,"max_hp_gain":0.0,"max_hp_loss":0.0,"gold_gain":0.0,"event_name":"Shining Light","player_choice":"Entered Light","floor":2.0,"gold_loss":0.0,"damage_taken":18.0,"cards_upgraded":["Defend_G","Defend_G"]},{"damage_healed":0.0,"max_hp_gain":0.0,"max_hp_loss":0.0,"gold_gain":0.0,"event_name":"Golden Idol","player_choice":"Take Wound","floor":8.0,"gold_loss":0.0,"damage_taken":0.0,"relics_obtained":["Golden Idol"],"cards_obtained":["Injury"]},{"damage_healed":32.0,"max_hp_gain":0.0,"max_hp_loss":0.0,"gold_gain":0.0,"event_name":"Wheel of Change","player_choice":"Full Heal","floor":12.0,"gold_loss":0.0,"damage_taken":0.0},{"damage_healed":0.0,"max_hp_gain":0.0,"max_hp_loss":0.0,"gold_gain":0.0,"event_name":"Drug Dealer","player_choice":"Inject Mutagens","floor":23.0,"gold_loss":0.0,"damage_taken":0.0,"relics_obtained":["MutagenicStrength"]},{"damage_healed":0.0,"max_hp_gain":0.0,"max_hp_loss":0.0,"gold_gain":0.0,"event_name":"Accursed Blacksmith","player_choice":"Rummage","floor":28.0,"gold_loss":0.0,"damage_taken":0.0,"relics_obtained":["WarpedTongs"],"cards_obtained":["Pain"]},{"damage_healed":0,"gold_gain":0,"player_choice":"Memory 1","damage_taken":0,"max_hp_gain":0,"max_hp_loss":0,"event_name":"SensoryStone","floor":38,"gold_loss":0}],"is_beta":false,"boss_relics":[{"not_picked":["Ring of the Serpent","Empty Cage"],"picked":"Black Star"},{"not_picked":["Fusion Hammer","Coffee Dripper"],"picked":"WristBlade"}],"items_purged_floors":[30,39],"is_endless":false,"potions_floor_spawned":[3,11,14,16,22,25,31,33,37,44,46,48],"killed_by":"Awakened One","ascension_level":20}}