{"host":"rih3m63woujmecfd","time":1611994299,"event":{"mods":["BaseMod","Colored Powertips","Conspire","Energized Spire","KinomotoSakuraMod(ƒæ÷Æ±æ”£)","Marisa£®ÏF”Í°°ƒß¿Ì…≥£©","Minty Spire (QoL Compilation)","Reimu£®≤©¿ˆ¡È√Œ£©","Relic Stats","Remilia£®¿Ÿ√◊¿Ú—«£©","Replay The Spire","Shop Mod","Spicy Shops","StSLib","The Hierophant","The Senshi","The Servant 0.9.4","Waifu the Spire","Youmu£®ªÍ∆«—˝√Œ£©","Yuyuko","[IsaacMod]“‘»ˆº‚À˛"],"gold_per_floor":[116,130,140,153,172,201,228,228,228,258,290,319,336,355,355,452,502,519,531,549,22,40,75,109,137,188,215,242,242,10,10,10],"floor_reached":31,"language":"ZHS","playtime":2156,"items_purged":["theSenshi:LunaSensingAllies"],"score":452,"play_id":"e42f90b9-ece4-4c77-8c6f-7060d8eb1083","local_time":"20210130161139","daily_mods":["Heirloom","Time Dilation","Flight","Elite Swarm","Lethality"],"is_ascension_mode":false,"campfire_choices":[{"floor":8,"key":"REST"},{"data":"theSenshi:MoonPrismPowerMakeUp","floor":15,"key":"SMITH"},{"data":"theSenshi:MoonGorgeousMeditation","floor":29,"key":"SMITH"}],"circlet_count":0,"master_deck":["theSenshi:SailorKick","theSenshi:SailorKick","theSenshi:SailorKick","theSenshi:SailorKick","theSenshi:SailorBlock","theSenshi:SailorBlock","theSenshi:SailorBlock","theSenshi:SailorBlock","theSenshi:RoseThrow","theSenshi:MoonPrismPowerMakeUp+1","theSenshi:SailorMarsAssists","theSenshi:UranusStrength","theSenshi:SailorStarHealerAssists","theSenshi:SailorVenusAssists+1","theSenshi:StudyParty","theSenshi:SailorMercuryAssists","theSenshi:MoonHealingEscalation+1","theSenshi:SailorMarsAssists+1","theSenshi:GlimpseOfThePast","theSenshi:SailorStarHealerAssists","theSenshi:MoonGorgeousMeditation+1"],"relics":["theSenshi:TransformationBroochRelic","HushsDoor","theSenshi:EternalTiareRelic","DoctorsRemote","D4","Mastiff:ReiMu","Sundial","Leech","Tiny House","GuppysHead","MerchantsRug","Vajra","CrazyTorch:ReiMu","Replay:Wax Seal","Prayer Wheel","theSenshi:FeatherClipsRelic","ReplayFunnel","TheBible","Replay:Accelerometer","theSenshi:ChokerRelic"],"acts_visited":["Exordium","TheCity"],"potions_floor_usage":[16,16,19,19,19,25,25],"damage_taken":[{"damage":0,"enemies":"conspire:RoseBush","floor":1,"turns":1},{"damage":0,"enemies":"2 Louse","floor":2,"turns":1},{"damage":5,"enemies":"Small Slimes","floor":3,"turns":2},{"damage":0,"enemies":"Exordium Wildlife","floor":4,"turns":2},{"damage":9,"enemies":"Looter","floor":5,"turns":2},{"damage":9,"enemies":"Lagavulin","floor":6,"turns":4},{"damage":24,"enemies":"3 Sentries","floor":7,"turns":5},{"damage":0,"enemies":"Gremlin Nob","floor":10,"turns":2},{"damage":9,"enemies":"Lagavulin","floor":11,"turns":4},{"damage":5,"enemies":"Replay:BlueRogue","floor":12,"turns":4},{"damage":4,"enemies":"Large Slime","floor":13,"turns":3},{"damage":13,"enemies":"2 Fungi Beasts","floor":14,"turns":2},{"damage":0,"enemies":"Slime Boss","floor":16,"turns":7},{"damage":0,"enemies":"3 Byrds","floor":18,"turns":2},{"damage":0,"enemies":"2 Thieves","floor":19,"turns":2},{"damage":3,"enemies":"conspire:HollyBat","floor":20,"turns":5},{"damage":4,"enemies":"Chosen and Byrds","floor":22,"turns":4},{"damage":4,"enemies":"Slavers","floor":23,"turns":2},{"damage":33,"enemies":"Book of Stabbing","floor":24,"turns":3},{"damage":27,"enemies":"conspire:Head Lice","floor":25,"turns":6},{"damage":29,"enemies":"Slavers","floor":27,"turns":2},{"damage":31,"enemies":"Gremlin Leader","floor":28,"turns":5},{"damage":5,"enemies":"conspire:Head Lice","floor":31,"turns":3}],"seed_played":"5647223361012449449","potions_obtained":[{"floor":4,"key":"Dexterity Potion"},{"floor":7,"key":"Weak Potion"},{"floor":11,"key":"Explosive Potion"},{"floor":16,"key":"Adrenaline Potion"},{"floor":17,"key":"Weak Potion"},{"floor":20,"key":"AttackPotion"},{"floor":22,"key":"Adrenaline Potion"},{"floor":27,"key":"FearPotion"}],"is_trial":true,"path_per_floor":["M","M","M","M","M","E","E","R","T","E","E","E","M","M","R","B",null,"M","M","M","$","M","E","E","E","T","E","E","R","$","E"],"character_chosen":"THE_SENSHI","items_purchased":["GuppysHead","MerchantsRug","Vajra","CrazyTorch:ReiMu","theSenshi:ChokerRelic"],"campfire_rested":1,"item_purchase_floors":[17,21,21,21,30],"current_hp_per_floor":[75,75,70,70,61,52,28,50,64,64,55,55,58,51,51,62,84,84,84,84,84,82,80,49,52,52,31,20,20,20,37,37],"gold":10,"neow_bonus":"","is_daily":false,"chose_seed":false,"campfire_upgraded":2,"win_rate":0.0,"timestamp":1611994299,"path_taken":["M","M","M","M","M","E","E","R","T","E","E","E","M","M","R","BOSS","M","M","M","$","M","E","E","E","T","E","E","R","$","E"],"items_purchased_type":["Relic","Relic","Relic","Relic","Relic"],"build_version":"2020-12-22","purchased_purges":1,"victory":false,"max_hp_per_floor":[75,75,75,75,75,75,75,75,89,89,89,89,89,89,89,89,84,84,84,84,84,84,84,84,84,84,84,84,84,84,84,84],"relic_stats":{"counters":[23,73],"Sundial":[6],"Prayer Wheel":0,"obtain_stats":[{"KeepersGift":0,"ReplayFunnel":26,"DoctorsRemote":0,"MerchantsRug":21,"Replay:Accelerometer":28,"Tiny House":17,"Vajra":21,"Mango":9,"theSenshi:FeatherClipsRelic":25,"theSenshi:ChokerRelic":30,"Leech":12,"D4":7,"theSenshi:TransformationBroochRelic":0,"TheBible":27,"Mastiff:ReiMu":10,"Sundial":11,"CrazyTorch:ReiMu":21,"Prayer Wheel":24,"GuppysHead":17,"Replay:Wax Seal":23,"HushsDoor":0,"theSenshi:EternalTiareRelic":0},{"KeepersGift":0,"ReplayFunnel":20,"DoctorsRemote":0,"MerchantsRug":16,"Replay:Accelerometer":22,"Tiny House":13,"Vajra":16,"Mango":7,"theSenshi:FeatherClipsRelic":20,"theSenshi:ChokerRelic":22,"Leech":10,"D4":7,"theSenshi:TransformationBroochRelic":0,"TheBible":21,"Mastiff:ReiMu":8,"Sundial":9,"CrazyTorch:ReiMu":16,"Prayer Wheel":19,"GuppysHead":13,"Replay:Wax Seal":18,"HushsDoor":0,"theSenshi:EternalTiareRelic":0},{"KeepersGift":0,"ReplayFunnel":63,"DoctorsRemote":0,"MerchantsRug":48,"Replay:Accelerometer":70,"Tiny House":39,"Vajra":48,"Mango":17,"theSenshi:FeatherClipsRelic":63,"theSenshi:ChokerRelic":70,"Leech":27,"D4":17,"theSenshi:TransformationBroochRelic":0,"TheBible":65,"Mastiff:ReiMu":19,"Sundial":23,"CrazyTorch:ReiMu":48,"Prayer Wheel":57,"GuppysHead":39,"Replay:Wax Seal":54,"HushsDoor":0,"theSenshi:EternalTiareRelic":0}]},"card_choices":[{"not_picked":["theSenshi:MoonPower","theSenshi:SailorPlanetAttack","theSenshi:SteeledNerves"],"picked":"SKIP","floor":1},{"not_picked":["theSenshi:MoonPower","theSenshi:MoonsReflection"],"picked":"theSenshi:SailorMarsAssists","floor":2},{"not_picked":["theSenshi:TuxedoSmokingBomber","theSenshi:DramaticEntrance","theSenshi:MoonPower"],"picked":"SKIP","floor":3},{"not_picked":["theSenshi:TuxedoMaskAssists","theSenshi:SailorPlanetAttack"],"picked":"theSenshi:UranusStrength","floor":4},{"not_picked":["theSenshi:IWillPunishYou","theSenshi:TuxedoSmokingBomber","theSenshi:SaturnsMystery"],"picked":"SKIP","floor":5},{"not_picked":["theSenshi:WarriorOfTheMoon","theSenshi:SailorPlutoAssists","theSenshi:JupitersPower"],"picked":"SKIP","floor":6},{"not_picked":["theSenshi:ChibiMoonsLove","theSenshi:InTheNameOfTheMoon","theSenshi:SilverMoonCrystalPowerKiss"],"picked":"SKIP","floor":7},{"not_picked":["theSenshi:JupitersPower","theSenshi:WarriorOfTheMoon","theSenshi:InTheNameOfTheMoon"],"picked":"SKIP","floor":10},{"not_picked":["theSenshi:FatedKiss","theSenshi:SilverMoonCrystalPowerKiss"],"picked":"theSenshi:SailorStarHealerAssists","floor":11},{"not_picked":["theSenshi:SilverMoonCrystalPowerKiss","theSenshi:WarriorOfTheMoon","theSenshi:FatedKiss"],"picked":"SKIP","floor":12},{"not_picked":["Bomb","theSenshi:MoonPunch"],"picked":"theSenshi:SailorVenusAssists","floor":13},{"not_picked":["theSenshi:LateForSchool","theSenshi:NeptunesGrace","theSenshi:MoonPrincessHalation"],"picked":"SKIP","floor":14},{"not_picked":["theSenshi:WarriorOfTheMoon","theSenshi:FatedKiss"],"picked":"theSenshi:StudyParty","floor":16},{"not_picked":["theSenshi:MoonTiaraMagic","theSenshi:MoonlightKnight"],"picked":"theSenshi:SailorMercuryAssists","floor":17},{"not_picked":["theSenshi:LunasBite+1","theSenshi:MoonsReflection"],"picked":"theSenshi:MoonHealingEscalation+1","floor":18},{"not_picked":["theSenshi:LunasBite","theSenshi:PlutosSolemnity+1","theSenshi:SailorVenusAssists"],"picked":"SKIP","floor":19},{"not_picked":["theSenshi:PlutosSolemnity","theSenshi:SailorMarsAssists"],"picked":"theSenshi:LunaSensingAllies","floor":20},{"not_picked":["theSenshi:MercurysCunning","theSenshi:MoonPrincessHalation+1"],"picked":"theSenshi:SailorMarsAssists+1","floor":22},{"not_picked":["theSenshi:InTheNameOfTheMoon","theSenshi:JupitersPower"],"picked":"theSenshi:GlimpseOfThePast","floor":23},{"not_picked":["theSenshi:GlimpseOfThePast","theSenshi:SilverMoonCrystalPowerKiss","theSenshi:StudyParty"],"picked":"SKIP","floor":24},{"not_picked":["theSenshi:WarriorOfTheMoon","theSenshi:StudyParty","theSenshi:InTheNameOfTheMoon"],"picked":"SKIP","floor":25},{"not_picked":["theSenshi:StudyParty","theSenshi:LunaSensingAllies"],"picked":"theSenshi:SailorStarHealerAssists","floor":27},{"not_picked":["theSenshi:InTheNameOfTheMoon","theSenshi:SailorCosmosAssists"],"picked":"theSenshi:MoonGorgeousMeditation","floor":28}],"player_experience":146118,"relics_obtained":[{"floor":7,"key":"D4"},{"floor":9,"key":"Mango"},{"floor":10,"key":"Mastiff:ReiMu"},{"floor":11,"key":"Sundial"},{"floor":12,"key":"Leech"},{"floor":23,"key":"Replay:Wax Seal"},{"floor":24,"key":"Prayer Wheel"},{"floor":25,"key":"theSenshi:FeatherClipsRelic"},{"floor":26,"key":"ReplayFunnel"},{"floor":27,"key":"TheBible"},{"floor":28,"key":"Replay:Accelerometer"}],"event_choices":[],"is_beta":false,"boss_relics":[{"not_picked":["Snecko Eye","ReplayTheSpireMod:DimensionalGlitch"],"picked":"Tiny House"},{"not_picked":[]}],"items_purged_floors":[30],"is_endless":true,"potions_floor_spawned":[4,7,11,12,16,18,20,22,27],"killed_by":"conspire:Head Lice","ascension_level":0}}