{"host":"2wp95sdfrgw3k439","time":1611986899,"event":{"mods":["BaseMod","Better Altar","Better Skull","Better Third Choice","Curses Come First","Minty Spire (QoL Compilation)","Permanent Neow","StSLib"],"gold_per_floor":[115,0,0,12,31,31,61,12,12,87,87,87],"floor_reached":11,"language":"ENG","playtime":405,"items_purged":[],"score":89,"play_id":"3ff22467-48d4-4b23-99f8-1e2486e69f6f","local_time":"20210129230819","is_ascension_mode":true,"campfire_choices":[{"floor":6,"key":"REST"}],"circlet_count":0,"master_deck":["Strike_P","Strike_P","Strike_P","Strike_P","Defend_P","Defend_P","Defend_P","Defend_P","Eruption","Vigilance","BattleHymn","SashWhip","Enlightenment","TalkToTheHand","Conclude","FearNoEvil"],"relics":["PureWater","Damaru","Omamori","InkBottle","GoldenEye"],"acts_visited":["Exordium"],"potions_floor_usage":[5,11],"damage_taken":[{"damage":9,"enemies":"Small Slimes","floor":1,"turns":4},{"damage":4,"enemies":"Jaw Worm","floor":4,"turns":3},{"damage":0,"enemies":"Cultist","floor":5,"turns":2},{"damage":32,"enemies":"3 Sentries","floor":7,"turns":5},{"damage":30,"enemies":"Gremlin Nob","floor":11,"turns":3}],"seed_played":"-4494605662426512923","potions_obtained":[{"floor":4,"key":"SkillPotion"}],"is_trial":false,"path_per_floor":["M","?","?","M","M","R","E","$","T","?","E"],"character_chosen":"WATCHER","items_purchased":["PowerPotion"],"campfire_rested":1,"item_purchase_floors":[8],"current_hp_per_floor":[63,69,38,34,34,57,25,25,25,14,0,0],"gold":87,"neow_bonus":"THREE_CARDS","is_daily":false,"chose_seed":false,"campfire_upgraded":0,"win_rate":0.0,"timestamp":1611986899,"path_taken":["M","?","?","?","M","R","E","$","T","?","E"],"items_purchased_type":["Potion"],"build_version":"2020-12-22","purchased_purges":0,"victory":false,"max_hp_per_floor":[72,78,78,78,78,78,78,78,78,78,78,78],"card_choices":[{"not_picked":["EmptyBody","Pray"],"picked":"BattleHymn","floor":0},{"not_picked":["FlyingSleeves","Consecrate"],"picked":"SashWhip","floor":1},{"not_picked":["Crescendo","EmptyFist"],"picked":"TalkToTheHand","floor":4},{"not_picked":["BowlingBash","SashWhip"],"picked":"Conclude","floor":5},{"not_picked":["JustLucky","Perseverance"],"picked":"FearNoEvil","floor":7}],"player_experience":513783,"relics_obtained":[{"floor":7,"key":"InkBottle"},{"floor":9,"key":"GoldenEye"}],"event_choices":[{"damage_healed":0,"gold_gain":0,"player_choice":"RENOUNCE","damage_taken":115,"max_hp_gain":0,"max_hp_loss":0,"event_name":"betterThird:BetterSerpent","floor":2,"gold_loss":115,"cards_obtained":["Enlightenment"]},{"damage_healed":0,"gold_gain":0,"player_choice":"RE RE ","damage_taken":35,"relics_obtained":["Damaru","Omamori"],"max_hp_gain":0,"max_hp_loss":0,"event_name":"betterSkull:BetterSkull","floor":3,"gold_loss":0,"cards_upgraded":[]},{"damage_healed":0,"gold_gain":75,"player_choice":"Gold","damage_taken":11,"max_hp_gain":0,"max_hp_loss":0,"event_name":"betterThird:BetterGoop","floor":10,"gold_loss":0}],"is_beta":false,"boss_relics":[],"items_purged_floors":[],"is_endless":false,"potions_floor_spawned":[4],"killed_by":"Gremlin Nob","ascension_level":5}}