{"host":"c6xy0a74zz7y4nf6","time":1611979786,"event":{"mods":["BaseMod","Downfall","Minty Spire (QoL Compilation)","StSLib","The Servant 0.9.4"],"gold_per_floor":[109,109,109,124,137,137,156,176,176,126,81,111,142,161,161,257,257,269,269,283,208,208,208,242,242,242,252,252,1,21,36,36,133,133,149,149,167,167,183,210,223,223,270,280,312,312,332,342,342,342,342,342,18,18,18],"floor_reached":56,"language":"ENG","playtime":4115,"items_purged":["Strike_S","downfall:Haunted"],"score":1331,"play_id":"87510255-ff21-4724-ba50-ba8ea70ad0ed","local_time":"20210129220946","is_ascension_mode":false,"campfire_choices":[{"data":"Exchange","floor":6,"key":"SMITH"},{"floor":15,"key":"REST"},{"data":"MurderousAura","floor":23,"key":"SMITH"},{"data":"Alleviate","floor":25,"key":"SMITH"},{"floor":28,"key":"REST"},{"data":"Ricochet","floor":32,"key":"SMITH"},{"floor":42,"key":"RECALL"},{"floor":49,"key":"REST"},{"data":"Luminosity","floor":52,"key":"SMITH"}],"circlet_count":0,"master_deck":["Strike_S","Defend_S","Defend_S","Defend_S","Defend_S","KidneyShot","Exchange+1","Hightail+1","Ricochet+1","ShatteredReality+1","ShiftingGears","Contraction+1","Rearm+1","MurderousAura+1","DualDimension","FlawlessForm","Starlight+1","Potential+1","Alleviate+1","Spin+1","Contraction+1","Luminosity+1","Luminosity+1","Injury","MoonPhase+1","SilverBlades+1","Dilation+1","Spin+1","Chrysalis+1","BestPractice"],"relics":["Uniform","Bird Faced Urn","Odd Mushroom","CaptainsWheel","SlaversCollar","FossilizedHelix","Whetstone","Toxic Egg 2","Cursed Key","Bottled Flame","Toy Ornithopter","Vajra","War Paint"],"acts_visited":["Exordium","TheCity","TheBeyond","TheEnding"],"potions_floor_usage":[13,13,13,37,39,50,50,54,55],"damage_taken":[{"damage":2,"enemies":"Small Slimes","floor":1,"turns":4},{"damage":8,"enemies":"2 Louse","floor":4,"turns":8},{"damage":0,"enemies":"Cultist","floor":5,"turns":4},{"damage":0,"enemies":"Exordium Wildlife","floor":7,"turns":5},{"damage":0,"enemies":"3 Louse","floor":8,"turns":6},{"damage":5,"enemies":"Looter","floor":11,"turns":5},{"damage":0,"enemies":"The Mushroom Lair","floor":12,"turns":4},{"damage":37,"enemies":"Gremlin Nob","floor":13,"turns":9},{"damage":0,"enemies":"Large Slime","floor":14,"turns":7},{"damage":0,"enemies":"Slime Boss","floor":16,"turns":12},{"damage":4,"enemies":"Chosen","floor":18,"turns":9},{"damage":3,"enemies":"Shell Parasite","floor":20,"turns":10},{"damage":0,"enemies":"Book of Stabbing","floor":24,"turns":8},{"damage":25,"enemies":"3 Cultists","floor":27,"turns":6},{"damage":0,"enemies":"Chosen and Byrds","floor":30,"turns":5},{"damage":1,"enemies":"Shelled Parasite and Fungi","floor":31,"turns":7},{"damage":0,"enemies":"Collector","floor":33,"turns":12},{"damage":0,"enemies":"Orb Walker","floor":35,"turns":7},{"damage":0,"enemies":"3 Shapes","floor":37,"turns":3},{"damage":5,"enemies":"Jaw Worm Horde","floor":39,"turns":5},{"damage":0,"enemies":"Giant Head","floor":40,"turns":12},{"damage":9,"enemies":"3 Darklings","floor":41,"turns":6},{"damage":5,"enemies":"Spire Growth","floor":44,"turns":6},{"damage":0,"enemies":"Nemesis","floor":45,"turns":11},{"damage":16,"enemies":"Transient","floor":47,"turns":5},{"damage":0,"enemies":"Jaw Worm Horde","floor":48,"turns":3},{"damage":40,"enemies":"Awakened One","floor":50,"turns":17},{"damage":15,"enemies":"Shield and Spear","floor":54,"turns":9},{"damage":2,"enemies":"The Heart","floor":55,"turns":15}],"seed_played":"2569639775960850703","potions_obtained":[{"floor":5,"key":"bronze:BurnAndBuffPotion"},{"floor":7,"key":"Block Potion"},{"floor":12,"key":"Block Potion"},{"floor":27,"key":"AttackPotion"},{"floor":30,"key":"SteroidPotion"},{"floor":31,"key":"LiquidBronze"},{"floor":33,"key":"Explosive Potion"},{"floor":39,"key":"Dexterity Potion"},{"floor":41,"key":"DuplicationPotion"}],"is_trial":false,"path_per_floor":["M","?","?","M","M","R","M","M","T","?","M","?","E","M","R","B",null,"M","?","M","$","?","R","E","R","T","M","R","$","M","M","R","B",null,"M","?","M","T","M","E","M","R","T","M","E","?","M","M","R","B",null,"R","$","E","B",null],"character_chosen":"THE_SERVANT","items_purchased":["Toxic Egg 2","Chrysalis+1","champ:CounterPotion"],"campfire_rested":3,"item_purchase_floors":[29,53,53],"current_hp_per_floor":[69,62,62,54,54,54,54,54,54,54,49,49,12,14,35,37,71,69,69,70,70,70,70,71,71,71,48,69,69,71,71,71,71,71,71,71,71,71,70,71,70,70,70,71,71,71,55,63,71,35,71,71,71,61,71],"gold":18,"neow_bonus":"TEN_PERCENT_HP_BONUS","is_daily":false,"chose_seed":false,"campfire_upgraded":5,"win_rate":0.0,"timestamp":1611979786,"path_taken":["M","?","?","?","M","R","M","M","T","?","M","?","E","M","R","BOSS","M","?","M","$","?","R","E","R","T","?","R","?","M","M","R","BOSS","M","?","?","?","M","E","M","R","T","M","E","?","?","M","R","BOSS","R","$","E","BOSS"],"items_purchased_type":["Relic","Card","Potion"],"build_version":"2020-12-22","purchased_purges":2,"victory":true,"max_hp_per_floor":[71,71,71,71,71,71,71,71,71,71,71,71,71,71,71,71,71,71,71,71,71,71,71,71,71,71,71,71,71,71,71,71,71,71,71,71,71,71,71,71,71,71,71,71,71,71,71,71,71,71,71,71,71,71,71],"card_choices":[{"not_picked":["BottledTime","Spin"],"picked":"Hightail","floor":1},{"not_picked":["Potential","Rewind"],"picked":"Ricochet","floor":4},{"not_picked":["Replace","Duplication"],"picked":"ShatteredReality","floor":5},{"not_picked":["ShatteredReality","BottledTime"],"picked":"ShiftingGears","floor":7},{"not_picked":["Rewind","Ricochet"],"picked":"Contraction","floor":8},{"not_picked":["Moonlight","Spin"],"picked":"Rearm","floor":11},{"not_picked":["Alleviate","SpecialFormula"],"picked":"MurderousAura","floor":13},{"not_picked":["Starlight","WasteNot"],"picked":"DualDimension","floor":14},{"not_picked":["PendulumOfEternity","Solidify"],"picked":"FlawlessForm","floor":16},{"not_picked":["RealityMarble+1","DualDimension"],"picked":"Starlight+1","floor":18},{"not_picked":["Defy","FastForward+1"],"picked":"Potential","floor":20},{"not_picked":["Moonlight","RealityMarble"],"picked":"Alleviate","floor":24},{"not_picked":["DoubleEdge","Replace"],"picked":"Spin+1","floor":27},{"not_picked":["Snipe+1","Rearm+1"],"picked":"Contraction+1","floor":30},{"not_picked":["ReturningBlade+1","Revamp+1","Unruled"],"picked":"SKIP","floor":31},{"not_picked":["DoubleEdge+1","Rearm+1"],"picked":"Luminosity","floor":35},{"not_picked":["Spin+1","Potential","ReturningBlade"],"picked":"SKIP","floor":37},{"not_picked":["Starlight+1","Reset+1"],"picked":"MoonPhase+1","floor":39},{"not_picked":["DoubleEdge","StarChef+1","Rearm+1"],"picked":"SKIP","floor":40},{"not_picked":["Starlight","Revamp+1","DoubleEdge+1"],"picked":"SKIP","floor":41},{"not_picked":["Initiator","Ricochet+1"],"picked":"SilverBlades+1","floor":44},{"not_picked":["Rewind+1","Ricochet"],"picked":"Dilation+1","floor":45},{"not_picked":["Defy+1","Potential+1"],"picked":"Spin+1","floor":47},{"not_picked":["Defy+1","BottledTime+1","Reset+1"],"picked":"SKIP","floor":48},{"not_picked":["Revamp+1","Sabotage+1"],"picked":"BestPractice","floor":54}],"player_experience":86557,"relics_obtained":[{"floor":9,"key":"Bird Faced Urn"},{"floor":12,"key":"Odd Mushroom"},{"floor":13,"key":"CaptainsWheel"},{"floor":24,"key":"FossilizedHelix"},{"floor":26,"key":"Whetstone"},{"floor":40,"key":"Bottled Flame"},{"floor":43,"key":"Toy Ornithopter"},{"floor":45,"key":"Vajra"},{"floor":54,"key":"War Paint"}],"event_choices":[{"cards_removed":["Strike_S"],"damage_healed":0,"gold_gain":0,"player_choice":"Card Removal","damage_taken":7,"max_hp_gain":0,"max_hp_loss":0,"event_name":"Golden Wing","floor":2,"gold_loss":0},{"damage_healed":0,"gold_gain":0,"player_choice":"Upgraded","damage_taken":0,"max_hp_gain":0,"max_hp_loss":0,"event_name":"Upgrade Shrine","floor":3,"gold_loss":0,"cards_upgraded":["Hightail"]},{"cards_removed":["Strike_S"],"damage_healed":0,"gold_gain":0,"player_choice":"Card Removal","damage_taken":0,"max_hp_gain":0,"max_hp_loss":0,"event_name":"The Cleric","floor":10,"gold_loss":50},{"damage_healed":0,"gold_gain":0,"player_choice":"Fought Mushrooms","damage_taken":0,"max_hp_gain":0,"max_hp_loss":0,"event_name":"Mushrooms","floor":12,"gold_loss":0},{"damage_healed":0,"gold_gain":0,"player_choice":"Ignored","damage_taken":0,"max_hp_gain":0,"max_hp_loss":0,"event_name":"Cursed Tome","floor":19,"gold_loss":0},{"damage_healed":0,"gold_gain":0,"player_choice":"Ignored","damage_taken":0,"max_hp_gain":0,"max_hp_loss":0,"event_name":"NoteForYourself","floor":22,"gold_loss":0},{"damage_healed":0,"gold_gain":0,"player_choice":"Copied","damage_taken":0,"max_hp_gain":0,"max_hp_loss":0,"event_name":"Duplicator","floor":36,"gold_loss":0,"cards_obtained":["Luminosity"]},{"damage_healed":0,"gold_gain":0,"player_choice":"Forge","damage_taken":0,"max_hp_gain":0,"max_hp_loss":0,"event_name":"Accursed Blacksmith","floor":46,"gold_loss":0,"cards_upgraded":["Luminosity"]}],"is_beta":false,"boss_relics":[{"not_picked":["bronze:MakeshiftBattery","Velvet Choker"],"picked":"SlaversCollar"},{"not_picked":["Pandora\u0027s Box","Coffee Dripper"],"picked":"Cursed Key"}],"items_purged_floors":[21,53],"is_endless":false,"potions_floor_spawned":[5,7,12,27,30,31,33,39,41,44,48],"ascension_level":0}}