{"host":"2i1rjl87isetstuj","time":1611974172,"event":{"mods":["ATMod(°¢èªMod)","BaseMod","Better Vampires","Challenge The Spire","Marked Mod","Minty Spire (QoL Compilation)","Quick Restart","Shop Mod","StSLib","Waifu the Spire","óô»ðÖ¸ÄÏ"],"gold_per_floor":[118,118,118,134,134,168,168,203,203,203,217,228,239,274,54,165,174,197,206,225,225,45,85,4469,4499,4499,4499,4409,4424,4450,4482,3666,3765,3765,3789,3799,2973,3002,0,0,39,39,101,129,216,253,253,266,4401,4701,4701,3890,3423,3649,3749],"floor_reached":56,"language":"ZHS","playtime":2821,"items_purged":["Strike_R","Strike_R","Defend_R","Defend_R","Defend_R"],"score":1619,"play_id":"0abf60b4-bed9-4560-80b4-207bc88c66e9","local_time":"20210130103612","is_ascension_mode":true,"campfire_choices":[{"data":"Armaments","floor":7.0,"key":"SMITH"},{"data":"Strike_R","floor":10.0,"key":"PURGE"},{"floor":27.0,"key":"RECALL"},{"data":"AT_EmpoweredMortalDraw","floor":40.0,"key":"SMITH"},{"data":"Brutality","floor":42.0,"key":"SMITH"},{"data":"Normality","floor":47,"key":"PURGE"}],"circlet_count":0,"master_deck":["Bash","AT_Dispersion","Pommel Strike+1","Armaments+1","Bandage Up","Brutality+1","Spot Weakness","Cleave","AT_DrawKnifeCut+1","Shrug It Off","Flex","Thunderclap","Offering","AT_EmpoweredMortalDraw+1","Dropkick","Thunderclap","Sword Boomerang","Shrug It Off","Shrug It Off+1","Shrug It Off","Inflame","Bloodletting","Spot Weakness","Heavy Blade+1","Shockwave+1","Clumsy","AT_ShrugMaster+1"],"relics":["Burning Blood","AT_ATBox","Mummified Hand","Ancient Tea Set","Peace Pipe","Tiny Chest","CeramicFish","AT_SeraphEmbrace","AT_MortalBlade","Sundial","Brimstone","Anchor","Bag of Marbles","Art of War","Mercury Hourglass","Regal Pillow","Mango","Smiling Mask","Dead Branch","AT_Manta","Medical Kit","Cursed Key","Kunai","White Beast Statue","Toolbox","Red Mask","Whetstone","Strawberry","AT_TimeSand","Bottled Lightning","AT_Kusabimaru","AT_TheCollector","Letter Opener","StoneCalendar","Frozen Eye","MerchantsRug","Red Skull","Orichalcum","Membership Card","Bag of Preparation"],"acts_visited":["Exordium","TheCity","TheBeyond","TheEnding"],"potions_floor_usage":[],"damage_taken":[{"damage":3.0,"enemies":"Jaw Worm","floor":1.0,"turns":5.0},{"damage":0.0,"enemies":"2 Louse","floor":4.0,"turns":3.0},{"damage":22.0,"enemies":"3 Sentries","floor":6.0,"turns":8.0},{"damage":51.0,"enemies":"Gremlin Nob","floor":8.0,"turns":6.0},{"damage":6.0,"enemies":"Cultist","floor":11.0,"turns":4.0},{"damage":8.0,"enemies":"Large Slime","floor":12.0,"turns":5.0},{"damage":14.0,"enemies":"Gremlin Gang","floor":13.0,"turns":4.0},{"damage":3.0,"enemies":"3 Sentries","floor":14.0,"turns":4.0},{"damage":23.0,"enemies":"Slime Boss","floor":16.0,"turns":11.0},{"damage":8.0,"enemies":"Shell Parasite","floor":18.0,"turns":3.0},{"damage":0.0,"enemies":"3 Byrds","floor":20.0,"turns":1.0},{"damage":6.0,"enemies":"Gremlin Leader","floor":23.0,"turns":2.0},{"damage":10.0,"enemies":"Book of Stabbing","floor":25.0,"turns":3.0},{"damage":7.0,"enemies":"Snecko","floor":29.0,"turns":2.0},{"damage":7.0,"enemies":"Cultist and Chosen","floor":30.0,"turns":2.0},{"damage":6.0,"enemies":"Gremlin Leader","floor":31.0,"turns":3.0},{"damage":22.0,"enemies":"Automaton","floor":33.0,"turns":4.0},{"damage":1.0,"enemies":"Orb Walker","floor":35.0,"turns":2.0},{"damage":0.0,"enemies":"3 Shapes","floor":36.0,"turns":1.0},{"damage":12.0,"enemies":"Sphere and 2 Shapes","floor":38.0,"turns":1.0},{"damage":0.0,"enemies":"Nemesis","floor":41.0,"turns":2.0},{"damage":0.0,"enemies":"Reptomancer","floor":44.0,"turns":1.0},{"damage":26,"enemies":"Giant Head","floor":46,"turns":2},{"damage":0,"enemies":"4 Shapes","floor":48,"turns":2},{"damage":20,"enemies":"Awakened One","floor":50,"turns":4},{"damage":0,"enemies":"Shield and Spear","floor":54,"turns":1},{"damage":63,"enemies":"The Heart","floor":55,"turns":3}],"seed_played":"-7927876482777893383","potions_obtained":[{"floor":4.0,"key":"BloodPotion"},{"floor":8.0,"key":"SmokeBomb"},{"floor":11.0,"key":"EssenceOfSteel"},{"floor":13.0,"key":"DuplicationPotion"},{"floor":16.0,"key":"HeartOfIron"},{"floor":41.0,"key":"Strength Potion"}],"is_trial":false,"path_per_floor":["M","?","?","M","?","E","R","E","T","R","M","M","M","E","R","B",null,"M","?","M","T","$","E","R","E","T","R","?","M","M","E","R","B",null,"M","M","$","M","?","R","E","R","T","E","T","E","R","M","R","B",null,"R","$","E","B",null],"character_chosen":"IRONCLAD","items_purchased":["AT_ArchangelStaff","Sword Boomerang","Brimstone","Anchor","Bag of Marbles","Shrug It Off","Mercury Hourglass","Regal Pillow","Dead Branch","AT_Manta","Medical Kit","Kunai","White Beast Statue","Toolbox","Bloodletting","Spot Weakness","Energy Potion","AT_Kusabimaru","AT_TheCollector","Letter Opener","StoneCalendar","Frozen Eye","MerchantsRug","Red Skull","Orichalcum","Membership Card"],"campfire_rested":0,"item_purchase_floors":[15,22,22,22,22,24,24,24,32,32,32,37,37,37,37,37,49,49,49,52,52,52,52,53,53,53],"current_hp_per_floor":[88,81,81,87,87,75,75,36,36,36,36,40,36,43,43,30,88,88,88,88,88,88,88,88,98,98,98,98,101,100,102,102,94,102,102,102,102,96,96,96,102,102,109,109,109,97,97,97,97,91,109,109,109,109,60],"gold":3749,"neow_bonus":"TEN_PERCENT_HP_BONUS","is_daily":false,"chose_seed":false,"campfire_upgraded":3,"win_rate":0.0,"timestamp":1611974172,"path_taken":["M","?","?","M","?","E","R","E","T","R","M","?","M","E","R","BOSS","M","?","?","?","$","E","R","E","T","R","?","?","M","E","R","BOSS","M","M","$","M","?","R","E","R","T","E","?","E","R","M","R","BOSS","R","$","E","BOSS"],"items_purchased_type":["Relic","Card","Relic","Relic","Relic","Card","Relic","Relic","Relic","Relic","Relic","Relic","Relic","Relic","Card","Card","Potion","Relic","Relic","Relic","Relic","Relic","Relic","Relic","Relic","Relic"],"build_version":"2020-12-22","purchased_purges":5,"victory":true,"max_hp_per_floor":[88,88,88,88,88,88,88,88,88,88,88,88,88,88,88,88,88,88,88,88,88,88,88,88,102,102,102,102,102,102,102,102,102,102,102,102,102,102,102,102,102,102,109,109,109,109,109,109,109,109,109,109,109,109,109],"card_choices":[{"not_picked":["Perfected Strike","Second Wind"],"picked":"Pommel Strike","floor":1.0},{"not_picked":["Reckless Charge","Pummel"],"picked":"Armaments","floor":4.0},{"not_picked":["AT_DiedThrough","Power Through"],"picked":"Spot Weakness","floor":6.0},{"not_picked":["True Grit","Havoc"],"picked":"Cleave","floor":8.0},{"not_picked":["Warcry","Hemokinesis"],"picked":"AT_DrawKnifeCut","floor":11.0},{"not_picked":["Perfected Strike","AT_GerminateFire"],"picked":"Shrug It Off","floor":12.0},{"not_picked":["Anger","Sever Soul"],"picked":"Flex","floor":13.0},{"not_picked":["Headbutt","AT_DrawKnifeCut"],"picked":"Thunderclap","floor":14.0},{"not_picked":["Brutality","Fiend Fire"],"picked":"Offering","floor":16.0},{"not_picked":["Infernal Blade","Thunderclap"],"picked":"Dropkick","floor":18.0},{"not_picked":["True Grit+1","Body Slam","Rampage"],"picked":"SKIP","floor":20.0},{"not_picked":["Fire Breathing","Iron Wave"],"picked":"Shrug It Off","floor":23.0},{"not_picked":["True Grit","Intimidate","Brutality"],"picked":"SKIP","floor":25.0},{"not_picked":["Reckless Charge","Warcry","Wild Strike"],"picked":"SKIP","floor":29.0},{"not_picked":["Body Slam","True Grit"],"picked":"Shrug It Off","floor":30.0},{"not_picked":["Second Wind","Thunderclap+1","Juggernaut"],"picked":"SKIP","floor":31.0},{"not_picked":["AT_BodySlamDance","Clothesline+1"],"picked":"Inflame","floor":35.0},{"not_picked":["Clothesline","Infernal Blade","True Grit"],"picked":"SKIP","floor":36.0},{"not_picked":["Iron Wave+1","Havoc"],"picked":"Heavy Blade+1","floor":38.0},{"not_picked":["Brutality","Shrug It Off"],"picked":"Shockwave+1","floor":41.0},{"not_picked":["Clothesline+1","Carnage+1","Cleave"],"picked":"SKIP","floor":44.0},{"not_picked":["Hemokinesis","Flame Barrier+1"],"picked":"AT_ShrugMaster+1","floor":46},{"not_picked":["AT_ManFootWork","Sentinel+1","Pommel Strike+1"],"picked":"SKIP","floor":48},{"not_picked":["Iron Wave","Spot Weakness+1","Intimidate+1"],"picked":"SKIP","floor":54}],"player_experience":104267,"relics_obtained":[{"floor":6.0,"key":"Ancient Tea Set"},{"floor":8.0,"key":"Peace Pipe"},{"floor":9.0,"key":"Tiny Chest"},{"floor":14.0,"key":"CeramicFish"},{"floor":21.0,"key":"Sundial"},{"floor":23.0,"key":"Art of War"},{"floor":25.0,"key":"Mango"},{"floor":31.0,"key":"Smiling Mask"},{"floor":41.0,"key":"Whetstone"},{"floor":43.0,"key":"Strawberry"},{"floor":44.0,"key":"AT_TimeSand"},{"floor":45.0,"key":"Bottled Lightning"},{"floor":46,"key":"AT_GuinsooRageblade"},{"floor":54,"key":"Bag of Preparation"}],"event_choices":[{"damage_healed":0.0,"max_hp_gain":0.0,"max_hp_loss":0.0,"gold_gain":0.0,"event_name":"Scrap Ooze","player_choice":"Success","floor":2.0,"gold_loss":0.0,"damage_taken":7.0,"relics_obtained":["Mummified Hand"]},{"cards_removed":["Strike_R"],"damage_healed":0.0,"max_hp_gain":0.0,"max_hp_loss":0.0,"gold_gain":0.0,"event_name":"Living Wall","player_choice":"Forget","floor":3.0,"gold_loss":0.0,"damage_taken":0.0},{"damage_healed":0.0,"max_hp_gain":0.0,"max_hp_loss":0.0,"gold_gain":0.0,"event_name":"Match and Keep!","player_choice":"2 cards matched","floor":5.0,"gold_loss":0.0,"damage_taken":0.0,"cards_obtained":["Bandage Up","Brutality"]},{"damage_healed":0.0,"max_hp_gain":0.0,"max_hp_loss":0.0,"gold_gain":0.0,"cards_transformed":["Strike_R"],"event_name":"Transmorgrifier","player_choice":"Transformed","floor":19.0,"gold_loss":0.0,"damage_taken":0.0,"cards_obtained":["Thunderclap"]},{"cards_removed":["Defend_R"],"damage_healed":0.0,"max_hp_gain":0.0,"max_hp_loss":0.0,"gold_gain":0.0,"event_name":"Designer","player_choice":"Upgrade and Remove","floor":28.0,"gold_loss":90.0,"damage_taken":0.0,"cards_upgraded":["Shrug It Off"]},{"damage_healed":0.0,"max_hp_gain":0.0,"max_hp_loss":0.0,"gold_gain":0.0,"event_name":"Tomb of Lord Red Mask","player_choice":"Paid","floor":39.0,"gold_loss":3002.0,"damage_taken":0.0,"relics_obtained":["Red Mask"]}],"is_beta":false,"boss_relics":[{"not_picked":["Velvet Choker","Runic Cube"],"picked":"AT_MortalBlade"},{"not_picked":["Black Blood","Snecko Eye"],"picked":"Cursed Key"}],"items_purged_floors":[15,22,24,32,37],"is_endless":false,"potions_floor_spawned":[4,8,11,13,14,16,29,30,31,33,35,36,38,41,44,46,48,54],"ascension_level":1}}