{"host":"Kdaddybrian","time":1611989492,"event":{"mods":["AchievementEnabler","BaseMod","Bestiary","Colored Powertips","Minty Spire (QoL Compilation)","Potion Indicator Mod","Quick Restart","Rare Cards Sparkle","Relic Stats","StSLib","Uncapped"],"gold_per_floor":[126,146,169,198,223,223,223],"floor_reached":6,"language":"ENG","playtime":337,"items_purged":[],"score":46,"play_id":"e7d08002-97b9-4f29-bad3-cd4f5042651a","local_time":"20210130015132","is_ascension_mode":true,"campfire_choices":[],"circlet_count":0,"master_deck":["Strike_P","Strike_P","Strike_P","Strike_P","Defend_P","Defend_P","Defend_P","Defend_P","Eruption","Vigilance","CrushJoints","Devotion","FlyingSleeves","Pray","Evaluate"],"relics":["PureWater","CeramicFish"],"acts_visited":["Exordium"],"potions_floor_usage":[4,6],"damage_taken":[{"damage":5.0,"enemies":"Cultist","floor":1.0,"turns":5.0},{"damage":0.0,"enemies":"2 Louse","floor":2.0,"turns":2.0},{"damage":0.0,"enemies":"Small Slimes","floor":3.0,"turns":3.0},{"damage":29,"enemies":"Gremlin Gang","floor":4,"turns":5},{"damage":25,"enemies":"Exordium Wildlife","floor":5,"turns":5},{"damage":22,"enemies":"3 Sentries","floor":6,"turns":4}],"seed_played":"-1571353786636452990","potions_obtained":[{"floor":2.0,"key":"Explosive Potion"},{"floor":5,"key":"Energy Potion"}],"is_trial":false,"path_per_floor":["M","M","M","M","M","E"],"character_chosen":"WATCHER","items_purchased":[],"campfire_rested":0,"item_purchase_floors":[],"current_hp_per_floor":[67,67,67,38,13,0,0],"gold":223,"neow_bonus":"RANDOM_COMMON_RELIC","is_daily":false,"chose_seed":false,"campfire_upgraded":0,"win_rate":0.0,"timestamp":1611989492,"path_taken":["M","M","M","M","?","E"],"items_purchased_type":[],"build_version":"2020-12-18","purchased_purges":0,"victory":false,"max_hp_per_floor":[72,72,72,72,72,72,72],"relic_stats":{"counters":[6,24],"CeramicFish":45,"obtain_stats":[{"CeramicFish":0,"PureWater":0},{"CeramicFish":0,"PureWater":0},{"CeramicFish":0,"PureWater":0}]},"card_choices":[{"not_picked":["FlyingSleeves","PathToVictory"],"picked":"CrushJoints","floor":1.0},{"not_picked":["FlurryOfBlows","ForeignInfluence"],"picked":"Devotion","floor":2.0},{"not_picked":["FlurryOfBlows","BowlingBash"],"picked":"FlyingSleeves","floor":3.0},{"not_picked":["JustLucky","SignatureMove"],"picked":"Pray","floor":4},{"not_picked":["ForeignInfluence","Halt"],"picked":"Evaluate","floor":5}],"player_experience":2981507,"relics_obtained":[],"event_choices":[],"is_beta":true,"boss_relics":[],"items_purged_floors":[],"is_endless":false,"potions_floor_spawned":[2,5],"killed_by":"3 Sentries","ascension_level":3}}