{"host":"gobyjzz6xbwq9f9i","time":1611997507,"event":{"mods":["AchievementEnabler","BaseMod","Bestiary","Colored Map","Minty Spire (QoL Compilation)","Relic Stats"],"gold_per_floor":[117,133,152,168,182,182,210,210,258,283,293,306,306,306,306,403,403,418,436,436,451,471,498,16,16,98,98,110,110,135,151,151,248,248,262,281,296,296,296,326,79,97,120,138,138,169,169,185,185,185],"floor_reached":51,"language":"ENG","playtime":2472,"items_purged":["Defend_P","Defend_P"],"score":863,"play_id":"29bf6271-38ac-4fa1-8f66-044c4ad228d0","local_time":"20210130010507","is_ascension_mode":false,"campfire_choices":[{"floor":6,"key":"REST"},{"floor":8,"key":"REST"},{"floor":15,"key":"REST"},{"floor":27,"key":"REST"},{"floor":29,"key":"REST"},{"floor":32,"key":"REST"},{"floor":45,"key":"REST"},{"floor":47,"key":"RECALL"},{"floor":49,"key":"REST"}],"circlet_count":0,"master_deck":["Strike_P","Strike_P","Strike_P","Strike_P","Defend_P","Defend_P","Eruption","Vigilance","BowlingBash","Wallop","Scrawl","FearNoEvil","DeceiveReality","WheelKick","TalkToTheHand+1","Tantrum","Vault","InnerPeace","Vengeance+1","EmptyFist+1","Fasting2+1","ClearTheMind","Master of Strategy+1","ThirdEye","FlurryOfBlows","Crescendo+1","Blasphemy","ThirdEye+1","Adaptation+1","CutThroughFate+1","Sucker Punch+1"],"relics":["Fusion Hammer","Ancient Tea Set","Bag of Marbles","Kunai","Orichalcum","Sozu","Sundial","Gremlin Horn","Bottled Lightning","Toy Ornithopter","Runic Pyramid","Bottled Flame","PrismaticShard","Centennial Puzzle","Ornamental Fan"],"acts_visited":["Exordium","TheCity","TheBeyond"],"potions_floor_usage":[19,22,35],"damage_taken":[{"damage":0,"enemies":"Cultist","floor":1,"turns":3},{"damage":0,"enemies":"2 Louse","floor":2,"turns":2},{"damage":0,"enemies":"Small Slimes","floor":3,"turns":3},{"damage":8,"enemies":"Exordium Thugs","floor":4,"turns":4},{"damage":0,"enemies":"Large Slime","floor":5,"turns":3},{"damage":8,"enemies":"Gremlin Nob","floor":7,"turns":3},{"damage":7,"enemies":"Lagavulin","floor":10,"turns":5},{"damage":10,"enemies":"Blue Slaver","floor":11,"turns":2},{"damage":0,"enemies":"Exordium Thugs","floor":12,"turns":1},{"damage":6,"enemies":"Hexaghost","floor":16,"turns":6},{"damage":0,"enemies":"Shell Parasite","floor":18,"turns":2},{"damage":9,"enemies":"2 Thieves","floor":19,"turns":2},{"damage":0,"enemies":"3 Cultists","floor":21,"turns":5},{"damage":18,"enemies":"Sentry and Sphere","floor":22,"turns":5},{"damage":20,"enemies":"Slavers","floor":23,"turns":5},{"damage":0,"enemies":"Snake Plant","floor":28,"turns":2},{"damage":0,"enemies":"Gremlin Leader","floor":30,"turns":3},{"damage":0,"enemies":"Centurion and Healer","floor":31,"turns":2},{"damage":27,"enemies":"Automaton","floor":33,"turns":9},{"damage":0,"enemies":"3 Darklings","floor":35,"turns":3},{"damage":0,"enemies":"3 Shapes","floor":36,"turns":2},{"damage":1,"enemies":"Sphere and 2 Shapes","floor":37,"turns":4},{"damage":0,"enemies":"Giant Head","floor":40,"turns":7},{"damage":0,"enemies":"4 Shapes","floor":42,"turns":2},{"damage":13,"enemies":"Jaw Worm Horde","floor":44,"turns":3},{"damage":0,"enemies":"Reptomancer","floor":46,"turns":2},{"damage":0,"enemies":"Writhing Mass","floor":48,"turns":3},{"damage":1,"enemies":"Time Eater","floor":50,"turns":6}],"seed_played":"3845071045169186446","potions_obtained":[{"floor":1,"key":"LiquidMemories"},{"floor":2,"key":"GamblersBrew"},{"floor":7,"key":"Block Potion"}],"is_trial":false,"path_per_floor":["M","M","M","M","M","R","E","R","T","E","M","M","?","?","R","B",null,"M","M","?","M","M","E","$","$","T","R","M","R","E","M","R","B",null,"M","M","M","?","?","E","$","M","T","M","R","E","R","M","R","B",null],"character_chosen":"WATCHER","items_purchased":["Master of Strategy","Gremlin Horn","PrismaticShard"],"campfire_rested":8,"item_purchase_floors":[24,24,41],"current_hp_per_floor":[72,72,72,64,64,72,64,72,72,65,55,55,3,3,24,18,72,72,63,57,57,39,19,19,19,19,40,40,61,61,61,72,45,72,72,72,71,71,71,71,71,71,71,58,72,72,72,72,72,71],"gold":185,"neow_bonus":"BOSS_RELIC","is_daily":false,"chose_seed":false,"campfire_upgraded":0,"win_rate":0.0,"timestamp":1611997507,"path_taken":["M","M","M","M","M","R","E","R","T","E","M","M","?","?","R","BOSS","M","M","?","M","M","E","?","$","T","R","M","R","E","M","R","BOSS","M","M","M","?","?","E","$","M","T","?","R","E","R","M","R","BOSS"],"items_purchased_type":["Card","Relic","Relic"],"build_version":"2020-12-22","purchased_purges":2,"victory":true,"max_hp_per_floor":[72,72,72,72,72,72,72,72,72,72,72,72,72,72,72,72,72,72,72,72,72,72,72,72,72,72,72,72,72,72,72,72,72,72,72,72,72,72,72,72,72,72,72,72,72,72,72,72,72,72],"relic_stats":{"Sozu":8,"Centennial Puzzle":[6],"Gremlin Horn":[17,19],"counters":[28,99],"Sundial":[2],"Ornamental Fan":[32],"Kunai":[53],"Orichalcum":[60],"obtain_stats":[{"Gremlin Horn":24,"Orichalcum":13,"Ancient Tea Set":7,"PrismaticShard":41,"Sozu":17,"Bottled Flame":40,"Centennial Puzzle":43,"Sundial":23,"Ornamental Fan":46,"Fusion Hammer":0,"Bag of Marbles":9,"Kunai":10,"Bottled Lightning":26,"PureWater":0,"Toy Ornithopter":30,"Runic Pyramid":34},{"Gremlin Horn":15,"Orichalcum":9,"Ancient Tea Set":6,"PrismaticShard":23,"Sozu":10,"Bottled Flame":23,"Centennial Puzzle":24,"Sundial":15,"Ornamental Fan":26,"Fusion Hammer":0,"Bag of Marbles":6,"Kunai":7,"Bottled Lightning":15,"PureWater":0,"Toy Ornithopter":17,"Runic Pyramid":19},{"Gremlin Horn":51,"Orichalcum":26,"Ancient Tea Set":18,"PrismaticShard":83,"Sozu":32,"Bottled Flame":83,"Centennial Puzzle":85,"Sundial":51,"Ornamental Fan":90,"Fusion Hammer":0,"Bag of Marbles":18,"Kunai":23,"Bottled Lightning":51,"PureWater":0,"Toy Ornithopter":56,"Runic Pyramid":67}],"Toy Ornithopter":0},"card_choices":[{"not_picked":["SashWhip","WaveOfTheHand"],"picked":"CrushJoints","floor":1},{"not_picked":["EmptyBody","Halt"],"picked":"BowlingBash","floor":2},{"not_picked":["JustLucky","Halt"],"picked":"Wallop","floor":3},{"not_picked":["Study","CrushJoints"],"picked":"Scrawl","floor":4},{"not_picked":["BowlingBash","ForeignInfluence"],"picked":"FearNoEvil","floor":5},{"not_picked":["JustLucky","ClearTheMind"],"picked":"DeceiveReality","floor":7},{"not_picked":["DevaForm","Protect"],"picked":"WheelKick","floor":10},{"not_picked":["WaveOfTheHand","Protect"],"picked":"TalkToTheHand","floor":11},{"not_picked":["Evaluate","Crescendo"],"picked":"Tantrum","floor":12},{"not_picked":["Establishment","Alpha"],"picked":"Vault","floor":16},{"not_picked":["BattleHymn","EmptyFist"],"picked":"InnerPeace","floor":18},{"not_picked":["FollowUp","WreathOfFlame"],"picked":"Vengeance+1","floor":19},{"not_picked":["Tantrum","JustLucky+1"],"picked":"EmptyFist+1","floor":21},{"not_picked":["Halt","LikeWater"],"picked":"Fasting2+1","floor":22},{"not_picked":["FlyingSleeves+1","EmptyFist"],"picked":"ClearTheMind","floor":23},{"not_picked":["SpiritShield","WheelKick"],"picked":"ThirdEye","floor":28},{"not_picked":["Meditate","SpiritShield"],"picked":"FlurryOfBlows","floor":30},{"not_picked":["BowlingBash","Prostrate"],"picked":"Crescendo+1","floor":31},{"not_picked":["MasterReality","SpiritShield"],"picked":"Blasphemy","floor":33},{"not_picked":["Wireheading","CutThroughFate"],"picked":"ThirdEye+1","floor":35},{"not_picked":["EmptyFist","InnerPeace+1"],"picked":"Adaptation+1","floor":36},{"not_picked":["Consecrate","JustLucky","ThirdEye"],"picked":"SKIP","floor":37},{"not_picked":["BowlingBash+1","ForeignInfluence"],"picked":"CutThroughFate+1","floor":40},{"not_picked":["Underhanded Strike+1","Purity"],"picked":"Sucker Punch+1","floor":42},{"not_picked":["SandsOfTime","Cold Snap+1","All Out Attack"],"picked":"SKIP","floor":44},{"not_picked":["Deep Breath","Jack Of All Trades","PathToVictory+1"],"picked":"SKIP","floor":46},{"not_picked":["Gash","Dramatic Entrance+1","Sweeping Beam+1"],"picked":"SKIP","floor":48}],"player_experience":1211390,"relics_obtained":[{"floor":7,"key":"Ancient Tea Set"},{"floor":9,"key":"Bag of Marbles"},{"floor":10,"key":"Kunai"},{"floor":23,"key":"Sundial"},{"floor":26,"key":"Bottled Lightning"},{"floor":30,"key":"Toy Ornithopter"},{"floor":40,"key":"Bottled Flame"},{"floor":43,"key":"Centennial Puzzle"},{"floor":46,"key":"Ornamental Fan"}],"event_choices":[{"damage_healed":0,"gold_gain":0,"player_choice":"Success","damage_taken":52,"relics_obtained":["Orichalcum"],"max_hp_gain":0,"max_hp_loss":0,"event_name":"Scrap Ooze","floor":13,"gold_loss":0},{"damage_healed":0,"gold_gain":0,"player_choice":"Grow","damage_taken":0,"max_hp_gain":0,"max_hp_loss":0,"event_name":"Living Wall","floor":14,"gold_loss":0,"cards_upgraded":["TalkToTheHand"]},{"damage_healed":0,"gold_gain":0,"player_choice":"","damage_taken":6,"max_hp_gain":0,"max_hp_loss":0,"event_name":"Knowing Skull","floor":20,"potions_obtained":[],"gold_loss":0,"cards_obtained":[]},{"cards_removed":["CrushJoints"],"damage_healed":0,"gold_gain":0,"player_choice":"Removed Attack","damage_taken":0,"max_hp_gain":0,"max_hp_loss":0,"event_name":"Falling","floor":38,"gold_loss":0},{"damage_healed":0,"gold_gain":0,"player_choice":"Upgraded","damage_taken":0,"max_hp_gain":0,"max_hp_loss":0,"event_name":"Upgrade Shrine","floor":39,"gold_loss":0,"cards_upgraded":["Master of Strategy"]}],"is_beta":false,"boss_relics":[{"not_picked":["Velvet Choker","Empty Cage"],"picked":"Sozu"},{"not_picked":["Snecko Eye","Philosopher\u0027s Stone"],"picked":"Runic Pyramid"}],"items_purged_floors":[24,41],"is_endless":false,"potions_floor_spawned":[1,2,7,11,16,19,21,23,28,31,37,40,42],"ascension_level":0}}