{"host":"osk2oboccoevp2u5","time":1611977926,"event":{"mods":["AchievementEnabler","Alarm Clock","BaseMod","Colored Powertips","Disable Question Mark Monsters","Displayed Cursed Tome","Hermit","Key Reminder","Minty Spire (QoL Compilation)","Potion Indicator Mod","Quick Restart","Rare Cards Sparkle","Reorder Act Four","StSLib","Useless Jewels Mod"],"gold_per_floor":[110,110,15,32,32,66,66,96,96,111,36,36,36,63,63,162,212,231,213,37,50,69,110,40,40,40,40,72,81,93,121,121,225,225,239,254,282,8,58,58,85,85,136,145,158,158,185,17,17,17,17],"floor_reached":50,"language":"ENG","playtime":3892,"items_purged":["hermit:Strike_Hermit","hermit:Strike_Hermit","hermit:Defend_Hermit","hermit:Defend_Hermit"],"score":694,"play_id":"d9769532-8954-4d9a-80fe-ff3d6f278dd1","local_time":"20210129233846","is_ascension_mode":true,"campfire_choices":[{"data":"hermit:GhostlyPresence","floor":7,"key":"SMITH"},{"data":"hermit:Covet","floor":13,"key":"SMITH"},{"data":"hermit:Horror","floor":15,"key":"SMITH"},{"data":"hermit:Brawl","floor":25,"key":"SMITH"},{"data":"hermit:TakeAim","floor":27,"key":"SMITH"},{"floor":32,"key":"REST"},{"floor":40,"key":"REST"},{"data":"Apotheosis","floor":46,"key":"SMITH"},{"floor":49,"key":"REST"}],"circlet_count":0,"master_deck":["hermit:Strike_Hermit+1","hermit:Strike_Hermit+1","hermit:Defend_Hermit+1","hermit:Defend_Hermit+1","hermit:Snapshot+1","hermit:Covet+1","hermit:GhostlyPresence+1","hermit:Horror+1","hermit:TakeAim+1","hermit:Glare+1","hermit:Brawl+1","J.A.X.","hermit:Coalescence+1","hermit:Vantage+1","Secret Technique","Secret Weapon","Apotheosis+1","Writhe","hermit:Manifest"],"relics":["hermit:Momento","NeowsBlessing","Ice Cream","Regal Pillow","Sundial","Whetstone","Bottled Lightning","CeramicFish","Tiny House","Pen Nib","hermit:Spyglass","Akabeko","SlaversCollar","Toolbox","Calipers","hermit:RyeStalk","Boot"],"acts_visited":["Exordium","TheCity","TheBeyond"],"potions_floor_usage":[8,14,14,21,23,23,23,33,35,42,50],"damage_taken":[{"damage":0,"enemies":"Cultist","floor":1,"turns":1},{"damage":0,"enemies":"2 Louse","floor":4,"turns":1},{"damage":0,"enemies":"3 Sentries","floor":6,"turns":2},{"damage":16,"enemies":"Gremlin Nob","floor":8,"turns":4},{"damage":1,"enemies":"Small Slimes","floor":10,"turns":3},{"damage":0,"enemies":"Lagavulin","floor":14,"turns":6},{"damage":54,"enemies":"Hexaghost","floor":16,"turns":14},{"damage":39,"enemies":"3 Byrds","floor":18,"turns":7},{"damage":13,"enemies":"2 Thieves","floor":19,"turns":4},{"damage":22,"enemies":"Sentry and Sphere","floor":21,"turns":10},{"damage":19,"enemies":"Snake Plant","floor":22,"turns":6},{"damage":67,"enemies":"Book of Stabbing","floor":23,"turns":9},{"damage":79,"enemies":"Slavers","floor":28,"turns":11},{"damage":34,"enemies":"Shelled Parasite and Fungi","floor":30,"turns":6},{"damage":3,"enemies":"Snecko","floor":31,"turns":4},{"damage":129,"enemies":"Collector","floor":33,"turns":11},{"damage":68,"enemies":"3 Darklings","floor":35,"turns":11},{"damage":7,"enemies":"3 Shapes","floor":36,"turns":7},{"damage":44,"enemies":"Maw","floor":37,"turns":8},{"damage":21,"enemies":"Mind Bloom Boss Battle","floor":39,"turns":7},{"damage":23,"enemies":"3 Darklings","floor":42,"turns":3},{"damage":45,"enemies":"Jaw Worm Horde","floor":45,"turns":7},{"damage":121,"enemies":"Reptomancer","floor":47,"turns":11},{"damage":258,"enemies":"Time Eater","floor":50,"turns":17}],"seed_played":"5548683663273403773","potions_obtained":[{"floor":4,"key":"Dexterity Potion"},{"floor":6,"key":"AttackPotion"},{"floor":8,"key":"Weak Potion"},{"floor":17,"key":"Energy Potion"},{"floor":21,"key":"Explosive Potion"},{"floor":22,"key":"CultistPotion"},{"floor":28,"key":"Ancient Potion"},{"floor":33,"key":"Swift Potion"},{"floor":39,"key":"SmokeBomb"},{"floor":45,"key":"FairyPotion"},{"floor":47,"key":"Weak Potion"}],"is_trial":false,"path_per_floor":["M","?","?","M","?","E","R","E","T","M","$","?","R","E","R","B",null,"M","M","$","M","M","E","$","R","T","R","E","?","M","M","R","B",null,"M","M","M","$","?","R","?","M","T","?","M","R","E","$","R","B"],"character_chosen":"HERMIT","items_purchased":["hermit:TakeAim","hermit:Tonic","hermit:Brawl","Toolbox","hermit:Manifest"],"campfire_rested":3,"item_purchase_floors":[20,20,24,38,48],"current_hp_per_floor":[75,72,72,72,57,57,57,41,41,40,40,75,75,75,75,21,80,41,28,28,6,61,54,54,54,54,54,53,53,19,16,55,72,80,12,5,36,36,15,54,44,21,21,41,58,58,32,32,71,21,21],"gold":17,"neow_bonus":"THREE_ENEMY_KILL","is_daily":false,"chose_seed":false,"campfire_upgraded":6,"win_rate":0.0,"timestamp":1611977926,"path_taken":["M","?","?","M","?","E","R","E","T","M","$","?","R","E","R","BOSS","M","M","$","M","M","E","?","R","T","R","E","?","M","M","R","BOSS","M","M","M","$","?","R","?","M","T","?","M","R","E","$","R","BOSS"],"items_purchased_type":["Card","Potion","Card","Relic","Card"],"build_version":"2020-12-22","purchased_purges":4,"victory":false,"max_hp_per_floor":[75,75,75,75,75,75,75,75,75,75,75,75,75,75,75,75,80,80,80,80,80,80,80,80,80,80,80,80,80,80,80,80,80,80,80,80,80,80,80,80,80,80,80,80,80,80,80,80,80,80,80],"card_choices":[{"not_picked":["hermit:Ricochet","hermit:Desperado"],"picked":"hermit:GhostlyPresence","floor":1},{"not_picked":["hermit:Brawl","hermit:CalledShot","hermit:Headshot"],"picked":"SKIP","floor":4},{"not_picked":["hermit:Desperado","hermit:Virtue","hermit:HighCaliber"],"picked":"SKIP","floor":6},{"not_picked":["hermit:Roulette","hermit:Gestalt","hermit:Dive"],"picked":"SKIP","floor":8},{"not_picked":["hermit:FullyLoaded","hermit:Headshot"],"picked":"hermit:Horror","floor":10},{"not_picked":["hermit:BodyArmor","hermit:Scavenge","hermit:Midnight"],"picked":"SKIP","floor":14},{"not_picked":["hermit:Misfire","hermit:ShadowCloak+1","hermit:Desperado"],"picked":"SKIP","floor":18},{"not_picked":["hermit:Manifest+1","hermit:Horror","hermit:Feint"],"picked":"SKIP","floor":19},{"not_picked":["hermit:Vantage","hermit:Deadeye","hermit:Quickdraw"],"picked":"SKIP","floor":21},{"not_picked":["hermit:HeroicBravado","hermit:CalledShot","hermit:TrackingShot"],"picked":"SKIP","floor":22},{"not_picked":["hermit:TrackingShot","hermit:Quickdraw"],"picked":"hermit:Glare+1","floor":23},{"not_picked":["hermit:Ricochet","hermit:FromBeyond","hermit:CalledShot+1"],"picked":"SKIP","floor":28},{"not_picked":["hermit:Coalescence","hermit:Virtue+1","hermit:Determination"],"picked":"SKIP","floor":30},{"not_picked":["hermit:CalledShot","hermit:Reprieve"],"picked":"hermit:Coalescence+1","floor":31},{"not_picked":["hermit:Brawl","hermit:BigShot+1","hermit:HighCaliber"],"picked":"SKIP","floor":35},{"not_picked":["hermit:Showdown","hermit:Vantage","hermit:CalledShot+1"],"picked":"SKIP","floor":36},{"not_picked":["hermit:GoldenBullet","hermit:LoneWolf+1"],"picked":"hermit:Vantage+1","floor":37},{"not_picked":["Metamorphosis","Swift Strike"],"picked":"Secret Technique","floor":41},{"not_picked":["Finesse","Panacea"],"picked":"Secret Weapon","floor":41},{"not_picked":["Mayhem","Dramatic Entrance"],"picked":"Apotheosis","floor":41},{"not_picked":["hermit:GoldenBullet+1","hermit:Desperado+1","hermit:BigShot"],"picked":"SKIP","floor":45},{"not_picked":["hermit:HighCaliber","hermit:WideOpen+1","hermit:Reprieve"],"picked":"SKIP","floor":47}],"player_experience":975507,"relics_obtained":[{"floor":6,"key":"Sundial"},{"floor":8,"key":"Whetstone"},{"floor":9,"key":"Bottled Lightning"},{"floor":14,"key":"CeramicFish"},{"floor":23,"key":"Pen Nib"},{"floor":26,"key":"hermit:Spyglass"},{"floor":28,"key":"Akabeko"},{"floor":39,"key":"Calipers"},{"floor":43,"key":"hermit:RyeStalk"},{"floor":47,"key":"Boot"}],"event_choices":[{"damage_healed":0,"gold_gain":0,"player_choice":"Success","damage_taken":3,"relics_obtained":["Ice Cream"],"max_hp_gain":0,"max_hp_loss":0,"event_name":"Scrap Ooze","floor":2,"gold_loss":0},{"damage_healed":0,"gold_gain":0,"player_choice":"Paid Gold","damage_taken":0,"relics_obtained":["Regal Pillow"],"max_hp_gain":0,"max_hp_loss":0,"event_name":"WeMeetAgain","floor":3,"gold_loss":95},{"damage_healed":0,"gold_gain":0,"player_choice":"Entered Light","damage_taken":15,"max_hp_gain":0,"max_hp_loss":0,"event_name":"Shining Light","floor":5,"gold_loss":0,"cards_upgraded":["hermit:Strike_Hermit","hermit:Defend_Hermit"]},{"damage_healed":35,"gold_gain":0,"player_choice":"Full Heal","damage_taken":0,"max_hp_gain":0,"max_hp_loss":0,"event_name":"Wheel of Change","floor":12,"gold_loss":0},{"damage_healed":0,"gold_gain":0,"player_choice":"Obtain J.A.X.","damage_taken":0,"max_hp_gain":0,"max_hp_loss":0,"event_name":"Drug Dealer","floor":29,"gold_loss":0,"cards_obtained":["J.A.X."]},{"damage_healed":0,"gold_gain":0,"player_choice":"Fight","damage_taken":0,"max_hp_gain":0,"max_hp_loss":0,"event_name":"MindBloom","floor":39,"gold_loss":0},{"damage_healed":0,"gold_gain":0,"player_choice":"Memory 3","damage_taken":10,"max_hp_gain":0,"max_hp_loss":0,"event_name":"SensoryStone","floor":41,"gold_loss":0},{"damage_healed":20,"gold_gain":0,"player_choice":"Writhe","damage_taken":0,"max_hp_gain":0,"max_hp_loss":0,"event_name":"Winding Halls","floor":44,"gold_loss":0,"cards_obtained":["Writhe"]}],"is_beta":false,"boss_relics":[{"not_picked":["Busted Crown","Black Star"],"picked":"Tiny House"},{"not_picked":["Philosopher\u0027s Stone","Fusion Hammer"],"picked":"SlaversCollar"}],"items_purged_floors":[11,20,38,48],"is_endless":false,"potions_floor_spawned":[4,6,8,21,22,28,33,39,42,45,47],"killed_by":"Time Eater","ascension_level":4}}