{"host":"c3lc60y5x60jlt1y","time":1611996405,"event":{"mods":["AchievementEnabler","BaseMod","Bestiary","Colored Map","Minty Spire (QoL Compilation)","Quick Restart","StSLib","ojb\u0027s Info Mod"],"gold_per_floor":[119,135,152,167,92,92,109,184,184,200,200,214,214,226,226,329,329,302,312,326,326,341,341,354,354,354,372,372,387,398,410,410,508,508,518,518,518,518,535,535,535,546,546,546,561,561,561],"floor_reached":46,"language":"ENG","playtime":3286,"items_purged":["Defend_P"],"score":447,"play_id":"6da9549c-07e3-4700-a8c0-cb9560a88fd5","local_time":"20210130104645","is_ascension_mode":false,"campfire_choices":[{"data":"Eruption","floor":6.0,"key":"SMITH"},{"data":"SignatureMove","floor":11.0,"key":"SMITH"},{"data":"Wallop","floor":13.0,"key":"SMITH"},{"data":"Vigilance","floor":15.0,"key":"SMITH"},{"floor":23.0,"key":"REST"},{"data":"CutThroughFate","floor":25.0,"key":"SMITH"},{"floor":28.0,"key":"REST"},{"floor":32.0,"key":"REST"},{"floor":40.0,"key":"REST"},{"floor":44.0,"key":"REST"}],"circlet_count":0,"master_deck":["Strike_P","Strike_P","Strike_P+1","Strike_P","Defend_P","Defend_P","Defend_P","Eruption+1","Vigilance+1","SignatureMove+1","CutThroughFate+1","LikeWater","Wallop+1","Sanctity+1","InnerPeace","DevaForm","ClearTheMind","Vengeance","Prostrate+1","Study+1","ThirdEye+1","WaveOfTheHand","LikeWater+1","LessonLearned","Prostrate+1","ReachHeaven+1","Vengeance+1"],"relics":["VioletLotus"],"acts_visited":["Exordium","TheCity","TheBeyond"],"potions_floor_usage":[],"damage_taken":[{"damage":0.0,"enemies":"Cultist","floor":1.0,"turns":3.0},{"damage":2.0,"enemies":"Small Slimes","floor":2.0,"turns":3.0},{"damage":1.0,"enemies":"Jaw Worm","floor":3.0,"turns":3.0},{"damage":2.0,"enemies":"Red Slaver","floor":4.0,"turns":5.0},{"damage":0.0,"enemies":"2 Fungi Beasts","floor":7.0,"turns":2.0},{"damage":9.0,"enemies":"Exordium Wildlife","floor":10.0,"turns":3.0},{"damage":7.0,"enemies":"Large Slime","floor":12.0,"turns":4.0},{"damage":0.0,"enemies":"2 Fungi Beasts","floor":14.0,"turns":2.0},{"damage":35.0,"enemies":"Hexaghost","floor":16.0,"turns":13.0},{"damage":13.0,"enemies":"2 Thieves","floor":18.0,"turns":5.0},{"damage":9.0,"enemies":"Spheric Guardian","floor":19.0,"turns":3.0},{"damage":9.0,"enemies":"Snake Plant","floor":20.0,"turns":2.0},{"damage":16.0,"enemies":"Shelled Parasite and Fungi","floor":22.0,"turns":3.0},{"damage":11.0,"enemies":"Snecko","floor":24.0,"turns":8.0},{"damage":5.0,"enemies":"Centurion and Healer","floor":27.0,"turns":6.0},{"damage":0.0,"enemies":"Cultist and Chosen","floor":29.0,"turns":4.0},{"damage":4.0,"enemies":"3 Cultists","floor":30.0,"turns":5.0},{"damage":8.0,"enemies":"Snake Plant","floor":31.0,"turns":2.0},{"damage":18.0,"enemies":"Collector","floor":33.0,"turns":9.0},{"damage":28.0,"enemies":"Orb Walker","floor":35.0,"turns":6.0},{"damage":53.0,"enemies":"3 Darklings","floor":39.0,"turns":7.0},{"damage":43.0,"enemies":"Sphere and 2 Shapes","floor":42.0,"turns":10.0},{"damage":40,"enemies":"Jaw Worm Horde","floor":45,"turns":7},{"damage":14,"enemies":"Transient","floor":46,"turns":1}],"seed_played":"4749768114209233188","potions_obtained":[{"floor":1.0,"key":"BlessingOfTheForge"},{"floor":3.0,"key":"FairyPotion"},{"floor":12.0,"key":"SmokeBomb"},{"floor":14.0,"key":"Weak Potion"},{"floor":18.0,"key":"Strength Potion"},{"floor":19.0,"key":"LiquidBronze"},{"floor":22.0,"key":"CultistPotion"},{"floor":39.0,"key":"FairyPotion"},{"floor":45,"key":"SpeedPotion"}],"is_trial":false,"path_per_floor":["M","M","M","M","$","R","M","?","T","M","R","M","R","M","R","B",null,"M","M","M","?","M","R","M","R","T","M","R","M","M","M","R","B",null,"M","?","T","?","M","R","?","M","T","R","M","M"],"character_chosen":"WATCHER","items_purchased":[],"campfire_rested":5,"item_purchase_floors":[],"current_hp_per_floor":[72,70,69,67,67,67,67,60,60,51,51,44,44,44,44,9,72,59,50,41,41,25,46,35,35,35,30,51,51,47,39,60,42,72,44,44,44,44,17,38,38,21,21,42,2,0,0],"gold":561,"neow_bonus":"BOSS_RELIC","is_daily":false,"chose_seed":false,"campfire_upgraded":5,"win_rate":0.0,"timestamp":1611996405,"path_taken":["M","M","?","M","?","R","M","?","T","M","R","M","R","?","R","BOSS","M","?","M","?","?","R","M","R","T","M","R","M","M","M","R","BOSS","M","?","?","?","M","R","?","M","T","R","M","M"],"items_purchased_type":[],"build_version":"2020-12-22","purchased_purges":1,"victory":false,"max_hp_per_floor":[72,72,72,72,72,72,72,72,72,72,72,72,72,72,72,72,72,72,72,72,72,72,72,72,72,72,72,72,72,72,72,72,72,72,72,72,72,72,72,72,72,72,72,72,72,72,72],"card_choices":[{"not_picked":["EmptyBody","Halt","Evaluate"],"picked":"SKIP","floor":1.0},{"not_picked":["BattleHymn","FollowUp"],"picked":"SignatureMove","floor":2.0},{"not_picked":["EmptyBody","JustLucky"],"picked":"CutThroughFate","floor":3.0},{"not_picked":["Omniscience","FollowUp"],"picked":"LikeWater","floor":4.0},{"not_picked":["WindmillStrike","FollowUp"],"picked":"JustLucky","floor":7.0},{"not_picked":["SandsOfTime","Nirvana"],"picked":"Wallop","floor":10.0},{"not_picked":["ThirdEye","CrushJoints"],"picked":"Sanctity","floor":12.0},{"not_picked":["Prostrate","CrushJoints"],"picked":"InnerPeace","floor":14.0},{"not_picked":["Brilliance","Judgement"],"picked":"DevaForm","floor":16.0},{"not_picked":["Prostrate","EmptyFist"],"picked":"ClearTheMind","floor":18.0},{"not_picked":["InnerPeace+1","FearNoEvil"],"picked":"Vengeance","floor":19.0},{"not_picked":["BattleHymn+1","BowlingBash"],"picked":"Prostrate+1","floor":20.0},{"not_picked":["CutThroughFate","ClearTheMind","PathToVictory"],"picked":"SKIP","floor":22.0},{"not_picked":["Halt","BattleHymn","Swivel"],"picked":"SKIP","floor":24.0},{"not_picked":["JustLucky+1","Prostrate"],"picked":"Study+1","floor":27.0},{"not_picked":["CarveReality+1","Prostrate"],"picked":"ThirdEye+1","floor":29.0},{"not_picked":["Prostrate","SashWhip"],"picked":"WaveOfTheHand","floor":30.0},{"not_picked":["ThirdEye","CrushJoints"],"picked":"LikeWater+1","floor":31.0},{"not_picked":["Establishment","Blasphemy"],"picked":"LessonLearned","floor":33.0},{"not_picked":["EmptyFist+1","ThirdEye+1"],"picked":"Prostrate+1","floor":35.0},{"not_picked":["CutThroughFate","SashWhip"],"picked":"ReachHeaven+1","floor":39.0},{"not_picked":["BowlingBash","Weave+1","EmptyFist"],"picked":"SKIP","floor":42.0},{"not_picked":["FollowUp+1","BowlingBash"],"picked":"Vengeance+1","floor":45}],"player_experience":8775707,"relics_obtained":[],"event_choices":[{"damage_healed":0.0,"max_hp_gain":0.0,"max_hp_loss":0.0,"gold_gain":75.0,"event_name":"FaceTrader","player_choice":"Touch","floor":8.0,"gold_loss":0.0,"damage_taken":7.0},{"damage_healed":0.0,"max_hp_gain":0.0,"max_hp_loss":0.0,"gold_gain":0.0,"event_name":"WeMeetAgain","player_choice":"Ignored","floor":21.0,"gold_loss":0.0,"damage_taken":0.0},{"damage_healed":0.0,"max_hp_gain":0.0,"max_hp_loss":0.0,"gold_gain":0.0,"event_name":"Tomb of Lord Red Mask","player_choice":"Ignored","floor":36.0,"gold_loss":0.0,"damage_taken":0.0},{"cards_removed":["JustLucky"],"damage_healed":0.0,"max_hp_gain":0.0,"max_hp_loss":0.0,"gold_gain":0.0,"event_name":"Falling","player_choice":"Removed Attack","floor":38.0,"gold_loss":0.0,"damage_taken":0.0},{"damage_healed":0.0,"max_hp_gain":0.0,"max_hp_loss":0.0,"gold_gain":0.0,"event_name":"Mysterious Sphere","player_choice":"Ignored","floor":41.0,"gold_loss":0.0,"damage_taken":0.0}],"is_beta":false,"boss_relics":[{"not_picked":["SlaversCollar","Empty Cage","Busted Crown"]},{"not_picked":["SlaversCollar","Empty Cage","Busted Crown"]}],"items_purged_floors":[5],"is_endless":false,"potions_floor_spawned":[1,3,12,14,18,19,22,29,30,31,39,45],"killed_by":"Transient","ascension_level":0}}