{"host":"yck2t2q3ro7hf56e","time":1611969090,"event":{"mods":["2.2 Compatiblity","AchievementEnabler","Act Like it!","Aspiration","BaseMod","Better Altar","Better Match","Better Note","Better Sensory Stone","Better Skull","Better Third Choice","Better Vampires","BetterRewards","Block Reminder","CCEM2","Challenge The Spire","Colored Powertips","Conspire","Curses Come First","DNKmod","Energized Spire","Friendly Minions","GifTheSpireLib","Glutton Mod","Halation","Hubris","Infinite Spire","Marked Mod","Minty Spire (QoL Compilation)","Permanent Neow","Practice Mode","Quick Restart","Rare Cards Sparkle","RatMod","Relic Sorter","Relic Stats","Reliquary","Replay The Spire","Shade Mod","Shop Mod","Spicy Shops","Spikes Relics","StSLib","Stuff the Spire","Synergy Search","The Blue Laboratory","The Construct","TheSurvivalist","Thieving Mod","Unceasing Turn Reminder","Unknown Chances","everything is the same but u backflip on backflip","??????REMEMod"],"gold_per_floor":[6016,5221,5239,5239,4296,4296,4297,4317,4317,4347,4347,4368,4368,4368,4368,4476,4476,4503,4520,3916,3933,3933,3969,3969,3984,3984,4005,4022,4054,4069,4088,4088,4196,4196,4208,3085,3085,3126,2609,2609,2651,2651,2651,2651,2651,2651,2678,2708,2708,2719,2719,2719,1755,1793,1847],"floor_reached":56,"language":"ENG","playtime":17128,"items_purged":["Decay","Strike_R","Strike_R","Strike_R","Strike_R"],"score":1468,"play_id":"149c536a-c769-4e96-b715-81742749e72d","local_time":"20210130011129","is_ascension_mode":false,"campfire_choices":[{"floor":6,"key":"RECALL"},{"data":"Inflame","floor":24,"key":"SMITH"},{"data":"Armaments","floor":32,"key":"SMITH"},{"floor":40,"key":"REST"},{"data":"Flame Barrier","floor":42,"key":"SMITH"},{"data":"Body Slam","floor":44,"key":"SMITH"},{"data":"Fire Breathing","floor":49,"key":"SMITH"},{"data":"Fire Breathing","floor":52,"key":"SMITH"}],"circlet_count":0,"master_deck":["Defend_R","Defend_R","Defend_R","Defend_R+1","Bash","Body Slam+1","conspire:Banana","Flame Barrier+1","Armaments+1","Fire Breathing+1","ReplayTheSpireMod:Uncanny Aura","Inflame+1","Entrench+1","Shrug It Off+1","Fire Breathing+1","infinitespire:Menacing+1","BlessedFruit+1","BlessedFruit+1","Fire Breathing+1"],"relics":["Burning Blood","REME_ComplimentaryCards","HandDrill","conspire:TopHat","Lantern","CCEMRelics:LatexGloves","hubris:PeanutButter","Sundial","halation:IllGainedPizza","CCEMRelics:WhiteRose","CCEMRelics:GlassOfMilk","Ooze Armor","Sling","Juzu Bracelet","Pen Nib","reliquary:PartyBalloon","CCEMRelics:BundleOfDynamite","Boot","Replay:Grab Bag","Replay:Bronze Core","ReplayTheSpireMod:Onyx Gauntlets","aspiration:WatcherSkillbook","Lee\u0027s Waffle","RollingBoulder","StuffTheSpire:EmeraldSignet","aspiration:TomeofQuesting","Ornamental Fan","CCEMRelics:Pendulum","halation:AfternoonTea","reliquary:PorcupineQuills","Blood Vial","CCEMRelics:TeddyBear","Toxic Egg 2","ShockBauble","hubris:Backtick","SnailShell","SpikesRelics:DaevaFist","Vajra","HeavenlyBonsai","Centennial Puzzle","reliquary:Buckler","halation:Thesaurus","aspiration:Nostalgia","Ring of the Snake","StuffTheSpire:Rhapsscallions"],"acts_visited":["Exordium","TheCity","TheBeyond","TheEnding"],"potions_floor_usage":[23,30,33,33,33,36,50,50,55],"damage_taken":[{"damage":3,"enemies":"Cultist","floor":1,"turns":3},{"damage":0,"enemies":"Small Slimes","floor":3,"turns":3},{"damage":0,"enemies":"2 Louse","floor":8,"turns":3},{"damage":10,"enemies":"Lagavulin","floor":10,"turns":9},{"damage":0,"enemies":"Blue Slaver","floor":12,"turns":2},{"damage":4,"enemies":"The Guardian","floor":16,"turns":9},{"damage":0,"enemies":"3 Byrds","floor":18,"turns":2},{"damage":0,"enemies":"Shell Parasite","floor":19,"turns":3},{"damage":2,"enemies":"Snake Plant","floor":21,"turns":3},{"damage":25,"enemies":"Slavers","floor":23,"turns":5},{"damage":0,"enemies":"Chosen and Byrds","floor":25,"turns":4},{"damage":0,"enemies":"Snecko","floor":27,"turns":5},{"damage":0,"enemies":"Shelled Parasite and Fungi","floor":28,"turns":3},{"damage":0,"enemies":"Replay:Snechameleon","floor":29,"turns":3},{"damage":0,"enemies":"Centurion and Healer","floor":30,"turns":4},{"damage":0,"enemies":"Chosen and Byrds","floor":31,"turns":3},{"damage":0,"enemies":"Champ","floor":33,"turns":9},{"damage":0,"enemies":"3 Shapes","floor":35,"turns":4},{"damage":18,"enemies":"conspire:MimicChest","floor":38,"turns":6},{"damage":13,"enemies":"R_Hoarder","floor":41,"turns":7},{"damage":0,"enemies":"3 Darklings","floor":47,"turns":6},{"damage":0,"enemies":"Nemesis","floor":48,"turns":3},{"damage":6,"enemies":"Time Eater","floor":50,"turns":9},{"damage":0,"enemies":"Shield and Spear","floor":54,"turns":4},{"damage":71,"enemies":"The Heart","floor":55,"turns":6}],"seed_played":"4014035775440903267","potions_obtained":[{"floor":16,"key":"AttackPotion"},{"floor":18,"key":"blueLaboratory:BottleOfVodka"},{"floor":21,"key":"blueLaboratory:NullPotion"},{"floor":29,"key":"blueLaboratory:BubblePotion"},{"floor":31,"key":"SkillPotion"},{"floor":33,"key":"blueLaboratory:NullPotion"},{"floor":48,"key":"ThievingMod:ThievingPotion"}],"is_trial":false,"path_per_floor":["M","$","M","T","$","R","?","M","T","E","R","M","R","?","R","B",null,"M","M","$","M","?","E","R","M","T","M","M","E","M","M","R","B",null,"M","$","T","?","$","R","E","R","T","R","AVR","?","M","E","R","B",null,"R","$","E","B",null],"character_chosen":"IRONCLAD","items_purchased":["HandDrill","conspire:TopHat","Lantern","CCEMRelics:LatexGloves","Body Slam","hubris:PeanutButter","Sundial","halation:IllGainedPizza","conspire:Banana","Sling","Juzu Bracelet","Pen Nib","ReplayTheSpireMod:Uncanny Aura","Lee\u0027s Waffle","RollingBoulder","StuffTheSpire:EmeraldSignet","aspiration:TomeofQuesting","Ornamental Fan","REME_GoldPotion","Shrug It Off","reliquary:PorcupineQuills","Blood Vial","CCEMRelics:TeddyBear","DollysMirror","Vajra","HeavenlyBonsai","Centennial Puzzle","reliquary:Buckler","halation:Thesaurus","Regen Potion"],"campfire_rested":1,"item_purchase_floors":[2,2,2,2,2,5,5,5,5,20,20,20,20,36,36,36,36,36,36,36,39,39,39,39,53,53,53,53,53,53],"current_hp_per_floor":[100,100,100,100,100,100,93,100,100,97,97,104,104,104,104,106,106,107,108,108,110,110,92,92,99,99,106,113,114,115,116,116,118,118,118,125,125,114,114,126,121,121,121,121,121,121,128,129,129,130,130,130,130,138,89],"gold":1847,"neow_bonus":"THREE_RARE_CARDS","is_daily":false,"chose_seed":false,"campfire_upgraded":6,"win_rate":0.0,"timestamp":1611969089,"path_taken":["M","$","?","?","$","R","?","M","T","E","R","M","R","?","R","BOSS","M","M","$","M","?","E","R","M","T","M","M","E","M","M","R","BOSS","M","$","?","?","$","R","E","R","T","R","AVR","?","M","E","R","BOSS","R","$","E","BOSS"],"items_purchased_type":["Relic","Relic","Relic","Relic","Card","Relic","Relic","Relic","Card","Relic","Relic","Relic","Card","Relic","Relic","Relic","Relic","Relic","Potion","Card","Relic","Relic","Relic","Relic","Relic","Relic","Relic","Relic","Relic","Potion"],"build_version":"2020-12-22","purchased_purges":5,"victory":true,"max_hp_per_floor":[100,100,100,100,100,100,100,101,101,102,102,104,104,104,104,106,106,107,108,108,110,110,111,111,112,112,113,114,114,115,116,116,118,118,118,125,125,126,126,126,127,127,127,127,127,127,128,129,129,130,130,130,130,138,143],"relic_stats":{"Lee\u0027s Waffle":7,"counters":[25,117],"Pen Nib":[10],"Juzu Bracelet":0,"Boot":[11],"Burning Blood":79,"Blood Vial":2,"Centennial Puzzle":[3],"Sundial":[28],"Ornamental Fan":[4],"HandDrill":[70],"obtain_stats":[{"Lantern":2,"SnailShell":45,"CCEMRelics:LatexGloves":2,"ShockBauble":45,"reliquary:PartyBalloon":23,"CCEMRelics:TeddyBear":39,"StuffTheSpire:Rhapsscallions":54,"CCEMRelics:Pendulum":37,"Vajra":53,"aspiration:TomeofQuesting":36,"StuffTheSpire:EmeraldSignet":36,"Juzu Bracelet":20,"HeavenlyBonsai":53,"Sling":20,"Boot":29,"Burning Blood":0,"conspire:TopHat":2,"Blood Vial":39,"Centennial Puzzle":53,"hubris:Backtick":45,"Sundial":5,"CCEMRelics:GlassOfMilk":10,"DollysMirror":39,"Replay:Bronze Core":34,"RollingBoulder":36,"reliquary:Buckler":53,"HandDrill":2,"CCEMRelics:WhiteRose":9,"Toxic Egg 2":43,"Ring of the Snake":53,"Lee\u0027s Waffle":36,"CCEMRelics:BundleOfDynamite":26,"aspiration:Nostalgia":53,"Replay:Grab Bag":34,"halation:IllGainedPizza":5,"Pen Nib":20,"halation:Thesaurus":53,"reliquary:PorcupineQuills":39,"Ooze Armor":17,"Ornamental Fan":36,"aspiration:WatcherSkillbook":34,"hubris:PeanutButter":5,"SpikesRelics:DaevaFist":48,"halation:AfternoonTea":38,"ReplayTheSpireMod:Onyx Gauntlets":34,"REME_ComplimentaryCards":0},{"Lantern":1,"SnailShell":20,"CCEMRelics:LatexGloves":1,"ShockBauble":20,"reliquary:PartyBalloon":10,"CCEMRelics:TeddyBear":19,"StuffTheSpire:Rhapsscallions":24,"CCEMRelics:Pendulum":18,"Vajra":23,"aspiration:TomeofQuesting":18,"StuffTheSpire:EmeraldSignet":18,"Juzu Bracelet":8,"HeavenlyBonsai":23,"Sling":8,"Boot":14,"Burning Blood":0,"conspire:TopHat":1,"Blood Vial":19,"Centennial Puzzle":23,"hubris:Backtick":20,"Sundial":2,"CCEMRelics:GlassOfMilk":4,"DollysMirror":19,"Replay:Bronze Core":17,"RollingBoulder":18,"reliquary:Buckler":23,"HandDrill":1,"CCEMRelics:WhiteRose":3,"Toxic Egg 2":20,"Ring of the Snake":23,"Lee\u0027s Waffle":18,"CCEMRelics:BundleOfDynamite":11,"aspiration:Nostalgia":23,"Replay:Grab Bag":17,"halation:IllGainedPizza":2,"Pen Nib":8,"halation:Thesaurus":23,"reliquary:PorcupineQuills":19,"Ooze Armor":6,"Ornamental Fan":18,"aspiration:WatcherSkillbook":17,"hubris:PeanutButter":2,"SpikesRelics:DaevaFist":22,"halation:AfternoonTea":19,"ReplayTheSpireMod:Onyx Gauntlets":17,"REME_ComplimentaryCards":0},{"Lantern":3,"SnailShell":89,"CCEMRelics:LatexGloves":3,"ShockBauble":89,"reliquary:PartyBalloon":41,"CCEMRelics:TeddyBear":82,"StuffTheSpire:Rhapsscallions":111,"CCEMRelics:Pendulum":76,"Vajra":107,"aspiration:TomeofQuesting":76,"StuffTheSpire:EmeraldSignet":76,"Juzu Bracelet":33,"HeavenlyBonsai":107,"Sling":33,"Boot":56,"Burning Blood":0,"conspire:TopHat":3,"Blood Vial":82,"Centennial Puzzle":107,"hubris:Backtick":89,"Sundial":6,"CCEMRelics:GlassOfMilk":18,"DollysMirror":82,"Replay:Bronze Core":72,"RollingBoulder":76,"reliquary:Buckler":107,"HandDrill":3,"CCEMRelics:WhiteRose":9,"Toxic Egg 2":89,"Ring of the Snake":107,"Lee\u0027s Waffle":76,"CCEMRelics:BundleOfDynamite":45,"aspiration:Nostalgia":107,"Replay:Grab Bag":72,"halation:IllGainedPizza":6,"Pen Nib":33,"halation:Thesaurus":107,"reliquary:PorcupineQuills":82,"Ooze Armor":28,"Ornamental Fan":76,"aspiration:WatcherSkillbook":72,"hubris:PeanutButter":6,"SpikesRelics:DaevaFist":98,"halation:AfternoonTea":82,"ReplayTheSpireMod:Onyx Gauntlets":72,"REME_ComplimentaryCards":0}],"Ring of the Snake":[4]},"card_choices":[{"not_picked":["Clothesline","ReplayTheSpireMod:Strike From Hell","Anger"],"picked":"SKIP","floor":1},{"not_picked":["StuffTheSpire:Incineration","Flex","Disarm"],"picked":"SKIP","floor":3},{"not_picked":["Sword Boomerang","hubris:ReadiedAction"],"picked":"Flame Barrier","floor":8},{"not_picked":["Feel No Pain","hubris:ReadiedAction"],"picked":"Armaments","floor":10},{"not_picked":["Replay:Undeath\u0027s Touch","Iron Wave"],"picked":"Fire Breathing","floor":12},{"not_picked":["Iron Wave+1","Absolvement","Flex+1"],"picked":"SKIP","floor":18},{"not_picked":["Bloodletting","StuffTheSpire:Slingshot","Pummel"],"picked":"SKIP","floor":19},{"not_picked":["Feed","Anger"],"picked":"Inflame","floor":21},{"not_picked":["Brutality","Bloodletting+1","Hemokinesis"],"picked":"SKIP","floor":23},{"not_picked":["Spot Weakness+1","Pommel Strike","Iron Wave+1"],"picked":"SKIP","floor":25},{"not_picked":["StuffTheSpire:RockThrow+1","Havoc+1","Second Wind"],"picked":"SKIP","floor":27},{"not_picked":["Sword Boomerang","Warcry"],"picked":"Entrench","floor":28},{"not_picked":["Defy Death","Reaper","Rupture"],"picked":"SKIP","floor":29},{"not_picked":["Havoc","StuffTheSpire:BloodClot+1","hubris:ReadiedAction"],"picked":"SKIP","floor":30},{"not_picked":["Combust","Heavy Blade","Defy Death"],"picked":"SKIP","floor":31},{"not_picked":["ClearTheMind","Flex","MarkedMod:GentlePulse","Warcry"],"picked":"SKIP","floor":35},{"not_picked":["Vengeance","Clash+1","DeceiveReality+1","Replay:AtTheReady"],"picked":"SKIP","floor":41},{"not_picked":["StuffTheSpire:Incineration","MarkedMod:GentlePulse+1","Iron Wave","MarkedMod:OneThousandNeedles+1"],"picked":"SKIP","floor":47},{"not_picked":["Perseverance+1","Headbutt+1","Reckless Charge","Feed"],"picked":"SKIP","floor":48},{"not_picked":["ForeignInfluence+1","True Grit+1","Adaptation"],"picked":"Fire Breathing+1","floor":54}],"player_experience":181858,"relics_obtained":[{"floor":9,"key":"CCEMRelics:WhiteRose"},{"floor":10,"key":"CCEMRelics:GlassOfMilk"},{"floor":23,"key":"reliquary:PartyBalloon"},{"floor":26,"key":"CCEMRelics:BundleOfDynamite"},{"floor":29,"key":"Boot"},{"floor":37,"key":"CCEMRelics:Pendulum"},{"floor":38,"key":"halation:AfternoonTea"},{"floor":43,"key":"Toxic Egg 2"},{"floor":48,"key":"SpikesRelics:DaevaFist"},{"floor":54,"key":"StuffTheSpire:Rhapsscallions"}],"event_choices":[{"damage_healed":0,"gold_gain":0,"player_choice":"Leave","damage_taken":0,"max_hp_gain":0,"max_hp_loss":0,"event_name":"The Cleric","floor":14,"gold_loss":0},{"cards_removed":["Strike_R"],"damage_healed":0,"gold_gain":0,"player_choice":"Purged","damage_taken":0,"max_hp_gain":0,"max_hp_loss":0,"event_name":"Purifier","floor":22,"gold_loss":0}],"is_beta":false,"boss_relics":[{"not_picked":["REME_DuelDisc","energizedSpire:MagnifyingGlass"],"picked":"Ooze Armor"},{"not_picked":["conspire:SlowCooker","ReplayTheSpireMod:DimensionalGlitch"],"picked":"Replay:Grab Bag"},{"not_picked":["Fusion Hammer","aspiration:FutureDiary"],"picked":"Replay:Bronze Core"},{"not_picked":["Cursed Key","halation:IncompleteEncyclopedia"],"picked":"ReplayTheSpireMod:Onyx Gauntlets"},{"not_picked":["halation:Risk","ReplayTheSpireMod:SealedPack"],"picked":"aspiration:WatcherSkillbook"}],"items_purged_floors":[2,2,5,5,36],"is_endless":false,"potions_floor_spawned":[8,10,16,18,21,29,31,33,41,48],"ascension_level":0}}