{"host":"trl0voo1ezac24er","time":1611967952,"event":{"mods":["BaseMod","Downfall","Minty Spire (QoL Compilation)","StSLib"],"gold_per_floor":[0,12,25,25,37,37,60,89,89,89,74,90,103,113,133,236,236,236,256,267,278,291,291,291,303,322,232,317,334,257,357,372,471,471,471,491,491,491,491,521,521,531,531,406,441,441,457,790,801,801],"floor_reached":51,"language":"ENG","playtime":11198,"items_purged":["Slimebound:Defend_Slimebound","Slimebound:Strike_Slimebound","Slimebound:Tackle"],"score":1011,"play_id":"bb86865c-7a40-4677-922f-28e102ee7927","local_time":"20210129195232","is_ascension_mode":true,"campfire_choices":[{"data":"Slimebound:Split","floor":1,"key":"SMITH"},{"data":"Slimebound:CorrosiveSpit","floor":6,"key":"SMITH"},{"data":"Slimebound:LeechEnergy","floor":9,"key":"SMITH"},{"data":"Slimebound:LeechEnergy","floor":18,"key":"SMITH"},{"data":"Slimebound:LeechEnergy","floor":23,"key":"SMITH"},{"floor":35,"key":"RECALL"},{"data":"Slimebound:TongueLash","floor":46,"key":"SMITH"}],"circlet_count":0,"master_deck":["Slimebound:Defend_Slimebound+1","Slimebound:Split+1","Slimebound:CorrosiveSpit+1","Slimebound:AcidTongue","Slimebound:RejuvenatingLick+1","Slimebound:LeechEnergy+1","Slimebound:LeechEnergy+1","Slimebound:Schlurp","Slimebound:TongueLash+1","Slimebound:LeechEnergy+1","Slimebound:MegaLick+1","Slimebound:AcidTongue+1","Slimebound:HauntingLick+1","expansioncontent:Chronoboost"],"relics":["Slimebound:AbsorbEndCombat","War Paint","Sundial","Slimebound:TarBlob","Matryoshka","Thread and Needle","Ice Cream","Darkstone Periapt","Empty Cage","Blue Candle","Mango","Art of War","Ancient Tea Set","Old Coin"],"acts_visited":["Exordium","TheCity","TheBeyond"],"potions_floor_usage":[31],"damage_taken":[{"damage":9,"enemies":"Cultist","floor":2,"turns":3},{"damage":13,"enemies":"2 Louse","floor":3,"turns":3},{"damage":11,"enemies":"Jaw Worm","floor":5,"turns":4},{"damage":38,"enemies":"3 Sentries","floor":8,"turns":8},{"damage":0,"enemies":"downfall:FleeingMerchant","floor":11,"turns":4},{"damage":11,"enemies":"Gremlin Gang","floor":12,"turns":3},{"damage":5,"enemies":"Lots of Slimes","floor":13,"turns":3},{"damage":10,"enemies":"Red Slaver","floor":14,"turns":3},{"damage":0,"enemies":"Large Slime","floor":15,"turns":4},{"damage":24,"enemies":"DF_ARCHETYPE_STREAMLINE","floor":16,"turns":8},{"damage":2,"enemies":"3 Byrds","floor":19,"turns":4},{"damage":3,"enemies":"Chosen","floor":20,"turns":3},{"damage":24,"enemies":"Snecko","floor":21,"turns":5},{"damage":8,"enemies":"Snake Plant","floor":22,"turns":3},{"damage":4,"enemies":"Cultist and Chosen","floor":25,"turns":3},{"damage":0,"enemies":"3 Cultists","floor":26,"turns":4},{"damage":5,"enemies":"downfall:FleeingMerchant","floor":27,"turns":4},{"damage":10,"enemies":"Snake Plant","floor":29,"turns":3},{"damage":0,"enemies":"downfall:FleeingMerchant","floor":30,"turns":2},{"damage":10,"enemies":"Colosseum Nobs","floor":31,"turns":3},{"damage":0,"enemies":"Shelled Parasite and Fungi","floor":32,"turns":3},{"damage":0,"enemies":"WA_ARCHETYPE_CALM","floor":33,"turns":4},{"damage":2,"enemies":"3 Shapes","floor":36,"turns":3},{"damage":0,"enemies":"3 Shapes","floor":38,"turns":2},{"damage":2,"enemies":"Reptomancer","floor":40,"turns":3},{"damage":0,"enemies":"3 Darklings","floor":42,"turns":3},{"damage":0,"enemies":"Giant Head","floor":45,"turns":3},{"damage":4,"enemies":"4 Shapes","floor":47,"turns":2},{"damage":21,"enemies":"Reptomancer","floor":48,"turns":4},{"damage":0,"enemies":"Sphere and 2 Shapes","floor":49,"turns":3},{"damage":0,"enemies":"IC_BLOCK_ARCHETYPE","floor":50,"turns":2}],"seed_played":"3294507507983185594","potions_obtained":[{"floor":2,"key":"GamblersBrew"},{"floor":8,"key":"FearPotion"},{"floor":13,"key":"SmokeBomb"},{"floor":16,"key":"Energy Potion"},{"floor":19,"key":"Slimebound:SlimyTonguePotion"},{"floor":26,"key":"Regen Potion"},{"floor":33,"key":"Slimebound:ThreeZeroPotion"},{"floor":38,"key":"ColorlessPotion"}],"is_trial":false,"path_per_floor":["R","M","M","?","M","R","T","E","R","?","$","M","M","M","M","B",null,"R","M","M","M","M","R","T","M","M","$","?","M","$","?","M","B",null,"R","M","?","?","?","E","T","M","?","$","E","R","M","E","M","B",null],"character_chosen":"SLIMEBOUND","items_purchased":["Thread and Needle"],"campfire_rested":0,"item_purchase_floors":[30],"current_hp_per_floor":[65,59,50,50,45,45,45,15,15,20,28,25,28,24,32,16,70,70,70,69,52,52,52,52,56,64,65,53,51,59,57,65,70,70,70,68,68,70,65,82,82,84,84,84,84,84,84,63,71,79],"gold":801,"neow_bonus":"REMOVE_TWO","is_daily":false,"chose_seed":false,"campfire_upgraded":6,"win_rate":0.0,"timestamp":1611967952,"path_taken":["R","M","M","?","M","R","T","E","R","?","?","?","M","M","M","BOSS","R","M","?","M","M","R","T","M","M","?","?","M","$","?","M","BOSS","R","M","?","?","?","E","T","M","?","$","E","R","M","E","M","BOSS"],"items_purchased_type":["Relic"],"build_version":"2020-12-22","purchased_purges":3,"victory":true,"max_hp_per_floor":[65,65,65,65,65,65,65,65,65,70,70,70,70,70,70,70,70,70,70,70,70,70,70,70,70,70,70,70,70,70,70,70,70,70,70,70,70,70,70,84,84,84,84,84,84,84,84,84,84,84],"card_choices":[{"not_picked":["Slimebound:ServeAndProtect","Slimebound:DivideAndConquer"],"picked":"Slimebound:AcidTongue","floor":2},{"not_picked":["Slimebound:HungryTackle","Slimebound:SplitLeeching"],"picked":"Slimebound:RejuvenatingLick","floor":3},{"not_picked":["Slimebound:ForwardTackle","Slimebound:FlameTackle"],"picked":"Slimebound:LeechEnergy","floor":5},{"not_picked":["Slimebound:SamplingLick","Slimebound:RollThrough"],"picked":"Slimebound:LeechEnergy","floor":8},{"not_picked":["Slimebound:SplitMire","Slimebound:SplitAcid"],"picked":"Slimebound:Schlurp","floor":11},{"not_picked":["Slimebound:FlameTackle","Slimebound:SlimeBrawl"],"picked":"Slimebound:TongueLash","floor":12},{"not_picked":["Slimebound:ItLooksTasty","Slimebound:AcidTongue","Slimebound:SlimeSlap"],"picked":"SKIP","floor":13},{"not_picked":["Slimebound:RejuvenatingLick","Slimebound:SplitMire"],"picked":"Slimebound:LeechEnergy","floor":14},{"not_picked":["Slimebound:BestDefense","Slimebound:Dissolve","Slimebound:SamplingLick"],"picked":"SKIP","floor":15},{"not_picked":["Slimebound:GoopSpray","Slimebound:RejuvenatingLick","Slimebound:SplitMire"],"picked":"SKIP","floor":19},{"not_picked":["Slimebound:HauntingLick","Slimebound:Prepare","Slimebound:ComboTackle"],"picked":"SKIP","floor":20},{"not_picked":["Slimebound:GoopTackle+1","Slimebound:ItLooksTasty+1"],"picked":"Slimebound:MegaLick+1","floor":21},{"not_picked":["Slimebound:GoopTackle","Slimebound:Recollect","Slimebound:SplitMire+1"],"picked":"SKIP","floor":22},{"not_picked":["Slimebound:GrowthPunch","Slimebound:DisruptingSlam","Slimebound:SplitLeeching"],"picked":"SKIP","floor":25},{"not_picked":["Slimebound:GoopSpray","Slimebound:ViciousTackle","Slimebound:DisruptingSlam+1"],"picked":"SKIP","floor":26},{"not_picked":["Slimebound:WasteNot","Slimebound:SlimeSpikes+1","Slimebound:Replication"],"picked":"SKIP","floor":27},{"not_picked":["Slimebound:SlimeSpikes","Slimebound:ItLooksTasty","Slimebound:AcidTongue"],"picked":"SKIP","floor":29},{"not_picked":["Slimebound:Repurpose","Slimebound:Darklings"],"picked":"Slimebound:AcidTongue+1","floor":30},{"not_picked":["Slimebound:RollThrough","Slimebound:SplitBruiser","Slimebound:SplitAcid"],"picked":"SKIP","floor":32},{"not_picked":["Slimebound:Replication","Slimebound:ItLooksTasty"],"picked":"Slimebound:HauntingLick+1","floor":36},{"not_picked":["expansioncontent:PolyBeam","expansioncontent:Hexaburn"],"picked":"expansioncontent:Chronoboost","floor":37},{"not_picked":["Slimebound:SplitLeeching+1","Slimebound:OneTwoCombo","Slimebound:GoopTackle+1"],"picked":"SKIP","floor":40},{"not_picked":["Slimebound:SlimeSpikes","Slimebound:Prepare","Slimebound:GoopSpray+1"],"picked":"SKIP","floor":42},{"not_picked":["Slimebound:ItLooksTasty","Slimebound:Teamwork","Slimebound:LeechingTouch+1"],"picked":"SKIP","floor":45},{"not_picked":["Slimebound:Prepare","Slimebound:LeechingTouch","Slimebound:FinishingTackle+1"],"picked":"SKIP","floor":47},{"not_picked":["Slimebound:SamplingLick","Slimebound:SlimeSpikes+1","Slimebound:LeechingTouch"],"picked":"SKIP","floor":48},{"not_picked":["Slimebound:WasteNot","Slimebound:Prepare+1","Slimebound:LivingWall+1"],"picked":"SKIP","floor":49}],"player_experience":725863,"relics_obtained":[{"floor":7,"key":"War Paint"},{"floor":8,"key":"Sundial"},{"floor":24,"key":"Matryoshka"},{"floor":31,"key":"Ice Cream"},{"floor":31,"key":"Darkstone Periapt"},{"floor":40,"key":"Mango"},{"floor":41,"key":"Art of War"},{"floor":45,"key":"Ancient Tea Set"},{"floor":48,"key":"Old Coin"}],"event_choices":[{"damage_healed":0,"gold_gain":0,"player_choice":"Donut","damage_taken":0,"max_hp_gain":5,"max_hp_loss":0,"event_name":"Big Fish","floor":10,"gold_loss":0},{"damage_healed":0,"gold_gain":0,"player_choice":"Full Heal","damage_taken":0,"max_hp_gain":0,"max_hp_loss":0,"event_name":"Wheel of Change","floor":43,"gold_loss":0}],"is_beta":false,"boss_relics":[{"not_picked":["Busted Crown","Velvet Choker"],"picked":"Slimebound:TarBlob"},{"not_picked":["Runic Dome","Philosopher\u0027s Stone"],"picked":"Empty Cage"}],"items_purged_floors":[27,30,44],"is_endless":false,"potions_floor_spawned":[2,8,13,16,19,26,29,33,38,40,42,48,49],"ascension_level":1}}