{"host":"bq4pt811tk9yrmjl","time":1611976095,"event":{"mods":["AchievementEnabler","BaseMod","Colored Map","Colored Powertips","Defuse TimeMaze Blight","Hermit","Minty Spire (QoL Compilation)","StSLib","SuperFastMode"],"gold_per_floor":[109,209,20,45,45,80,80,110,110,110,120,150,150,167,167,272,272,288,203,231,106,106,174,174,174,228,228,293,293,311,344,344,448,448,448,448],"floor_reached":35,"language":"ENG","playtime":722,"items_purged":[],"score":482,"play_id":"0ad76071-cf68-4557-a3a4-ab2f4d3d9ee4","local_time":"20210130010815","is_ascension_mode":true,"campfire_choices":[{"data":"hermit:TakeCover","floor":7,"key":"SMITH"},{"data":"hermit:Showdown","floor":13,"key":"SMITH"},{"data":"hermit:Snapshot","floor":15,"key":"SMITH"},{"floor":24,"key":"REST"},{"floor":29,"key":"REST"},{"floor":32,"key":"REST"}],"circlet_count":0,"master_deck":["hermit:Strike_Hermit+1","hermit:Strike_Hermit+1","hermit:Strike_Hermit+1","hermit:Strike_Hermit+1","hermit:Defend_Hermit+1","hermit:Defend_Hermit+1","hermit:Defend_Hermit+1","hermit:Defend_Hermit+1","hermit:Snapshot+1","hermit:Covet","hermit:Showdown+1","hermit:TakeCover+1","Regret","hermit:Headshot+1","hermit:GoldenBullet+1","hermit:DeadOrAlive+1"],"relics":["hermit:Momento","NeowsBlessing","Membership Card","Lizard Tail","Vajra","Molten Egg 2","Toy Ornithopter","hermit:RyeStalk","Busted Crown","Potion Belt","Pantograph","Sundial","Ancient Tea Set","Happy Flower","SacredBark"],"acts_visited":["Exordium","TheCity","TheBeyond"],"potions_floor_usage":[12,12,16,16,23,33,33,33],"damage_taken":[{"damage":0,"enemies":"Jaw Worm","floor":1,"turns":1},{"damage":0,"enemies":"Gremlin Nob","floor":6,"turns":1},{"damage":0,"enemies":"3 Sentries","floor":8,"turns":1},{"damage":1,"enemies":"Cultist","floor":11,"turns":4},{"damage":11,"enemies":"Lagavulin","floor":12,"turns":8},{"damage":0,"enemies":"2 Louse","floor":14,"turns":3},{"damage":59,"enemies":"The Guardian","floor":16,"turns":17},{"damage":12,"enemies":"Shell Parasite","floor":18,"turns":5},{"damage":0,"enemies":"Chosen","floor":20,"turns":2},{"damage":20,"enemies":"Book of Stabbing","floor":23,"turns":6},{"damage":19,"enemies":"Slavers","floor":28,"turns":6},{"damage":9,"enemies":"Snake Plant","floor":30,"turns":5},{"damage":10,"enemies":"Snecko","floor":31,"turns":5},{"damage":77,"enemies":"Automaton","floor":33,"turns":20},{"damage":0,"enemies":"3 Darklings","floor":35,"turns":3}],"seed_played":"286488666867618625","potions_obtained":[{"floor":1,"key":"Strength Potion"},{"floor":6,"key":"SkillPotion"},{"floor":11,"key":"LiquidMemories"},{"floor":14,"key":"hermit:BlackBile"},{"floor":18,"key":"hermit:Tonic"},{"floor":20,"key":"Dexterity Potion"},{"floor":30,"key":"Energy Potion"},{"floor":31,"key":"Dexterity Potion"}],"is_trial":false,"path_per_floor":["M","?","$","T","?","E","R","E","T","$","M","E","R","M","R","B",null,"M","?","M","$","?","E","R","?","T","?","E","R","M","M","R","B",null,"M"],"character_chosen":"HERMIT","items_purchased":["Membership Card","hermit:TakeCover","Pantograph"],"campfire_rested":3,"item_purchase_floors":[3,3,21],"current_hp_per_floor":[75,75,75,75,75,75,75,75,75,75,74,72,72,72,72,21,75,63,63,63,63,63,48,70,70,70,70,51,73,64,54,75,3,75,75,75],"gold":448,"neow_bonus":"THREE_ENEMY_KILL","is_daily":false,"chose_seed":false,"campfire_upgraded":3,"win_rate":0.0,"timestamp":1611976095,"path_taken":["M","?","$","?","?","E","R","E","T","?","?","E","R","M","R","BOSS","M","?","M","$","?","E","R","?","T","?","E","R","M","M","R","BOSS","M"],"items_purchased_type":["Relic","Card","Relic"],"build_version":"2020-12-22","purchased_purges":0,"victory":false,"max_hp_per_floor":[75,75,75,75,75,75,75,75,75,75,75,75,75,75,75,75,75,75,75,75,75,75,75,75,75,75,75,75,75,75,75,75,75,75,75,75],"card_choices":[{"not_picked":["hermit:Spite","hermit:HoleUp"],"picked":"hermit:Showdown","floor":1},{"not_picked":["hermit:Headshot","hermit:Vantage","hermit:Snipe"],"picked":"SKIP","floor":6},{"not_picked":["hermit:ItchyTrigger+1","hermit:OverwhelmingPower"],"picked":"hermit:Headshot+1","floor":8},{"not_picked":["hermit:SprayPray+1","hermit:Feint","hermit:BigShot"],"picked":"SKIP","floor":11},{"not_picked":["hermit:Vantage","hermit:Coalescence"],"picked":"hermit:GoldenBullet+1","floor":12},{"not_picked":["hermit:Desperado+1","hermit:Misfire+1","hermit:LowProfile"],"picked":"SKIP","floor":14},{"not_picked":["hermit:HeroicBravado","hermit:FromBeyond"],"picked":"hermit:DeadOrAlive+1","floor":16},{"not_picked":["hermit:Roulette+1"],"picked":"SKIP","floor":18},{"not_picked":["hermit:GoldenBullet+1"],"picked":"SKIP","floor":20},{"not_picked":["hermit:LuckOfTheDraw+1"],"picked":"SKIP","floor":23},{"not_picked":["hermit:Desperado+1"],"picked":"SKIP","floor":28},{"not_picked":["hermit:Desperado+1"],"picked":"SKIP","floor":30},{"not_picked":["hermit:HoleUp"],"picked":"SKIP","floor":31}],"player_experience":285075,"relics_obtained":[{"floor":6,"key":"Vajra"},{"floor":8,"key":"Molten Egg 2"},{"floor":9,"key":"Toy Ornithopter"},{"floor":12,"key":"hermit:RyeStalk"},{"floor":23,"key":"Sundial"},{"floor":26,"key":"Ancient Tea Set"},{"floor":28,"key":"Happy Flower"}],"event_choices":[{"damage_healed":0,"gold_gain":100,"player_choice":"Pray","damage_taken":0,"max_hp_gain":0,"max_hp_loss":0,"event_name":"Golden Shrine","floor":2,"gold_loss":0},{"damage_healed":0,"gold_gain":0,"player_choice":"Box","damage_taken":0,"relics_obtained":["Lizard Tail"],"max_hp_gain":0,"max_hp_loss":0,"event_name":"Big Fish","floor":5,"gold_loss":0,"cards_obtained":["Regret"]},{"damage_healed":0,"gold_gain":0,"player_choice":"Obtained Relic","damage_taken":0,"relics_obtained":["Potion Belt"],"max_hp_gain":0,"max_hp_loss":0,"event_name":"Addict","floor":19,"gold_loss":85},{"damage_healed":0,"gold_gain":0,"player_choice":"Simplicity","damage_taken":0,"max_hp_gain":0,"max_hp_loss":0,"event_name":"Back to Basics","floor":22,"gold_loss":0,"cards_upgraded":["hermit:Strike_Hermit","hermit:Strike_Hermit","hermit:Strike_Hermit","hermit:Strike_Hermit","hermit:Defend_Hermit","hermit:Defend_Hermit","hermit:Defend_Hermit","hermit:Defend_Hermit"]},{"damage_healed":0,"gold_gain":0,"player_choice":"Ignored","damage_taken":0,"max_hp_gain":0,"max_hp_loss":0,"event_name":"Beggar","floor":25,"gold_loss":0},{"damage_healed":0,"gold_gain":0,"player_choice":"Ignored","damage_taken":0,"max_hp_gain":0,"max_hp_loss":0,"event_name":"Vampires","floor":27,"gold_loss":0}],"is_beta":false,"boss_relics":[{"not_picked":["Philosopher\u0027s Stone","SlaversCollar"],"picked":"Busted Crown"},{"not_picked":["Empty Cage","Velvet Choker"],"picked":"SacredBark"}],"items_purged_floors":[],"is_endless":false,"potions_floor_spawned":[1,6,11,14,18,20,30,31],"killed_by":"3 Darklings","ascension_level":1}}