{"host":"y1oqg7uy0jc6f5mb","time":1611998420,"event":{"mods":["BaseMod","Better Altar","Better Match","Better Note","Better Sensory Stone","Better Skull","Better Third Choice","Block Reminder","Colored Map","Colored Powertips","Custom Start","DeckTracker","Displayed Cursed Tome","Downfall","Highlight Path","Ironclad Rager","Minty Spire (QoL Compilation)","Permanent Neow","Quick Restart","Relic Sorter","Relic Stats","Replay The Spire","Shop Mod","StSLib"],"gold_per_floor":[99,119,139,159,169,169,169,184,212,212,43,43,43,62,72,169,169,169,184,198,198,212,212,291,291,291,291,291],"floor_reached":26,"language":"ENG","playtime":2318,"items_purged":["Slimebound:Defend_Slimebound"],"score":221,"play_id":"87545d7e-a651-4521-8118-dcb4fd376771","local_time":"20210130172020","is_ascension_mode":true,"campfire_choices":[{"floor":1.0,"key":"RECALL"},{"floor":6.0,"key":"REST"},{"floor":13.0,"key":"REST"},{"data":"Slimebound:CorrosiveSpit","floor":18,"key":"SMITH"},{"floor":25,"key":"REST"}],"circlet_count":0,"master_deck":["Slimebound:Tackle","Slimebound:Defend_Slimebound","Slimebound:Defend_Slimebound","Slimebound:Defend_Slimebound","Slimebound:Split+1","Slimebound:CorrosiveSpit+1","Slimebound:FinishingTackle","Slimebound:SplitAcid","Slimebound:Equalize","Slimebound:SlimeBarrage","Slimebound:Prepare","Slimebound:CheckThePlaybook","Slimebound:MassFeed","Slimebound:RollThrough","Slimebound:SplitBruiser","Slimebound:Schlurp","Slimebound:RollThrough","Slimebound:MinionMaster","Slimebound:LeadByExample+1","Slimebound:AcidTongue","Slimebound:Tackle+1","Slimebound:Tackle+1","Slimebound:Tackle+1","Slimebound:BestDefense+1"],"relics":["Slimebound:AbsorbEndCombat","Du-Vu Doll","Boot","Bottled Flame","Potion Belt","SlaversCollar","Frozen Egg 2"],"acts_visited":["Exordium","TheCity"],"potions_floor_usage":[16,16,20,22],"damage_taken":[{"damage":3.0,"enemies":"2 Louse","floor":2.0,"turns":3.0},{"damage":4.0,"enemies":"Cultist","floor":3.0,"turns":3.0},{"damage":6.0,"enemies":"Jaw Worm","floor":4.0,"turns":4.0},{"damage":21.0,"enemies":"Red Slaver","floor":5.0,"turns":4.0},{"damage":9.0,"enemies":"Exordium Wildlife","floor":8.0,"turns":4.0},{"damage":35.0,"enemies":"Gremlin Nob","floor":9.0,"turns":4.0},{"damage":5.0,"enemies":"downfall:FleeingMerchant","floor":11.0,"turns":4.0},{"damage":6.0,"enemies":"2 Fungi Beasts","floor":14.0,"turns":3.0},{"damage":2.0,"enemies":"Blue Slaver","floor":15.0,"turns":3.0},{"damage":40,"enemies":"DF_ARCHETYPE_STREAMLINE","floor":16,"turns":8},{"damage":32,"enemies":"Shell Parasite","floor":19,"turns":7},{"damage":21,"enemies":"Centurion and Healer","floor":20,"turns":9},{"damage":30,"enemies":"3 Cultists","floor":22,"turns":5},{"damage":35,"enemies":"Snake Plant","floor":26,"turns":4}],"seed_played":"-7774256758563191750","potions_obtained":[{"floor":2.0,"key":"SkillPotion"},{"floor":5.0,"key":"SpeedPotion"},{"floor":8.0,"key":"Elixir"},{"floor":12.0,"key":"Slimebound:SpawnSlimePotion"},{"floor":12.0,"key":"SkillPotion"},{"floor":12.0,"key":"Slimebound:SlimedPotion"},{"floor":15.0,"key":"LifebloodPotion"}],"is_trial":false,"path_per_floor":["R","M","M","M","M","R","T","M","E","?","$","?","R","M","M","B",null,"R_BF","M","M","?","M","?","T","R","M"],"character_chosen":"SLIMEBOUND","items_purchased":["Slimebound:RollThrough","Slimebound:SplitBruiser"],"campfire_rested":3,"item_purchase_floors":[11,11],"current_hp_per_floor":[47,46,44,40,21,40,40,43,14,14,21,21,40,40,42,19,68,68,40,29,29,5,5,5,25,0,0,0],"gold":291,"neow_bonus":"ONE_RARE_RELIC","is_daily":false,"chose_seed":false,"campfire_upgraded":1,"win_rate":0.0,"timestamp":1611998420,"path_taken":["R","M","M","M","M","R","T","M","E","?","$","?","R","M","M","BOSS","R_BF","M","M","?","M","?","T","R","M"],"items_purchased_type":["Card","Card"],"build_version":"2020-12-22","purchased_purges":1,"victory":false,"max_hp_per_floor":[65,65,65,65,65,65,65,65,65,65,65,65,65,65,65,68,68,68,68,68,68,68,68,68,68,68,68,68],"relic_stats":{"counters":[14,63],"Boot":[5],"obtain_stats":[{"Du-Vu Doll":0,"Potion Belt":10,"SlaversCollar":17,"Bottled Flame":9,"Slimebound:AbsorbEndCombat":0,"Frozen Egg 2":24,"Boot":7},{"Du-Vu Doll":0,"Potion Belt":6,"SlaversCollar":10,"Bottled Flame":6,"Slimebound:AbsorbEndCombat":0,"Frozen Egg 2":13,"Boot":4},{"Du-Vu Doll":0,"Potion Belt":21,"SlaversCollar":39,"Bottled Flame":21,"Slimebound:AbsorbEndCombat":0,"Frozen Egg 2":59,"Boot":13}]},"card_choices":[{"not_picked":["Slimebound:Gluttony","Slimebound:LeechEnergy"],"picked":"Slimebound:FinishingTackle","floor":2.0},{"not_picked":["Slimebound:Nibble","Slimebound:SamplingLick"],"picked":"Slimebound:SplitAcid","floor":3.0},{"not_picked":["Slimebound:Dissolve","Slimebound:GoopSpray"],"picked":"Slimebound:Equalize","floor":4.0},{"not_picked":["Slimebound:FinishingTackle","Slimebound:SplitAcid"],"picked":"Slimebound:SlimeBarrage","floor":5.0},{"not_picked":["Slimebound:SlimeSpikes","Slimebound:Schlurp"],"picked":"Slimebound:Prepare","floor":8.0},{"not_picked":["Slimebound:SamplingLick","Slimebound:FinishingTackle"],"picked":"Slimebound:CheckThePlaybook","floor":9.0},{"not_picked":["Slimebound:MegaLick","Slimebound:Prepare"],"picked":"Slimebound:MassFeed","floor":11.0},{"not_picked":["Slimebound:FormOfPuddle","Slimebound:RollThrough"],"picked":"Slimebound:Schlurp","floor":14.0},{"not_picked":["Slimebound:SlimeBrawl","Slimebound:MegaLick"],"picked":"Slimebound:RollThrough","floor":15.0},{"not_picked":["Slimebound:WasteNot","Slimebound:DuplicatedForm"],"picked":"Slimebound:MinionMaster","floor":16},{"not_picked":["Slimebound:SplitBruiser+1","Slimebound:SplitMire"],"picked":"Slimebound:LeadByExample+1","floor":19},{"not_picked":["Slimebound:SplitBruiser+1","Slimebound:Dissolve"],"picked":"Slimebound:AcidTongue","floor":20},{"not_picked":["Slimebound:FlameTackle","Slimebound:ForwardTackle+1"],"picked":"Slimebound:BestDefense+1","floor":22}],"player_experience":266295,"relics_obtained":[{"floor":7.0,"key":"Boot"},{"floor":9.0,"key":"Bottled Flame"},{"floor":24,"key":"Frozen Egg 2"}],"event_choices":[{"damage_healed":0.0,"max_hp_gain":0.0,"max_hp_loss":0.0,"gold_gain":0.0,"event_name":"Lab","player_choice":"Got Potions","floor":12.0,"gold_loss":0.0,"damage_taken":0.0},{"damage_healed":0,"gold_gain":0,"player_choice":"Forge","damage_taken":0,"max_hp_gain":0,"max_hp_loss":0,"event_name":"Accursed Blacksmith","floor":23,"gold_loss":0,"cards_upgraded":["Slimebound:Split"]}],"is_beta":false,"boss_relics":[{"not_picked":["Tiny House","Replay:Bronze Core"],"picked":"SlaversCollar"}],"items_purged_floors":[11],"is_endless":false,"potions_floor_spawned":[2,5,8,15],"killed_by":"Snake Plant","ascension_level":1}}