{"host":"on28rdd1hf7jp8jt","time":1611970216,"event":{"mods":["2.2 Compatiblity","Act Like it!","Aspiration","BaseMod","Best Route Mod","Better Third Choice","BetterRewards","Card Forge","Colored Map","Defuse TimeMaze Blight","Downfall","Energized Spire","Friendly Minions","Googly Eyes","Halation","Hermit","Highlight Path","Hubris","Infinite Spire","Jedi Mod","Minty Spire (QoL Compilation)","Shop Mod","StSLib","The Bug Knight"],"gold_per_floor":[99,112,128,139,289,319,319,335,235,249,249,249,280,219,233,233,233,233],"floor_reached":16,"language":"ENG","playtime":913,"items_purged":[],"score":137,"play_id":"d5f73a95-5184-4bbe-877a-cd76768ce01f","local_time":"20210130023016","is_ascension_mode":false,"campfire_choices":[{"data":"hexamod:WildfireWeapon","floor":1,"key":"SMITH"},{"data":"hexamod:Sear","floor":9,"key":"SMITH"},{"floor":11,"key":"REST"}],"circlet_count":0,"master_deck":["hexamod:Strike","hexamod:Strike","hexamod:Strike","hexamod:Strike","hexamod:Defend","hexamod:Defend","hexamod:Defend","hexamod:Defend","hexamod:Sear+1","hexamod:Float","hexamod:WildfireWeapon+1","hexamod:NightmareGuise","hexamod:FourthSeal","hexamod:SwordOfDarkness","downfall:Icky","hexamod:Firestarter","hexamod:EmpoweredFlame","hexamod:ThermalTransfer","hexamod:DynamicBlow","hexamod:HeatMetal","hexamod:Hexaguard","hexamod:ForkedFlame"],"relics":["hexamod:SpiritBrand","Hammer of Thor","Seething Fire","Anvil of the Gods","Oddly Smooth Stone","Lantern","downfall:HeartBlessingGreen","Smiling Mask","Juzu Bracelet"],"acts_visited":["Exordium"],"potions_floor_usage":[10,16,16],"damage_taken":[{"damage":14,"enemies":"infinitespire:Voidling","floor":2,"turns":4},{"damage":0,"enemies":"2 Louse","floor":3,"turns":4},{"damage":7,"enemies":"Small Slimes","floor":4,"turns":4},{"damage":23,"enemies":"Lagavulin","floor":6,"turns":6},{"damage":12,"enemies":"Exordium Wildlife","floor":8,"turns":4},{"damage":9,"enemies":"Lots of Slimes","floor":10,"turns":4},{"damage":0,"enemies":"HollowMod:MossKnight","floor":13,"turns":6},{"damage":0,"enemies":"downfall:FleeingMerchant","floor":14,"turns":4},{"damage":15,"enemies":"Gremlin Gang","floor":15,"turns":6},{"damage":18,"enemies":"SI_SHIV_ARCHETYPE","floor":16,"turns":7}],"seed_played":"-1086431294235424266","potions_obtained":[{"floor":2,"key":"bronze:BurnAndBuffPotion"},{"floor":3,"key":"sneckomod:MuddlingPotion"},{"floor":4,"key":"LiquidBronze"},{"floor":10,"key":"jedi:wingpotion"}],"is_trial":false,"path_per_floor":["R","M","M","M","?","E","T","M","R","M","R","?","E","$","M","B"],"character_chosen":"THE_SPIRIT","items_purchased":["hexamod:Hexaguard"],"campfire_rested":1,"item_purchase_floors":[14],"current_hp_per_floor":[70,69,69,62,62,39,39,27,27,18,39,27,27,27,12,0,0,0],"gold":233,"neow_bonus":"ONE_RANDOM_RARE_CARD","is_daily":false,"chose_seed":false,"campfire_upgraded":2,"win_rate":0.0,"timestamp":1611970216,"path_taken":["R","M","M","?","?","E","T","M","R","M","R","?","E","$","M","BOSS"],"items_purchased_type":["Card"],"build_version":"2020-12-22","purchased_purges":0,"victory":false,"max_hp_per_floor":[70,70,70,70,70,70,70,70,70,70,70,70,70,70,70,70,70,70],"card_choices":[{"not_picked":["hexamod:GhostShield","hexamod:NightmareStrike","hexamod:NightmareGuise"],"picked":"SKIP","floor":2},{"not_picked":["hexamod:GhostShield","hexamod:NightmareStrike"],"picked":"hexamod:NightmareGuise","floor":2},{"not_picked":["hexamod:Firestarter","hexamod:DynamicBlow"],"picked":"hexamod:FourthSeal","floor":3},{"not_picked":["hexamod:SkipABeat","hexamod:Hexaguard"],"picked":"hexamod:SwordOfDarkness","floor":4},{"not_picked":["hexamod:GhostLash","hexamod:Hexaguard"],"picked":"hexamod:Firestarter","floor":6},{"not_picked":["hexamod:Haunt","hexamod:InspiringFlames"],"picked":"hexamod:EmpoweredFlame","floor":8},{"not_picked":["hexamod:HauntingEcho","hexamod:Hexaguard"],"picked":"hexamod:ThermalTransfer","floor":10},{"not_picked":["hexamod:SpectralAdrenaline","hexamod:Firestarter"],"picked":"hexamod:DynamicBlow","floor":13},{"not_picked":["hexamod:HexaLevel","hexamod:SwordOfDarkness"],"picked":"hexamod:HeatMetal","floor":14},{"not_picked":["hexamod:FastForward","hexamod:NecessarySacrifice"],"picked":"hexamod:ForkedFlame","floor":15}],"player_experience":352365,"relics_obtained":[{"floor":6,"key":"Oddly Smooth Stone"},{"floor":7,"key":"Lantern"},{"floor":13,"key":"Juzu Bracelet"}],"event_choices":[{"damage_healed":0,"gold_gain":1,"player_choice":"Relic ","damage_taken":12,"max_hp_gain":0,"max_hp_loss":0,"event_name":"betterThird:BetterScrap","floor":12,"gold_loss":0,"cards_obtained":["Wraith Form v2"]}],"is_beta":false,"boss_relics":[],"items_purged_floors":[],"is_endless":false,"potions_floor_spawned":[2,3,8,13],"killed_by":"SI_SHIV_ARCHETYPE","ascension_level":0}}