{"host":"vlqejv0notyktumz","time":1611967982,"event":{"mods":["AchievementEnabler","BaseMod","Colored Map","Colored Powertips","Downfall","Googly Eyes","Minty Spire (QoL Compilation)","StSLib"],"gold_per_floor":[118,193,205,223,20,20,31,31,31,31,31,64,64,94,94,94,94],"floor_reached":16,"language":"ENG","playtime":252,"items_purged":[],"score":118,"play_id":"99e8190e-4d08-404b-a88e-53f3abda3618","local_time":"20210129185302","is_ascension_mode":true,"campfire_choices":[{"data":"Protect","floor":6,"key":"SMITH"},{"data":"Eruption","floor":10,"key":"SMITH"},{"data":"WindmillStrike","floor":13,"key":"SMITH"},{"floor":15,"key":"REST"}],"circlet_count":0,"master_deck":["Strike_P","Strike_P","Strike_P","Strike_P","Defend_P","Defend_P","Defend_P","Defend_P+1","Eruption+1","Vigilance","WindmillStrike+1","Halt+1","Adaptation","Protect+1","FlurryOfBlows","Swivel"],"relics":["PureWater","NeowsBlessing","War Paint","Golden Idol","Incense Burner","GoldenEye","Anchor"],"acts_visited":["Exordium"],"potions_floor_usage":[12,12],"damage_taken":[{"damage":0,"enemies":"Small Slimes","floor":1,"turns":1},{"damage":0,"enemies":"Jaw Worm","floor":3,"turns":1},{"damage":0,"enemies":"Cultist","floor":4,"turns":1},{"damage":0,"enemies":"Blue Slaver","floor":7,"turns":3},{"damage":14,"enemies":"3 Sentries","floor":12,"turns":5},{"damage":60,"enemies":"Hexaghost","floor":16,"turns":10}],"seed_played":"-7976016112293783476","potions_obtained":[{"floor":1,"key":"CultistPotion"},{"floor":3,"key":"SkillPotion"},{"floor":4,"key":"Fire Potion"}],"is_trial":false,"path_per_floor":["M","?","M","M","$","R","M","?","T","R","?","E","R","?","R","B"],"character_chosen":"WATCHER","items_purchased":["War Paint","Protect"],"campfire_rested":1,"item_purchase_floors":[5,5],"current_hp_per_floor":[72,61,61,61,61,61,61,61,61,61,49,35,35,35,55,0,0],"gold":94,"neow_bonus":"THREE_ENEMY_KILL","is_daily":false,"chose_seed":false,"campfire_upgraded":3,"win_rate":0.0,"timestamp":1611967982,"path_taken":["M","?","M","M","$","R","M","?","T","R","?","E","R","?","R","BOSS"],"items_purchased_type":["Relic","Card"],"build_version":"2020-12-22","purchased_purges":0,"victory":false,"max_hp_per_floor":[72,72,72,72,72,72,72,67,67,67,67,67,67,67,67,67,67],"card_choices":[{"not_picked":["Adaptation","Halt"],"picked":"WindmillStrike","floor":1},{"not_picked":["Protect","Meditate"],"picked":"Halt","floor":3},{"not_picked":["WreathOfFlame","Protect"],"picked":"Adaptation","floor":4},{"not_picked":["DeceiveReality","Consecrate"],"picked":"FlurryOfBlows","floor":7},{"not_picked":["CrushJoints","SpiritShield"],"picked":"Swivel","floor":12}],"player_experience":374646,"relics_obtained":[{"floor":9,"key":"Incense Burner"},{"floor":12,"key":"Anchor"}],"event_choices":[{"damage_healed":0,"gold_gain":75,"player_choice":"Gather Gold","damage_taken":11,"max_hp_gain":0,"max_hp_loss":0,"event_name":"World of Goop","floor":2,"gold_loss":0},{"damage_healed":0,"gold_gain":0,"player_choice":"Lose Max HP","damage_taken":0,"relics_obtained":["Golden Idol"],"max_hp_gain":0,"max_hp_loss":5,"event_name":"Golden Idol","floor":8,"gold_loss":0},{"damage_healed":0,"gold_gain":0,"player_choice":"Success","damage_taken":12,"relics_obtained":["GoldenEye"],"max_hp_gain":0,"max_hp_loss":0,"event_name":"Scrap Ooze","floor":11,"gold_loss":0},{"damage_healed":0,"gold_gain":30,"player_choice":"Searched \u00271\u0027 times","damage_taken":0,"max_hp_gain":0,"max_hp_loss":0,"event_name":"Dead Adventurer","floor":14,"gold_loss":0}],"is_beta":false,"boss_relics":[],"items_purged_floors":[],"is_endless":false,"potions_floor_spawned":[1,3,4],"killed_by":"Hexaghost","ascension_level":4}}