{"host":"snjtcuf7krqplf70","time":1611995508,"event":{"mods":["AchievementEnabler","BaseMod","Colored Map","Colored Powertips","Minty Spire (QoL Compilation)","StSLib"],"gold_per_floor":[110,110,110,126,0,25,25,57,82,114,132,132,132,132,132,230,230,245,245,520,531,189,216,216,245,245,245,256,256,284,393,393,393,393],"floor_reached":33,"language":"ENG","playtime":1380,"items_purged":["Strike_B","Regret"],"score":384,"play_id":"910deb7e-7517-46a9-b221-5d2077e97990","local_time":"20210130003148","is_ascension_mode":true,"campfire_choices":[{"data":"Dualcast","floor":7,"key":"SMITH"},{"data":"Defragment","floor":12,"key":"SMITH"},{"floor":15,"key":"REST"},{"data":"Ghostly","floor":24,"key":"SMITH"},{"data":"Ghostly","floor":27,"key":"SMITH"},{"data":"Hologram","floor":29,"key":"SMITH"},{"data":"Defragment","floor":32,"key":"SMITH"}],"circlet_count":0,"master_deck":["Strike_B","Strike_B","Defend_B","Defend_B","Defend_B","Defend_B","Zap+1","Dualcast+1","Thunder Strike","Defragment+1","Ball Lightning","Turbo","Compile Driver","Ball Lightning","Electrodynamics","Lockon+1","Ghostly+1","Ghostly","Ghostly","Ghostly","Ghostly+1","Hologram+1","Defragment+1","Redo","Rebound"],"relics":["Cracked Core","Lizard Tail","Bag of Marbles","Happy Flower","Bronze Scales","Velvet Choker","Omamori","PreservedInsect","Dream Catcher","Ornamental Fan","CeramicFish","Mango","White Beast Statue"],"acts_visited":["Exordium","TheCity"],"potions_floor_usage":[6,16,18,28],"damage_taken":[{"damage":0,"enemies":"Small Slimes","floor":1,"turns":3},{"damage":1,"enemies":"Jaw Worm","floor":4,"turns":3},{"damage":18,"enemies":"Gremlin Nob","floor":6,"turns":4},{"damage":16,"enemies":"3 Sentries","floor":8,"turns":6},{"damage":16,"enemies":"Gremlin Nob","floor":10,"turns":3},{"damage":0,"enemies":"2 Louse","floor":11,"turns":1},{"damage":28,"enemies":"The Guardian","floor":16,"turns":6},{"damage":14,"enemies":"Shell Parasite","floor":18,"turns":2},{"damage":2,"enemies":"Chosen","floor":21,"turns":4},{"damage":3,"enemies":"Gremlin Leader","floor":23,"turns":4},{"damage":0,"enemies":"Slavers","floor":25,"turns":2},{"damage":0,"enemies":"Snake Plant","floor":28,"turns":2},{"damage":4,"enemies":"Gremlin Leader","floor":30,"turns":3},{"damage":0,"enemies":"Colosseum Slavers","floor":31,"turns":4},{"damage":1,"enemies":"Colosseum Nobs","floor":31,"turns":3},{"damage":69,"enemies":"Champ","floor":33,"turns":8}],"seed_played":"5024468547978154693","potions_obtained":[{"floor":1,"key":"Explosive Potion"},{"floor":11,"key":"DistilledChaos"},{"floor":16,"key":"Energy Potion"},{"floor":21,"key":"AttackPotion"}],"is_trial":false,"path_per_floor":["M","?","T","M","$","E","R","E","T","E","M","R","?","?","R","B",null,"M","?","?","M","$","E","R","E","T","R","M","R","E","?","R","B"],"character_chosen":"DEFECT","items_purchased":["Turbo","Defragment","Redo","Omamori"],"campfire_rested":1,"item_purchase_floors":[5,22,22,22],"current_hp_per_floor":[75,75,75,74,74,56,56,40,40,24,24,24,17,17,39,11,75,61,37,37,35,35,32,32,32,32,32,32,32,28,41,41,0,0],"gold":393,"neow_bonus":"ONE_RANDOM_RARE_CARD","is_daily":false,"chose_seed":false,"campfire_upgraded":6,"win_rate":0.0,"timestamp":1611995508,"path_taken":["M","?","?","M","$","E","R","E","T","E","M","R","?","?","R","BOSS","M","?","?","M","$","E","R","E","T","R","?","R","E","?","R","BOSS"],"items_purchased_type":["Card","Card","Card","Relic"],"build_version":"2020-12-22","purchased_purges":2,"victory":false,"max_hp_per_floor":[75,75,75,75,75,75,75,75,75,75,75,75,75,75,75,75,75,75,37,37,37,37,37,37,37,37,37,37,37,37,51,51,51,51],"card_choices":[{"not_picked":["Fusion","Rebound"],"picked":"Defragment","floor":1},{"not_picked":["BootSequence","Leap"],"picked":"Ball Lightning","floor":4},{"not_picked":["Streamline","Coolheaded"],"picked":"Compile Driver","floor":6},{"not_picked":["Turbo","Beam Cell"],"picked":"Ball Lightning","floor":8},{"not_picked":["Stack","Beam Cell","Reprogram"],"picked":"SKIP","floor":10},{"not_picked":["Sweeping Beam","Beam Cell","Barrage"],"picked":"SKIP","floor":11},{"not_picked":["Multi-Cast","Meteor Strike"],"picked":"Electrodynamics","floor":16},{"not_picked":["Coolheaded","Leap+1"],"picked":"Lockon+1","floor":18},{"not_picked":["Stack","Chill"],"picked":"Hologram","floor":21},{"not_picked":["Turbo+1","Heatsinks","Leap"],"picked":"SKIP","floor":23},{"not_picked":["Sweeping Beam","Stack+1","Hello World"],"picked":"SKIP","floor":25},{"not_picked":["Chaos","Stack","Cold Snap+1"],"picked":"SKIP","floor":28},{"not_picked":["Cold Snap","Compile Driver+1","Sunder"],"picked":"SKIP","floor":30},{"not_picked":["Thunder Strike","Go for the Eyes"],"picked":"Rebound","floor":31}],"player_experience":178723,"relics_obtained":[{"floor":3,"key":"Lizard Tail"},{"floor":6,"key":"Bag of Marbles"},{"floor":8,"key":"Happy Flower"},{"floor":10,"key":"Bronze Scales"},{"floor":23,"key":"PreservedInsect"},{"floor":25,"key":"Dream Catcher"},{"floor":26,"key":"Ornamental Fan"},{"floor":30,"key":"CeramicFish"},{"floor":31,"key":"Mango"},{"floor":31,"key":"White Beast Statue"}],"event_choices":[{"damage_healed":0,"gold_gain":0,"player_choice":"Grow","damage_taken":0,"max_hp_gain":0,"max_hp_loss":0,"event_name":"Living Wall","floor":2,"gold_loss":0,"cards_upgraded":["Zap"]},{"cards_removed":["Strike_B"],"damage_healed":0,"gold_gain":0,"player_choice":"Card Removal","damage_taken":7,"max_hp_gain":0,"max_hp_loss":0,"event_name":"Golden Wing","floor":13,"gold_loss":0},{"damage_healed":0,"gold_gain":0,"player_choice":"Fled","damage_taken":0,"max_hp_gain":0,"max_hp_loss":0,"event_name":"Scrap Ooze","floor":14,"gold_loss":0},{"damage_healed":0,"gold_gain":0,"player_choice":"Became a Ghost","damage_taken":0,"max_hp_gain":0,"max_hp_loss":38,"event_name":"Ghosts","floor":19,"gold_loss":0,"cards_obtained":["Ghostly","Ghostly","Ghostly","Ghostly","Ghostly"]},{"damage_healed":0,"gold_gain":275,"player_choice":"Desecrate","damage_taken":0,"max_hp_gain":0,"max_hp_loss":0,"event_name":"Golden Shrine","floor":20,"gold_loss":0,"cards_obtained":["Regret"]},{"damage_healed":0,"gold_gain":0,"player_choice":"Fight","damage_taken":0,"max_hp_gain":0,"max_hp_loss":0,"event_name":"Colosseum","floor":31,"gold_loss":0},{"damage_healed":0,"gold_gain":0,"player_choice":"Fought Nobs","damage_taken":0,"max_hp_gain":0,"max_hp_loss":0,"event_name":"Colosseum","floor":31,"gold_loss":0}],"is_beta":false,"boss_relics":[{"not_picked":["SacredBark","Coffee Dripper"],"picked":"Velvet Choker"}],"items_purged_floors":[5,22],"is_endless":false,"potions_floor_spawned":[1,11,16,21],"killed_by":"Champ","ascension_level":1}}