{"host":"Sylvester","time":1611991129,"event":{"mods":["BaseMod","Colored Map","Lobotomy","Minty Spire (QoL Compilation)","Replay The Spire","StSLib"],"gold_per_floor":[111,74,127,52,52,87,102,102,125,138,138,163,182,196,196,294,394,414,434,448,459,471,505,517,537,561,561,586,586,617,643,643,738,1038,1056,1072,516,570,580,580,580,580,625,625,659,400,418,447,447,447],"floor_reached":51,"language":"ENG","playtime":5086,"items_purged":[],"score":827,"play_id":"392a35a0-9ee8-4d14-8861-b792d308a8dd","local_time":"20210129231849","is_ascension_mode":false,"campfire_choices":[{"floor":40,"key":"RECALL"},{"floor":44,"key":"DIG"},{"data":"Languid","floor":49,"key":"PURGE"}],"circlet_count":0,"master_deck":["SpecialBullet","SpecialBullet","SpecialBullet","SpecialBullet","SpecialBullet","SpecialBullet","SpecialBullet","DisciplinaryCode","TrainingCode","CentralCode","SomewhereSpear","WristCuter","WristCuter","Ecstasy","Lamp+33","ShedSkin","Adoration","InformationCode","SoundOfStar+1","InformationCode","ScreamingWedge","Regret_ego","ScreamingWedge","Twilight+1","SolemnVow","InTheNameOfLoveAndHate","SecurityCode","CrimsonScar","Regret_ego+1"],"relics":["Painkiller Herb","Divine Protection","Dream Catcher","Lizard Tail","Replay:Grab Bag","Fusion Hammer","Replay:Wanted Poster","Snecko Eye","Replay:Accelerometer","Replay:Wax Seal","Mummified Hand","Omamori","Red Mask","Replay:Ancient Bell","Nunchaku","White Beast Statue","Old Coin","Guide Book","Golden Egg","Akabeko","Replay:Multitool","Pet Ghost","Replay:WaspNest","Bag of Marbles","Iron Hammer","Molten Egg 2"],"acts_visited":["Exordium","TheCity","TheBeyond"],"potions_floor_usage":[19,23,33,51,51,51],"damage_taken":[{"damage":0.0,"enemies":"Small Slimes","floor":1.0,"turns":2.0},{"damage":26.0,"enemies":"Gremlin Nob","floor":6.0,"turns":6.0},{"damage":0.0,"enemies":"2 Louse","floor":7.0,"turns":1.0},{"damage":0.0,"enemies":"Cultist","floor":10.0,"turns":1.0},{"damage":1.0,"enemies":"Replay:BlueRogue","floor":12.0,"turns":3.0},{"damage":0.0,"enemies":"2 Fungi Beasts","floor":13.0,"turns":4.0},{"damage":2.0,"enemies":"Looter","floor":14.0,"turns":3.0},{"damage":17.0,"enemies":"Slime Boss","floor":16.0,"turns":9.0},{"damage":0.0,"enemies":"Spheric Guardian","floor":18.0,"turns":1.0},{"damage":0.0,"enemies":"2 Thieves","floor":19.0,"turns":1.0},{"damage":13,"enemies":"Snake Plant","floor":20,"turns":2},{"damage":0,"enemies":"Cultist and Chosen","floor":21,"turns":1},{"damage":10,"enemies":"Shelled Parasite and Fungi","floor":22,"turns":3},{"damage":0,"enemies":"Slavers","floor":23,"turns":4},{"damage":0,"enemies":"Chosen and Byrds","floor":24,"turns":1},{"damage":0,"enemies":"Centurion and Healer","floor":25,"turns":2},{"damage":0,"enemies":"Gremlin Leader","floor":28,"turns":4},{"damage":0,"enemies":"Replay:Snechameleon","floor":30,"turns":1},{"damage":0,"enemies":"Masked Bandits","floor":31,"turns":5},{"damage":0,"enemies":"Automaton","floor":33,"turns":6},{"damage":26,"enemies":"3 Shapes","floor":35,"turns":5},{"damage":0,"enemies":"Orb Walker","floor":36,"turns":1},{"damage":0,"enemies":"2 Orb Walkers","floor":38,"turns":2},{"damage":0,"enemies":"Writhing Mass","floor":39,"turns":4},{"damage":0,"enemies":"Nemesis","floor":45,"turns":5},{"damage":0,"enemies":"Sphere and 2 Shapes","floor":47,"turns":5},{"damage":1,"enemies":"Giant Head","floor":48,"turns":3},{"damage":0,"enemies":"Replay:Hell Engine","floor":50,"turns":1},{"damage":0,"enemies":"Malkuth","floor":51,"turns":4},{"damage":8,"enemies":"Yesod","floor":51,"turns":9},{"damage":62,"enemies":"Tiphereth","floor":51,"turns":12},{"damage":60,"enemies":"Binah","floor":51,"turns":23}],"seed_played":"-4359934184961944458","potions_obtained":[{"floor":6.0,"key":"Venom Potion"},{"floor":7.0,"key":"Explosive Potion"},{"floor":10.0,"key":"AttackPotion"},{"floor":19,"key":"Fruit Juice"},{"floor":22,"key":"ColorlessPotion"},{"floor":25,"key":"Weak Potion"},{"floor":28,"key":"Adrenaline Potion"},{"floor":35,"key":"Adrenaline Potion"},{"floor":38,"key":"Regen Potion"}],"is_trial":false,"path_per_floor":["?","T","?","T","?","E","?","?","T","?","T","E","?","?","T","B",null,"?","?","?","?","?","E","?","?","T","T","E","T","E","?","T","B",null,"?","?","T","?","?","T","?","T","T","T","E","T","?","E","T","B",null],"character_chosen":"Angela","items_purchased":["WristCuter","Lamp","Guide Book","Golden Egg","Akabeko","Iron Hammer"],"campfire_rested":0,"item_purchase_floors":[2,4,37,37,37,46],"current_hp_per_floor":[70,70,70,70,63,37,37,37,37,37,37,36,36,34,34,17,70,70,75,62,62,52,52,52,52,52,52,52,52,52,52,52,52,75,49,49,49,49,57,57,57,57,57,57,69,69,75,75,75,75],"gold":447,"neow_bonus":"BOSS_RELIC","is_daily":false,"chose_seed":false,"campfire_upgraded":0,"win_rate":0.0,"timestamp":1611991129,"path_taken":["?","T","?","T","?","E","?","?","T","?","?","E","?","?","T","BOSS","?","?","?","?","?","E","?","?","T","T","E","T","E","?","T","BOSS","?","?","T","?","?","T","?","T","T","T","E","?","?","E","T","BOSS"],"items_purchased_type":["Card","Card","Relic","Relic","Relic","Relic"],"build_version":"2020-11-17","purchased_purges":0,"victory":true,"max_hp_per_floor":[70,70,70,70,70,70,70,70,70,70,70,70,70,70,70,70,70,70,75,75,75,75,75,75,75,75,75,75,75,75,75,75,75,75,75,75,75,75,75,75,75,75,75,75,75,75,75,75,75,75],"card_choices":[{"not_picked":["Loneliness"],"picked":"SomewhereSpear","floor":1.0},{"not_picked":["Regret_ego"],"picked":"Ecstasy","floor":3.0},{"not_picked":["CUTE"],"picked":"FourthMatchFlame","floor":3.0},{"not_picked":["CUTE"],"picked":"ShedSkin","floor":6.0},{"not_picked":["Beak","GrinderMk4"],"picked":"SKIP","floor":7.0},{"not_picked":["Beak","Harmony"],"picked":"SKIP","floor":10.0},{"not_picked":["Tough","BloodyDesire"],"picked":"SKIP","floor":12.0},{"not_picked":["CUTE","Horn"],"picked":"SKIP","floor":13.0},{"not_picked":["BlueScar"],"picked":"Adoration","floor":14.0},{"not_picked":["TheSmile"],"picked":"SoundOfStar","floor":16.0},{"not_picked":["Wingbeat","Soda"],"picked":"SKIP","floor":18.0},{"not_picked":["Harmony","BearPaw"],"picked":"SKIP","floor":19},{"not_picked":["Soda","Reverberation"],"picked":"SKIP","floor":20},{"not_picked":["Reverberation","WristCuter+1"],"picked":"SKIP","floor":21},{"not_picked":["TodaysExpression","Justitia"],"picked":"SKIP","floor":22},{"not_picked":["BearPaw","WristCuter"],"picked":"SKIP","floor":23},{"not_picked":["Christmas"],"picked":"ScreamingWedge","floor":24},{"not_picked":["SomewhereSpear+1"],"picked":"Regret_ego","floor":25},{"not_picked":["Harvest","RedEyes"],"picked":"SKIP","floor":28},{"not_picked":["Wingbeat"],"picked":"ScreamingWedge","floor":30},{"not_picked":["Justitia"],"picked":"Twilight","floor":33},{"not_picked":["Looming Evil"],"picked":"CommonCold","floor":34},{"not_picked":["Decay"],"picked":"Injury","floor":34},{"not_picked":["Hallucinations"],"picked":"Languid","floor":34},{"not_picked":["GoldRush"],"picked":"SolemnVow","floor":35},{"not_picked":["Soda+1"],"picked":"InTheNameOfLoveAndHate","floor":36},{"not_picked":["Lantern+1","Harmony"],"picked":"SKIP","floor":39},{"not_picked":["InTheNameOfLoveAndHate+1"],"picked":"CrimsonScar","floor":45},{"not_picked":["Discord+1","Noise"],"picked":"SKIP","floor":47},{"not_picked":["Ecstasy"],"picked":"Regret_ego+1","floor":48}],"player_experience":170124,"relics_obtained":[{"floor":3.0,"key":"Divine Protection"},{"floor":6.0,"key":"Dream Catcher"},{"floor":12.0,"key":"Lizard Tail"},{"floor":23,"key":"Replay:Accelerometer"},{"floor":26,"key":"Replay:Wax Seal"},{"floor":28,"key":"Mummified Hand"},{"floor":30,"key":"Omamori"},{"floor":31,"key":"Red Mask"},{"floor":38,"key":"Replay:Multitool"},{"floor":43,"key":"Pet Ghost"},{"floor":44,"key":"Replay:WaspNest"},{"floor":45,"key":"Bag of Marbles"},{"floor":48,"key":"Molten Egg 2"}],"event_choices":[{"cards_removed":["SpecialBullet"],"damage_healed":0.0,"max_hp_gain":0.0,"max_hp_loss":0.0,"gold_gain":0.0,"event_name":"Golden Wing","player_choice":"Card Removal","floor":5.0,"gold_loss":0.0,"damage_taken":7.0},{"damage_healed":0.0,"max_hp_gain":0.0,"max_hp_loss":0.0,"gold_gain":0.0,"event_name":"Living Wall","player_choice":"Grow","floor":8.0,"gold_loss":0.0,"damage_taken":0.0,"cards_upgraded":["Lamp"]},{"damage_healed":0,"gold_gain":0,"player_choice":"Fought Bandits","damage_taken":0,"max_hp_gain":0,"max_hp_loss":0,"event_name":"Masked Bandits","floor":31,"gold_loss":0},{"damage_healed":0,"gold_gain":0,"player_choice":"Fight","damage_taken":0,"max_hp_gain":0,"max_hp_loss":0,"event_name":"Mysterious Sphere","floor":38,"gold_loss":0},{"cards_removed":["FourthMatchFlame"],"damage_healed":0,"gold_gain":0,"player_choice":"Removed Attack","damage_taken":0,"max_hp_gain":0,"max_hp_loss":0,"event_name":"Falling","floor":41,"gold_loss":0}],"is_beta":true,"boss_relics":[{"not_picked":["Tiny House","Ring of Chaos"],"picked":"Replay:Grab Bag"},{"not_picked":["Abe\u0027s Treasure","ReplayTheSpireMod:Onyx Gauntlets"],"picked":"Fusion Hammer"},{"not_picked":["ReplayTheSpireMod:DimensionalGlitch","Busted Crown"],"picked":"Replay:Wanted Poster"},{"not_picked":["Kintsugi","Astrolabe"],"picked":"Snecko Eye"},{"not_picked":["Honey Jar","Replay:Drink Me"],"picked":"Replay:Ancient Bell"},{"not_picked":["MealTicket","Orichalcum"],"picked":"Nunchaku"},{"not_picked":["Sundial","Letter Opener"],"picked":"White Beast Statue"},{"not_picked":["Incense Burner","Thread and Needle"],"picked":"Old Coin"}],"items_purged_floors":[],"is_endless":false,"potions_floor_spawned":[6,7,10,14,19,22,25,28,31,35,36,38,39,45,47,48,51,51,51,51],"ascension_level":0}}