{"host":"1c52r9kaxdyo25eq","time":1611990963,"event":{"mods":["AchievementEnabler","BaseMod","DeckTracker","Minty Spire (QoL Compilation)","Rare Cards Sparkle","SuperFastMode","everything is the same but u backflip on backflip"],"gold_per_floor":[109,184,184,194,194,220,220,237,237,237,248,262,15,34,34,105,105,118,33,33,52,15,15,31,31,31,31,31,31,31,41,41,112,112,127,138,149,159,159,193,193,228,228,228,280,311,311,311,311,311,311,311,311,43,71,71,71],"floor_reached":56,"language":"KOR","playtime":1577,"items_purged":["Strike_G","Strike_G"],"score":2191,"play_id":"8c1bacde-2b48-45d1-9518-d218da0d3aa1","local_time":"20210130161603","is_ascension_mode":true,"campfire_choices":[{"data":"Prepared","floor":7.0,"key":"SMITH"},{"data":"Eviscerate","floor":15.0,"key":"SMITH"},{"data":"Well Laid Plans","floor":23.0,"key":"SMITH"},{"floor":25.0,"key":"REST"},{"data":"Tactician","floor":27.0,"key":"SMITH"},{"data":"Phantasmal Killer","floor":29.0,"key":"SMITH"},{"data":"Acrobatics","floor":32.0,"key":"SMITH"},{"data":"Reflex","floor":41.0,"key":"SMITH"},{"floor":49.0,"key":"RECALL"},{"data":"Tactician","floor":53,"key":"SMITH"}],"circlet_count":0,"master_deck":["AscendersBane","Strike_G","Defend_G","Defend_G+1","Survivor","Neutralize","Prepared+1","Eviscerate+1","Quick Slash","Tactician+1","Acrobatics+1","Phantasmal Killer+1","Well Laid Plans+1","Reflex+1","Acrobatics+1","Burst","Tactician+1","Grand Finale","Doubt"],"relics":["Ring of the Serpent","NeowsBlessing","Du-Vu Doll","Bird Faced Urn","PreservedInsect","Paper Crane","Nloth\u0027s Gift","Empty Cage","Bronze Scales","CaptainsWheel","Dead Branch","Bottled Tornado","WingedGreaves","War Paint","Torii"],"acts_visited":["Exordium","TheCity","TheBeyond","TheEnding"],"potions_floor_usage":[50,51],"damage_taken":[{"damage":0.0,"enemies":"Small Slimes","floor":1.0,"turns":1.0},{"damage":0.0,"enemies":"Jaw Worm","floor":4.0,"turns":1.0},{"damage":0.0,"enemies":"Lagavulin","floor":6.0,"turns":1.0},{"damage":0.0,"enemies":"2 Louse","floor":8.0,"turns":2.0},{"damage":2.0,"enemies":"2 Fungi Beasts","floor":11.0,"turns":3.0},{"damage":1.0,"enemies":"Looter","floor":12.0,"turns":3.0},{"damage":4.0,"enemies":"Large Slime","floor":14.0,"turns":5.0},{"damage":0.0,"enemies":"Slime Boss","floor":16.0,"turns":3.0},{"damage":5.0,"enemies":"Chosen","floor":18.0,"turns":4.0},{"damage":21.0,"enemies":"Shell Parasite","floor":21.0,"turns":3.0},{"damage":35.0,"enemies":"Cultist and Chosen","floor":24.0,"turns":6.0},{"damage":10.0,"enemies":"Shelled Parasite and Fungi","floor":31.0,"turns":2.0},{"damage":14.0,"enemies":"Champ","floor":33.0,"turns":7.0},{"damage":0.0,"enemies":"3 Darklings","floor":35.0,"turns":1.0},{"damage":5.0,"enemies":"Orb Walker","floor":36.0,"turns":3.0},{"damage":3.0,"enemies":"Writhing Mass","floor":37.0,"turns":4.0},{"damage":25.0,"enemies":"4 Shapes","floor":38.0,"turns":2.0},{"damage":8.0,"enemies":"Giant Head","floor":40.0,"turns":3.0},{"damage":0.0,"enemies":"Nemesis","floor":42.0,"turns":3.0},{"damage":0.0,"enemies":"2 Orb Walkers","floor":45.0,"turns":2.0},{"damage":13.0,"enemies":"Giant Head","floor":46.0,"turns":3.0},{"damage":25,"enemies":"Time Eater","floor":50,"turns":4},{"damage":42,"enemies":"Awakened One","floor":51,"turns":5},{"damage":0,"enemies":"Shield and Spear","floor":55,"turns":2},{"damage":12,"enemies":"The Heart","floor":56,"turns":2}],"seed_played":"-2431758530403499432","potions_obtained":[{"floor":11.0,"key":"EssenceOfSteel"},{"floor":12.0,"key":"Block Potion"},{"floor":14.0,"key":"FearPotion"},{"floor":18.0,"key":"PowerPotion"},{"floor":31.0,"key":"Poison Potion"},{"floor":36.0,"key":"LiquidBronze"},{"floor":38.0,"key":"AttackPotion"},{"floor":45.0,"key":"Weak Potion"}],"is_trial":false,"path_per_floor":["M","?","?","M","?","E","R","M","T","?","M","M","$","M","R","B",null,"M","?","?","M","$","R","M","R","T","R","?","R","$","M","R","B",null,"M","M","M","M","?","E","R","E","T","?","?","E","?","?","R","B","B",null,"R","$","E","B"],"character_chosen":"THE_SILENT","items_purchased":["Well Laid Plans","Reflex","Tactician","War Paint"],"campfire_rested":1,"item_purchase_floors":[13,13,22,54],"current_hp_per_floor":[59,48,53,53,46,46,46,46,46,41,39,38,38,34,34,36,62,59,59,59,40,40,40,7,28,28,28,28,28,28,20,20,10,56,56,53,52,29,29,23,23,25,25,25,27,16,16,71,71,46,6,55,55,55,57,47,47],"gold":71,"neow_bonus":"THREE_ENEMY_KILL","is_daily":false,"chose_seed":false,"campfire_upgraded":8,"win_rate":0.0,"timestamp":1611990963,"path_taken":["M","?","?","M","?","E","R","M","T","?","M","M","?","M","R","BOSS","M","?","?","M","?","R","M","R","T","R","?","R","$","?","R","BOSS","M","M","M","M","?","E","R","E","T","?","?","E","?","?","R","BOSS","BOSS","R","$","E","BOSS"],"items_purchased_type":["Card","Card","Card","Relic"],"build_version":"2020-12-22","purchased_purges":2,"victory":false,"max_hp_per_floor":[66,66,71,71,71,71,71,71,71,71,71,71,71,71,71,71,71,71,71,71,71,71,71,71,71,71,71,71,71,71,71,71,71,71,71,71,71,71,71,71,71,71,71,71,71,71,71,71,71,71,71,71,71,71,71,71,71],"card_choices":[{"not_picked":["Quick Slash","PiercingWail"],"picked":"Prepared","floor":1.0},{"not_picked":["Prepared","Flying Knee"],"picked":"Eviscerate","floor":4.0},{"not_picked":["Eviscerate","Finisher"],"picked":"Quick Slash","floor":6.0},{"not_picked":["Dagger Throw","Eviscerate"],"picked":"Tactician","floor":8.0},{"not_picked":["Caltrops","Sucker Punch"],"picked":"Acrobatics","floor":11.0},{"not_picked":["Prepared","Quick Slash"],"picked":"Phantasmal Killer","floor":12.0},{"not_picked":["Backflip","Deadly Poison","Quick Slash"],"picked":"SKIP","floor":14.0},{"not_picked":["Skewer","Outmaneuver"],"picked":"Acrobatics","floor":18.0},{"not_picked":["PiercingWail+1","Quick Slash","Dash"],"picked":"SKIP","floor":21.0},{"not_picked":["Slice+1","Endless Agony","Bouncing Flask"],"picked":"SKIP","floor":24.0},{"not_picked":["All Out Attack","Distraction","Doppelganger"],"picked":"SKIP","floor":31.0},{"not_picked":["Unload","Envenom"],"picked":"Grand Finale","floor":33.0},{"not_picked":["Deflect","Slice","Cloak And Dagger"],"picked":"SKIP","floor":35.0},{"not_picked":["Expertise","Outmaneuver","All Out Attack"],"picked":"SKIP","floor":36.0},{"not_picked":["Bane+1","Dagger Spray+1","Accuracy"],"picked":"SKIP","floor":37.0},{"not_picked":["Crippling Poison","Underhanded Strike+1","Blur"],"picked":"SKIP","floor":38.0},{"not_picked":["Tools of the Trade","A Thousand Cuts","Outmaneuver"],"picked":"SKIP","floor":40.0},{"not_picked":["Wraith Form v2","Flechettes","Deadly Poison+1"],"picked":"SKIP","floor":42.0},{"not_picked":["Noxious Fumes","Distraction","Poisoned Stab"],"picked":"SKIP","floor":46.0},{"not_picked":["Well Laid Plans","Doppelganger","Storm of Steel"],"picked":"SKIP","floor":55}],"player_experience":630908,"relics_obtained":[{"floor":6.0,"key":"Du-Vu Doll"},{"floor":9.0,"key":"Bird Faced Urn"},{"floor":26.0,"key":"Paper Crane"},{"floor":40.0,"key":"Bronze Scales"},{"floor":42.0,"key":"CaptainsWheel"},{"floor":45.0,"key":"Dead Branch"},{"floor":46.0,"key":"Bottled Tornado"},{"floor":55,"key":"Torii"}],"event_choices":[{"damage_healed":0.0,"max_hp_gain":0.0,"max_hp_loss":0.0,"gold_gain":75.0,"event_name":"World of Goop","player_choice":"Gather Gold","floor":2.0,"gold_loss":0.0,"damage_taken":11.0},{"damage_healed":0.0,"max_hp_gain":5.0,"max_hp_loss":0.0,"gold_gain":0.0,"event_name":"Big Fish","player_choice":"Donut","floor":3.0,"gold_loss":0.0,"damage_taken":0.0},{"cards_removed":["Defend_G"],"damage_healed":0.0,"max_hp_gain":0.0,"max_hp_loss":0.0,"gold_gain":0.0,"event_name":"Golden Wing","player_choice":"Card Removal","floor":5.0,"gold_loss":0.0,"damage_taken":7.0},{"damage_healed":0.0,"max_hp_gain":0.0,"max_hp_loss":0.0,"gold_gain":0.0,"event_name":"Scrap Ooze","player_choice":"Success","floor":10.0,"gold_loss":0.0,"damage_taken":5.0,"relics_obtained":["Snake Skull"]},{"damage_healed":0.0,"max_hp_gain":0.0,"max_hp_loss":0.0,"gold_gain":0.0,"event_name":"Addict","player_choice":"Obtained Relic","floor":19.0,"gold_loss":85.0,"damage_taken":0.0,"relics_obtained":["PreservedInsect"]},{"damage_healed":0.0,"max_hp_gain":0.0,"max_hp_loss":0.0,"gold_gain":0.0,"cards_transformed":["Strike_G","Defend_G"],"event_name":"Drug Dealer","player_choice":"Became Test Subject","floor":20.0,"gold_loss":0.0,"damage_taken":0.0,"cards_obtained":["Burst","Riddle With Holes"]},{"damage_healed":0.0,"max_hp_gain":0.0,"max_hp_loss":0.0,"gold_gain":0.0,"event_name":"N\u0027loth","player_choice":"Traded Relic","floor":28.0,"relics_lost":["Snake Skull"],"gold_loss":0.0,"damage_taken":0.0,"relics_obtained":["Nloth\u0027s Gift"]},{"cards_removed":["Riddle With Holes"],"damage_healed":0.0,"max_hp_gain":0.0,"max_hp_loss":0.0,"gold_gain":0.0,"event_name":"Falling","player_choice":"Removed Attack","floor":39.0,"gold_loss":0.0,"damage_taken":0.0},{"damage_healed":0.0,"max_hp_gain":0.0,"max_hp_loss":0.0,"gold_gain":0.0,"event_name":"SensoryStone","player_choice":"Memory 1","floor":44.0,"gold_loss":0.0,"damage_taken":0.0},{"damage_healed":0.0,"max_hp_gain":0.0,"max_hp_loss":0.0,"gold_gain":0.0,"event_name":"Mysterious Sphere","player_choice":"Fight","floor":45.0,"gold_loss":0.0,"damage_taken":0.0},{"damage_healed":0.0,"max_hp_gain":0.0,"max_hp_loss":0.0,"gold_gain":0.0,"event_name":"Tomb of Lord Red Mask","player_choice":"Ignored","floor":47.0,"gold_loss":0.0,"damage_taken":0.0},{"damage_healed":55.0,"max_hp_gain":0.0,"max_hp_loss":0.0,"gold_gain":0.0,"event_name":"MindBloom","player_choice":"Heal","floor":48.0,"gold_loss":0.0,"damage_taken":0.0,"cards_obtained":["Doubt"]}],"is_beta":false,"boss_relics":[{"not_picked":["Cursed Key","WristBlade"],"picked":"Ring of the Serpent"},{"not_picked":["Black Star","Busted Crown"],"picked":"Empty Cage"}],"items_purged_floors":[13,54],"is_endless":false,"potions_floor_spawned":[11,12,14,18,31,36,38,45],"killed_by":"The Heart","ascension_level":20}}