{"host":"p34rppyhk302xzzg","time":1611979012,"event":{"mods":["Act Like it!","Ascension Reborn","BaseMod","Better Vampires","BetterRewards","Colored Map","Gensokyo","Googly Eyes","Hallownest","Koishi","Lobotomy","LobotomyExtend","Marisa£®ÏF”Í°°ƒß¿Ì…≥£©","Minty Spire (QoL Compilation)","Pale of the Ancients","Quick Restart","Reimu£®≤©¿ˆ¡È√Œ£©","Remilia£®¿Ÿ√◊¿Ú—«£©","Replay The Spire","SOS£®Àπ∞Õ¥Ô÷Æ◊”£©","StSLib","The Administrix","The Bug Knight","UnlockEverythingMod","Waifu the Spire","Yakumo Yukari mod","Youmu£®ªÍ∆«—˝√Œ£©","noobMod","°æ“≈ŒÔø®≈∆°øREMEMod"],"gold_per_floor":[118,118,118,1,19,32,67,86,86,123,123,157,177,237,237,352,352,388,410,410,410,432,467,467,530,530,570,634,715,212,252,252,409,480,525,547,585,629,675,738,738,791,822,822,857,783,249,285,285,285,334,387,471,126,126,162,162,162,162,162],"floor_reached":61,"language":"ZHS","playtime":3246,"items_purged":["Injury","Parasite"],"score":1638,"play_id":"1959c743-2a18-4b01-ae4f-addb1aeb7eb2","local_time":"20210130115652","is_ascension_mode":true,"campfire_choices":[{"data":"Human_Monster_Realm_purple","floor":11.0,"key":"SMITH"},{"data":"LotusPostureSlash","floor":15.0,"key":"SMITH"},{"floor":24,"key":"RECALL"},{"data":"HellFireSword","floor":32,"key":"SMITH"},{"data":"SuddenPhantomFormationSlashOfKarmicWind","floor":41,"key":"SMITH"},{"data":"ThreeKonsSevenHakus","floor":44,"key":"SMITH"},{"data":"HandOfGreed","floor":55,"key":"SMITH"},{"data":"HiganSword","floor":57,"key":"SMITH"}],"circlet_count":0,"master_deck":["CENSORED","DespairKnight","LongBird","Woodsman","Strike_YM","Strike_YM","Strike_YM","Strike_YM","Defend_YM","Defend_YM","Defend_YM","Defend_YM","WheelOfPainOfLivingAndDead","Laetitia","PhosphoricSlash+1","CrumblingArmor","FlashingScatteredFlowers","Scorched","LotusPostureSlash+1","ShyLook","FlashingScatteredFlowers+1","DreamingCurrent","LotusPostureSlash+1","LowerRealmReflectionSlash","PunishingBird","ThreeKonsSevenHakus+1","SpiderBud","SlashOfDepartureFromHesitation","CelestialStarSword+1","SpiritCuttingSword","Hallownest:pwrSporeShroom","FairyFestival","SuddenPhantomFormationSlashOfKarmicWind+1","ThreeKonsSevenHakus","WhitesApple","HiganSword+1","Scarecrow","CherryBlossomFlashing+1","SilentOrchestra","HellGodSword+1","OldLady","SanzenSekai","FlashingScatteredFlowers","FlashingScatteredFlowers","CrescentMoonSlash","Parasite","Rudolta","ASingleThoughtAndInfiniteKalpas+1","CherryBlossomFlashing","Parasite","Porccubus","LowerRealmReflectionSlash","Scorched","Scorched","BlackArmy","PretaSword+1","CrescentMoonSlash","LittleHelper","CrescentMoonSlash+1","PretaSword+1","GreedKing","HereticApostle","RedShoes","FlashingScatteredFlowers+1","Hallownest:skillKingdomsEdgeMap","HiganSword+1","TransmigrationSlash+1","SlashOfMeditation+1","Parasite","HiganSword+1","Parasite","Alriune","HumanKnowledgeSword+1","SwordExtraction","SanzenSekai+1","HandOfGreed+1","WhiteNight","SpiritMediumsBind+1"],"relics":["HalfPhantom","REME_ComplimentaryCards","ice","CogitoBucket","Anchor","LetterFromLob","Happy Flower","Mango","HandDrill","Mastiff:ReiMu","AntiCross","Incense Burner","PreservedInsect","FleshIdol","Whetstone","REME_DuelDisc","HonorFeather","ShedSkin_r","Mirror","CeramicFish","ChangeAnything","Strawberry","Du-Vu Doll","Pocketwatch","Tiny House","Logging_r","Justitia_r","SkinProphecy","AtMidnight","Pet Ghost","Hakurouken","Akabeko","TungstenRod","Orichalcum","Kunai","Lee\u0027s Waffle","SwordSharpenedByTears_r","paleoftheancients:Timepiece","paleoftheancients:KeyRelic","Ice Cream","CultistMask","CENSORED_r","paleoftheancients:SoulOfTheWokeBloke","Pear","Replay:Wax Seal","Guide Book","Art of War","REME_HourglassOfDeath"],"acts_visited":["Exordium","Gensokyo:Gensokyo","Hallownest:CityofTears","Hallownest:KingdomsEdge"],"potions_floor_usage":[33,35,35,38,42,56,56,56],"damage_taken":[{"damage":2.0,"enemies":"Gensokyo:3_Fairies","floor":1.0,"turns":3.0},{"damage":5.0,"enemies":"Gensokyo:2_Kodama","floor":5.0,"turns":3.0},{"damage":0.0,"enemies":"Gensokyo:Python","floor":6.0,"turns":3.0},{"damage":9.0,"enemies":"Gensokyo:Cirno","floor":7.0,"turns":7.0},{"damage":6.0,"enemies":"Gensokyo:3_Kodama","floor":8.0,"turns":2.0},{"damage":20.0,"enemies":"Gensokyo:Aya","floor":10.0,"turns":4.0},{"damage":41.0,"enemies":"Gensokyo:Cirno","floor":12.0,"turns":5.0},{"damage":15.0,"enemies":"Gensokyo:Python_and_Kodama","floor":13.0,"turns":2.0},{"damage":44.0,"enemies":"Gensokyo:Yukari","floor":16.0,"turns":6.0},{"damage":104.0,"enemies":"Hallownest:2_Mistakes","floor":18.0,"turns":3.0},{"damage":0.0,"enemies":"Hallownest:2_Mistakes","floor":19.0,"turns":2.0},{"damage":0.0,"enemies":"Hallownest:Guard_and_Sentry","floor":22.0,"turns":1.0},{"damage":13,"enemies":"Hallownest:Nosk","floor":23,"turns":3},{"damage":0,"enemies":"Hallownest:Nosk","floor":23,"turns":1},{"damage":132,"enemies":"Hallownest:eliteWatcherKnight","floor":25,"turns":9},{"damage":64,"enemies":"Hallownest:Master_and_Novice","floor":27,"turns":5},{"damage":164,"enemies":"Hallownest:Nosk","floor":28,"turns":9},{"damage":0,"enemies":"Hallownest:Glutton_and_Coward","floor":29,"turns":2},{"damage":6,"enemies":"Hallownest:3_Mistakes","floor":31,"turns":2},{"damage":13,"enemies":"Hallownest:BossSoulMaster","floor":33,"turns":4},{"damage":40,"enemies":"Hallownest:Shield_Heavy","floor":35,"turns":9},{"damage":0,"enemies":"Hallownest:2_Littles","floor":37,"turns":1},{"damage":0,"enemies":"Hallownest:Slobbering_and_Violent","floor":38,"turns":3},{"damage":0,"enemies":"Hallownest:Shield_Sturdy","floor":39,"turns":2},{"damage":2,"enemies":"Hallownest:eliteHiveKnight","floor":40,"turns":3},{"damage":0,"enemies":"Hallownest:StalkingDevout","floor":42,"turns":1},{"damage":0,"enemies":"Hallownest:monsterPrimalAspid","floor":45,"turns":1},{"damage":0,"enemies":"Hallownest:Xero_Hu_Marmu","floor":48,"turns":1},{"damage":73,"enemies":"Hallownest:Radiance","floor":50,"turns":4},{"damage":0,"enemies":"Hallownest:Radiance","floor":51,"turns":4},{"damage":0,"enemies":"Hallownest:Radiance","floor":52,"turns":2},{"damage":125,"enemies":"Hallownest:Radiance","floor":56,"turns":4},{"damage":10,"enemies":"paleoftheancients:N","floor":60,"turns":5}],"seed_played":"4204126936332107409","potions_obtained":[{"floor":5.0,"key":"Toxic Potion"},{"floor":6.0,"key":"Swift Potion"},{"floor":12.0,"key":"SpeedPotion"},{"floor":13.0,"key":"REME_GoldPotion"},{"floor":23,"key":"BlessingOfTheForge"},{"floor":34,"key":"Adrenaline Potion"},{"floor":35,"key":"Strength Potion"},{"floor":37,"key":"Explosive Potion"},{"floor":42,"key":"REME_GoldPotion"},{"floor":48,"key":"CausticAgent"},{"floor":51,"key":"LifebloodPotion"},{"floor":56,"key":"ZuzhouPotion:ReiMu"}],"is_trial":false,"path_per_floor":["M","?","?","$","M","M","E","M","T","E","R","E","M","T","R","B",null,"M","M","?","?","M","E","R","E","T","M","E","M","$","M","R","B",null,"M","?","M","M","M","E","R","E","T","R","M","?","$","M","R_BF","B","M","M","?","$","R","M","R","T","?","B",null],"character_chosen":"YOUMU","items_purchased":["HandDrill","Du-Vu Doll","Pocketwatch","HellFireSword","FlashingScatteredFlowers","Orichalcum","Kunai","Lee\u0027s Waffle","HiganSword","TransmigrationSlash+1","Replay:Wax Seal","Guide Book","HandOfGreed"],"campfire_rested":0,"item_purchase_floors":[4,30,30,30,30,47,47,47,47,47,54,54,54],"current_hp_per_floor":[78,78,94,94,89,89,80,74,74,86,86,61,85,85,85,80,104,89,107,107,103,107,12,107,28,28,59,115,138,138,138,138,143,148,176,176,179,181,184,187,187,189,189,189,191,191,198,200,200,210,214,216,145,145,223,226,226,226,226,251],"gold":162,"neow_bonus":"","is_daily":false,"chose_seed":false,"campfire_upgraded":7,"win_rate":0.0,"timestamp":1611979012,"path_taken":["M","?","?","$","M","M","E","M","T","E","R","E","?","?","R","BOSS","M","M","?","?","M","E","R","E","T","?","E","M","$","M","R","BOSS","M","?","M","?","M","E","R","E","T","R","M","?","$","M","R_BF","BOSS","M","M","?","$","R","M","R","T","?","BOSS"],"items_purchased_type":["Relic","Relic","Relic","Card","Card","Relic","Relic","Relic","Card","Card","Relic","Relic","Card"],"build_version":"2020-12-22","purchased_purges":2,"victory":true,"max_hp_per_floor":[80,80,94,94,94,94,94,94,94,94,94,94,95,95,95,104,104,106,107,107,107,107,107,107,107,107,126,137,138,138,138,138,143,148,177,177,179,181,184,187,187,189,189,189,191,191,198,200,200,210,214,216,226,223,223,238,238,238,238,256],"card_choices":[{"not_picked":["Scarecrow","Freischutz","OSAHOGD"],"picked":"Singing Bowl","floor":1.0},{"not_picked":["BlackSwan","UniverseFragment"],"picked":"Laetitia","floor":1.0},{"not_picked":["ObsessionWithThePresentWorld","FiveSignsOfTheDyingDeva"],"picked":"PhosphoricSlash","floor":1.0},{"not_picked":["BeautyBeast","SnowQueen","SpiderBud"],"picked":"Singing Bowl","floor":5.0},{"not_picked":["Wellcheers","Alriune"],"picked":"CrumblingArmor","floor":5.0},{"not_picked":["SlashOfDepartureFromHesitation","HellGodSword"],"picked":"FlashingScatteredFlowers","floor":5.0},{"not_picked":["CherryBlossoms","Wellcheers","Mercenary"],"picked":"Singing Bowl","floor":6.0},{"not_picked":["OSAHOGD","UniverseFragment"],"picked":"Scorched","floor":6.0},{"not_picked":["PhosphoricSlash","IrresoluteSoul"],"picked":"LotusPostureSlash","floor":6.0},{"not_picked":["LittlePrince","FairyFestival"],"picked":"ShyLook","floor":7.0},{"not_picked":["SanzenSekai","PhosphoricSlash"],"picked":"FlashingScatteredFlowers","floor":7.0},{"not_picked":["LittlePrince","BeautyBeast"],"picked":"DreamingCurrent","floor":8.0},{"not_picked":["SanzenSekai","SwordOfBindingDesires"],"picked":"LotusPostureSlash","floor":8.0},{"not_picked":["BlackSwan","QueenOfHatred"],"picked":"DespairKnight","floor":10.0},{"not_picked":["LifeCuttingSword","TwoHundredYojanaInOneSlash"],"picked":"LowerRealmReflectionSlash","floor":10.0},{"not_picked":["OldLady","LongBird","QueenBee"],"picked":"Singing Bowl","floor":12.0},{"not_picked":["Murderer","MeatLantern"],"picked":"PunishingBird","floor":12.0},{"not_picked":["CrescentMoonSlash","SlashOfDelusionalInnerEye"],"picked":"ThreeKonsSevenHakus","floor":12.0},{"not_picked":["Rudolta","WallGazer","QueenBee"],"picked":"Singing Bowl","floor":13.0},{"not_picked":["VoidDream","CherryBlossoms"],"picked":"SpiderBud","floor":13.0},{"not_picked":["SwordOfBindingDesires","ReincarnationSword"],"picked":"SlashOfDepartureFromHesitation","floor":13.0},{"not_picked":["MeatLantern","BlackSwan"],"picked":"Yin","floor":16.0},{"not_picked":["MatsuyoiReflectingSatelliteSlash","SlashOfTheEternalFuture"],"picked":"CelestialStarSword","floor":16.0},{"not_picked":["HeavenlyHaloSlash","DispleasureOfTheSevenHakus"],"picked":"SpiritCuttingSword","floor":19.0},{"not_picked":["VoidDream","LittlePrince"],"picked":"FairyFestival","floor":22.0},{"not_picked":["PreachingAvici","SlashClearingTheSixSenses"],"picked":"SuddenPhantomFormationSlashOfKarmicWind","floor":22.0},{"not_picked":["SnowQueen","LongBird","CherryBlossoms"],"picked":"Singing Bowl","floor":23},{"not_picked":["BeautyBeast","WallGazer"],"picked":"Woodsman","floor":23},{"not_picked":["SpiritCuttingSword","TenKingsRetributionOnThePreta"],"picked":"ThreeKonsSevenHakus","floor":23},{"not_picked":["Scarecrow","OldLady"],"picked":"WhitesApple","floor":25},{"not_picked":["SwordOfBindingDesires","FantasyOfEnteringEnlightenment"],"picked":"HiganSword+1","floor":25},{"not_picked":["LittleHelper","SnowQueen"],"picked":"Scarecrow","floor":27},{"not_picked":["ObsessionSword","ThreeKonsSevenHakus"],"picked":"CherryBlossomFlashing+1","floor":27},{"not_picked":["Murderer","Bloodbath"],"picked":"SilentOrchestra","floor":28},{"not_picked":["SwordOfBindingDesires","PhosphoricSlash+1"],"picked":"HellGodSword+1","floor":28},{"not_picked":["Murderer","BeautyBeast"],"picked":"OldLady","floor":29},{"not_picked":["HeartExcerptSlash","BizarrenessOfSixRealms+1"],"picked":"SanzenSekai","floor":29},{"not_picked":["BlackArmy","LaLuna","Porccubus"],"picked":"Singing Bowl","floor":31},{"not_picked":["MHz","Mercenary"],"picked":"LongBird","floor":31},{"not_picked":["ObsessionWithThePresentWorld","SwordExtraction+1"],"picked":"CrescentMoonSlash","floor":31},{"not_picked":["QueenBee","Wellcheers","FieryBird"],"picked":"Singing Bowl","floor":33},{"not_picked":["Murderer","GreedKing"],"picked":"Rudolta","floor":33},{"not_picked":["CherryBlossomSword","DeadlyForm"],"picked":"ASingleThoughtAndInfiniteKalpas","floor":33},{"not_picked":["RapidSlash","ConstancyOfTheConventionalTruth"],"picked":"CherryBlossomFlashing","floor":34},{"not_picked":["BigBird","LittlePrince"],"picked":"Porccubus","floor":35},{"not_picked":["TwoHundredYojanaInOneSlash+1","SanzenSekai"],"picked":"LowerRealmReflectionSlash","floor":35},{"not_picked":["LittleHelper","NakedNest"],"picked":"BlackArmy","floor":37},{"not_picked":["PhosphoricSlash","SwordExtraction"],"picked":"PretaSword+1","floor":37},{"not_picked":["NothingThere","HappyTeddy"],"picked":"BlueStar","floor":38},{"not_picked":["TurningAngelCut+1","HeavenlyHaloSlash"],"picked":"CrescentMoonSlash","floor":38},{"not_picked":["OSAHOGD","Mercenary"],"picked":"LittleHelper","floor":39},{"not_picked":["TwoHundredYojanaInOneSlash","ObsessionWithThePresentWorld+1"],"picked":"CrescentMoonSlash+1","floor":39},{"not_picked":["OSAHOGD","FieryBird"],"picked":"QueenOfHatred","floor":40},{"not_picked":["HesitationCuttingSword","HellGodSword"],"picked":"PretaSword+1","floor":40},{"not_picked":["FieryBird","WallGazer"],"picked":"GreedKing","floor":42},{"not_picked":["HumanKnowledgeSword+1","DispleasureOfTheSevenHakus+1"],"picked":"SlashOfAscensionToBuddhahood+1","floor":42},{"not_picked":["Funeral","CENSORED"],"picked":"RedShoes","floor":45},{"not_picked":["SwordExtraction","ConstancyOfTheConventionalTruth+1"],"picked":"FlashingScatteredFlowers+1","floor":45},{"not_picked":["LaLuna","QueenBee"],"picked":"CENSORED","floor":48},{"not_picked":["ThreeKonsSevenHakus+1","CherryBlossomFlashing"],"picked":"SlashOfMeditation+1","floor":48},{"not_picked":["WhiteNight","BlackSwan"],"picked":"MeltingLove","floor":51},{"not_picked":["SlashOfMeditation","SwordExtraction"],"picked":"HiganSword+1","floor":51},{"not_picked":["Mercenary","SnowQueen"],"picked":"Alriune","floor":52},{"not_picked":["DispleasureOfTheSevenHakus+1","CrescentMoonSlash"],"picked":"HumanKnowledgeSword+1","floor":52},{"not_picked":["TransmigrationSlash","DispleasureOfTheSevenHakus"],"picked":"SwordExtraction","floor":53},{"not_picked":["SlashClearingTheSixSenses","ThoughtCuttingSword+1"],"picked":"SanzenSekai+1","floor":53},{"not_picked":["Mercenary","BigBird"],"picked":"WhiteNight","floor":56},{"not_picked":["TwoHundredYojanaInOneSlash","ThreeKonsSevenHakus+1"],"picked":"SpiritMediumsBind+1","floor":56}],"player_experience":73686,"relics_obtained":[{"floor":1.0,"key":"Anchor"},{"floor":1.0,"key":"LetterFromLob"},{"floor":7.0,"key":"Mastiff:ReiMu"},{"floor":9.0,"key":"AntiCross"},{"floor":10.0,"key":"Incense Burner"},{"floor":12.0,"key":"PreservedInsect"},{"floor":14.0,"key":"Whetstone"},{"floor":23,"key":"Mirror"},{"floor":25,"key":"CeramicFish"},{"floor":28,"key":"Strawberry"},{"floor":35,"key":"AtMidnight"},{"floor":40,"key":"Pet Ghost"},{"floor":42,"key":"Hakurouken"},{"floor":43,"key":"Akabeko"},{"floor":45,"key":"TungstenRod"},{"floor":51,"key":"paleoftheancients:SoulOfTheWokeBloke"},{"floor":52,"key":"paleoftheancients:SoulOfTheShowman"},{"floor":53,"key":"Pear"},{"floor":56,"key":"Art of War"},{"floor":56,"key":"paleoftheancients:SoulOfTheShrineMaiden"},{"floor":58,"key":"REME_HourglassOfDeath"}],"event_choices":[],"is_beta":false,"boss_relics":[{"not_picked":["Coffee Dripper","Honey Jar"],"picked":"REME_DuelDisc"},{"not_picked":["Philosopher\u0027s Stone","Painkiller Herb"],"picked":"Tiny House"}],"items_purged_floors":[47,54],"is_endless":false,"potions_floor_spawned":[5,6,12,13,18,23,25,29,31,35,37,42,48,51,56],"ascension_level":0}}