{"host":"zk6vb2npgw3pu6j2","time":1611997787,"event":{"mods":["Act Like it!","Aspiration","Bard","BaseMod","Beaked The Cultist","Bestiary","Better Note","Better Sensory Stone","CapriCore","Conspire","Downfall","Friendly Minions","Gensokyo","GifTheSpireLib","Hallownest","Hermit","Hubris","Koishi","Marisa????????","Marked Mod","Minty Spire (QoL Compilation)","Quarter Circle Forward PUNCH!","Reimu??????","Reliquary","Replay The Spire","Retaliation","StSLib","The Administrix","The Alterego","The Blue Laboratory","The Bug Knight","The Construct","The Exalted","The Hierophant","The Immortal","The Marked","The Runesmith","The Senshi","The Servant 0.9.4","The Wild Card","TheVacant","Wandering Minibosses","yUi"],"gold_per_floor":[113,128,128,146,165,198,198,5,29,29,59,59,75,88,88,183,183,196,44,63,63,63],"floor_reached":21,"language":"ENG","playtime":1405,"items_purged":["theMarked:Strike"],"score":191,"play_id":"a83df825-8b0f-47aa-8cd7-a47f67908b7c","local_time":"20210130040947","is_ascension_mode":false,"campfire_choices":[{"data":"theMarked:SoldierOfQuellstein","floor":7,"key":"SMITH"},{"floor":15,"key":"REST"}],"circlet_count":0,"master_deck":["theMarked:Strike","theMarked:Strike","theMarked:Strike","theMarked:Strike","theMarked:Defend","theMarked:Defend","theMarked:Defend","theMarked:Defend","theMarked:SoldierOfQuellstein+1","theMarked:FavorableWinds+1","theMarked:ElectricStrings","theMarked:EmpowerWeapon+1","Madness+1","theMarked:ChainLightning","theMarked:PowerFlow","theMarked:GodGivenPower","theMarked:EternalStudent","theMarked:Static","theMarked:EmpowerWeapon","theMarked:UnarmedFury+1","theMarked:Challenge","theMarked:Reabsorb"],"relics":["theMarked:ArtifactOfAir","Sundial","Guide Book","qcfpunch:Wrestler\u0027s_Cloak","Bromod:ArcaneTempo","hubris:PeanutButter","conspire:SpecialSausage"],"acts_visited":["Gensokyo:Gensokyo","Gensokyo:Gensokyoer"],"potions_floor_usage":[11,11,21,21],"damage_taken":[{"damage":10,"enemies":"Gensokyo:Gryphon","floor":1,"turns":3},{"damage":0,"enemies":"Gensokyo:3_Fairies","floor":2,"turns":4},{"damage":4,"enemies":"Gensokyo:2_Kodama","floor":4,"turns":4},{"damage":0,"enemies":"Gensokyo:LivingMonolith","floor":5,"turns":3},{"damage":7,"enemies":"Gensokyo:Cirno","floor":6,"turns":5},{"damage":12,"enemies":"Gensokyo:Aya","floor":11,"turns":6},{"damage":0,"enemies":"Gensokyo:2_Rabbits","floor":13,"turns":4},{"damage":7,"enemies":"Gensokyo:3_Kodama","floor":14,"turns":5},{"damage":15,"enemies":"Gensokyo:Reimu","floor":16,"turns":14},{"damage":0,"enemies":"Gensokyo:2_Gloops","floor":18,"turns":4},{"damage":50,"enemies":"Gensokyo:Chomper","floor":20,"turns":7},{"damage":22,"enemies":"Gensokyo:Mirror_and_Dog","floor":21,"turns":3}],"seed_played":"-7112480693863307820","potions_obtained":[{"floor":4,"key":"blueLaboratory:BottleOfVodka"},{"floor":5,"key":"FearPotion"},{"floor":13,"key":"GamblersBrew"},{"floor":14,"key":"Strength Potion"},{"floor":20,"key":"Slimebound:ThreeZeroPotion"}],"is_trial":false,"path_per_floor":["M","M","?","M","M","E","R","COS","T","?","E","T","M","M","R","B",null,"M","$","M","M"],"character_chosen":"THE_DEFAULT","items_purchased":["theMarked:Reabsorb"],"campfire_rested":1,"item_purchase_floors":[19],"current_hp_per_floor":[60,60,60,56,56,49,49,49,49,49,37,37,37,30,51,36,70,70,70,20,0,0],"gold":63,"neow_bonus":"ONE_RANDOM_RARE_CARD","is_daily":false,"chose_seed":false,"campfire_upgraded":1,"win_rate":0.0,"timestamp":1611997787,"path_taken":["M","M","?","M","M","E","R","COS","T","?","E","?","M","M","R","BOSS","M","?","M","M"],"items_purchased_type":["Card"],"build_version":"2020-12-22","purchased_purges":1,"victory":false,"max_hp_per_floor":[70,70,70,70,70,70,70,70,70,70,70,70,70,70,70,70,70,70,70,70,70,70],"card_choices":[{"not_picked":["theMarked:ShockingTouch","theMarked:Improvise"],"picked":"theMarked:ElectricStrings","floor":1},{"not_picked":["theMarked:Improvise","theMarked:Standoff"],"picked":"theMarked:EmpowerWeapon","floor":2},{"not_picked":["Replay:Parry","Dark Shackles"],"picked":"Madness","floor":3},{"not_picked":["theMarked:ResourceFulStrike","theMarked:Aftermath"],"picked":"theMarked:ChainLightning","floor":4},{"not_picked":["theMarked:Improvise","theMarked:Determination"],"picked":"theMarked:PowerFlow","floor":5},{"not_picked":["theMarked:ContemptForTheProud","theMarked:HeightenedSenses"],"picked":"theMarked:GodGivenPower","floor":6},{"not_picked":["theMarked:BanishingWave","theMarked:TakeCover"],"picked":"theMarked:EternalStudent","floor":11},{"not_picked":["theMarked:EmpowerWeapon","theMarked:ChainLightning"],"picked":"theMarked:Static","floor":13},{"not_picked":["theMarked:WastefulAttack","theMarked:TakeCover"],"picked":"theMarked:EmpowerWeapon","floor":14},{"not_picked":["theMarked:Abjuration+1","theMarked:TakeOffHeels+1"],"picked":"theMarked:UnarmedFury+1","floor":16},{"not_picked":["theMarked:BindingBlade","theMarked:UnarmedFury"],"picked":"theMarked:Challenge","floor":16},{"not_picked":["theMarked:BanishingWave","theMarked:BanishingStrike","theMarked:WardOff"],"picked":"SKIP","floor":18},{"not_picked":["theMarked:Frustration","theMarked:Parkour","theMarked:Panic"],"picked":"SKIP","floor":20}],"player_experience":287314,"relics_obtained":[{"floor":6,"key":"Sundial"},{"floor":9,"key":"qcfpunch:Wrestler\u0027s_Cloak"},{"floor":11,"key":"Bromod:ArcaneTempo"},{"floor":12,"key":"hubris:PeanutButter"}],"event_choices":[{"damage_healed":0,"gold_gain":1,"player_choice":"1","damage_taken":0,"max_hp_gain":0,"max_hp_loss":0,"event_name":"betterStone:BetterStone","floor":3,"gold_loss":0}],"is_beta":false,"boss_relics":[{"not_picked":["Velvet Choker","Snecko Eye"],"picked":"conspire:SpecialSausage"}],"items_purged_floors":[19],"is_endless":false,"potions_floor_spawned":[4,5,13,14,20],"killed_by":"Gensokyo:Mirror_and_Dog","ascension_level":0}}