{"host":"5p9hybygolzp0efr","time":1611989141,"event":{"mods":["AchievementEnabler","BaseMod","Bestiary","Colored Map","Minty Spire (QoL Compilation)","Permanent Neow","Relic Stats","StSLib"],"gold_per_floor":[167,182,206,226,241,241,257,283,309,320,345,365,365,380,380,485,485,498,531,531,546,562,562,588,603,603,622,647,345,357,357,357,455,455,466,466,481,38,55,55,66,288,315,343,343,371,371,387,387,387],"floor_reached":51,"language":"ENG","playtime":1556,"items_purged":[],"score":1248,"play_id":"e7ae9158-ae07-49cb-bad1-52155b967628","local_time":"20210130144541","is_ascension_mode":true,"campfire_choices":[{"data":"Eruption","floor":6.0,"key":"SMITH"},{"data":"ReachHeaven","floor":13.0,"key":"SMITH"},{"data":"Vigilance","floor":15.0,"key":"SMITH"},{"data":"Halt","floor":23.0,"key":"SMITH"},{"data":"Halt","floor":32.0,"key":"SMITH"},{"floor":40.0,"key":"RECALL"}],"circlet_count":0,"master_deck":["Halt+1","Halt+1","ReachHeaven+1","Eruption+1","Vigilance+1"],"relics":["VioletLotus","Damaru","Ornamental Fan","Lantern","Eternal Feather","Black Star","Red Mask","MutagenicStrength","Yang","White Beast Statue","Gremlin Horn","Art of War","Strawberry","ClockworkSouvenir","MealTicket","Coffee Dripper","OrangePellets","CaptainsWheel","Whetstone","Mercury Hourglass","Oddly Smooth Stone","Blood Vial","Darkstone Periapt"],"acts_visited":["Exordium","TheCity","TheBeyond"],"potions_floor_usage":[48,50,50],"damage_taken":[{"damage":0.0,"enemies":"Cultist","floor":1.0,"turns":3.0},{"damage":1.0,"enemies":"Jaw Worm","floor":2.0,"turns":3.0},{"damage":0.0,"enemies":"Small Slimes","floor":4.0,"turns":3.0},{"damage":0.0,"enemies":"Looter","floor":5.0,"turns":3.0},{"damage":8.0,"enemies":"Exordium Thugs","floor":7.0,"turns":5.0},{"damage":0.0,"enemies":"Gremlin Nob","floor":8.0,"turns":2.0},{"damage":0.0,"enemies":"Gremlin Gang","floor":10.0,"turns":3.0},{"damage":0.0,"enemies":"3 Sentries","floor":11.0,"turns":4.0},{"damage":0.0,"enemies":"Blue Slaver","floor":12.0,"turns":2.0},{"damage":0.0,"enemies":"3 Louse","floor":14.0,"turns":3.0},{"damage":4.0,"enemies":"Slime Boss","floor":16.0,"turns":6.0},{"damage":0.0,"enemies":"Chosen","floor":18.0,"turns":2.0},{"damage":0.0,"enemies":"Masked Bandits","floor":19.0,"turns":2.0},{"damage":0.0,"enemies":"Spheric Guardian","floor":21.0,"turns":2.0},{"damage":12.0,"enemies":"Snake Plant","floor":22.0,"turns":2.0},{"damage":0.0,"enemies":"Book of Stabbing","floor":24.0,"turns":4.0},{"damage":0.0,"enemies":"Chosen and Byrds","floor":25.0,"turns":3.0},{"damage":0.0,"enemies":"Shelled Parasite and Fungi","floor":27.0,"turns":2.0},{"damage":0.0,"enemies":"Slavers","floor":28.0,"turns":3.0},{"damage":0.0,"enemies":"Cultist and Chosen","floor":30.0,"turns":3.0},{"damage":13.0,"enemies":"Collector","floor":33.0,"turns":7.0},{"damage":0.0,"enemies":"3 Darklings","floor":35.0,"turns":3.0},{"damage":0.0,"enemies":"Orb Walker","floor":37.0,"turns":2.0},{"damage":0.0,"enemies":"Spire Growth","floor":39.0,"turns":3.0},{"damage":0.0,"enemies":"Sphere and 2 Shapes","floor":41.0,"turns":3.0},{"damage":10.0,"enemies":"Reptomancer","floor":44.0,"turns":5.0},{"damage":47,"enemies":"Nemesis","floor":46,"turns":9},{"damage":0,"enemies":"Writhing Mass","floor":48,"turns":2},{"damage":24,"enemies":"Donu and Deca","floor":50,"turns":8}],"seed_played":"-8580972634980838350","potions_obtained":[{"floor":0.0,"key":"DistilledChaos"},{"floor":2.0,"key":"Weak Potion"},{"floor":8.0,"key":"Fire Potion"},{"floor":10.0,"key":"Energy Potion"},{"floor":25.0,"key":"LiquidBronze"},{"floor":39.0,"key":"Fruit Juice"},{"floor":41.0,"key":"LiquidBronze"},{"floor":46,"key":"DistilledChaos"},{"floor":48,"key":"Block Potion"}],"is_trial":false,"path_per_floor":["M","M","T","M","M","R","M","E","T","M","E","M","R","M","R","B",null,"M","?","?","M","M","R","E","M","T","M","E","$","M","?","R","B",null,"M","?","M","$","M","R","M","?","T","E","?","E","R","M","R","B",null],"character_chosen":"WATCHER","items_purchased":["ClockworkSouvenir","MealTicket","OrangePellets","CaptainsWheel"],"campfire_rested":0,"item_purchase_floors":[29,29,38,38],"current_hp_per_floor":[70,69,69,69,69,69,61,61,61,61,61,61,64,64,67,63,74,74,74,74,74,62,65,65,65,65,65,72,72,72,72,75,62,79,79,79,79,84,84,84,89,89,89,79,71,24,27,49,52,30],"gold":387,"neow_bonus":"BOSS_RELIC","is_daily":false,"chose_seed":false,"campfire_upgraded":5,"win_rate":0.0,"timestamp":1611989141,"path_taken":["M","M","?","M","M","R","M","E","T","M","E","M","R","M","R","BOSS","M","?","?","M","M","R","E","M","T","M","E","$","M","?","R","BOSS","M","?","M","$","?","R","M","?","T","E","?","E","R","M","R","BOSS"],"items_purchased_type":["Relic","Relic","Relic","Relic"],"build_version":"2020-12-22","purchased_purges":0,"victory":true,"max_hp_per_floor":[77,77,77,77,77,77,77,77,77,77,77,77,77,77,77,77,77,77,77,77,77,77,77,77,77,77,77,84,84,84,84,84,84,84,84,84,84,84,84,84,89,89,89,89,89,89,89,89,89,89],"relic_stats":{"Darkstone Periapt":0,"Gremlin Horn":[16,16],"counters":[29,102],"Eternal Feather":18,"Yang":[113],"Whetstone":[],"Mercury Hourglass":[47],"Blood Vial":4,"OrangePellets":[0],"Ornamental Fan":[68],"MealTicket":5,"VioletLotus":[24],"Black Star":4,"Art of War":[0],"obtain_stats":[{"Darkstone Periapt":46,"Lantern":9,"Tiny House":0,"Gremlin Horn":26,"Yang":24,"Whetstone":43,"ClockworkSouvenir":29,"Blood Vial":46,"Strawberry":28,"MealTicket":29,"VioletLotus":0,"Red Mask":19,"Damaru":3,"Oddly Smooth Stone":44,"Eternal Feather":11,"White Beast Statue":24,"Mercury Hourglass":44,"OrangePellets":38,"CaptainsWheel":38,"Ornamental Fan":8,"MutagenicStrength":20,"Black Star":17,"Art of War":28,"Coffee Dripper":34,"PureWater":0},{"Darkstone Periapt":27,"Lantern":6,"Tiny House":0,"Gremlin Horn":17,"Yang":16,"Whetstone":25,"ClockworkSouvenir":19,"Blood Vial":27,"Strawberry":19,"MealTicket":19,"VioletLotus":0,"Red Mask":13,"Damaru":2,"Oddly Smooth Stone":26,"Eternal Feather":8,"White Beast Statue":16,"Mercury Hourglass":26,"OrangePellets":23,"CaptainsWheel":23,"Ornamental Fan":6,"MutagenicStrength":13,"Black Star":11,"Art of War":19,"Coffee Dripper":21,"PureWater":0},{"Darkstone Periapt":92,"Lantern":19,"Tiny House":0,"Gremlin Horn":52,"Yang":49,"Whetstone":78,"ClockworkSouvenir":57,"Blood Vial":92,"Strawberry":57,"MealTicket":57,"VioletLotus":0,"Red Mask":41,"Damaru":6,"Oddly Smooth Stone":83,"Eternal Feather":26,"White Beast Statue":49,"Mercury Hourglass":83,"OrangePellets":72,"CaptainsWheel":72,"Ornamental Fan":19,"MutagenicStrength":41,"Black Star":37,"Art of War":57,"Coffee Dripper":67,"PureWater":0}]},"card_choices":[{"not_picked":["Perseverance","CrushJoints","FollowUp"],"picked":"SKIP","floor":1.0},{"not_picked":["CrushJoints","Fasting2","PathToVictory"],"picked":"SKIP","floor":2.0},{"not_picked":["JustLucky","SandsOfTime","Meditate"],"picked":"SKIP","floor":4.0},{"not_picked":["Judgement","ForeignInfluence","BowlingBash"],"picked":"SKIP","floor":5.0},{"not_picked":["EmptyFist","FlyingSleeves","Tantrum"],"picked":"SKIP","floor":7.0},{"not_picked":["DeusExMachina","EmptyMind","FollowUp"],"picked":"SKIP","floor":8.0},{"not_picked":["Fasting2","Swivel","BowlingBash"],"picked":"SKIP","floor":10.0},{"not_picked":["DeceiveReality","Consecrate","FlyingSleeves"],"picked":"SKIP","floor":11.0},{"not_picked":["CrushJoints","WaveOfTheHand","JustLucky"],"picked":"SKIP","floor":12.0},{"not_picked":["Consecrate","DeusExMachina","Adaptation"],"picked":"SKIP","floor":14.0},{"not_picked":["Protect","EmptyBody+1","CrushJoints"],"picked":"SKIP","floor":18.0},{"not_picked":["Halt+1","Weave","FollowUp"],"picked":"SKIP","floor":21.0},{"not_picked":["Halt","PathToVictory","Conclude"],"picked":"SKIP","floor":22.0},{"not_picked":["Consecrate+1","FollowUp+1","Swivel"],"picked":"SKIP","floor":24.0},{"not_picked":["FollowUp","Collect","CutThroughFate+1"],"picked":"SKIP","floor":25.0},{"not_picked":["Crescendo+1","Consecrate","Nirvana"],"picked":"SKIP","floor":27.0},{"not_picked":["DeceiveReality","DeusExMachina","Prostrate+1"],"picked":"SKIP","floor":28.0},{"not_picked":["InnerPeace","CrushJoints","BowlingBash"],"picked":"SKIP","floor":30.0},{"not_picked":["CrushJoints","ThirdEye","JustLucky+1"],"picked":"SKIP","floor":35.0},{"not_picked":["Wallop+1","WheelKick+1","WindmillStrike+1"],"picked":"SKIP","floor":37.0},{"not_picked":["Evaluate","Crescendo","ThirdEye+1"],"picked":"SKIP","floor":39.0},{"not_picked":["CutThroughFate","DeceiveReality","Evaluate+1"],"picked":"SKIP","floor":41.0},{"not_picked":["FollowUp+1","Pray","Blasphemy"],"picked":"SKIP","floor":44.0},{"not_picked":["ReachHeaven","Halt","Perseverance+1"],"picked":"SKIP","floor":46},{"not_picked":["Evaluate+1","Consecrate","Sanctity+1"],"picked":"SKIP","floor":48}],"player_experience":570419,"relics_obtained":[{"floor":3.0,"key":"Damaru"},{"floor":8.0,"key":"Ornamental Fan"},{"floor":9.0,"key":"Lantern"},{"floor":11.0,"key":"Eternal Feather"},{"floor":19.0,"key":"Red Mask"},{"floor":24.0,"key":"Yang"},{"floor":24.0,"key":"White Beast Statue"},{"floor":26.0,"key":"Gremlin Horn"},{"floor":28.0,"key":"Art of War"},{"floor":28.0,"key":"Strawberry"},{"floor":43.0,"key":"Whetstone"},{"floor":44.0,"key":"Mercury Hourglass"},{"floor":44.0,"key":"Oddly Smooth Stone"},{"floor":46,"key":"Blood Vial"},{"floor":46,"key":"Darkstone Periapt"}],"event_choices":[{"damage_healed":0.0,"max_hp_gain":0.0,"max_hp_loss":0.0,"gold_gain":0.0,"event_name":"Masked Bandits","player_choice":"Fought Bandits","floor":19.0,"gold_loss":0.0,"damage_taken":0.0},{"damage_healed":0.0,"max_hp_gain":0.0,"max_hp_loss":0.0,"gold_gain":0.0,"event_name":"Drug Dealer","player_choice":"Inject Mutagens","floor":20.0,"gold_loss":0.0,"damage_taken":0.0,"relics_obtained":["MutagenicStrength"]},{"damage_healed":0.0,"max_hp_gain":0.0,"max_hp_loss":0.0,"gold_gain":0.0,"event_name":"Vampires","player_choice":"Ignored","floor":31.0,"gold_loss":0.0,"damage_taken":0.0},{"damage_healed":0.0,"max_hp_gain":0.0,"max_hp_loss":0.0,"gold_gain":0.0,"event_name":"Transmorgrifier","player_choice":"Ignored","floor":36.0,"gold_loss":0.0,"damage_taken":0.0},{"damage_healed":0.0,"max_hp_gain":0.0,"max_hp_loss":0.0,"gold_gain":222.0,"event_name":"Tomb of Lord Red Mask","player_choice":"Wore Mask","floor":42.0,"gold_loss":0.0,"damage_taken":0.0},{"damage_healed":0.0,"max_hp_gain":0.0,"max_hp_loss":0.0,"gold_gain":0.0,"event_name":"Wheel of Change","player_choice":"Damaged","floor":45.0,"gold_loss":0.0,"damage_taken":8.0}],"is_beta":false,"boss_relics":[{"not_picked":["Astrolabe","VioletLotus"],"picked":"Black Star"},{"not_picked":["Empty Cage","Runic Pyramid"],"picked":"Coffee Dripper"}],"items_purged_floors":[],"is_endless":false,"potions_floor_spawned":[2,8,10,12,14,21,22,24,25,27,28,30,33,35,37,39,41,44,46,48],"ascension_level":7}}