{"host":"guzbs4v8630hpsy6","time":1611991914,"event":{"mods":["2.2 Compatiblity","AchievementEnabler","BaseMod","Block Reminder","DeckTracker","Highlight Path","Minty Spire (QoL Compilation)","Relic Stats","SuperFastMode"],"gold_per_floor":[112,112,112,128,142,167,167,167,214,61,61,73,73,104,104,202,202,221,231,77,87,87,87,122,122,122,155,174,194,12,12,12,111,111,122,137,117,132,132,165,183,283,283,283,317,317,333,368,368,368,368],"floor_reached":50,"language":"ENG","playtime":3810,"items_purged":["Strike_B","Zap"],"score":998,"play_id":"361923d8-d726-4b17-863a-9b524b11667b","local_time":"20210130153154","is_ascension_mode":true,"campfire_choices":[{"data":"Defragment","floor":7.0,"key":"SMITH"},{"data":"Zap","floor":11.0,"key":"SMITH"},{"data":"Ball Lightning","floor":13.0,"key":"SMITH"},{"data":"Capacitor","floor":15.0,"key":"SMITH"},{"floor":23.0,"key":"REST"},{"data":"Go for the Eyes","floor":25.0,"key":"SMITH"},{"floor":32.0,"key":"REST"},{"data":"Biased Cognition","floor":44.0,"key":"SMITH"},{"floor":46.0,"key":"REST"},{"floor":49.0,"key":"RECALL"}],"circlet_count":0,"master_deck":["AscendersBane","Strike_B","Defend_B","Defend_B","Defend_B","Defend_B","Dualcast","Auto Shields","Cold Snap","Hologram","Go for the Eyes+1","Defragment+1","Zap+1","Rainbow","Ball Lightning+1","Capacitor+1","Biased Cognition","Barrage","Glacier","Core Surge","Genetic Algorithm+1","Defragment+1","FTL","Force Field","Loop","Self Repair","Chill","Turbo","Biased Cognition+1","Compile Driver","Consume+1","Writhe","All For One","Coolheaded+1"],"relics":["Cracked Core","Pen Nib","Boot","Regal Pillow","Bag of Marbles","Inserter","Enchiridion","Prayer Wheel","InkBottle","Dream Catcher","Cursed Key","Singing Bowl","Bottled Tornado","Du-Vu Doll"],"acts_visited":["Exordium","TheCity","TheBeyond"],"potions_floor_usage":[50],"damage_taken":[{"damage":5.0,"enemies":"Small Slimes","floor":1.0,"turns":5.0},{"damage":0.0,"enemies":"2 Louse","floor":4.0,"turns":2.0},{"damage":0.0,"enemies":"Cultist","floor":5.0,"turns":4.0},{"damage":32.0,"enemies":"Gremlin Nob","floor":6.0,"turns":6.0},{"damage":0.0,"enemies":"Large Slime","floor":12.0,"turns":4.0},{"damage":7.0,"enemies":"3 Sentries","floor":14.0,"turns":6.0},{"damage":1.0,"enemies":"Hexaghost","floor":16.0,"turns":7.0},{"damage":1.0,"enemies":"Spheric Guardian","floor":18.0,"turns":4.0},{"damage":8.0,"enemies":"Chosen","floor":19.0,"turns":3.0},{"damage":28.0,"enemies":"Snake Plant","floor":21.0,"turns":5.0},{"damage":2.0,"enemies":"Book of Stabbing","floor":24.0,"turns":6.0},{"damage":25.0,"enemies":"Slavers","floor":27.0,"turns":2.0},{"damage":9.0,"enemies":"Chosen and Byrds","floor":28.0,"turns":5.0},{"damage":5.0,"enemies":"Shelled Parasite and Fungi","floor":29.0,"turns":4.0},{"damage":42.0,"enemies":"Collector","floor":33.0,"turns":8.0},{"damage":6.0,"enemies":"3 Darklings","floor":35.0,"turns":8.0},{"damage":0.0,"enemies":"Orb Walker","floor":36.0,"turns":3.0},{"damage":6.0,"enemies":"Transient","floor":38.0,"turns":5.0},{"damage":0.0,"enemies":"Giant Head","floor":40.0,"turns":9.0},{"damage":3.0,"enemies":"4 Shapes","floor":41.0,"turns":7.0},{"damage":50.0,"enemies":"Nemesis","floor":45.0,"turns":7.0},{"damage":42.0,"enemies":"3 Darklings","floor":47.0,"turns":3.0},{"damage":30.0,"enemies":"Giant Head","floor":48.0,"turns":8.0},{"damage":26,"enemies":"Time Eater","floor":50,"turns":1}],"seed_played":"-1134117836004139858","potions_obtained":[{"floor":4.0,"key":"Swift Potion"},{"floor":5.0,"key":"Swift Potion"},{"floor":16.0,"key":"EssenceOfDarkness"},{"floor":24.0,"key":"Dexterity Potion"},{"floor":28.0,"key":"LiquidMemories"},{"floor":29.0,"key":"GamblersBrew"},{"floor":36.0,"key":"Swift Potion"},{"floor":37.0,"key":"Fire Potion"},{"floor":38.0,"key":"DuplicationPotion"},{"floor":48.0,"key":"LiquidBronze"}],"is_trial":false,"path_per_floor":["M","?","?","M","M","E","R","?","T","$","R","M","R","E","R","B",null,"M","M","$","M","?","R","E","R","T","E","M","M","$","?","R","B",null,"M","M","?","M","?","E","M","?","T","R","E","R","M","E","R","B"],"character_chosen":"DEFECT","items_purchased":["Regal Pillow","Core Surge","Loop"],"campfire_rested":3,"item_purchase_floors":[10,20,30],"current_hp_per_floor":[63,63,68,68,68,36,36,36,36,36,36,36,36,29,29,28,67,66,58,58,30,14,53,51,51,51,26,17,12,12,12,51,16,64,65,65,65,66,66,73,81,81,81,81,38,80,42,19,19,0,0],"gold":368,"neow_bonus":"TRANSFORM_CARD","is_daily":false,"chose_seed":false,"campfire_upgraded":6,"win_rate":0.0,"timestamp":1611991914,"path_taken":["M","?","?","M","M","E","R","?","T","$","R","M","R","E","R","BOSS","M","M","?","M","?","R","E","R","T","E","M","M","$","?","R","BOSS","M","M","?","?","?","E","M","?","T","R","E","R","?","E","R","BOSS"],"items_purchased_type":["Relic","Card","Card"],"build_version":"2020-12-22","purchased_purges":2,"victory":false,"max_hp_per_floor":[75,75,80,80,80,80,80,80,80,80,80,80,80,80,80,80,80,80,80,80,80,80,80,80,80,80,80,80,80,80,80,80,80,80,80,80,80,80,80,80,84,84,84,84,84,86,90,90,90,90,90],"relic_stats":{"Regal Pillow":45,"Dream Catcher":2,"Inserter":[43],"Singing Bowl":10,"counters":[24,122],"Prayer Wheel":7,"Pen Nib":[13],"Boot":[90],"Cursed Key":1,"obtain_stats":[{"Regal Pillow":10,"Inserter":17,"Singing Bowl":40,"Enchiridion":22,"Pen Nib":6,"Bottled Tornado":45,"Boot":9,"Cursed Key":34,"Du-Vu Doll":48,"Dream Catcher":27,"Prayer Wheel":24,"Bag of Marbles":14,"Cracked Core":0,"InkBottle":26},{"Regal Pillow":4,"Inserter":7,"Singing Bowl":19,"Enchiridion":10,"Pen Nib":4,"Bottled Tornado":21,"Boot":4,"Cursed Key":15,"Du-Vu Doll":23,"Dream Catcher":12,"Prayer Wheel":11,"Bag of Marbles":6,"Cracked Core":0,"InkBottle":11},{"Regal Pillow":17,"Inserter":34,"Singing Bowl":96,"Enchiridion":46,"Pen Nib":17,"Bottled Tornado":110,"Boot":17,"Cursed Key":71,"Du-Vu Doll":121,"Dream Catcher":54,"Prayer Wheel":52,"Bag of Marbles":27,"Cracked Core":0,"InkBottle":52}],"InkBottle":[27]},"card_choices":[{"not_picked":["Lockon","Sweeping Beam"],"picked":"Cold Snap","floor":1.0},{"not_picked":["Turbo","Conserve Battery","Heatsinks"],"picked":"SKIP","floor":4.0},{"not_picked":["Skim","Beam Cell"],"picked":"Go for the Eyes","floor":5.0},{"not_picked":["Gash","Consume"],"picked":"Defragment","floor":6.0},{"not_picked":["Go for the Eyes","Heatsinks"],"picked":"Ball Lightning","floor":12.0},{"not_picked":["Melter","Ball Lightning"],"picked":"Capacitor","floor":14.0},{"not_picked":["Buffer","Creative AI"],"picked":"Biased Cognition","floor":16.0},{"not_picked":["Stack","Leap+1"],"picked":"Barrage","floor":18.0},{"not_picked":["Streamline","Steam"],"picked":"Glacier","floor":19.0},{"not_picked":["Loop+1","Seek"],"picked":"Genetic Algorithm+1","floor":21.0},{"not_picked":["Scrape","Redo","Tempest"],"picked":"SKIP","floor":24.0},{"not_picked":["Leap","Melter","Creative AI"],"picked":"SKIP","floor":27.0},{"not_picked":["Doom and Gloom","Cold Snap"],"picked":"Defragment","floor":28.0},{"not_picked":["Barrage+1","Blizzard+1"],"picked":"FTL","floor":28.0},{"not_picked":["Static Discharge","Heatsinks"],"picked":"Force Field","floor":29.0},{"not_picked":["Scrape","Darkness","Hello World"],"picked":"SKIP","floor":29.0},{"not_picked":["Darkness+1","Loop"],"picked":"Self Repair","floor":32.0},{"not_picked":["Streamline","Hologram"],"picked":"Chill","floor":35.0},{"not_picked":["Static Discharge","Stack+1"],"picked":"Turbo","floor":35.0},{"not_picked":["Hologram","Steam","Barrage"],"picked":"SKIP","floor":36.0},{"not_picked":["Ball Lightning","Sunder","Leap+1"],"picked":"SKIP","floor":36.0},{"not_picked":["Chill+1","Compile Driver+1"],"picked":"Biased Cognition","floor":38.0},{"not_picked":["Leap+1","Rebound+1"],"picked":"Compile Driver","floor":38.0},{"not_picked":["Stack+1","Self Repair"],"picked":"Consume+1","floor":40.0},{"not_picked":["Steam Power","Compile Driver","Fusion"],"picked":"Singing Bowl","floor":41.0},{"not_picked":["Go for the Eyes+1","Auto Shields","Beam Cell+1"],"picked":"Singing Bowl","floor":41.0},{"not_picked":["Blizzard","Genetic Algorithm+1"],"picked":"All For One","floor":45.0},{"not_picked":["Leap+1","Turbo","Force Field+1"],"picked":"Singing Bowl","floor":46.0},{"not_picked":["Beam Cell","Ball Lightning+1","Sweeping Beam"],"picked":"Singing Bowl","floor":47.0},{"not_picked":["Aggregate","Reboot","Conserve Battery"],"picked":"Singing Bowl","floor":47.0},{"not_picked":["Defragment+1","Aggregate"],"picked":"Coolheaded+1","floor":48.0}],"player_experience":546448,"relics_obtained":[{"floor":6.0,"key":"Pen Nib"},{"floor":9.0,"key":"Boot"},{"floor":14.0,"key":"Bag of Marbles"},{"floor":22.0,"key":"Enchiridion"},{"floor":24.0,"key":"Prayer Wheel"},{"floor":26.0,"key":"InkBottle"},{"floor":27.0,"key":"Dream Catcher"},{"floor":40.0,"key":"Singing Bowl"},{"floor":45.0,"key":"Bottled Tornado"},{"floor":48.0,"key":"Du-Vu Doll"}],"event_choices":[{"damage_healed":0.0,"max_hp_gain":0.0,"max_hp_loss":0.0,"gold_gain":0.0,"cards_transformed":["Strike_B"],"event_name":"Living Wall","player_choice":"Change","floor":2.0,"gold_loss":0.0,"damage_taken":0.0,"cards_obtained":["Hologram"]},{"damage_healed":0.0,"max_hp_gain":5.0,"max_hp_loss":0.0,"gold_gain":0.0,"event_name":"Big Fish","player_choice":"Donut","floor":3.0,"gold_loss":0.0,"damage_taken":0.0},{"damage_healed":0.0,"max_hp_gain":0.0,"max_hp_loss":0.0,"gold_gain":0.0,"event_name":"Match and Keep!","player_choice":"2 cards matched","floor":8.0,"gold_loss":0.0,"damage_taken":0.0,"cards_obtained":["Zap","Rainbow"]},{"damage_healed":0.0,"max_hp_gain":0.0,"max_hp_loss":0.0,"gold_gain":0.0,"event_name":"Cursed Tome","player_choice":"Obtained Book","floor":22.0,"gold_loss":0.0,"damage_taken":16.0},{"damage_healed":0.0,"max_hp_gain":0.0,"max_hp_loss":0.0,"gold_gain":0.0,"event_name":"Upgrade Shrine","player_choice":"Upgraded","floor":31.0,"gold_loss":0.0,"damage_taken":0.0,"cards_upgraded":["Defragment"]},{"damage_healed":0.0,"max_hp_gain":0.0,"max_hp_loss":0.0,"gold_gain":0.0,"event_name":"The Woman in Blue","player_choice":"Bought 1 Potion","floor":37.0,"gold_loss":0.0,"damage_taken":0.0},{"damage_healed":0.0,"max_hp_gain":0.0,"max_hp_loss":0.0,"gold_gain":0.0,"event_name":"Tomb of Lord Red Mask","player_choice":"Ignored","floor":39.0,"gold_loss":0.0,"damage_taken":0.0},{"damage_healed":0.0,"max_hp_gain":0.0,"max_hp_loss":0.0,"gold_gain":100.0,"event_name":"Golden Shrine","player_choice":"Pray","floor":42.0,"gold_loss":0.0,"damage_taken":0.0}],"is_beta":false,"boss_relics":[{"not_picked":["Tiny House","Pandora\u0027s Box"],"picked":"Inserter"},{"not_picked":["SacredBark","Runic Dome"],"picked":"Cursed Key"}],"items_purged_floors":[20,30],"is_endless":false,"potions_floor_spawned":[4,5,16,18,24,28,29,36,38,40,48],"killed_by":"Time Eater","ascension_level":11}}