{"host":"mo324zvkdr1xwprd","time":1611968031,"event":{"mods":["BaseMod","Better Note","BetterRewards","Hermit","Highlight Path","Hubris","Minty Spire (QoL Compilation)","Quick Restart","Rare Cards Sparkle","Shop Mod","StSLib","The Cursed","The Hierophant"],"gold_per_floor":[112,112,128,143,143,143,176,191,191,191,229,250,250,269,269,394,394,415,433,189,189,189,189,189,189],"floor_reached":24,"language":"ENG","playtime":2304,"items_purged":[],"score":271,"play_id":"32749a44-e082-4ac2-ac0f-2e8b201a62cc","local_time":"20210130005351","is_ascension_mode":true,"campfire_choices":[{"floor":6.0,"key":"RECALL"},{"floor":10.0,"key":"REST"},{"floor":15.0,"key":"REST"}],"circlet_count":0,"master_deck":["TheCursedMod:Strike_TheCursed","TheCursedMod:Strike_TheCursed","TheCursedMod:Strike_TheCursed","TheCursedMod:Strike_TheCursed","TheCursedMod:Defend_TheCursed","TheCursedMod:Defend_TheCursed","TheCursedMod:Defend_TheCursed","TheCursedMod:Defend_TheCursed","TheCursedMod:CursedWand","TheCursedMod:CleanUpWorkshop","TheCursedMod:Dregs","TheCursedMod:SurpriseAttack","Injury","TheCursedMod:CircleOfCorruption","TheCursedMod:CursedSpellbook","TheCursedMod:SpitefulStrike","TheCursedMod:Grudge","TheCursedMod:SurpriseAttack","TheCursedMod:ReleasedStrength","TheCursedMod:RapidMovement","TheCursedMod:OutForBlood","TheCursedMod:SmokeScreen","TheCursedMod:CursedAmulet","TheCursedMod:SurpriseAttack","TheCursedMod:Hemoplague","Bandage Up","TheCursedMod:Stigma","Shame","Flame Barrier"],"relics":["TheCursedMod:BlackMagic101","Golden Idol","hubris:OldNail","Question Card","Eternal Feather","hubris:ToyBattleship","Busted Crown","Orichalcum"],"acts_visited":["Exordium","TheCity"],"potions_floor_usage":[24],"damage_taken":[{"damage":2.0,"enemies":"2 Louse","floor":1.0,"turns":3.0},{"damage":1.0,"enemies":"Small Slimes","floor":3.0,"turns":4.0},{"damage":8.0,"enemies":"Jaw Worm","floor":4.0,"turns":4.0},{"damage":44.0,"enemies":"Gremlin Nob","floor":7.0,"turns":5.0},{"damage":0.0,"enemies":"2 Fungi Beasts","floor":8.0,"turns":3.0},{"damage":33.0,"enemies":"Lagavulin","floor":11.0,"turns":7.0},{"damage":0.0,"enemies":"Blue Slaver","floor":12.0,"turns":2.0},{"damage":0.0,"enemies":"3 Louse","floor":14.0,"turns":5.0},{"damage":40.0,"enemies":"Slime Boss","floor":16.0,"turns":10.0},{"damage":4.0,"enemies":"2 Thieves","floor":18.0,"turns":4.0},{"damage":9.0,"enemies":"3 Byrds","floor":19.0,"turns":4.0},{"damage":0.0,"enemies":"Gremlin Leader","floor":23.0,"turns":1.0},{"damage":44,"enemies":"Centurion and Healer","floor":24,"turns":12}],"seed_played":"4142537863722872879","potions_obtained":[{"floor":11.0,"key":"SmokeBomb"},{"floor":12.0,"key":"Weak Potion"},{"floor":14.0,"key":"Weak Potion"},{"floor":18.0,"key":"SpeedPotion"},{"floor":19.0,"key":"SteroidPotion"}],"is_trial":false,"path_per_floor":["M","?","M","M","?","R","E","M","T","R","E","M","?","M","R","B",null,"M","M","$","?","?","E","M"],"character_chosen":"THE_CURSED","items_purchased":["TheCursedMod:SurpriseAttack","TheCursedMod:Hemoplague","Bandage Up","TheCursedMod:Stigma"],"campfire_rested":2,"item_purchase_floors":[20,20,20,20],"current_hp_per_floor":[80,80,79,71,71,71,27,27,27,51,18,18,15,15,51,11,82,78,69,69,69,69,69,29,29],"gold":189,"neow_bonus":"TEN_PERCENT_HP_BONUS","is_daily":false,"chose_seed":false,"campfire_upgraded":0,"win_rate":0.0,"timestamp":1611968031,"path_taken":["M","?","M","M","?","R","E","M","T","R","E","M","?","M","R","BOSS","M","M","$","?","?","E","M"],"items_purchased_type":["Card","Card","Card","Card"],"build_version":"2020-12-22","purchased_purges":0,"victory":false,"max_hp_per_floor":[82,82,82,82,82,82,82,82,82,82,82,82,82,82,82,82,82,82,82,82,82,82,82,82,82],"card_choices":[{"not_picked":["TheCursedMod:SmokeScreen","TheCursedMod:Stretching"],"picked":"TheCursedMod:SurpriseAttack","floor":1.0},{"not_picked":["TheCursedMod:FuryStrike","TheCursedMod:CursedMace"],"picked":"TheCursedMod:CircleOfCorruption","floor":3.0},{"not_picked":["TheCursedMod:TacticalStrike","TheCursedMod:CircleOfFocus"],"picked":"TheCursedMod:CursedSpellbook","floor":4.0},{"not_picked":["TheCursedMod:Obscuration","TheCursedMod:CursedMace"],"picked":"TheCursedMod:SpitefulStrike","floor":7.0},{"not_picked":["TheCursedMod:CircleOfWindfury","TheCursedMod:FleshFromBone"],"picked":"TheCursedMod:Grudge","floor":8.0},{"not_picked":["TheCursedMod:TacticalStrike","TheCursedMod:CircleOfFlame","TheCursedMod:Stigma"],"picked":"TheCursedMod:SurpriseAttack","floor":11.0},{"not_picked":["TheCursedMod:CursedMace","TheCursedMod:CursedSpellbook","TheCursedMod:DemonicPact"],"picked":"TheCursedMod:ReleasedStrength","floor":12.0},{"not_picked":["TheCursedMod:CircleOfFlame","TheCursedMod:ReleasedKnowledge","TheCursedMod:Stretching"],"picked":"TheCursedMod:RapidMovement","floor":14.0},{"not_picked":["TheCursedMod:StunningStrike","TheCursedMod:ManaCirculation","TheCursedMod:CursedRelics"],"picked":"TheCursedMod:OutForBlood","floor":16.0},{"not_picked":["TheCursedMod:VitalStrike"],"picked":"TheCursedMod:SmokeScreen","floor":18.0},{"not_picked":["TheCursedMod:RavingStaff"],"picked":"TheCursedMod:CursedAmulet","floor":19.0}],"player_experience":399362,"relics_obtained":[{"floor":7.0,"key":"hubris:OldNail"},{"floor":9.0,"key":"Question Card"},{"floor":11.0,"key":"Eternal Feather"}],"event_choices":[{"damage_healed":0.0,"max_hp_gain":0.0,"max_hp_loss":0.0,"gold_gain":0.0,"event_name":"Golden Idol","player_choice":"Take Wound","floor":2.0,"gold_loss":0.0,"damage_taken":0.0,"relics_obtained":["Golden Idol"],"cards_obtained":["Injury"]},{"damage_healed":0.0,"max_hp_gain":0.0,"max_hp_loss":0.0,"gold_gain":0.0,"event_name":"The Cleric","player_choice":"Leave","floor":5.0,"gold_loss":0.0,"damage_taken":0.0},{"damage_healed":0.0,"max_hp_gain":0.0,"max_hp_loss":0.0,"gold_gain":0.0,"event_name":"Scrap Ooze","player_choice":"Success","floor":13.0,"gold_loss":0.0,"damage_taken":3.0,"relics_obtained":["hubris:ToyBattleship"]},{"damage_healed":0.0,"max_hp_gain":0.0,"max_hp_loss":0.0,"gold_gain":0.0,"event_name":"Addict","player_choice":"Stole Relic","floor":21.0,"gold_loss":0.0,"damage_taken":0.0,"relics_obtained":["Orichalcum"],"cards_obtained":["Shame"]},{"damage_healed":0.0,"max_hp_gain":0.0,"max_hp_loss":0.0,"gold_gain":0.0,"event_name":"The Library","player_choice":"Read","floor":22.0,"gold_loss":0.0,"damage_taken":0.0,"cards_obtained":["Flame Barrier"]}],"is_beta":false,"boss_relics":[{"not_picked":["TheCursedMod:FourLeafCloverCharm","TheCursedMod:BlackMagicAdvanced"],"picked":"Busted Crown"}],"items_purged_floors":[],"is_endless":false,"potions_floor_spawned":[11,12,14,18,19],"killed_by":"Centurion and Healer","ascension_level":4}}