{"host":"04hh9gplt9wkfmr1","time":1611988332,"event":{"mods":["AchievementEnabler","BaseMod","Colored Map","KOR Keyword Fix","Minty Spire (QoL Compilation)","Rare Cards Sparkle","SuperFastMode"],"gold_per_floor":[19,119,129,50,225,225,251,251,277,293,305,318,338,338,338,440,490,500,520,445,472,490,490,490,490],"floor_reached":24,"language":"KOR","playtime":735,"items_purged":["Doubt"],"score":268,"play_id":"c16fc0bf-33cd-4bd6-ab78-dd61880eb91d","local_time":"20210130153212","is_ascension_mode":true,"campfire_choices":[{"data":"Demon Form","floor":6.0,"key":"SMITH"},{"data":"Heavy Blade","floor":8.0,"key":"SMITH"},{"data":"Berserk","floor":15.0,"key":"SMITH"},{"floor":23.0,"key":"REST"}],"circlet_count":0,"master_deck":["Strike_R","Strike_R","Strike_R","Defend_R","Defend_R","Defend_R+1","Defend_R","Bash","Demon Form+1","Metallicize+1","Heavy Blade+1","Headbutt","Dual Wield","Inflame","Berserk+1","Reaper+1","Heavy Blade+1"],"relics":["Burning Blood","Orichalcum","Anchor","Tiny House","Red Mask"],"acts_visited":["Exordium","TheCity"],"potions_floor_usage":[24],"damage_taken":[{"damage":0.0,"enemies":"2 Louse","floor":1.0,"turns":5.0},{"damage":13.0,"enemies":"Cultist","floor":3.0,"turns":5.0},{"damage":33.0,"enemies":"3 Sentries","floor":7.0,"turns":9.0},{"damage":2.0,"enemies":"Small Slimes","floor":10.0,"turns":4.0},{"damage":4.0,"enemies":"Blue Slaver","floor":11.0,"turns":5.0},{"damage":3.0,"enemies":"3 Louse","floor":12.0,"turns":4.0},{"damage":16.0,"enemies":"Gremlin Gang","floor":13.0,"turns":4.0},{"damage":21.0,"enemies":"The Guardian","floor":16.0,"turns":7.0},{"damage":30.0,"enemies":"3 Byrds","floor":18.0,"turns":9.0},{"damage":42.0,"enemies":"Shell Parasite","floor":19.0,"turns":11.0},{"damage":55.0,"enemies":"Masked Bandits","floor":21.0,"turns":7.0},{"damage":47.0,"enemies":"Centurion and Healer","floor":22.0,"turns":5.0},{"damage":62,"enemies":"Book of Stabbing","floor":24,"turns":5}],"seed_played":"6865283745565799527","potions_obtained":[{"floor":10.0,"key":"BloodPotion"},{"floor":12.0,"key":"DistilledChaos"},{"floor":13.0,"key":"EssenceOfSteel"},{"floor":16.0,"key":"Fire Potion"},{"floor":17.0,"key":"EssenceOfSteel"},{"floor":18.0,"key":"SkillPotion"},{"floor":19.0,"key":"FairyPotion"},{"floor":22.0,"key":"Swift Potion"}],"is_trial":false,"path_per_floor":["M","?","M","$","?","R","E","R","T","M","M","M","M","?","R","B",null,"M","M","$","?","M","R","E"],"character_chosen":"IRONCLAD","items_purchased":["Dual Wield"],"campfire_rested":1,"item_purchase_floors":[4],"current_hp_per_floor":[80,80,73,73,73,73,46,46,46,50,52,55,45,29,29,30,85,65,41,41,12,34,59,0,0],"gold":490,"neow_bonus":"TRANSFORM_TWO_CARDS","is_daily":false,"chose_seed":false,"campfire_upgraded":3,"win_rate":0.0,"timestamp":1611988332,"path_taken":["M","?","M","?","?","R","E","R","T","M","M","M","M","?","R","BOSS","M","M","$","?","M","R","E"],"items_purchased_type":["Card"],"build_version":"2020-12-22","purchased_purges":1,"victory":false,"max_hp_per_floor":[80,80,80,80,80,80,80,80,80,80,80,80,80,80,80,80,85,85,85,85,85,85,85,85,85],"card_choices":[{"not_picked":["Warcry","Feel No Pain"],"picked":"Heavy Blade","floor":1.0},{"not_picked":["Iron Wave","Flame Barrier"],"picked":"Headbutt","floor":3.0},{"not_picked":["Flex","Rampage","Twin Strike"],"picked":"SKIP","floor":7.0},{"not_picked":["Wild Strike","Rupture","Havoc"],"picked":"SKIP","floor":10.0},{"not_picked":["Whirlwind","Sever Soul"],"picked":"Inflame","floor":11.0},{"not_picked":["Perfected Strike","True Grit","Body Slam"],"picked":"SKIP","floor":12.0},{"not_picked":["Iron Wave","Warcry"],"picked":"Berserk","floor":13.0},{"not_picked":["Juggernaut","Fiend Fire"],"picked":"Reaper","floor":16.0},{"not_picked":["Sword Boomerang","Iron Wave+1","Perfected Strike+1"],"picked":"SKIP","floor":18.0},{"not_picked":["Seeing Red","True Grit"],"picked":"Heavy Blade+1","floor":19.0},{"not_picked":["Clothesline+1","Shrug It Off","Headbutt"],"picked":"SKIP","floor":22.0}],"player_experience":105249,"relics_obtained":[{"floor":7.0,"key":"Orichalcum"},{"floor":9.0,"key":"Anchor"},{"floor":21.0,"key":"Red Mask"}],"event_choices":[{"damage_healed":0.0,"max_hp_gain":0.0,"max_hp_loss":0.0,"gold_gain":100.0,"event_name":"Golden Shrine","player_choice":"Pray","floor":2.0,"gold_loss":0.0,"damage_taken":0.0},{"damage_healed":0.0,"max_hp_gain":0.0,"max_hp_loss":0.0,"gold_gain":175.0,"event_name":"Liars Game","player_choice":"AGREE","floor":5.0,"gold_loss":0.0,"damage_taken":0.0,"cards_obtained":["Doubt"]},{"damage_healed":0.0,"max_hp_gain":0.0,"max_hp_loss":0.0,"gold_gain":0.0,"event_name":"Shining Light","player_choice":"Entered Light","floor":14.0,"gold_loss":0.0,"damage_taken":16.0,"cards_upgraded":["Defend_R","Metallicize"]},{"damage_healed":0.0,"max_hp_gain":0.0,"max_hp_loss":0.0,"gold_gain":0.0,"event_name":"Masked Bandits","player_choice":"Fought Bandits","floor":21.0,"gold_loss":0.0,"damage_taken":0.0}],"is_beta":false,"boss_relics":[{"not_picked":["Empty Cage","Busted Crown"],"picked":"Tiny House"}],"items_purged_floors":[20],"is_endless":false,"potions_floor_spawned":[10,12,13,16,18,19,22],"killed_by":"Book of Stabbing","ascension_level":4}}