{"host":"1i9jpj392h4nt9ho","time":1611983173,"event":{"mods":["AchievementEnabler","BaseMod","Colored Map","Minty Spire (QoL Compilation)"],"gold_per_floor":[119,139,156,167,167,167,202,202,228,228,254,298,248,281,281,281,281],"floor_reached":16,"language":"ENG","playtime":702,"items_purged":[],"score":121,"play_id":"e8e65158-b9dd-4b5f-8929-9433f90b4d47","local_time":"20210130160613","is_ascension_mode":true,"campfire_choices":[{"data":"Electrodynamics","floor":6,"key":"SMITH"},{"floor":10,"key":"REST"},{"data":"Coolheaded","floor":15,"key":"SMITH"}],"circlet_count":0,"master_deck":["Strike_B","Strike_B","Strike_B","Defend_B","Defend_B","Defend_B","Defend_B","Zap","Dualcast","Electrodynamics+1","Tempest","Cold Snap","Go for the Eyes","Rebound","Multi-Cast","Streamline","Glacier","Coolheaded+1"],"relics":["Cracked Core","Bag of Marbles","CeramicFish","Orichalcum","Girya","Odd Mushroom"],"acts_visited":["Exordium"],"potions_floor_usage":[12,12,16],"damage_taken":[{"damage":0,"enemies":"Cultist","floor":1,"turns":4},{"damage":1,"enemies":"2 Louse","floor":2,"turns":2},{"damage":0,"enemies":"Small Slimes","floor":3,"turns":2},{"damage":14,"enemies":"3 Louse","floor":4,"turns":3},{"damage":16,"enemies":"Gremlin Nob","floor":7,"turns":4},{"damage":12,"enemies":"Exordium Wildlife","floor":11,"turns":3},{"damage":12,"enemies":"3 Sentries","floor":12,"turns":4},{"damage":0,"enemies":"The Mushroom Lair","floor":14,"turns":2},{"damage":49,"enemies":"The Guardian","floor":16,"turns":12}],"seed_played":"-4579691326909631182","potions_obtained":[{"floor":1,"key":"BlessingOfTheForge"},{"floor":3,"key":"Swift Potion"},{"floor":7,"key":"SteroidPotion"}],"is_trial":false,"path_per_floor":["M","M","M","M","?","R","E","?","T","R","M","E","?","?","R","B"],"character_chosen":"DEFECT","items_purchased":[],"campfire_rested":1,"item_purchase_floors":[],"current_hp_per_floor":[75,74,74,60,60,60,44,37,37,59,47,35,35,35,35,0,0],"gold":281,"neow_bonus":"ONE_RANDOM_RARE_CARD","is_daily":false,"chose_seed":false,"campfire_upgraded":2,"win_rate":0.0,"timestamp":1611983173,"path_taken":["M","M","M","M","?","R","E","?","T","R","M","E","?","?","R","BOSS"],"items_purchased_type":[],"build_version":"2020-12-22","purchased_purges":0,"victory":false,"max_hp_per_floor":[75,75,75,75,75,75,75,75,75,75,75,75,75,75,75,75,75],"card_choices":[{"not_picked":["Sweeping Beam","Go for the Eyes"],"picked":"Tempest","floor":1},{"not_picked":["Steam","Barrage"],"picked":"Cold Snap","floor":2},{"not_picked":["Rebound","Compile Driver"],"picked":"Go for the Eyes","floor":3},{"not_picked":["Compile Driver","Steam Power"],"picked":"Rebound","floor":4},{"not_picked":["Barrage","Ball Lightning"],"picked":"Multi-Cast","floor":7},{"not_picked":["Rebound","Leap"],"picked":"Streamline","floor":11},{"not_picked":["Loop","Undo"],"picked":"Glacier","floor":12},{"not_picked":["Steam Power","Gash"],"picked":"Coolheaded","floor":14}],"player_experience":569532,"relics_obtained":[{"floor":7,"key":"CeramicFish"},{"floor":9,"key":"Orichalcum"},{"floor":12,"key":"Girya"},{"floor":14,"key":"Odd Mushroom"}],"event_choices":[{"damage_healed":0,"gold_gain":0,"player_choice":"Box","damage_taken":0,"relics_obtained":["Bag of Marbles"],"max_hp_gain":0,"max_hp_loss":0,"event_name":"Big Fish","floor":5,"gold_loss":0,"cards_obtained":["Regret"]},{"cards_removed":["Regret"],"damage_healed":0,"gold_gain":0,"player_choice":"Card Removal","damage_taken":7,"max_hp_gain":0,"max_hp_loss":0,"event_name":"Golden Wing","floor":8,"gold_loss":0},{"cards_removed":["Strike_B"],"damage_healed":0,"gold_gain":0,"player_choice":"Card Removal","damage_taken":0,"max_hp_gain":0,"max_hp_loss":0,"event_name":"The Cleric","floor":13,"gold_loss":50},{"damage_healed":0,"gold_gain":0,"player_choice":"Fought Mushrooms","damage_taken":0,"max_hp_gain":0,"max_hp_loss":0,"event_name":"Mushrooms","floor":14,"gold_loss":0}],"is_beta":false,"boss_relics":[],"items_purged_floors":[],"is_endless":false,"potions_floor_spawned":[1,3,7,12],"killed_by":"The Guardian","ascension_level":2}}