{"host":"vqs1j3qalc1cciyt","time":1611981332,"event":{"mods":["2.2 Compatiblity","AchievementEnabler","Aspiration","Bard","BaseMod","Beaked The Cultist","Better Altar","Better Match","Better Note","Better Sensory Stone","Better Skull","Better Third Choice","Clockwork Mod","Colored Map","Conspire","Downfall","Friendly Minions","GifTheSpireLib","Glutton Mod","Halation","Highlight Path","Hubris","Infinite Spire","Minty Spire (QoL Compilation)","RRrroohrrRGHHhhh!!","Replay The Spire","Spicy Shops","StSLib","Stuff the Spire","The Construct","The Cursed","The Disciple","The Hierophant"],"gold_per_floor":[119,131,143,158,158,158,170,120,120,147,147,174,186,214,214,318,318,340,355,355,378,378,414,437,437,437,158,158,158,178,209,209,350,350,392,393,393,434,434,502,563,615,641,34,34,53,103,146,146,149,149],"floor_reached":50,"language":"ENG","playtime":3232,"items_purged":["Strike_B","Strike_B","Defend_B","Defend_B","Strike_B"],"score":675,"play_id":"e44afde6-b921-462c-8d21-7ce55d6bc2f4","local_time":"20210129203532","is_ascension_mode":true,"campfire_choices":[{"data":"Zap","floor":6,"key":"SMITH"},{"data":"rorgmod:Antivirus","floor":11,"key":"SMITH"},{"floor":28,"key":"REST"},{"data":"Static Discharge","floor":32,"key":"SMITH"},{"floor":45,"key":"REST"}],"circlet_count":0,"master_deck":["Zap+1","Dualcast","rorgmod:Antivirus+1","rorgmod:Leap","White Noise","Ball Lightning","Sweeping Beam","Buffer","Turbo","Redo","rorgmod:Thunder Strike","Conserve Battery","rorgmod:Fuse Blower","Static Discharge+1","rorgmod:Steady Aim","hubris:NaturalOne","Ball Lightning","Ball Lightning","hubris:Ukulele+1","Rebound+1","Sweeping Beam","hubris:EnhanceAbility","All For One"],"relics":["Cracked Core","hubris:Icosahedron","aspiration:StickyExplosives_weak","Replay:WaspNest","Cables","halation:IllGainedPizza","Ring of Peace","hubris:Backtick","DataDisk","Thread and Needle","hubris:Spice","halation:Yufonium","infinitespire:EvilPickle","aspiration:SeaSaltIceCream","Clockwork:MomentumEngine","halation:PinkSoulGem","Turnip","Toy Ornithopter","Kunai"],"acts_visited":["Exordium","TheCity","TheBeyond"],"potions_floor_usage":[10,14,23,23,23,42,42,50],"damage_taken":[{"damage":10,"enemies":"infinitespire:Voidling","floor":1,"turns":3},{"damage":1,"enemies":"Cultist","floor":2,"turns":4},{"damage":3,"enemies":"2 Louse","floor":3,"turns":3},{"damage":11,"enemies":"2 Fungi Beasts","floor":4,"turns":4},{"damage":19,"enemies":"Blue Slaver","floor":7,"turns":4},{"damage":11,"enemies":"Lagavulin","floor":10,"turns":5},{"damage":22,"enemies":"3 Sentries","floor":12,"turns":5},{"damage":0,"enemies":"Large Slime","floor":13,"turns":3},{"damage":15,"enemies":"Gremlin Nob","floor":14,"turns":5},{"damage":6,"enemies":"Fading Forest","floor":16,"turns":11},{"damage":0,"enemies":"Chosen","floor":18,"turns":4},{"damage":13,"enemies":"Spheric Guardian","floor":19,"turns":4},{"damage":0,"enemies":"Cultist and Chosen","floor":21,"turns":5},{"damage":40,"enemies":"Slavers","floor":23,"turns":5},{"damage":15,"enemies":"Centurion and Healer","floor":24,"turns":6},{"damage":0,"enemies":"Snake Plant","floor":30,"turns":3},{"damage":0,"enemies":"conspire:SneckoGhost","floor":31,"turns":4},{"damage":13,"enemies":"Pondfish","floor":33,"turns":6},{"damage":0,"enemies":"3 Darklings","floor":35,"turns":5},{"damage":8,"enemies":"3 Shapes","floor":38,"turns":3},{"damage":3,"enemies":"beaked:SuperParasite","floor":40,"turns":6},{"damage":26,"enemies":"Sphere and 2 Shapes","floor":41,"turns":3},{"damage":0,"enemies":"Spire Growth","floor":42,"turns":3},{"damage":0,"enemies":"Jaw Worm Horde","floor":46,"turns":3},{"damage":0,"enemies":"Mind Bloom Boss Battle","floor":47,"turns":2},{"damage":3,"enemies":"R_Hoarder","floor":48,"turns":5},{"damage":79,"enemies":"conspire:OrnateMirror","floor":50,"turns":2}],"seed_played":"369765345545802781","potions_obtained":[{"floor":1,"key":"conspire:TimeTravelPotion"},{"floor":12,"key":"Strength Potion"},{"floor":13,"key":"Block Potion"},{"floor":14,"key":"Regen Potion"},{"floor":16,"key":"Elixir"},{"floor":19,"key":"Fire Potion"},{"floor":33,"key":"ColorlessPotion"},{"floor":41,"key":"DistilledChaos"},{"floor":42,"key":"Cursed Concoction"},{"floor":49,"key":"EssenceOfDarkness"},{"floor":49,"key":"DuplicationPotion"}],"is_trial":false,"path_per_floor":["M","M","M","M","?","R","M","?","T","E","R","E","M","E","R_BF","B",null,"M","M","?","M","T","E","M","AVR","T","$","R","?","M","E","R_BF","B",null,"M","$","?","M","AVR","E","M","M","T","$","R","M","?","E","R_BF","B"],"character_chosen":"DEFECT","items_purchased":["rorgmod:Steady Aim","hubris:Spice","aspiration:SeaSaltIceCream","Kunai","hubris:EnhanceAbility"],"campfire_rested":2,"item_purchase_floors":[27,27,36,44,44],"current_hp_per_floor":[70,69,66,55,55,55,36,36,36,31,31,9,75,60,60,54,75,75,62,62,62,62,36,21,29,29,37,64,73,73,73,73,60,59,59,38,38,30,30,27,1,1,1,1,18,18,18,15,15,0,0],"gold":149,"neow_bonus":"TRANSFORM_CARD","is_daily":false,"chose_seed":false,"campfire_upgraded":3,"win_rate":0.0,"timestamp":1611981332,"path_taken":["M","?","M","?","?","R","M","?","T","E","R","E","M","E","R_BF","BOSS","M","M","?","?","?","E","M","AVR","T","$","R","?","M","E","R_BF","BOSS","M","?","?","M","AVR","E","M","M","T","$","R","?","?","E","R_BF","BOSS"],"items_purchased_type":["Card","Relic","Relic","Relic","Card"],"build_version":"2020-12-22","purchased_purges":5,"victory":false,"max_hp_per_floor":[75,75,75,75,75,75,75,75,75,75,75,75,75,75,75,75,75,75,75,75,75,75,75,75,83,83,91,91,91,91,75,75,67,59,59,59,59,59,59,59,59,59,59,59,59,59,59,43,43,43,43],"card_choices":[{"not_picked":["Coolheaded","rorgmod:Ventilation Error"],"picked":"rorgmod:Leap","floor":1},{"not_picked":["Turbo","rorgmod:Hardcode"],"picked":"White Noise","floor":2},{"not_picked":["Compile Driver","Stack"],"picked":"Ball Lightning","floor":3},{"not_picked":["Rebound","ReplayTheSpireMod:Repulse","Coolheaded"],"picked":"SKIP","floor":4},{"not_picked":["StuffTheSpire:Plugnplay","StuffTheSpire:GlassShard"],"picked":"Sweeping Beam","floor":7},{"not_picked":["rorgmod:Centralize","rorgmod:Leap"],"picked":"Buffer","floor":10},{"not_picked":["rorgmod:Leap","Rebound"],"picked":"Turbo","floor":12},{"not_picked":["ReplayTheSpireMod:GoodbyeWorld","Panic Button"],"picked":"Redo","floor":13},{"not_picked":["Hologram","Steam Power","Cold Snap"],"picked":"SKIP","floor":14},{"not_picked":["ReplayTheSpireMod:Omega Cannon","Echo Form"],"picked":"rorgmod:Thunder Strike","floor":16},{"not_picked":["rorgmod:Leap+1","Barrage"],"picked":"Conserve Battery","floor":18},{"not_picked":["rorgmod:Overcurrent","Panic Button+1"],"picked":"rorgmod:Fuse Blower","floor":19},{"not_picked":["ReplayTheSpireMod:Dual Polarity","rorgmod:Malware+1","Stack"],"picked":"SKIP","floor":21},{"not_picked":["rorgmod:Zing-Zap+1","Melter"],"picked":"Static Discharge","floor":23},{"not_picked":["Redo","ReplayRNGCard","Sweeping Beam"],"picked":"SKIP","floor":24},{"not_picked":["Compile Driver","Redo"],"picked":"Ball Lightning","floor":30},{"not_picked":["rorgmod:Refrigerate","hubris:PowerSurge+1"],"picked":"hubris:SpiceAddiction","floor":31},{"not_picked":["Echo Form","Buffer"],"picked":"hubris:SpiceAddiction","floor":33},{"not_picked":["StuffTheSpire:Plugnplay+1","Reboot"],"picked":"Ball Lightning","floor":35},{"not_picked":["Undo","BootSequence+1"],"picked":"hubris:Ukulele+1","floor":38},{"not_picked":["Conserve Battery","Coolheaded+1"],"picked":"Rebound+1","floor":40},{"not_picked":["FTL+1","Melter+1","rorgmod:Antivirus+1"],"picked":"SKIP","floor":41},{"not_picked":["BasicCrystalCard","hubris:SpiceAddiction"],"picked":"Sweeping Beam","floor":42},{"not_picked":["Conserve Battery","rorgmod:Hot Sockets+1"],"picked":"All For One","floor":46},{"not_picked":["Barrage+1","Compile Driver"],"picked":"hubris:SpiceAddiction","floor":48}],"player_experience":927299,"relics_obtained":[{"floor":9,"key":"aspiration:StickyExplosives_weak"},{"floor":10,"key":"Replay:WaspNest"},{"floor":12,"key":"Cables"},{"floor":14,"key":"halation:IllGainedPizza"},{"floor":15,"key":"Ring of Peace"},{"floor":23,"key":"Thread and Needle"},{"floor":31,"key":"hubris:Spice"},{"floor":43,"key":"Toy Ornithopter"},{"floor":48,"key":"hubris:Spice"}],"event_choices":[{"cards_removed":["Defend_B"],"damage_healed":0,"gold_gain":0,"player_choice":"Card Removal","damage_taken":0,"max_hp_gain":0,"max_hp_loss":0,"event_name":"The Cleric","floor":8,"gold_loss":50},{"cards_removed":["Defend_B"],"damage_healed":0,"gold_gain":0,"player_choice":"Offered Basic","damage_taken":0,"max_hp_gain":0,"max_hp_loss":0,"event_name":"Bonfire Elementals","floor":20,"gold_loss":0},{"damage_healed":0,"gold_gain":0,"player_choice":"Fight","damage_taken":0,"max_hp_gain":0,"max_hp_loss":0,"event_name":"MindBloom","floor":47,"gold_loss":0}],"is_beta":false,"boss_relics":[{"not_picked":["Black Star","ReplayTheSpireMod:SealedPack"],"picked":"hubris:Backtick"},{"not_picked":["hubris:Spice","hubris:Spice"],"picked":"hubris:Spice"}],"items_purged_floors":[25,27,36,39,44],"is_endless":false,"potions_floor_spawned":[1,12,13,14,16,19,21,33,41,42],"killed_by":"conspire:OrnateMirror","ascension_level":3}}