{"host":"4kmvpqjeiacgn1pr","time":1611975782,"event":{"mods":["AchievementEnabler","BaseMod","Better Altar","Better Match","Better Note","Better Sensory Stone","Better Skull","Better Third Choice","Colored Map","Colored Powertips","Curses Come First","Downfall","Highlight Path","Hubris","Infinite Spire","Minty Spire (QoL Compilation)","Permanent Neow","Quick Restart","Rare Cards Sparkle","Replay The Spire","Spicy Shops","StSLib"],"gold_per_floor":[20,20,20,46,46,46,63,94,146,146,176,176,29,29,29,29,29],"floor_reached":16,"language":"ENG","playtime":534,"items_purged":[],"score":156,"play_id":"42f2e441-1fbe-46e5-adc2-c023f6c03ccb","local_time":"20210129220302","is_ascension_mode":true,"campfire_choices":[{"data":"infinitespire:Neurotoxin","floor":6,"key":"SMITH"},{"data":"hubris:Counter","floor":10,"key":"SMITH"},{"floor":12,"key":"REST"},{"data":"Neutralize","floor":15,"key":"SMITH"}],"circlet_count":0,"master_deck":["AscendersBane","Strike_G","Strike_G","Strike_G","Strike_G","Defend_G","Defend_G","Defend_G","Defend_G","Defend_G","Survivor","Neutralize+1","infinitespire:Neurotoxin+1","hubris:Counter+1","Dagger Spray","Flying Knee","Dagger Spray"],"relics":["Sizzling Blood","infinitespire:Cubic Diamond","ReplayFunnel","Ancient Tea Set","Ninja Scroll","infinitespire:Lucky Rock","Calipers","Strange Spoon"],"acts_visited":["Exordium"],"potions_floor_usage":[8,11],"damage_taken":[{"damage":7,"enemies":"Jaw Worm","floor":1,"turns":6},{"damage":3,"enemies":"2 Louse","floor":7,"turns":6},{"damage":40,"enemies":"Lagavulin","floor":8,"turns":9},{"damage":15,"enemies":"3 Sentries","floor":11,"turns":8},{"damage":32,"enemies":"Fading Forest","floor":16,"turns":7}],"seed_played":"2135812433939951452","potions_obtained":[{"floor":1,"key":"Swift Potion"},{"floor":8,"key":"Dexterity Potion"}],"is_trial":false,"path_per_floor":["M","?","?","T","$","R","M","E","T","R","E","R","$","?","R","B"],"character_chosen":"THE_SILENT","items_purchased":["Strange Spoon"],"campfire_rested":1,"item_purchase_floors":[13],"current_hp_per_floor":[56,56,56,56,56,56,57,21,21,21,10,31,31,24,24,0,0],"gold":29,"neow_bonus":"THREE_RARE_CARDS","is_daily":false,"chose_seed":false,"campfire_upgraded":3,"win_rate":0.0,"timestamp":1611975782,"path_taken":["M","?","?","?","$","R","M","E","T","R","E","R","$","?","R","BOSS"],"items_purchased_type":["Relic"],"build_version":"2020-12-22","purchased_purges":0,"victory":false,"max_hp_per_floor":[70,70,70,70,70,70,70,70,70,70,70,70,70,70,70,70,70],"card_choices":[{"not_picked":["Night Terror","Glass Knife"],"picked":"infinitespire:Neurotoxin","floor":0},{"not_picked":["Quick Slash","Slice"],"picked":"hubris:Counter","floor":1},{"not_picked":["Dagger Throw","Underhanded Strike"],"picked":"Dagger Spray","floor":7},{"not_picked":["Hidden Blade","Bane"],"picked":"Flying Knee","floor":8},{"not_picked":["Acrobatics","Flechettes"],"picked":"Dagger Spray","floor":11}],"player_experience":387497,"relics_obtained":[{"floor":3,"key":"ReplayFunnel"},{"floor":4,"key":"Ancient Tea Set"},{"floor":8,"key":"Ninja Scroll"},{"floor":9,"key":"infinitespire:Lucky Rock"},{"floor":11,"key":"Calipers"}],"event_choices":[{"cards_removed":["Strike_G"],"damage_healed":0,"gold_gain":0,"player_choice":"Card Removal","damage_taken":7,"max_hp_gain":0,"max_hp_loss":0,"event_name":"Golden Wing","floor":14,"gold_loss":0}],"is_beta":false,"boss_relics":[],"items_purged_floors":[],"is_endless":false,"potions_floor_spawned":[1,8],"killed_by":"Fading Forest","ascension_level":10}}