{"host":"2wp95sdfrgw3k439","time":1611970320,"event":{"mods":["BaseMod","Better Altar","Better Skull","Better Third Choice","Curses Come First","Minty Spire (QoL Compilation)","Permanent Neow","StSLib"],"gold_per_floor":[114,133,153,171,171,190,517,517,517,542,101,0,0,29,29,132,132,152,166,184,184,203,203,232,247,247,162,162,194,207,240,240,337,337,354,354,1,12,12,12,41,41,115,126,153,164,198,198,198,198],"floor_reached":51,"language":"ENG","playtime":2514,"items_purged":["Strike_B","Defend_B"],"score":1276,"play_id":"98b5598d-826b-4148-8195-224f18a89438","local_time":"20210129183200","is_ascension_mode":true,"campfire_choices":[{"floor":8,"key":"REST"},{"floor":15,"key":"REST"},{"floor":23,"key":"REST"},{"floor":28,"key":"REST"},{"data":"1","floor":32,"key":"LIFT"},{"data":"2","floor":40,"key":"LIFT"},{"floor":42,"key":"REST"},{"floor":49,"key":"REST"}],"circlet_count":0,"master_deck":["Strike_B","Defend_B","Defend_B","Defend_B","Zap","Dualcast","Undo","Doom and Gloom","Conserve Battery+1","All For One","Melter","Rainbow","Chill","Loop","Enlightenment","Apotheosis+1","Fission","Conserve Battery+1","Compile Driver+1","Fission","Reboot","BootSequence+1","Undo+1"],"relics":["Fusion Hammer","Old Coin","InkBottle","Pear","CaptainsWheel","White Beast Statue","Busted Crown","Regal Pillow","PreservedInsect","Juzu Bracelet","Emotion Chip","Girya","Molten Egg 2","SlaversCollar","Frozen Egg 2","Du-Vu Doll","Bottled Lightning","Blue Candle","MealTicket","Smiling Mask","Darkstone Periapt"],"acts_visited":["Exordium","TheCity","TheBeyond"],"potions_floor_usage":[16,16,20,22,24,25,29,29,33,35,38,41,46,47,47,50],"damage_taken":[{"damage":0,"enemies":"Cultist","floor":1,"turns":4},{"damage":3,"enemies":"2 Louse","floor":2,"turns":3},{"damage":4,"enemies":"Small Slimes","floor":3,"turns":4},{"damage":0,"enemies":"2 Fungi Beasts","floor":4,"turns":2},{"damage":8,"enemies":"Blue Slaver","floor":6,"turns":4},{"damage":13,"enemies":"3 Sentries","floor":7,"turns":6},{"damage":30,"enemies":"Lagavulin","floor":10,"turns":5},{"damage":10,"enemies":"Gremlin Nob","floor":14,"turns":3},{"damage":0,"enemies":"The Guardian","floor":16,"turns":7},{"damage":0,"enemies":"Spheric Guardian","floor":18,"turns":4},{"damage":8,"enemies":"Chosen","floor":19,"turns":6},{"damage":1,"enemies":"Centurion and Healer","floor":20,"turns":4},{"damage":0,"enemies":"Snake Plant","floor":22,"turns":4},{"damage":22,"enemies":"Slavers","floor":24,"turns":6},{"damage":1,"enemies":"Snecko","floor":25,"turns":4},{"damage":6,"enemies":"Book of Stabbing","floor":29,"turns":3},{"damage":0,"enemies":"3 Cultists","floor":30,"turns":5},{"damage":3,"enemies":"Gremlin Leader","floor":31,"turns":4},{"damage":29,"enemies":"Collector","floor":33,"turns":8},{"damage":17,"enemies":"3 Darklings","floor":35,"turns":5},{"damage":2,"enemies":"3 Shapes","floor":38,"turns":3},{"damage":50,"enemies":"Nemesis","floor":41,"turns":7},{"damage":8,"enemies":"Maw","floor":44,"turns":6},{"damage":0,"enemies":"Reptomancer","floor":45,"turns":4},{"damage":3,"enemies":"Writhing Mass","floor":46,"turns":4},{"damage":38,"enemies":"Nemesis","floor":47,"turns":7},{"damage":12,"enemies":"Donu and Deca","floor":50,"turns":9}],"seed_played":"7918529536003107226","potions_obtained":[{"floor":6,"key":"PotionOfCapacity"},{"floor":10,"key":"EssenceOfSteel"},{"floor":14,"key":"SneckoOil"},{"floor":16,"key":"ColorlessPotion"},{"floor":18,"key":"PowerPotion"},{"floor":19,"key":"SteroidPotion"},{"floor":20,"key":"Swift Potion"},{"floor":22,"key":"Dexterity Potion"},{"floor":24,"key":"Strength Potion"},{"floor":25,"key":"SkillPotion"},{"floor":29,"key":"Ancient Potion"},{"floor":30,"key":"FairyPotion"},{"floor":33,"key":"Dexterity Potion"},{"floor":35,"key":"SkillPotion"},{"floor":38,"key":"ColorlessPotion"},{"floor":41,"key":"SteroidPotion"},{"floor":44,"key":"FearPotion"},{"floor":46,"key":"SpeedPotion"},{"floor":47,"key":"GamblersBrew"}],"is_trial":false,"path_per_floor":["M","M","M","M","?","M","E","R","T","E","$","?","?","E","R","B",null,"M","M","M","?","M","R","E","M","T","?","R","E","M","E","R","B",null,"M","?","$","M","?","R","E","R","T","M","E","M","E","T","R","B",null],"character_chosen":"DEFECT","items_purchased":["Loop","CaptainsWheel","Frozen Egg 2"],"campfire_rested":6,"item_purchase_floors":[11,11,37],"current_hp_per_floor":[68,65,61,61,61,53,40,62,62,42,42,48,48,38,65,65,85,85,77,76,44,44,86,64,63,63,63,91,85,85,82,82,53,82,65,65,65,63,63,63,13,55,55,47,47,44,6,6,48,36],"gold":198,"neow_bonus":"BOSS_RELIC","is_daily":false,"chose_seed":false,"campfire_upgraded":0,"win_rate":0.0,"timestamp":1611970320,"path_taken":["M","M","?","M","?","M","E","R","T","E","$","?","?","E","R","BOSS","M","M","M","?","?","R","E","M","T","?","R","E","M","E","R","BOSS","M","?","$","M","?","R","E","R","T","M","E","M","E","?","R","BOSS"],"items_purchased_type":["Card","Relic","Relic"],"build_version":"2020-12-22","purchased_purges":2,"victory":true,"max_hp_per_floor":[75,75,75,75,75,75,75,75,75,85,85,91,91,91,91,91,91,91,91,91,91,91,91,91,91,91,91,91,91,91,91,91,91,91,91,91,91,91,91,91,91,91,91,91,91,91,91,91,91,91],"card_choices":[{"not_picked":["Streamline","Stack"],"picked":"Undo","floor":1},{"not_picked":["Steam","Rebound","Turbo"],"picked":"SKIP","floor":2},{"not_picked":["Cold Snap","Heatsinks"],"picked":"Doom and Gloom","floor":3},{"not_picked":["Compile Driver","Gash"],"picked":"Conserve Battery","floor":4},{"not_picked":["Doom and Gloom","Amplify"],"picked":"Melter","floor":6},{"not_picked":["Loop","Blizzard"],"picked":"Rainbow","floor":7},{"not_picked":["Chaos","Sweeping Beam"],"picked":"Chill","floor":10},{"not_picked":["Gash","Darkness","Tempest"],"picked":"SKIP","floor":14},{"not_picked":["Hyperbeam","Thunder Strike"],"picked":"Fission","floor":16},{"not_picked":[],"picked":"Conserve Battery+1","floor":18},{"not_picked":["Coolheaded"],"picked":"SKIP","floor":19},{"not_picked":["Gash+1"],"picked":"SKIP","floor":20},{"not_picked":["Sweeping Beam"],"picked":"SKIP","floor":22},{"not_picked":["Skim"],"picked":"SKIP","floor":24},{"not_picked":["Glacier"],"picked":"SKIP","floor":25},{"not_picked":["Chill"],"picked":"SKIP","floor":29},{"not_picked":[],"picked":"Compile Driver+1","floor":30},{"not_picked":["Sweeping Beam+1"],"picked":"SKIP","floor":31},{"not_picked":[],"picked":"Fission","floor":33},{"not_picked":["Turbo"],"picked":"SKIP","floor":35},{"not_picked":["Compile Driver+1"],"picked":"SKIP","floor":38},{"not_picked":[],"picked":"Reboot","floor":41},{"not_picked":[],"picked":"BootSequence+1","floor":44},{"not_picked":["Fusion"],"picked":"SKIP","floor":45},{"not_picked":["BootSequence"],"picked":"SKIP","floor":46},{"not_picked":[],"picked":"Undo+1","floor":47}],"player_experience":511269,"relics_obtained":[{"floor":7,"key":"Old Coin"},{"floor":9,"key":"InkBottle"},{"floor":10,"key":"Pear"},{"floor":14,"key":"White Beast Statue"},{"floor":24,"key":"PreservedInsect"},{"floor":26,"key":"Juzu Bracelet"},{"floor":29,"key":"Girya"},{"floor":31,"key":"Molten Egg 2"},{"floor":41,"key":"Bottled Lightning"},{"floor":43,"key":"Blue Candle"},{"floor":45,"key":"MealTicket"},{"floor":47,"key":"Smiling Mask"},{"floor":48,"key":"Darkstone Periapt"}],"event_choices":[{"damage_healed":0,"gold_gain":0,"cards_transformed":["Strike_B"],"player_choice":"Change","damage_taken":0,"max_hp_gain":0,"max_hp_loss":0,"event_name":"Living Wall","floor":5,"gold_loss":0,"cards_obtained":["All For One"]},{"damage_healed":0,"gold_gain":0,"player_choice":"RENOUNCE","damage_taken":101,"max_hp_gain":0,"max_hp_loss":0,"event_name":"betterThird:BetterSerpent","floor":12,"gold_loss":101,"cards_obtained":["Enlightenment"]},{"damage_healed":48,"gold_gain":0,"player_choice":"Embrace","damage_taken":0,"max_hp_gain":0,"max_hp_loss":91,"event_name":"betterThird:BetterShining","floor":13,"gold_loss":0},{"damage_healed":0,"gold_gain":0,"player_choice":"RE UP ","damage_taken":36,"relics_obtained":["Regal Pillow"],"max_hp_gain":0,"max_hp_loss":0,"event_name":"betterSkull:BetterSkull","floor":21,"gold_loss":0,"cards_upgraded":["Conserve Battery"]},{"damage_healed":0,"gold_gain":0,"player_choice":"Obtained Relic","damage_taken":0,"relics_obtained":["Emotion Chip"],"max_hp_gain":0,"max_hp_loss":0,"event_name":"Addict","floor":27,"gold_loss":85},{"cards_removed":["Strike_B"],"damage_healed":0,"gold_gain":0,"player_choice":"Purged","damage_taken":0,"max_hp_gain":0,"max_hp_loss":0,"event_name":"Purifier","floor":36,"gold_loss":0},{"damage_healed":0,"gold_gain":0,"player_choice":"Gave Potion","damage_taken":0,"relics_obtained":["Du-Vu Doll"],"max_hp_gain":0,"max_hp_loss":0,"event_name":"WeMeetAgain","floor":39,"gold_loss":0}],"is_beta":false,"boss_relics":[{"not_picked":["Runic Pyramid","Calling Bell"],"picked":"Busted Crown"},{"not_picked":["Nuclear Battery","Empty Cage"],"picked":"SlaversCollar"}],"items_purged_floors":[11,37],"is_endless":false,"potions_floor_spawned":[6,10,14,16,18,19,20,22,24,25,29,30,31,33,35,38,41,44,45,46,47],"ascension_level":8}}