{"host":"aj7el8l5kufbk20z","time":1611993175,"event":{"mods":["AchievementEnabler","BaseMod","Colored Map","Colored Powertips","Curses Come First","Highlight Path","Minty Spire (QoL Compilation)","Permanent Neow","Poor People Problems","Quick Restart","Rare Cards Sparkle","Relic Stats","StSLib","SuperFastMode","Waifu the Spire"],"gold_per_floor":[115,129,666,666,680,714,714,742,793,807,833,192,203,218,218,295,345,355,355,367,666,666,701,701,732,757,767,801,819,838,838,838,913,913,925,935,946,946,946,972,999,1033,1103,1133,1148,1158,1158,793,793,793],"floor_reached":51,"language":"ZHS","playtime":3844,"items_purged":["Strike_G","Strike_G","Defend_G","Quick Slash+1"],"score":1644,"play_id":"35f1a64b-157d-4391-b361-3fabccb7a26c","local_time":"20210130155255","is_ascension_mode":true,"campfire_choices":[{"data":"Footwork","floor":7.0,"key":"SMITH"},{"data":"Footwork","floor":15.0,"key":"SMITH"},{"data":"Cloak And Dagger","floor":24.0,"key":"SMITH"},{"data":"Footwork","floor":32,"key":"SMITH"},{"data":"Blade Dance","floor":47,"key":"SMITH"},{"data":"Deadly Poison","floor":49,"key":"SMITH"}],"circlet_count":0,"master_deck":["AscendersBane","Defend_G","Survivor+1","Neutralize","Cloak And Dagger","Cloak And Dagger+1","Footwork+1","Noxious Fumes","Deflect","Backflip","Infinite Blades","Deadly Poison+1","Dodge and Roll","Well Laid Plans","Footwork+1","Adrenaline","PiercingWail","PiercingWail","Infinite Blades","Dash+1","Acrobatics","Necronomicurse","Prepared+1","Caltrops","Prepared","Footwork+1","A Thousand Cuts+1","Die Die Die+1","Blade Dance+1","Terror","Madness","Madness","PiercingWail+1","Well Laid Plans","Tactician+1","Dagger Spray+1"],"relics":["Black Star","PreservedInsect","Torii","Orrery","Molten Egg 2","Lantern","Peace Pipe","Vajra","Bag of Marbles","Darkstone Periapt","Bronze Scales","Medical Kit","Boot","Nunchaku","Tiny House","Shuriken","Toolbox","Necronomicon","FossilizedHelix","Smiling Mask","Art of War","StoneCalendar","Regal Pillow","Pantograph","Tiny Chest","Astrolabe","Bag of Preparation","Meat on the Bone","Juzu Bracelet","War Paint","Toy Ornithopter","Ninja Scroll","Potion Belt","Toxic Egg 2","Membership Card","Bottled Lightning"],"acts_visited":["Exordium","TheCity","TheBeyond"],"potions_floor_usage":[50,50,50,50],"damage_taken":[{"damage":3.0,"enemies":"Small Slimes","floor":1.0,"turns":6.0},{"damage":5.0,"enemies":"Cultist","floor":2.0,"turns":5.0},{"damage":7.0,"enemies":"Jaw Worm","floor":5.0,"turns":5.0},{"damage":29.0,"enemies":"Lagavulin","floor":6.0,"turns":12.0},{"damage":50.0,"enemies":"Gremlin Nob","floor":8.0,"turns":6.0},{"damage":0.0,"enemies":"2 Fungi Beasts","floor":10.0,"turns":4.0},{"damage":13.0,"enemies":"3 Sentries","floor":11.0,"turns":7.0},{"damage":0.0,"enemies":"3 Louse","floor":13.0,"turns":3.0},{"damage":0.0,"enemies":"Looter","floor":14.0,"turns":3.0},{"damage":21.0,"enemies":"Hexaghost","floor":16.0,"turns":10.0},{"damage":2.0,"enemies":"3 Byrds","floor":18.0,"turns":3.0},{"damage":6.0,"enemies":"Shell Parasite","floor":20.0,"turns":6.0},{"damage":33.0,"enemies":"Gremlin Leader","floor":23.0,"turns":6.0},{"damage":4.0,"enemies":"Book of Stabbing","floor":25.0,"turns":5.0},{"damage":15.0,"enemies":"3 Cultists","floor":27.0,"turns":5.0},{"damage":36.0,"enemies":"Slavers","floor":28.0,"turns":4.0},{"damage":0,"enemies":"Snake Plant","floor":29,"turns":5},{"damage":34,"enemies":"Cultist and Chosen","floor":30,"turns":7},{"damage":21,"enemies":"Champ","floor":33,"turns":11},{"damage":21,"enemies":"3 Shapes","floor":35,"turns":3},{"damage":0,"enemies":"Orb Walker","floor":36,"turns":4},{"damage":18,"enemies":"3 Darklings","floor":37,"turns":5},{"damage":27,"enemies":"Reptomancer","floor":40,"turns":7},{"damage":1,"enemies":"Giant Head","floor":42,"turns":8},{"damage":0,"enemies":"Nemesis","floor":44,"turns":5},{"damage":27,"enemies":"4 Shapes","floor":45,"turns":4},{"damage":59,"enemies":"Spire Growth","floor":46,"turns":5},{"damage":83,"enemies":"Time Eater","floor":50,"turns":9}],"seed_played":"-7292935496982052577","potions_obtained":[{"floor":2.0,"key":"PowerPotion"},{"floor":5.0,"key":"GamblersBrew"},{"floor":6.0,"key":"Block Potion"},{"floor":16.0,"key":"AttackPotion"},{"floor":20.0,"key":"Strength Potion"},{"floor":44,"key":"Poison Potion"},{"floor":45,"key":"Dexterity Potion"}],"is_trial":false,"path_per_floor":["M","M","$","?","M","E","R","E","T","M","E","$","M","M","R","B",null,"M","?","M","$","?","E","R","E","T","M","E","M","M","?","R","B",null,"M","M","M","?","?","E","T","E","T","E","M","M","R","$","R","B",null],"character_chosen":"THE_SILENT","items_purchased":["PreservedInsect","Torii","Footwork","Orrery","Medical Kit","Boot","Nunchaku","Well Laid Plans","Shuriken","Toolbox","Acrobatics","Membership Card","Bottled Lightning"],"campfire_rested":0,"item_purchase_floors":[3,3,3,3,12,12,12,12,21,21,21,48,48],"current_hp_per_floor":[56,51,51,51,44,74,74,89,89,89,76,76,76,76,76,55,68,66,66,60,60,45,67,67,63,63,77,41,41,90,90,90,56,72,51,51,89,89,75,89,89,88,88,88,61,128,128,128,128,79],"gold":793,"neow_bonus":"BOSS_RELIC","is_daily":false,"chose_seed":false,"campfire_upgraded":6,"win_rate":0.0,"timestamp":1611993175,"path_taken":["M","M","$","?","M","E","R","E","T","M","E","$","M","M","R","BOSS","M","?","M","$","?","E","R","E","T","M","E","M","M","?","R","BOSS","M","M","M","?","?","E","?","E","T","E","M","M","R","$","R","BOSS"],"items_purchased_type":["Relic","Relic","Card","Relic","Relic","Relic","Relic","Card","Relic","Relic","Card","Relic","Relic"],"build_version":"2020-12-22","purchased_purges":4,"victory":true,"max_hp_per_floor":[66,66,66,66,66,66,66,66,66,66,66,66,66,66,66,66,71,71,71,71,71,77,77,77,77,77,77,77,77,77,77,77,77,77,77,77,77,77,77,77,77,77,77,77,77,77,77,77,77,77],"relic_stats":{"Darkstone Periapt":6,"Regal Pillow":0,"Torii":38,"StoneCalendar":[183],"Bag of Preparation":[6],"Juzu Bracelet":0,"Boot":[66],"Smiling Mask":25,"Nunchaku":[28],"Pantograph":-64,"Tiny Chest":1,"Necronomicon":[18],"counters":[28,163],"Astrolabe":["A Thousand Cuts","Quick Slash","Die Die Die"],"PreservedInsect":455,"War Paint":["PiercingWail","Prepared"],"Medical Kit":[13],"Peace Pipe":0,"Shuriken":[50],"Bronze Scales":[459],"Black Star":9,"Art of War":[11],"obtain_stats":[{"Darkstone Periapt":11,"Lantern":6,"Regal Pillow":26,"Tiny House":17,"Torii":3,"Vajra":8,"StoneCalendar":25,"Bag of Preparation":40,"Juzu Bracelet":41,"Boot":12,"Smiling Mask":23,"Nunchaku":12,"Ninja Scroll":43,"Pantograph":28,"Toolbox":21,"Tiny Chest":28,"Necronomicon":22,"Toxic Egg 2":44,"Ring of the Snake":0,"Potion Belt":44,"Astrolabe":34,"PreservedInsect":3,"War Paint":42,"Medical Kit":12,"Peace Pipe":8,"Shuriken":21,"Bronze Scales":11,"Orrery":3,"Molten Egg 2":6,"Black Star":0,"Bag of Marbles":9,"Art of War":25,"Membership Card":48,"Bottled Lightning":48,"FossilizedHelix":23,"Toy Ornithopter":42,"Meat on the Bone":40},{"Darkstone Periapt":7,"Lantern":4,"Regal Pillow":14,"Tiny House":10,"Torii":2,"Vajra":5,"StoneCalendar":14,"Bag of Preparation":23,"Juzu Bracelet":23,"Boot":7,"Smiling Mask":13,"Nunchaku":7,"Ninja Scroll":24,"Pantograph":16,"Toolbox":12,"Tiny Chest":16,"Necronomicon":12,"Toxic Egg 2":25,"Ring of the Snake":0,"Potion Belt":25,"Astrolabe":19,"PreservedInsect":2,"War Paint":24,"Medical Kit":7,"Peace Pipe":5,"Shuriken":12,"Bronze Scales":7,"Orrery":2,"Molten Egg 2":4,"Black Star":0,"Bag of Marbles":5,"Art of War":14,"Membership Card":27,"Bottled Lightning":27,"FossilizedHelix":13,"Toy Ornithopter":24,"Meat on the Bone":23},{"Darkstone Periapt":45,"Lantern":28,"Regal Pillow":81,"Tiny House":61,"Torii":11,"Vajra":34,"StoneCalendar":81,"Bag of Preparation":132,"Juzu Bracelet":132,"Boot":45,"Smiling Mask":76,"Nunchaku":45,"Ninja Scroll":140,"Pantograph":90,"Toolbox":70,"Tiny Chest":90,"Necronomicon":70,"Toxic Egg 2":145,"Ring of the Snake":0,"Potion Belt":145,"Astrolabe":113,"PreservedInsect":11,"War Paint":140,"Medical Kit":45,"Peace Pipe":34,"Shuriken":70,"Bronze Scales":45,"Orrery":11,"Molten Egg 2":28,"Black Star":0,"Bag of Marbles":34,"Art of War":81,"Membership Card":154,"Bottled Lightning":154,"FossilizedHelix":76,"Toy Ornithopter":140,"Meat on the Bone":132}],"Toy Ornithopter":0,"Meat on the Bone":0},"card_choices":[{"not_picked":["All Out Attack","Deadly Poison"],"picked":"Cloak And Dagger","floor":1.0},{"not_picked":["Sucker Punch","Eviscerate"],"picked":"Cloak And Dagger","floor":2.0},{"not_picked":["Dodge and Roll","Sucker Punch"],"picked":"Noxious Fumes","floor":3.0},{"not_picked":["Acrobatics","Die Die Die"],"picked":"Deflect","floor":3.0},{"not_picked":["Quick Slash","Heel Hook"],"picked":"Backflip","floor":5.0},{"not_picked":["Underhanded Strike+1","Escape Plan"],"picked":"Infinite Blades","floor":6.0},{"not_picked":["Quick Slash+1","Poisoned Stab+1"],"picked":"Deadly Poison","floor":8.0},{"not_picked":["Skewer+1","Wraith Form v2"],"picked":"Dodge and Roll","floor":10.0},{"not_picked":["Reflex","Deadly Poison","Riddle With Holes+1"],"picked":"SKIP","floor":11.0},{"not_picked":["Deadly Poison","Backflip"],"picked":"Footwork","floor":13.0},{"not_picked":["Flying Knee+1","Dagger Throw+1","Finisher+1"],"picked":"SKIP","floor":14.0},{"not_picked":["Phantasmal Killer","Malaise"],"picked":"Adrenaline","floor":16.0},{"not_picked":["Poisoned Stab+1","Sucker Punch+1"],"picked":"PiercingWail","floor":17.0},{"not_picked":["Skewer+1","Dash+1"],"picked":"PiercingWail","floor":18.0},{"not_picked":["Masterful Stab+1","Expertise","Flying Knee+1"],"picked":"SKIP","floor":20.0},{"not_picked":["Skewer+1","Backflip+1"],"picked":"Prepared","floor":23.0},{"not_picked":["Underhanded Strike+1","Reflex"],"picked":"Caltrops","floor":25.0},{"not_picked":["Deadly Poison","Outmaneuver","Slice+1"],"picked":"SKIP","floor":27.0},{"not_picked":["Crippling Poison","Sucker Punch+1","Bouncing Flask"],"picked":"SKIP","floor":28.0},{"not_picked":["Grand Finale+1","Backflip","Distraction"],"picked":"SKIP","floor":29},{"not_picked":["Skewer+1","Deflect+1"],"picked":"Prepared","floor":30},{"not_picked":["Acrobatics","Deflect"],"picked":"Blade Dance","floor":35},{"not_picked":["Doppelganger","Masterful Stab+1","Reflex+1"],"picked":"SKIP","floor":36},{"not_picked":["Backstab+1","Sucker Punch+1"],"picked":"Terror","floor":37},{"not_picked":["Slice+1","Outmaneuver+1"],"picked":"PiercingWail","floor":40},{"not_picked":["Underhanded Strike+1","Sucker Punch+1"],"picked":"Well Laid Plans","floor":42},{"not_picked":["Choke+1","Acrobatics+1","Dodge and Roll+1"],"picked":"SKIP","floor":44},{"not_picked":["Dodge and Roll+1","Flying Knee+1"],"picked":"Tactician+1","floor":45},{"not_picked":["Backflip+1","Skewer+1"],"picked":"Dagger Spray+1","floor":46}],"player_experience":313235,"relics_obtained":[{"floor":6.0,"key":"Molten Egg 2"},{"floor":6.0,"key":"Lantern"},{"floor":8.0,"key":"Peace Pipe"},{"floor":8.0,"key":"Vajra"},{"floor":9.0,"key":"Bag of Marbles"},{"floor":11.0,"key":"Darkstone Periapt"},{"floor":11.0,"key":"Bronze Scales"},{"floor":22.0,"key":"Necronomicon"},{"floor":23.0,"key":"FossilizedHelix"},{"floor":23.0,"key":"Smiling Mask"},{"floor":25.0,"key":"Art of War"},{"floor":25.0,"key":"StoneCalendar"},{"floor":26.0,"key":"Regal Pillow"},{"floor":28.0,"key":"Pantograph"},{"floor":28.0,"key":"Tiny Chest"},{"floor":40,"key":"Bag of Preparation"},{"floor":40,"key":"Meat on the Bone"},{"floor":41,"key":"Juzu Bracelet"},{"floor":42,"key":"War Paint"},{"floor":42,"key":"Toy Ornithopter"},{"floor":43,"key":"Ninja Scroll"},{"floor":44,"key":"Potion Belt"},{"floor":44,"key":"Toxic Egg 2"}],"event_choices":[{"damage_healed":0.0,"max_hp_gain":0.0,"max_hp_loss":0.0,"gold_gain":100.0,"event_name":"Wheel of Change","player_choice":"Gold","floor":4.0,"gold_loss":0.0,"damage_taken":0.0},{"damage_healed":0.0,"max_hp_gain":0.0,"max_hp_loss":0.0,"gold_gain":0.0,"cards_transformed":["Strike_G","Strike_G"],"event_name":"Drug Dealer","player_choice":"Became Test Subject","floor":19.0,"gold_loss":0.0,"damage_taken":0.0,"cards_obtained":["Infinite Blades","Dash"]},{"damage_healed":0.0,"max_hp_gain":0.0,"max_hp_loss":0.0,"gold_gain":0.0,"event_name":"Cursed Tome","player_choice":"Obtained Book","floor":22.0,"gold_loss":0.0,"damage_taken":21.0},{"damage_healed":0,"gold_gain":0,"player_choice":"Read","damage_taken":0,"max_hp_gain":0,"max_hp_loss":0,"event_name":"The Library","floor":31,"gold_loss":0,"cards_obtained":["Footwork"]},{"cards_removed":["Defend_G"],"damage_healed":0,"gold_gain":0,"player_choice":"Removed Skill","damage_taken":0,"max_hp_gain":0,"max_hp_loss":0,"event_name":"Falling","floor":38,"gold_loss":0},{"damage_healed":0,"gold_gain":0,"player_choice":"Embrace Madness","damage_taken":14,"max_hp_gain":0,"max_hp_loss":0,"event_name":"Winding Halls","floor":39,"gold_loss":0,"cards_obtained":["Madness","Madness"]}],"is_beta":false,"boss_relics":[{"not_picked":["Cursed Key","Velvet Choker"],"picked":"Tiny House"},{"not_picked":["Runic Pyramid","HoveringKite"],"picked":"Astrolabe"}],"items_purged_floors":[3,12,21,48],"is_endless":false,"potions_floor_spawned":[2,5,6,8,16,20,25,27,28,35,37,44,45],"ascension_level":19}}