{"host":"1k1npwhxrppicxsf","time":1611995051,"event":{"mods":["BaseMod","Lobotomy","Luminous","Minty Spire (QoL Compilation)","Quick Restart","Relic Stats","StSLib","The Animator"],"gold_per_floor":[118,135,135,150,150,183,203,203,203,237,251,270,286,296,296,396,396,386,386,104,104,121,121,145,173,199,199,212,95,95,115,115,210,260,274,5,23,23,23,23],"floor_reached":39,"language":"ZHS","playtime":1541,"items_purged":[],"score":463,"play_id":"66fc0324-e6a3-48fb-9666-1459bfb9d23d","local_time":"20210130162411","is_ascension_mode":false,"campfire_choices":[{"floor":8,"key":"REST"},{"floor":15,"key":"RECALL"},{"floor":23,"key":"REST"},{"floor":27,"key":"REST"},{"floor":30,"key":"REST"},{"floor":32,"key":"REST"}],"circlet_count":0,"master_deck":["Strike_R","Strike_R","Strike_R+1","Strike_R","Strike_R","Defend_R+1","Defend_R","Defend_R","Defend_R","Bash","Infernal Blade","Fire Breathing","Combust","Blood for Blood","Twin Strike","Power Through","Shrug It Off","Ghostly Armor","Reaper","Fire Breathing","Berserk","Thunderclap+1","Metallicize+1","Ghostly Armor","Anger+1","Seeing Red","Disarm","Bludgeon","Shrug It Off","Thunderclap","Feed","Demon Form","Madness","Madness"],"relics":["Burning Blood","Juzu Bracelet","HornCleat","StoneCalendar","SlaversCollar","Matryoshka","Strawberry","Potion Belt","The Courier","MealTicket","Lantern","Bronze Scales","Tiny House","Eternal Feather"],"acts_visited":["Exordium","TheCity","TheBeyond"],"potions_floor_usage":[6,6,10,16,25,33,33,33,39],"damage_taken":[{"damage":6,"enemies":"Cultist","floor":1,"turns":3},{"damage":13,"enemies":"Jaw Worm","floor":2,"turns":3},{"damage":6,"enemies":"2 Louse","floor":4,"turns":3},{"damage":18,"enemies":"Lagavulin","floor":6,"turns":4},{"damage":4,"enemies":"Blue Slaver","floor":7,"turns":4},{"damage":1,"enemies":"Gremlin Nob","floor":10,"turns":2},{"damage":14,"enemies":"2 Fungi Beasts","floor":11,"turns":4},{"damage":14,"enemies":"Exordium Wildlife","floor":12,"turns":5},{"damage":13,"enemies":"3 Louse","floor":13,"turns":2},{"damage":5,"enemies":"Exordium Thugs","floor":14,"turns":5},{"damage":20,"enemies":"Hexaghost","floor":16,"turns":7},{"damage":18,"enemies":"2 Thieves","floor":18,"turns":4},{"damage":44,"enemies":"3 Byrds","floor":22,"turns":5},{"damage":81,"enemies":"Slavers","floor":25,"turns":5},{"damage":20,"enemies":"Snake Plant","floor":28,"turns":6},{"damage":24,"enemies":"Snecko","floor":31,"turns":5},{"damage":87,"enemies":"Automaton","floor":33,"turns":11},{"damage":30,"enemies":"3 Darklings","floor":35,"turns":7},{"damage":47,"enemies":"3 Shapes","floor":37,"turns":5},{"damage":48,"enemies":"3 Darklings","floor":39,"turns":2}],"seed_played":"8015585736998276688","potions_obtained":[{"floor":1,"key":"Strength Potion"},{"floor":2,"key":"DistilledChaos"},{"floor":6,"key":"Fire Potion"},{"floor":10,"key":"PowerPotion"},{"floor":12,"key":"PowerPotion"},{"floor":13,"key":"Dexterity Potion"},{"floor":18,"key":"Swift Potion"},{"floor":28,"key":"ColorlessPotion"},{"floor":34,"key":"Regen Potion"}],"is_trial":false,"path_per_floor":["M","M","T","M","?","E","M","R","T","E","M","M","M","M","R","B",null,"M","?","$","?","M","R","T","E","T","R","M","$","R","M","R","B",null,"M","$","M","?","M"],"character_chosen":"IRONCLAD","items_purchased":["Metallicize","Matryoshka","Bronze Scales","Feed","Eternal Feather"],"campfire_rested":5,"item_purchase_floors":[20,20,29,36,36],"current_hp_per_floor":[88,81,81,81,63,51,53,79,79,84,76,68,61,62,62,48,88,76,76,76,76,47,73,80,17,17,45,31,46,74,56,84,7,100,76,91,50,37,0,0],"gold":23,"neow_bonus":"TEN_PERCENT_HP_BONUS","is_daily":false,"chose_seed":false,"campfire_upgraded":0,"win_rate":0.0,"timestamp":1611995051,"path_taken":["M","M","?","M","?","E","M","R","T","E","M","M","M","M","R","BOSS","M","?","$","?","M","R","?","E","T","R","M","?","R","M","R","BOSS","M","$","M","?","M"],"items_purchased_type":["Card","Relic","Relic","Card","Relic"],"build_version":"2020-12-22","purchased_purges":0,"victory":false,"max_hp_per_floor":[88,88,88,88,88,88,88,88,88,88,88,88,88,88,88,88,88,88,88,88,88,88,88,95,95,95,95,95,95,95,95,95,95,100,100,100,100,100,100,100],"relic_stats":{"counters":[20,92],"Bronze Scales":[107],"StoneCalendar":[96],"MealTicket":30,"Eternal Feather":0,"Juzu Bracelet":1,"obtain_stats":[{"Potion Belt":24,"Lantern":26,"Tiny House":34,"StoneCalendar":10,"Eternal Feather":36,"The Courier":25,"Juzu Bracelet":3,"Burning Blood":0,"SlaversCollar":17,"HornCleat":6,"Matryoshka":20,"Strawberry":24,"Bronze Scales":29,"MealTicket":26},{"Potion Belt":13,"Lantern":14,"Tiny House":17,"StoneCalendar":6,"Eternal Feather":18,"The Courier":14,"Juzu Bracelet":2,"Burning Blood":0,"SlaversCollar":11,"HornCleat":4,"Matryoshka":12,"Strawberry":13,"Bronze Scales":15,"MealTicket":14},{"Potion Belt":51,"Lantern":56,"Tiny House":78,"StoneCalendar":19,"Eternal Feather":85,"The Courier":56,"Juzu Bracelet":6,"Burning Blood":0,"SlaversCollar":42,"HornCleat":13,"Matryoshka":46,"Strawberry":51,"Bronze Scales":62,"MealTicket":56}],"Burning Blood":114},"card_choices":[{"not_picked":["Shockwave","Searing Blow"],"picked":"Infernal Blade","floor":1},{"not_picked":["Battle Trance","Warcry"],"picked":"Fire Breathing","floor":2},{"not_picked":["Carnage","Thunderclap"],"picked":"Combust","floor":4},{"not_picked":["Infernal Blade","Bloodletting"],"picked":"Blood for Blood","floor":6},{"not_picked":["Flex","Entrench"],"picked":"Twin Strike","floor":7},{"not_picked":["Armaments","Flex"],"picked":"Power Through","floor":10},{"not_picked":["Perfected Strike","Rage"],"picked":"Shrug It Off","floor":11},{"not_picked":["Spot Weakness","Dual Wield"],"picked":"Ghostly Armor","floor":12},{"not_picked":["Shrug It Off","Cleave"],"picked":"Reaper","floor":13},{"not_picked":["Dropkick","Entrench"],"picked":"Fire Breathing","floor":14},{"not_picked":["Impervious","Offering"],"picked":"Berserk","floor":16},{"not_picked":["Wild Strike","Feel No Pain"],"picked":"Thunderclap+1","floor":18},{"not_picked":["Dark Embrace","True Grit"],"picked":"Ghostly Armor","floor":22},{"not_picked":["Intimidate","Headbutt+1"],"picked":"Anger+1","floor":25},{"not_picked":["Iron Wave","Intimidate"],"picked":"Seeing Red","floor":28},{"not_picked":["Feel No Pain","Heavy Blade+1"],"picked":"Disarm","floor":31},{"not_picked":["Brutality","Fiend Fire"],"picked":"Bludgeon","floor":33},{"not_picked":["Clash","Flex"],"picked":"Shrug It Off","floor":34},{"not_picked":["Dropkick","Second Wind+1"],"picked":"Thunderclap","floor":35},{"not_picked":["Clash","Pummel"],"picked":"Demon Form","floor":37}],"player_experience":525438,"relics_obtained":[{"floor":3,"key":"Juzu Bracelet"},{"floor":6,"key":"HornCleat"},{"floor":10,"key":"StoneCalendar"},{"floor":24,"key":"Strawberry"},{"floor":24,"key":"Potion Belt"},{"floor":25,"key":"The Courier"},{"floor":26,"key":"MealTicket"},{"floor":26,"key":"Lantern"}],"event_choices":[{"damage_healed":0,"gold_gain":0,"player_choice":"Entered Light","damage_taken":18,"max_hp_gain":0,"max_hp_loss":0,"event_name":"Shining Light","floor":5,"gold_loss":0,"cards_upgraded":["Defend_R","Strike_R"]},{"damage_healed":0,"gold_gain":0,"player_choice":"Ignored","damage_taken":0,"max_hp_gain":0,"max_hp_loss":0,"event_name":"Ghosts","floor":19,"gold_loss":0},{"damage_healed":0,"gold_gain":0,"player_choice":"Embrace Madness","damage_taken":13,"max_hp_gain":0,"max_hp_loss":0,"event_name":"Winding Halls","floor":38,"gold_loss":0,"cards_obtained":["Madness","Madness"]}],"is_beta":false,"boss_relics":[{"not_picked":["Sozu","Cursed Key"],"picked":"SlaversCollar"},{"not_picked":["Runic Dome","Snecko Eye"],"picked":"Tiny House"}],"items_purged_floors":[],"is_endless":false,"potions_floor_spawned":[1,2,6,10,12,13,18,22,28],"killed_by":"3 Darklings","ascension_level":0}}