{"host":"usru02jcpe2a942d","time":1611979835,"event":{"mods":["Act Like it!","BaseMod","Colored Powertips","GifTheSpireLib","Highlight Path","Hubris","Infinite Spire","Jedi Mod","Mari Mod (Legacy)","Mari\u0027s V1 Patch","Minty Spire (QoL Compilation)","MostiFishMod","Quick Restart","Relic Stats","RumiaBox-露米娅的神秘盒子","StSLib","noobMod","【遗物卡牌】REMEMod","篝火指南"],"gold_per_floor":[144,148,161,161,161,161,6,81,81,43,56,76,76,76,76,262,262,267,272,272],"floor_reached":19,"language":"ZHS","playtime":802,"items_purged":["MariMod:Mari_Strike"],"score":207,"play_id":"cace9e92-a5d6-4dc1-90c4-c9ef89f85da1","local_time":"20210130121035","is_ascension_mode":false,"campfire_choices":[{"data":"MostiFishMod:ElfcollectionBox","floor":6,"key":"SMITH"},{"data":"MariMod:Mari_Heavy_Price","floor":13,"key":"SMITH"},{"data":"MariMod:Mari_Flaunt","floor":15,"key":"SMITH"}],"circlet_count":0,"master_deck":["MariMod:Mari_Strike","MariMod:Mari_Strike","MariMod:Mari_Strike","MariMod:Mari_Strike","MariMod:Mari_Defend","MariMod:Mari_Defend","MariMod:Mari_Defend","MariMod:Mari_Defend","MariMod:Mari_Defend","MariMod:Mari_Reminisce","MariMod:Mari_Debut","MostiFishMod:ElfcollectionBox+1","MariMod:Mari_Awe","MariMod:Mari_Golden_Glint","MariMod:Mari_Flaunt+1","MariMod:Mari_The_Planisphere","MariMod:Mari_Dolphin_Strike","MariMod:Mari_Heavy_Price+1","MariMod:Mari_All_Or_Nothing"],"relics":["MariMod:MariTheSpark","DaveBox","ice","REME_ComplimentaryCards","MostiFishMod:Haymaker","SynthV:TestCard","Potion Belt","hubris:Icosahedron","Membership Card","Eternal Feather","SoulBox"],"acts_visited":["Exordium","TheCity"],"potions_floor_usage":[],"damage_taken":[{"damage":0.0,"enemies":"Cultist","floor":1.0,"turns":2.0},{"damage":9.0,"enemies":"Jaw Worm","floor":2.0,"turns":4.0},{"damage":5.0,"enemies":"Small Slimes","floor":3.0,"turns":3.0},{"damage":2,"enemies":"Looter","floor":11,"turns":2},{"damage":10,"enemies":"Exordium Wildlife","floor":12,"turns":2},{"damage":0,"enemies":"The Guardian","floor":16,"turns":2},{"damage":12,"enemies":"Shell Parasite","floor":18,"turns":4},{"damage":0,"enemies":"2 Thieves","floor":19,"turns":1}],"seed_played":"7820111838345766043","potions_obtained":[{"floor":3.0,"key":"ColorlessPotion"},{"floor":16,"key":"ColorlessPotion"}],"is_trial":false,"path_per_floor":["M","M","M","?","?","R","$","?","T","$","M","M","R","?","R","B",null,"M","M"],"character_chosen":"MARI","items_purchased":["Membership Card"],"campfire_rested":0,"item_purchase_floors":[7],"current_hp_per_floor":[79,70,65,65,65,65,65,57,57,57,55,45,54,59,68,68,84,76,76,76],"gold":272,"neow_bonus":"TEN_PERCENT_HP_BONUS","is_daily":false,"chose_seed":false,"campfire_upgraded":3,"win_rate":0.0,"timestamp":1611979835,"path_taken":["M","M","?","?","?","R","$","?","T","?","M","M","R","?","R","BOSS","M","M"],"items_purchased_type":["Relic"],"build_version":"2020-12-22","purchased_purges":1,"victory":false,"max_hp_per_floor":[79,79,79,79,79,79,79,79,79,79,79,79,79,84,84,84,84,84,84,84],"relic_stats":{"counters":[8,20],"Eternal Feather":18,"obtain_stats":[{"MariMod:MariTheSpark":0,"Potion Belt":4,"SynthV:TestCard":1,"hubris:Icosahedron":5,"DaveBox":0,"MostiFishMod:Haymaker":0,"Eternal Feather":9,"SoulBox":17,"ice":0,"Membership Card":7,"REME_ComplimentaryCards":0},{"MariMod:MariTheSpark":0,"Potion Belt":3,"SynthV:TestCard":1,"hubris:Icosahedron":3,"DaveBox":0,"MostiFishMod:Haymaker":0,"Eternal Feather":3,"SoulBox":6,"ice":0,"Membership Card":3,"REME_ComplimentaryCards":0},{"MariMod:MariTheSpark":0,"Potion Belt":9,"SynthV:TestCard":2,"hubris:Icosahedron":9,"DaveBox":0,"MostiFishMod:Haymaker":0,"Eternal Feather":9,"SoulBox":15,"ice":0,"Membership Card":9,"REME_ComplimentaryCards":0}]},"card_choices":[{"not_picked":["MariMod:Mari_Pent_Up_Emotions","MariMod:Mari_Second_Season"],"picked":"MariMod:Mari_Awe","floor":1.0},{"not_picked":["MariMod:Mari_Glow","MariMod:Mari_Lets_Go","MariMod:Mari_Fragile_Hope","MariMod:Mari_Excitement"],"picked":"MariMod:Mari_Golden_Glint","floor":2.0},{"not_picked":["MariMod:Mari_Overexertion","MariMod:Mari_Slap","MariMod:Mari_Expenses","MariMod:Mari_Glow"],"picked":"MariMod:Mari_Flaunt","floor":3.0},{"not_picked":["MariMod:Mari_Approved","MariMod:Mari_Shine","MariMod:Mari_Tea_Time","MariMod:Mari_Heavy_Metal"],"picked":"MariMod:Mari_The_Planisphere","floor":11},{"not_picked":["MariMod:Mari_Unveiled_Secret","MariMod:Mari_Reckless_Driving","MariMod:Mari_Pent_Up_Emotions","MariMod:Mari_The_Planisphere"],"picked":"MariMod:Mari_Dolphin_Strike","floor":11},{"not_picked":["MariMod:Mari_Reckless_Spending","MariMod:Mari_Grand_Scheme","MariMod:Mari_Wishing_Fountain","MariMod:Mari_Reckless_Driving"],"picked":"MariMod:Mari_Heavy_Price","floor":12},{"not_picked":["MariMod:Mari_Supervision","MariMod:Mari_Devilish_Assistant","MariMod:Mari_Higher_Ups","MariMod:Mari_Administrator_Privilege"],"picked":"MariMod:Mari_All_Or_Nothing","floor":16},{"not_picked":["MariMod:Mari_Expensive_Tastes","MariMod:Mari_The_HELICOPTER","MariMod:Mari_Collect_Thoughts","MariMod:Mari_Glimmer","MariMod:Mari_Character_Development"],"picked":"SKIP","floor":18},{"not_picked":["MariMod:Mari_zzz+1","MariMod:Mari_The_HELICOPTER","MariMod:Mari_Fragile_Hope","MariMod:Mari_Lock_On","MariMod:Mari_The_FLYING_CAR"],"picked":"SKIP","floor":18}],"player_experience":230329,"relics_obtained":[{"floor":1.0,"key":"SynthV:TestCard"},{"floor":4,"key":"Potion Belt"},{"floor":9,"key":"Eternal Feather"}],"event_choices":[{"damage_healed":0,"gold_gain":0,"player_choice":"Donut","damage_taken":0,"max_hp_gain":5,"max_hp_loss":0,"event_name":"Big Fish","floor":14,"gold_loss":0}],"is_beta":false,"boss_relics":[{"not_picked":["Tiny House","Cursed Key"],"picked":"SoulBox"}],"items_purged_floors":[10],"is_endless":false,"potions_floor_spawned":[3,16],"killed_by":"2 Thieves","ascension_level":0}}