{"host":"dprcptr190br6xbd","time":1611975752,"event":{"mods":["AchievementEnabler","BaseMod","Colored Map","Colored Powertips","Googly Eyes","Hubris","Minty Spire (QoL Compilation)","Permanent Neow","Quick Restart","Remilia??????","Replay The Spire","StSLib"],"gold_per_floor":[10109,10109,9482,9493,9493,9493,9511,9546,9572,9589,9620,8761,8784,8797,8797,8919,8919,8929,8929,8138,8153,7355,7355,7389,7419,7493,7504,7518,7518,7458,7503,7503,7603,7653,7672,7692,7692,7783,7127,7174,7174,7185,7209,7225,7241,6555,5927,6002,6002,6052],"floor_reached":51,"language":"ENG","playtime":3441,"items_purged":[],"score":1153,"play_id":"30f7705f-cd25-4558-b8f5-a8fedb8c62aa","local_time":"20210129210232","is_ascension_mode":false,"campfire_choices":[{"data":"LeisurelyOfLord","floor":6,"key":"SMITH"},{"data":"BatForm","floor":23,"key":"SMITH"},{"floor":29,"key":"REST"},{"data":"EquivalentExchange","floor":32,"key":"SMITH"},{"floor":41,"key":"REST"},{"data":"VampireFantasy","floor":49,"key":"SMITH"}],"circlet_count":0,"master_deck":["Strike_RM","Strike_RM","Strike_RM","Defend_RM","Defend_RM","Defend_RM","Defend_RM","RedMoon","ScarletShoot","NightDance+1","Stigmanizer","UnderTheZenith","LeisurelyOfLord+1","RedRainbow","ChainGang","DemonKingCradle","VampireKiss","FavorOfDestiny","VampireSweep+1","EmergencyRegeneration","VampireFantasy+1","CharismaGuard","DiffusionOfMisfortune","DiffusionOfMisfortune","VampireSweep","BadLadyScramble","EquivalentExchange+1","StarOfDavid+1","BombardNight","BlasphemousPunishment+1","ScarletDevil","Ultimatum","RedRainbow","FavorOfDestiny","UnstableMagic","ScarletDevilSign","BatForm+1","StarOfDavid","Armaments+1","PiercingWail+1","BloodyHallows","NightDance","KillingBlow","ScarletDevil+1","RedMagic","ScarletImprint","FitfulNightmare+1","BloodHunter","StarOfDavid","Demon Form+1"],"relics":["ScarletHat","Simple Rune","Replay:Baseball","ClockworkSouvenir","Pen Nib","hubris:ToyBattleship","Replay:Rubber Ducky","Peace Pipe","hubris:HerbalPaste","Replay:Mystery Machine","Bottled Lightning","Whetstone","SlaversCollar","GremlinMask","Gremlin Horn","Bird Faced Urn","PrismaticShard","Centennial Puzzle","Orrery","hubris:Spice","FairyMaid","Red Mask","Ornamental Fan","hubris:SlimyHat","Tiny House","Frozen Egg 2","Sundial","Pet Ghost","Oddly Smooth Stone","TheAbacus","Replay:Bandana","Shuriken","Happy Flower","HandDrill"],"acts_visited":["Exordium","TheCity","TheBeyond"],"potions_floor_usage":[11,50,50,50],"damage_taken":[{"damage":1,"enemies":"2 Louse","floor":1,"turns":3},{"damage":0,"enemies":"Jaw Worm","floor":4,"turns":1},{"damage":0,"enemies":"Cultist","floor":7,"turns":4},{"damage":13,"enemies":"Gremlin Nob","floor":8,"turns":4},{"damage":0,"enemies":"3 Louse","floor":10,"turns":2},{"damage":2,"enemies":"3 Sentries","floor":11,"turns":3},{"damage":7,"enemies":"Looter","floor":14,"turns":4},{"damage":26,"enemies":"The Guardian","floor":16,"turns":6},{"damage":0,"enemies":"Spheric Guardian","floor":18,"turns":4},{"damage":0,"enemies":"2 Thieves","floor":21,"turns":2},{"damage":0,"enemies":"Gremlin Leader","floor":24,"turns":3},{"damage":6,"enemies":"Masked Bandits","floor":25,"turns":4},{"damage":0,"enemies":"Centurion and Healer","floor":27,"turns":2},{"damage":6,"enemies":"Shelled Parasite and Fungi","floor":28,"turns":3},{"damage":2,"enemies":"Slavers","floor":31,"turns":6},{"damage":50,"enemies":"Pondfish","floor":33,"turns":4},{"damage":42,"enemies":"3 Darklings","floor":35,"turns":5},{"damage":0,"enemies":"Orb Walker","floor":36,"turns":2},{"damage":9,"enemies":"Giant Head","floor":40,"turns":6},{"damage":0,"enemies":"Transient","floor":42,"turns":1},{"damage":0,"enemies":"Sphere and 2 Shapes","floor":44,"turns":3},{"damage":0,"enemies":"4 Shapes","floor":45,"turns":2},{"damage":18,"enemies":"R_Hoarder","floor":48,"turns":4},{"damage":22,"enemies":"Replay:Hell Engine","floor":50,"turns":3}],"seed_played":"285329650855759513","potions_obtained":[{"floor":1,"key":"Toxic Potion"},{"floor":7,"key":"Death Potion"},{"floor":8,"key":"LiquidMemories"},{"floor":14,"key":"Strength Potion"},{"floor":28,"key":"DestinyDice"}],"is_trial":false,"path_per_floor":["M","?","$","M","?","R","M","E","T","M","E","$","T","M","R_BF","B",null,"M","?","$","M","$","R","E","?","T","M","M","R","?","E","R","B",null,"M","M","?","?","$","E","R","M","T","M","M","$","$","E","R","B",null],"character_chosen":"REMILIA","items_purchased":["UnderTheZenith","LeisurelyOfLord","Simple Rune","Replay:Baseball","ClockworkSouvenir","Explosive Potion","VampireSweep","EmergencyRegeneration","VampireFantasy","CharismaGuard","DiffusionOfMisfortune","hubris:HerbalPaste","Replay:Mystery Machine","Bottled Lightning","BombardNight","BlasphemousPunishment+1","Gremlin Horn","Bird Faced Urn","PrismaticShard","Ultimatum","RedRainbow","FavorOfDestiny","UnstableMagic","Centennial Puzzle","Orrery","hubris:Spice","KillingBlow","Frozen Egg 2","Sundial","hubris:Spice","TheAbacus","Replay:Bandana","ScarletImprint","FitfulNightmare+1","Shuriken","Happy Flower","HandDrill","BloodHunter","StarOfDavid"],"campfire_rested":2,"item_purchase_floors":[3,3,3,3,3,3,12,12,12,12,12,12,12,12,20,20,20,20,20,22,22,22,22,22,22,22,39,39,39,46,46,46,46,46,47,47,47,47,47],"current_hp_per_floor":[99,99,99,99,96,96,96,87,87,87,87,87,87,93,93,91,100,100,100,100,100,108,108,108,105,105,108,102,108,108,106,106,69,113,80,91,91,46,46,74,107,107,107,113,113,121,121,113,113,105],"gold":6052,"neow_bonus":"RANDOM_EVENT","is_daily":false,"chose_seed":false,"campfire_upgraded":4,"win_rate":0.0,"timestamp":1611975752,"path_taken":["M","?","$","M","?","R","M","E","T","M","E","$","?","M","R_BF","BOSS","M","?","?","M","$","R","E","?","T","M","M","R","?","E","R","BOSS","M","M","?","?","$","E","R","?","T","M","M","?","$","E","R","BOSS"],"items_purchased_type":["Card","Card","Relic","Relic","Relic","Potion","Card","Card","Card","Card","Card","Relic","Relic","Relic","Card","Card","Relic","Relic","Relic","Card","Card","Card","Card","Relic","Relic","Relic","Card","Relic","Relic","Relic","Relic","Relic","Card","Card","Relic","Relic","Relic","Card","Card"],"build_version":"2020-12-22","purchased_purges":0,"victory":true,"max_hp_per_floor":[100,100,100,100,100,100,100,100,100,100,100,100,100,100,100,100,100,100,100,100,100,108,108,108,108,108,108,108,108,108,108,108,108,113,113,113,113,113,113,113,113,113,113,113,113,121,121,113,113,113],"card_choices":[{"not_picked":["NightDance","BloodyTrap"],"picked":"Stigmanizer","floor":1},{"not_picked":["StarOfDavid","NightDance"],"picked":"RedRainbow","floor":4},{"not_picked":["VampireKiss","ScarletGensokyo"],"picked":"ChainGang","floor":7},{"not_picked":["BloodyCatastrophe","RedRainbow"],"picked":"DemonKingCradle","floor":8},{"not_picked":["StarOfDavid","ScarletDevil"],"picked":"VampireKiss","floor":10},{"not_picked":["DemonKingCradle","ScarletNetherworld"],"picked":"FavorOfDestiny","floor":11},{"not_picked":["VampireKiss","RedRainbow"],"picked":"VampireSweep","floor":14},{"not_picked":["BloodySeventeenLaser","HellCatastrophe"],"picked":"EquivalentExchange","floor":16},{"not_picked":["UnderTheZenith","CharismaGuard"],"picked":"StarOfDavid+1","floor":18},{"not_picked":["Rupture","Bouncing Flask+1"],"picked":"ScarletDevil","floor":21},{"not_picked":["HandOfGreed","Omniscience"],"picked":"ScarletDevilSign","floor":22},{"not_picked":["ClearTheMind+1","Beam Cell"],"picked":"BatForm","floor":22},{"not_picked":["Fire Breathing","CharismaGuard"],"picked":"StarOfDavid","floor":24},{"not_picked":["Dagger Spray","BasicCrystalCard+1"],"picked":"Armaments+1","floor":27},{"not_picked":["VampireSweep","FlurryOfBlows"],"picked":"PiercingWail+1","floor":28},{"not_picked":["All For One","FollowUp","Armaments"],"picked":"SKIP","floor":31},{"not_picked":["Echo Form","Replay:Bag of Tricks"],"picked":"BloodyHallows","floor":33},{"not_picked":["MastersStateliness","Replay:Undeath\u0027s Touch"],"picked":"NightDance","floor":34},{"not_picked":["WaveOfTheHand+1","EmptyFist+1","BowlingBash+1"],"picked":"SKIP","floor":35},{"not_picked":["Replay:BluntJabs+1","Poisoned Stab+1","ReplayGash"],"picked":"SKIP","floor":36},{"not_picked":["Poison Darts","Stack+1","Conserve Battery+1"],"picked":"SKIP","floor":40},{"not_picked":["FlurryOfBlows","Body Slam"],"picked":"ScarletDevil+1","floor":42},{"not_picked":["Headbutt+1","Replay:Parry+1","Sweeping Beam"],"picked":"SKIP","floor":44},{"not_picked":["Backstab+1","Panic Button"],"picked":"RedMagic","floor":45},{"not_picked":["ReplayTheSpireMod:LeadingStrike","Poisoned Strike"],"picked":"Demon Form+1","floor":48}],"player_experience":69333,"relics_obtained":[{"floor":8,"key":"hubris:ToyBattleship"},{"floor":9,"key":"Replay:Rubber Ducky"},{"floor":11,"key":"Peace Pipe"},{"floor":13,"key":"Whetstone"},{"floor":24,"key":"FairyMaid"},{"floor":25,"key":"Red Mask"},{"floor":26,"key":"Ornamental Fan"},{"floor":31,"key":"hubris:SlimyHat"},{"floor":40,"key":"Pet Ghost"},{"floor":43,"key":"Oddly Smooth Stone"},{"floor":48,"key":"hubris:Spice"}],"event_choices":[{"damage_healed":0,"gold_gain":0,"player_choice":"Ignored","damage_taken":0,"max_hp_gain":0,"max_hp_loss":0,"event_name":"Golden Idol","floor":2,"gold_loss":0},{"damage_healed":0,"gold_gain":0,"player_choice":"Success","damage_taken":3,"relics_obtained":["Pen Nib"],"max_hp_gain":0,"max_hp_loss":0,"event_name":"Scrap Ooze","floor":5,"gold_loss":0},{"damage_healed":0,"gold_gain":0,"player_choice":"Trade","damage_taken":0,"relics_obtained":["GremlinMask"],"max_hp_gain":0,"max_hp_loss":0,"event_name":"FaceTrader","floor":19,"gold_loss":0},{"damage_healed":0,"gold_gain":0,"player_choice":"Fought Bandits","damage_taken":0,"max_hp_gain":0,"max_hp_loss":0,"event_name":"Masked Bandits","floor":25,"gold_loss":0},{"damage_healed":0,"gold_gain":0,"player_choice":"Memory 1","damage_taken":0,"max_hp_gain":0,"max_hp_loss":0,"event_name":"SensoryStone","floor":37,"gold_loss":0}],"is_beta":false,"boss_relics":[{"not_picked":["Empty Cage","hubris:GrandSneckoEye"],"picked":"SlaversCollar"},{"not_picked":["Runic Pyramid","SacredBark"],"picked":"Tiny House"}],"items_purged_floors":[],"is_endless":false,"potions_floor_spawned":[1,7,8,16,24,25,28,31,33,35,40,44],"ascension_level":0}}