{"host":"dbb4fkd1j4jczim2","time":1611983961,"event":{"mods":["BaseMod","Downfall","Marisa????????","Minty Spire (QoL Compilation)","Permanent Neow","StSLib"],"gold_per_floor":[0,12,27,27,42,27,27,50,50,77,88,88,118,153,165,266,266,166,183,199,214,214,227,227,227,327,346,346,346,104,139,153,253,253,253,266,266,289,128,28,52,52,102,2,20,55,55,65,81,81,81,113,38,38,38,38,38,38],"floor_reached":56,"language":"ENG","playtime":2407,"items_purged":["downfall:Bewildered","bronze:ItsAFeature"],"score":905,"play_id":"60796137-21df-4e2e-a3ae-f43bb1d58a26","local_time":"20210129231921","is_ascension_mode":false,"campfire_choices":[{"data":"bronze:Goto","floor":1.0,"key":"SMITH"},{"data":"bronze:RecursiveStrike","floor":18.0,"key":"SMITH"},{"data":"bronze:Shield","floor":25.0,"key":"SMITH"},{"data":"bronze:BuggyMess","floor":28.0,"key":"SMITH"},{"floor":35.0,"key":"RECALL"},{"data":"bronze:Turbo","floor":40.0,"key":"SMITH"},{"data":"bronze:SpaghettiCode","floor":44.0,"key":"SMITH"},{"data":"bronze:Flail","floor":47.0,"key":"SMITH"},{"data":"bronze:ForceShield","floor":54,"key":"SMITH"}],"circlet_count":0,"master_deck":["bronze:Defend","bronze:Defend","bronze:Defend","bronze:Replicate+1","bronze:Goto+1","bronze:Turbo+1","bronze:ForceShield","bronze:Frontload+1","bronze:Repair+1","bronze:BuggyMess+1","bronze:Flail+1","bronze:DelayedSlice","bronze:Shield+1","bronze:InfiniteLoop","bronze:CutThrough","bronze:RecursiveStrike+1","bronze:Shield+1","bronze:Branch","bronze:Branch","downfall:Haunted","downfall:Haunted","Clumsy","bronze:SpaghettiCode+1","Writhe","Injury","bronze:ClassDefault","bronze:Verify","bronze:DelayedSlice","bronze:FollowUp","bronze:RecursiveStrike+1","bronze:DelayedSlice","bronze:DigitalCarnage+1","bronze:Assembly+1","bronze:Repulsor","Pain","bronze:Fortify+1","bronze:BuggyMess+1","bronze:Overload+1","bronze:FollowUp","bronze:ForceShield+1"],"relics":["bronze:BronzeCore","Bag of Marbles","Odd Mushroom","Shovel","Shuriken","Centennial Puzzle","Coffee Dripper","downfall:HeartBlessingGreen","CaptainsWheel","Du-Vu Doll","sneckomod:BabySnecko","Juzu Bracelet","bronze:MakeshiftBattery","Kunai","downfall:HeartBlessingRed","Dream Catcher","Bird Faced Urn","downfall:HeartBlessingBlue","Happy Flower","Pen Nib"],"acts_visited":["Exordium","TheCity","TheBeyond","TheEnding"],"potions_floor_usage":[],"damage_taken":[{"damage":1.0,"enemies":"2 Louse","floor":2.0,"turns":3.0},{"damage":0.0,"enemies":"Cultist","floor":3.0,"turns":5.0},{"damage":0.0,"enemies":"Jaw Worm","floor":5.0,"turns":3.0},{"damage":1.0,"enemies":"downfall:FleeingMerchant","floor":6.0,"turns":4.0},{"damage":9.0,"enemies":"The Mushroom Lair","floor":8.0,"turns":3.0},{"damage":45.0,"enemies":"Gremlin Nob","floor":10.0,"turns":6.0},{"damage":0.0,"enemies":"3 Louse","floor":11.0,"turns":2.0},{"damage":0.0,"enemies":"Lagavulin","floor":14.0,"turns":3.0},{"damage":0.0,"enemies":"Lots of Slimes","floor":15.0,"turns":2.0},{"damage":17.0,"enemies":"SI_SHIV_ARCHETYPE","floor":16.0,"turns":7.0},{"damage":0.0,"enemies":"Spheric Guardian","floor":19.0,"turns":2.0},{"damage":5.0,"enemies":"3 Cultists","floor":20.0,"turns":4.0},{"damage":0.0,"enemies":"Snecko","floor":21.0,"turns":2.0},{"damage":15.0,"enemies":"Snake Plant","floor":23.0,"turns":4.0},{"damage":0.0,"enemies":"Centurion and Healer","floor":27.0,"turns":4.0},{"damage":9.0,"enemies":"downfall:FleeingMerchant","floor":30.0,"turns":4.0},{"damage":3.0,"enemies":"Book of Stabbing","floor":31.0,"turns":4.0},{"damage":0.0,"enemies":"Sentry and Sphere","floor":32.0,"turns":3.0},{"damage":14.0,"enemies":"IC_MUSHROOM_ARCHETYPE","floor":33.0,"turns":3.0},{"damage":0.0,"enemies":"Orb Walker","floor":36.0,"turns":2.0},{"damage":0.0,"enemies":"downfall:FleeingMerchant","floor":39.0,"turns":4.0},{"damage":4.0,"enemies":"downfall:FleeingMerchant","floor":43.0,"turns":2.0},{"damage":0.0,"enemies":"3 Darklings","floor":45.0,"turns":2.0},{"damage":0.0,"enemies":"Reptomancer","floor":46.0,"turns":1.0},{"damage":0.0,"enemies":"Maw","floor":48.0,"turns":4.0},{"damage":0.0,"enemies":"Spire Growth","floor":49.0,"turns":2.0},{"damage":12,"enemies":"WA_ARCHETYPE_DIVINITY","floor":50,"turns":6},{"damage":11,"enemies":"downfall:CharBossMerchant","floor":52,"turns":3},{"damage":49,"enemies":"downfall:NeowBoss","floor":55,"turns":16},{"damage":45,"enemies":"downfall:NeowBossFinal","floor":56,"turns":5}],"seed_played":"362583310146112962","potions_obtained":[{"floor":3.0,"key":"EntropicBrew"},{"floor":10.0,"key":"Ancient Potion"},{"floor":11.0,"key":"DuplicationPotion"},{"floor":15.0,"key":"Energy Potion"},{"floor":16.0,"key":"bronze:FreeFunctionsPotion"},{"floor":31.0,"key":"SneckoOil"},{"floor":32.0,"key":"Block Potion"},{"floor":48.0,"key":"SmokeBomb"}],"is_trial":false,"path_per_floor":["R","M","M","?","M","$","T","?","?","E","M","?","?","E","M","B",null,"R","M","M","M","?","M","T","R","?","M","R","?","$","E","M","B",null,"R","M","?","T","$","R","T","?","?","R","M","E","R","M","M","B",null,"E","$","R","B","B"],"character_chosen":"THE_AUTOMATON","items_purchased":["bronze:Verify","bronze:Assembly","bronze:Repulsor","Kunai","bronze:ForceShield"],"campfire_rested":0,"item_purchase_floors":[30,39,39,39,53],"current_hp_per_floor":[70,69,69,69,69,69,69,70,70,28,38,38,38,48,58,51,70,70,70,65,65,65,55,55,55,60,60,60,60,51,48,48,44,75,75,75,75,75,75,75,75,75,71,81,81,81,81,85,85,77,85,74,74,74,41,0,0,0],"gold":38,"neow_bonus":"TRANSFORM_TWO_CARDS","is_daily":false,"chose_seed":false,"campfire_upgraded":8,"win_rate":0.0,"timestamp":1611983961,"path_taken":["R","M","M","?","?","$","T","?","?","E","?","?","?","E","M","BOSS","R","M","M","M","?","M","T","R","?","M","R","?","$","E","M","BOSS","R","M","?","?","$","R","T","?","?","R","M","E","R","M","M","BOSS","E","$","R","BOSS","BOSS"],"items_purchased_type":["Card","Card","Card","Relic","Card"],"build_version":"2020-12-22","purchased_purges":2,"victory":false,"max_hp_per_floor":[70,70,70,70,70,70,70,70,70,70,70,70,70,70,70,70,70,70,70,70,70,70,70,70,70,75,75,75,75,75,75,75,75,75,75,75,75,75,75,75,75,75,75,85,85,85,85,85,85,85,85,85,85,85,85,85,85,85],"card_choices":[{"not_picked":["bronze:Invalidate","bronze:Shield"],"picked":"bronze:Frontload","floor":2.0},{"not_picked":["bronze:GetLatest","bronze:WildBeam"],"picked":"bronze:Repair","floor":3.0},{"not_picked":["bronze:Overload","bronze:DarkDash"],"picked":"bronze:BuggyMess","floor":5.0},{"not_picked":["bronze:ItsAFeature","bronze:BitShift"],"picked":"bronze:Flail","floor":6.0},{"not_picked":["bronze:DelayedGuard","bronze:Optimize"],"picked":"bronze:DelayedSlice","floor":10.0},{"not_picked":["bronze:FineTuning","bronze:ItsAFeature"],"picked":"bronze:Shield","floor":11.0},{"not_picked":["bronze:DelayedGuard","bronze:BronzeOrb"],"picked":"bronze:DelayedSlice","floor":14.0},{"not_picked":["bronze:DelayedSlice","bronze:Invalidate"],"picked":"bronze:CutThrough","floor":15.0},{"not_picked":["bronze:SpaghettiCode","bronze:HyperBeam"],"picked":"bronze:RecursiveStrike","floor":16.0},{"not_picked":["bronze:CloningBeam","bronze:DarkDash"],"picked":"bronze:Shield+1","floor":19.0},{"not_picked":["bronze:ForLoop","bronze:WhirlingStrike"],"picked":"bronze:Branch","floor":20.0},{"not_picked":["bronze:Turbo+1","bronze:DelayedSlice+1"],"picked":"bronze:Branch","floor":21.0},{"not_picked":["bronze:Deprecate+1","bronze:WhirlingStrike","bronze:Branch+1"],"picked":"SKIP","floor":23.0},{"not_picked":["bronze:Optimize+1","bronze:BitShift"],"picked":"bronze:ItsAFeature","floor":27.0},{"not_picked":["bronze:OilSpill","bronze:BronzeArmor+1"],"picked":"bronze:ClassDefault","floor":30.0},{"not_picked":["bronze:Break","bronze:Turbo"],"picked":"bronze:DelayedSlice","floor":31.0},{"not_picked":["bronze:BitShift","bronze:OilSpill+1"],"picked":"bronze:FollowUp","floor":32.0},{"not_picked":["bronze:Mutator","bronze:Break"],"picked":"bronze:RecursiveStrike","floor":33.0},{"not_picked":["bronze:Philosophize+1","bronze:Shield+1"],"picked":"bronze:DelayedSlice","floor":36.0},{"not_picked":["bronze:NullPointer+1","bronze:ClassDefault+1"],"picked":"bronze:DigitalCarnage+1","floor":39.0},{"not_picked":["bronze:Philosophize","bronze:Deprecate+1"],"picked":"bronze:Fortify+1","floor":43.0},{"not_picked":["bronze:Turbo","bronze:Shield+1"],"picked":"bronze:BuggyMess+1","floor":45.0},{"not_picked":["bronze:NullPointer+1","bronze:WildBeam+1","bronze:ShipIt"],"picked":"SKIP","floor":46.0},{"not_picked":["bronze:Allocate+1","bronze:FineTuning"],"picked":"bronze:Overload+1","floor":48.0},{"not_picked":["bronze:CutThrough+1","bronze:Shield"],"picked":"bronze:FollowUp","floor":49.0},{"not_picked":["bronze:ForLoop+1","bronze:OilSpill+1","bronze:Safeguard"],"picked":"SKIP","floor":52}],"player_experience":321990,"relics_obtained":[{"floor":7.0,"key":"Bag of Marbles"},{"floor":8.0,"key":"Odd Mushroom"},{"floor":10.0,"key":"Shovel"},{"floor":14.0,"key":"Centennial Puzzle"},{"floor":24.0,"key":"CaptainsWheel"},{"floor":31.0,"key":"Juzu Bracelet"},{"floor":41.0,"key":"Dream Catcher"},{"floor":43.0,"key":"Bird Faced Urn"},{"floor":46.0,"key":"Happy Flower"},{"floor":52,"key":"Pen Nib"}],"event_choices":[{"damage_healed":0.0,"max_hp_gain":0.0,"max_hp_loss":0.0,"gold_gain":0.0,"event_name":"Mushrooms","player_choice":"Fought Mushrooms","floor":8.0,"gold_loss":0.0,"damage_taken":0.0},{"cards_removed":["bronze:DelayedSlice"],"damage_healed":0.0,"max_hp_gain":0.0,"max_hp_loss":0.0,"gold_gain":0.0,"event_name":"Falling","player_choice":"Removed Attack","floor":37.0,"gold_loss":0.0,"damage_taken":0.0}],"is_beta":false,"boss_relics":[{"not_picked":["Velvet Choker","Busted Crown"],"picked":"Coffee Dripper"},{"not_picked":["Fusion Hammer","SacredBark"],"picked":"bronze:MakeshiftBattery"}],"items_purged_floors":[30,39],"is_endless":false,"potions_floor_spawned":[3,10,11,15,16,31,32,36,45,48,52],"killed_by":"downfall:NeowBossFinal","ascension_level":0}}