{"host":"sp1f3sybb350mzsh","time":1611998293,"event":{"mods":["AchievementEnabler","BaseMod","Bestiary","Colored Map","Colored Powertips","Filter the Spire","Minty Spire (QoL Compilation)","Puzzle Mod","Relic Stats","StSLib"],"gold_per_floor":[112,125,136,4,24,24,199,231,231,7,38,38,58,58,58,157,157,177,210,135,150,170,203,203,118,118,138,40,55,55,89,89,194,194,207,207,34,34,54,54,87,99,99,137,149,161,161],"floor_reached":46,"language":"ENG","playtime":1882,"items_purged":["Doubt","Strike_B"],"score":528,"play_id":"a9e227a6-1da2-40ed-bc3a-c0630aee35b1","local_time":"20210130031813","is_ascension_mode":false,"campfire_choices":[{"data":"Sunder","floor":6.0,"key":"SMITH"},{"data":"Defragment","floor":12.0,"key":"SMITH"},{"floor":15.0,"key":"REST"},{"floor":24,"key":"REST"},{"floor":32,"key":"REST"},{"data":"Thunder Strike","floor":40,"key":"SMITH"}],"circlet_count":0,"master_deck":["Strike_B+1","Strike_B","Defend_B","Defend_B","Defend_B","Defend_B","Zap","Dualcast","Cold Snap","Melter","Sunder+1","Defragment+1","Leap","Ball Lightning","Sunder+1","Rebound+1","Skim","Thunder Strike+1","Reinforced Body+1","Static Discharge+1","Sweeping Beam+1","Steam+1","Storm+1","Redo+1","Turbo","Turbo+1","Loop+1","Creative AI+1","Self Repair+1","Melter","Discovery","Static Discharge+1","Cold Snap","Steam+1"],"relics":["Philosopher\u0027s Stone","Omamori","Strawberry","DollysMirror","Blue Candle","Calling Bell","Boot","Ornamental Fan","Lizard Tail","Red Mask","Bronze Scales","Matryoshka","Centennial Puzzle","Oddly Smooth Stone","Frozen Egg 2","SlaversCollar","PreservedInsect","Whetstone","MawBank","Happy Flower","Darkstone Periapt"],"acts_visited":["Exordium","TheCity","TheBeyond"],"potions_floor_usage":[19,23,31,33,33,41,45],"damage_taken":[{"damage":7.0,"enemies":"Jaw Worm","floor":1.0,"turns":3.0},{"damage":8.0,"enemies":"2 Louse","floor":2.0,"turns":3.0},{"damage":0.0,"enemies":"Small Slimes","floor":3.0,"turns":2.0},{"damage":11.0,"enemies":"Blue Slaver","floor":5.0,"turns":3.0},{"damage":13.0,"enemies":"Gremlin Nob","floor":8.0,"turns":4.0},{"damage":23.0,"enemies":"Lagavulin","floor":11.0,"turns":5.0},{"damage":11.0,"enemies":"Looter","floor":13.0,"turns":3.0},{"damage":13.0,"enemies":"Slime Boss","floor":16.0,"turns":7.0},{"damage":0.0,"enemies":"Spheric Guardian","floor":18.0,"turns":1.0},{"damage":21,"enemies":"Masked Bandits","floor":19,"turns":5},{"damage":11,"enemies":"3 Byrds","floor":21,"turns":5},{"damage":19,"enemies":"Cultist and Chosen","floor":22,"turns":5},{"damage":12,"enemies":"Book of Stabbing","floor":23,"turns":4},{"damage":12,"enemies":"Snake Plant","floor":27,"turns":4},{"damage":9,"enemies":"Centurion and Healer","floor":29,"turns":10},{"damage":21,"enemies":"Gremlin Leader","floor":31,"turns":6},{"damage":27,"enemies":"Collector","floor":33,"turns":7},{"damage":20,"enemies":"Orb Walker","floor":35,"turns":4},{"damage":9,"enemies":"3 Shapes","floor":39,"turns":4},{"damage":37,"enemies":"Reptomancer","floor":41,"turns":5},{"damage":37,"enemies":"Maw","floor":42,"turns":7},{"damage":40,"enemies":"Nemesis","floor":44,"turns":4},{"damage":0,"enemies":"4 Shapes","floor":45,"turns":1},{"damage":7,"enemies":"Writhing Mass","floor":46,"turns":2}],"seed_played":"-5581587208827062416","potions_obtained":[{"floor":3.0,"key":"Fire Potion"},{"floor":8.0,"key":"PowerPotion"},{"floor":13.0,"key":"Swift Potion"},{"floor":21,"key":"DuplicationPotion"},{"floor":29,"key":"Regen Potion"},{"floor":33,"key":"CultistPotion"},{"floor":42,"key":"Block Potion"},{"floor":44,"key":"SmokeBomb"}],"is_trial":false,"path_per_floor":["M","M","M","$","M","R","?","E","T","$","E","R","M","?","R","B",null,"M","?","?","M","M","E","R","?","T","M","$","M","$","E","R","B",null,"M","?","$","?","M","R","E","M","T","E","M","M"],"character_chosen":"DEFECT","items_purchased":["Defragment","SteroidPotion","DollysMirror","Turbo","Fire Potion","DistilledChaos"],"campfire_rested":3,"item_purchase_floors":[4,4,10,28,28,37],"current_hp_per_floor":[68,60,60,60,49,49,49,36,43,43,20,20,9,9,33,20,82,82,61,61,50,31,19,43,43,43,31,31,22,22,1,25,13,82,62,62,62,62,63,63,36,41,41,1,1,0,0],"gold":161,"neow_bonus":"BOSS_RELIC","is_daily":false,"chose_seed":false,"campfire_upgraded":3,"win_rate":0.0,"timestamp":1611998293,"path_taken":["M","M","M","$","M","R","?","E","T","$","E","R","M","?","R","BOSS","M","?","?","M","M","E","R","?","T","M","?","M","$","E","R","BOSS","M","?","?","?","?","R","E","M","T","E","M","?"],"items_purchased_type":["Card","Potion","Relic","Card","Potion","Potion"],"build_version":"2020-12-22","purchased_purges":2,"victory":false,"max_hp_per_floor":[75,75,75,75,75,75,75,75,82,82,82,82,82,82,82,82,82,82,82,82,82,82,82,82,82,82,82,82,82,82,82,82,82,82,82,82,82,82,82,82,82,82,82,82,82,82,82],"relic_stats":{"Darkstone Periapt":0,"Happy Flower":[2],"counters":[24,104],"Blue Candle":[0],"PreservedInsect":107,"Whetstone":["Strike_B","Rebound"],"Boot":[43],"MawBank":36,"Lizard Tail":41,"Centennial Puzzle":[27],"Ornamental Fan":[44],"Bronze Scales":[118],"obtain_stats":[{"Darkstone Periapt":44,"Happy Flower":43,"Blue Candle":11,"Oddly Smooth Stone":26,"PreservedInsect":36,"Omamori":8,"Whetstone":41,"Frozen Egg 2":31,"Boot":17,"MawBank":43,"Calling Bell":17,"SlaversCollar":34,"Lizard Tail":17,"Centennial Puzzle":26,"Matryoshka":25,"DollysMirror":10,"Ornamental Fan":17,"Strawberry":9,"Bronze Scales":23,"Philosopher\u0027s Stone":0,"Red Mask":19,"Cracked Core":0},{"Darkstone Periapt":22,"Happy Flower":21,"Blue Candle":6,"Oddly Smooth Stone":13,"PreservedInsect":18,"Omamori":5,"Whetstone":20,"Frozen Egg 2":16,"Boot":8,"MawBank":21,"Calling Bell":8,"SlaversCollar":17,"Lizard Tail":8,"Centennial Puzzle":13,"Matryoshka":13,"DollysMirror":5,"Ornamental Fan":8,"Strawberry":5,"Bronze Scales":13,"Philosopher\u0027s Stone":0,"Red Mask":10,"Cracked Core":0},{"Darkstone Periapt":101,"Happy Flower":97,"Blue Candle":20,"Oddly Smooth Stone":50,"PreservedInsect":81,"Omamori":15,"Whetstone":90,"Frozen Egg 2":70,"Boot":30,"MawBank":97,"Calling Bell":30,"SlaversCollar":77,"Lizard Tail":30,"Centennial Puzzle":50,"Matryoshka":50,"DollysMirror":15,"Ornamental Fan":30,"Strawberry":15,"Bronze Scales":50,"Philosopher\u0027s Stone":0,"Red Mask":36,"Cracked Core":0}]},"card_choices":[{"not_picked":["Leap","Fusion"],"picked":"Cold Snap","floor":1.0},{"not_picked":["Stack","Hologram"],"picked":"Melter","floor":2.0},{"not_picked":["Coolheaded","Chill"],"picked":"Sunder","floor":3.0},{"not_picked":["Compile Driver","Tempest"],"picked":"Leap","floor":5.0},{"not_picked":["Streamline","Compile Driver"],"picked":"Ball Lightning","floor":8.0},{"not_picked":["Barrage","Reboot"],"picked":"Rebound","floor":11.0},{"not_picked":["Redo","Double Energy"],"picked":"Skim","floor":13.0},{"not_picked":["Machine Learning","Core Surge"],"picked":"Thunder Strike","floor":16.0},{"not_picked":["Hello World","Beam Cell"],"picked":"Reinforced Body+1","floor":18.0},{"not_picked":["Compile Driver","Reinforced Body+1"],"picked":"Static Discharge+1","floor":19},{"not_picked":["Compile Driver","Hologram"],"picked":"Sweeping Beam+1","floor":21},{"not_picked":["Hologram","Hello World"],"picked":"Steam+1","floor":22},{"not_picked":["Scrape","White Noise+1"],"picked":"Storm+1","floor":23},{"not_picked":["Streamline","Sunder"],"picked":"Redo+1","floor":27},{"not_picked":["Hello World","Lockon"],"picked":"Turbo+1","floor":29},{"not_picked":["Barrage","Core Surge"],"picked":"Loop+1","floor":31},{"not_picked":["Machine Learning+1","Seek"],"picked":"Creative AI+1","floor":33},{"not_picked":["Force Field","Coolheaded"],"picked":"Self Repair+1","floor":35},{"not_picked":["FTL","Reprogram+1"],"picked":"Static Discharge+1","floor":39},{"not_picked":["Compile Driver+1","Turbo"],"picked":"Cold Snap","floor":41},{"not_picked":["Rebound+1","Hologram"],"picked":"Steam+1","floor":42},{"not_picked":["Gash","Doom and Gloom","Ball Lightning"],"picked":"SKIP","floor":44}],"player_experience":145901,"relics_obtained":[{"floor":8.0,"key":"Omamori"},{"floor":9.0,"key":"Strawberry"},{"floor":11.0,"key":"Blue Candle"},{"floor":17.0,"key":"Boot"},{"floor":17.0,"key":"Ornamental Fan"},{"floor":17.0,"key":"Lizard Tail"},{"floor":19,"key":"Red Mask"},{"floor":23,"key":"Bronze Scales"},{"floor":26,"key":"Centennial Puzzle"},{"floor":26,"key":"Oddly Smooth Stone"},{"floor":31,"key":"Frozen Egg 2"},{"floor":41,"key":"Whetstone"},{"floor":43,"key":"MawBank"},{"floor":43,"key":"Happy Flower"},{"floor":44,"key":"Darkstone Periapt"}],"event_choices":[{"damage_healed":0.0,"max_hp_gain":0.0,"max_hp_loss":0.0,"gold_gain":175.0,"event_name":"Liars Game","player_choice":"AGREE","floor":7.0,"gold_loss":0.0,"damage_taken":0.0,"cards_obtained":["Doubt"]},{"damage_healed":0.0,"max_hp_gain":0.0,"max_hp_loss":0.0,"gold_gain":0.0,"event_name":"Shining Light","player_choice":"Ignored","floor":14.0,"gold_loss":0.0,"damage_taken":0.0},{"damage_healed":0,"gold_gain":0,"player_choice":"Fought Bandits","damage_taken":0,"max_hp_gain":0,"max_hp_loss":0,"event_name":"Masked Bandits","floor":19,"gold_loss":0},{"cards_removed":["Strike_B"],"damage_healed":0,"gold_gain":0,"player_choice":"Gave Gold","damage_taken":0,"max_hp_gain":0,"max_hp_loss":0,"event_name":"Beggar","floor":20,"gold_loss":75},{"damage_healed":0,"gold_gain":0,"player_choice":"Obtained Relic","damage_taken":0,"relics_obtained":["Matryoshka"],"max_hp_gain":0,"max_hp_loss":0,"event_name":"Addict","floor":25,"gold_loss":85},{"damage_healed":0,"gold_gain":0,"player_choice":"Gave Potion","damage_taken":0,"relics_obtained":["PreservedInsect"],"max_hp_gain":0,"max_hp_loss":0,"event_name":"WeMeetAgain","floor":36,"gold_loss":0},{"damage_healed":0,"gold_gain":0,"player_choice":"2 cards matched","damage_taken":0,"max_hp_gain":0,"max_hp_loss":0,"event_name":"Match and Keep!","floor":38,"gold_loss":0,"cards_obtained":["Melter","Discovery"]}],"is_beta":false,"boss_relics":[{"not_picked":["Runic Dome","Cursed Key"],"picked":"Calling Bell"},{"not_picked":["Tiny House","Empty Cage"],"picked":"SlaversCollar"}],"items_purged_floors":[10,37],"is_endless":false,"potions_floor_spawned":[3,8,13,21,29,33,42,44],"killed_by":"Writhing Mass","ascension_level":0}}