{"host":"8ki4rp59nppvqwda","time":1611977812,"event":{"mods":["AlwaysNeverKeys","BaseMod","Hermit","Minty Spire (QoL Compilation)","Robot Space Explorer","SacredBarkPlus","StSLib","The Bug Knight","The Cursed","The Marked","The Necromancer","The Trickster"],"gold_per_floor":[111,111,111,61,79,79,91,91,143,143,218,218,230,249,249,346,346,361,361],"floor_reached":18,"language":"ENG","playtime":644,"items_purged":[],"score":152,"play_id":"4ee0d231-a34c-4cba-847a-a4767ca8b34b","local_time":"20210129223652","is_ascension_mode":false,"campfire_choices":[{"data":"theMarked:SoldierOfQuellstein","floor":6.0,"key":"SMITH"},{"data":"theMarked:Panic","floor":8.0,"key":"SMITH"},{"data":"theMarked:Overcharge","floor":10.0,"key":"SMITH"},{"data":"theMarked:Defend","floor":12.0,"key":"SMITH"},{"data":"theMarked:WardOff","floor":15,"key":"SMITH"}],"circlet_count":0,"master_deck":["theMarked:Strike","theMarked:Strike","theMarked:Strike","theMarked:Defend+1","theMarked:Defend+1","theMarked:Defend","theMarked:Defend+1","theMarked:SoldierOfQuellstein+1","theMarked:Panic+1","theMarked:Overcharge+1","theMarked:WardOff+1","theMarked:Defy"],"relics":["theMarked:ArtifactOfAir","War Paint","theMarked:Eyepatch"],"acts_visited":["Exordium","TheCity"],"potions_floor_usage":[14,16],"damage_taken":[{"damage":2.0,"enemies":"2 Louse","floor":1.0,"turns":3.0},{"damage":0.0,"enemies":"Cultist","floor":5.0,"turns":3.0},{"damage":0.0,"enemies":"Small Slimes","floor":7.0,"turns":2.0},{"damage":0.0,"enemies":"Looter","floor":13.0,"turns":2.0},{"damage":0,"enemies":"Large Slime","floor":14,"turns":4},{"damage":41,"enemies":"Slime Boss","floor":16,"turns":13},{"damage":19,"enemies":"Shell Parasite","floor":18,"turns":4}],"seed_played":"-5215837245091033250","potions_obtained":[{"floor":1.0,"key":"PowerPotion"},{"floor":13.0,"key":"Fruit Juice"},{"floor":16,"key":"Fire Potion"}],"is_trial":false,"path_per_floor":["M","?","$","?","M","R","M","R","T","R","?","R","M","M","R","B",null,"M"],"character_chosen":"THE_DEFAULT","items_purchased":[],"campfire_rested":0,"item_purchase_floors":[],"current_hp_per_floor":[68,70,70,70,70,70,70,70,70,70,59,59,59,64,64,23,75,56,56],"gold":361,"neow_bonus":"TRANSFORM_CARD","is_daily":false,"chose_seed":false,"campfire_upgraded":5,"win_rate":0.0,"timestamp":1611977812,"path_taken":["M","?","?","?","M","R","M","R","T","R","?","R","M","M","R","BOSS","M"],"items_purchased_type":[],"build_version":"2020-12-22","purchased_purges":0,"victory":false,"max_hp_per_floor":[70,70,70,70,70,70,70,70,70,70,70,70,70,75,75,75,75,75,75],"card_choices":[{"not_picked":["theMarked:Memento","theMarked:GodGivenPower"],"picked":"theMarked:Panic","floor":1.0},{"not_picked":["theMarked:Generate","theMarked:ChainLightning"],"picked":"theMarked:Overcharge","floor":5.0},{"not_picked":["theMarked:ResourceFulStrike","theMarked:Friction","theMarked:Frustration"],"picked":"SKIP","floor":7.0},{"not_picked":["theMarked:ElectricStrings","theMarked:TunnelVision"],"picked":"theMarked:WardOff","floor":13.0},{"not_picked":["theMarked:RepellingDischarge","theMarked:TwofoldDefense","theMarked:Convert"],"picked":"SKIP","floor":14},{"not_picked":["theMarked:Abjuration","theMarked:BindingBlade"],"picked":"theMarked:Defy","floor":16},{"not_picked":["theMarked:Aftermath","theMarked:GodGivenPower","theMarked:Standoff+1"],"picked":"SKIP","floor":18}],"player_experience":1270887,"relics_obtained":[{"floor":9.0,"key":"War Paint"}],"event_choices":[{"cards_removed":["theMarked:GodGivenPower"],"damage_healed":2.0,"max_hp_gain":0.0,"max_hp_loss":0.0,"gold_gain":0.0,"event_name":"Bonfire Elementals","player_choice":"Offered Uncommon","floor":2.0,"gold_loss":0.0,"damage_taken":0.0},{"cards_removed":["theMarked:Strike"],"damage_healed":0.0,"max_hp_gain":0.0,"max_hp_loss":0.0,"gold_gain":0.0,"event_name":"The Cleric","player_choice":"Card Removal","floor":4.0,"gold_loss":50.0,"damage_taken":0.0},{"damage_healed":0.0,"max_hp_gain":0.0,"max_hp_loss":0.0,"gold_gain":75.0,"event_name":"World of Goop","player_choice":"Gather Gold","floor":11.0,"gold_loss":0.0,"damage_taken":11.0}],"is_beta":false,"boss_relics":[{"not_picked":["Philosopher\u0027s Stone","SacredBark"],"picked":"theMarked:Eyepatch"}],"items_purged_floors":[],"is_endless":false,"potions_floor_spawned":[1,13,16],"killed_by":"Shell Parasite","ascension_level":0}}