{"host":"c6u7e77myxvw4d0m","time":1611994064,"event":{"mods":["AchievementEnabler","BaseMod","Bestiary","Colored Map","Colored Powertips","Minty Spire (QoL Compilation)","Rare Cards Sparkle","Relic Stats","everything is the same but u backflip on backflip"],"gold_per_floor":[210,226,301,301,321,321,337,337,360,390,402,3,35,54,54,131,131,148,162,162,162,180,180,180,180],"floor_reached":24,"language":"ENG","playtime":1478,"items_purged":["Strike_R"],"score":419,"play_id":"a84beb34-65fd-4d03-b909-87d9e83d98a1","local_time":"20210130100744","is_ascension_mode":true,"campfire_choices":[{"data":"Bash","floor":6.0,"key":"SMITH"},{"data":"Apotheosis","floor":15.0,"key":"SMITH"},{"floor":23,"key":"REST"}],"circlet_count":0,"master_deck":["AscendersBane","Strike_R","Strike_R","Strike_R","Defend_R","Defend_R","Defend_R","Defend_R","Bash+1","Cleave","Thunderclap","Warcry","Offering","Uppercut","Feel No Pain","Apotheosis+1","Dark Embrace","Rampage","Metallicize","Barricade","Pommel Strike+1"],"relics":["Burning Blood","PreservedInsect","Nunchaku","Bag of Marbles","Membership Card","Singing Bowl","Sozu","Nilry\u0027s Codex"],"acts_visited":["Exordium","TheCity"],"potions_floor_usage":[24],"damage_taken":[{"damage":6.0,"enemies":"Cultist","floor":1.0,"turns":3.0},{"damage":4.0,"enemies":"Jaw Worm","floor":2.0,"turns":4.0},{"damage":6.0,"enemies":"2 Louse","floor":5.0,"turns":3.0},{"damage":6.0,"enemies":"2 Fungi Beasts","floor":7.0,"turns":2.0},{"damage":36.0,"enemies":"Lagavulin","floor":10.0,"turns":7.0},{"damage":0.0,"enemies":"Exordium Wildlife","floor":11.0,"turns":3.0},{"damage":0.0,"enemies":"Gremlin Nob","floor":13.0,"turns":2.0},{"damage":4.0,"enemies":"Blue Slaver","floor":14.0,"turns":3.0},{"damage":9.0,"enemies":"The Guardian","floor":16.0,"turns":9.0},{"damage":20.0,"enemies":"3 Byrds","floor":18.0,"turns":6.0},{"damage":18.0,"enemies":"Spheric Guardian","floor":19.0,"turns":4.0},{"damage":13,"enemies":"Centurion and Healer","floor":22,"turns":10},{"damage":48,"enemies":"Book of Stabbing","floor":24,"turns":4}],"seed_played":"-2022873137668156555","potions_obtained":[{"floor":2.0,"key":"SpeedPotion"},{"floor":7.0,"key":"SteroidPotion"},{"floor":10.0,"key":"LiquidMemories"},{"floor":13.0,"key":"SteroidPotion"}],"is_trial":false,"path_per_floor":["M","M","?","?","M","R","M","?","T","E","M","$","E","M","R","B",null,"M","M","?","?","M","R","E"],"character_chosen":"IRONCLAD","items_purchased":["Membership Card","Apotheosis","Regen Potion","Dark Embrace","Rampage"],"campfire_rested":1,"item_purchase_floors":[12,12,12,12,12],"current_hp_per_floor":[68,70,59,54,54,54,54,54,54,24,30,30,36,40,40,52,71,59,47,47,26,21,45,0,0],"gold":180,"neow_bonus":"HUNDRED_GOLD","is_daily":false,"chose_seed":false,"campfire_upgraded":2,"win_rate":0.0,"timestamp":1611994064,"path_taken":["M","M","?","?","M","R","M","?","T","E","M","$","E","M","R","BOSS","M","M","?","?","M","R","E"],"items_purchased_type":["Relic","Card","Potion","Card","Card"],"build_version":"2020-12-22","purchased_purges":1,"victory":false,"max_hp_per_floor":[75,75,75,75,75,75,75,75,75,75,75,75,75,77,77,77,77,79,79,79,79,81,81,81,81],"relic_stats":{"Sozu":3,"Nunchaku":[8],"Singing Bowl":6,"counters":[13,60],"PreservedInsect":101,"obtain_stats":[{"Sozu":17,"Nunchaku":9,"Singing Bowl":13,"Nilry\u0027s Codex":21,"PreservedInsect":4,"Bag of Marbles":10,"Membership Card":12,"Burning Blood":0},{"Sozu":9,"Nunchaku":4,"Singing Bowl":7,"Nilry\u0027s Codex":11,"PreservedInsect":2,"Bag of Marbles":5,"Membership Card":6,"Burning Blood":0},{"Sozu":36,"Nunchaku":12,"Singing Bowl":24,"Nilry\u0027s Codex":46,"PreservedInsect":7,"Bag of Marbles":19,"Membership Card":22,"Burning Blood":0}],"Burning Blood":72},"card_choices":[{"not_picked":["Iron Wave","Havoc"],"picked":"Cleave","floor":1.0},{"not_picked":["Body Slam","Iron Wave"],"picked":"Thunderclap","floor":2.0},{"not_picked":["Thunderclap","Wild Strike"],"picked":"Warcry","floor":5.0},{"not_picked":["Wild Strike","Reckless Charge"],"picked":"Offering","floor":7.0},{"not_picked":["Havoc","Blood for Blood"],"picked":"Uppercut","floor":10.0},{"not_picked":["Searing Blow","Clash"],"picked":"Feel No Pain","floor":11.0},{"not_picked":["Combust","Uppercut"],"picked":"Metallicize","floor":13.0},{"not_picked":["Flex","Thunderclap","Twin Strike"],"picked":"Singing Bowl","floor":14.0},{"not_picked":["Limit Break","Berserk"],"picked":"Barricade","floor":16.0},{"not_picked":["Anger+1","Second Wind","Blood for Blood"],"picked":"Singing Bowl","floor":18.0},{"not_picked":["Cleave","Thunderclap"],"picked":"Pommel Strike+1","floor":19},{"not_picked":["Dark Embrace","True Grit","Cleave"],"picked":"Singing Bowl","floor":22}],"player_experience":556583,"relics_obtained":[{"floor":9.0,"key":"Nunchaku"},{"floor":10.0,"key":"Bag of Marbles"},{"floor":13.0,"key":"Singing Bowl"},{"floor":21,"key":"Nilry\u0027s Codex"}],"event_choices":[{"damage_healed":0.0,"max_hp_gain":0.0,"max_hp_loss":0.0,"gold_gain":75.0,"event_name":"World of Goop","player_choice":"Gather Gold","floor":3.0,"gold_loss":0.0,"damage_taken":11.0},{"damage_healed":0.0,"max_hp_gain":0.0,"max_hp_loss":0.0,"gold_gain":0.0,"event_name":"Scrap Ooze","player_choice":"Success","floor":4.0,"gold_loss":0.0,"damage_taken":5.0,"relics_obtained":["PreservedInsect"]},{"damage_healed":0.0,"max_hp_gain":0.0,"max_hp_loss":0.0,"gold_gain":0.0,"event_name":"Golden Idol","player_choice":"Ignored","floor":8.0,"gold_loss":0.0,"damage_taken":0.0},{"cards_removed":["Strike_R"],"damage_healed":0,"gold_gain":0,"player_choice":"Elegance","damage_taken":0,"max_hp_gain":0,"max_hp_loss":0,"event_name":"Back to Basics","floor":20,"gold_loss":0},{"damage_healed":0,"gold_gain":0,"player_choice":"Obtained Book","damage_taken":21,"max_hp_gain":0,"max_hp_loss":0,"event_name":"Cursed Tome","floor":21,"gold_loss":0}],"is_beta":false,"boss_relics":[{"not_picked":["Fusion Hammer","Black Star"],"picked":"Sozu"}],"items_purged_floors":[12],"is_endless":false,"potions_floor_spawned":[2,7,10,13,14,18,19,22],"killed_by":"Book of Stabbing","ascension_level":16}}