{"host":"takgv9cv6xf64vhq","time":1611989466,"event":{"mods":["BaseMod","Colored Powertips","Downfall","Hubris","LagranYue(拉格朗・月)","Marisa（F雨　魔理沙）","Minty Spire (QoL Compilation)","Replay The Spire","StSLib","The Animator","The Cursed","The Jungle","TheHeartMod"],"gold_per_floor":[112,17,192,192,192,224,224,234,234,252,265,265,279,279,189,286,286,299,349,399,399,399],"floor_reached":21,"language":"ZHS","playtime":784,"items_purged":[],"score":289,"play_id":"f7a85a1c-17df-471b-8b4d-662d9fe892e6","local_time":"20210130145106","is_ascension_mode":true,"campfire_choices":[{"data":"Panacea","floor":7,"key":"SMITH"}],"circlet_count":0,"master_deck":["Strike_B","Strike_B","Zap","Dualcast","ReplayTheSpireMod:System Scan","Panacea+1","Cold Snap","Chill","Chaos","Cold Snap","Core Surge+1","Machine Learning","theJungle:Gourd","theJungle:Gourd","theJungle:Gourd","theJungle:Gourd","theJungle:Gourd"],"relics":["Cracked Core","NeowsBlessing","War Paint","Spirit Poop","Bronze Scales","LagranYue:GuideDeadRelic","Blue Doll","SsserpentHead","Empty Cage","Shovel"],"acts_visited":["Exordium","Exordium"],"potions_floor_usage":[16,16,16],"damage_taken":[{"damage":0,"enemies":"Jaw Worm","floor":1,"turns":1},{"damage":0,"enemies":"3 Sentries","floor":6,"turns":1},{"damage":0,"enemies":"2 Louse","floor":8,"turns":1},{"damage":0,"enemies":"Small Slimes","floor":10,"turns":3},{"damage":15,"enemies":"Exordium Wildlife","floor":11,"turns":5},{"damage":9,"enemies":"3 Louse","floor":13,"turns":3},{"damage":0,"enemies":"Hexaghost","floor":16,"turns":13},{"damage":15,"enemies":"theJungle:Flameango_and_Byrd","floor":18,"turns":8},{"damage":46,"enemies":"theJungle:GiantWrat","floor":21,"turns":13}],"seed_played":"828422413369711129","potions_obtained":[{"floor":6,"key":"FocusPotion"},{"floor":8,"key":"Adrenaline Potion"},{"floor":10,"key":"Adrenaline Potion"}],"is_trial":false,"path_per_floor":["M","$","?","?","?","E","R","M","T","M","M","?","M","?","R","B",null,"M","?","?","M"],"character_chosen":"DEFECT","items_purchased":["Panacea"],"campfire_rested":0,"item_purchase_floors":[2],"current_hp_per_floor":[75,75,75,75,75,75,75,75,75,75,60,57,48,48,48,48,75,60,60,42,0,0],"gold":399,"neow_bonus":"THREE_ENEMY_KILL","is_daily":false,"chose_seed":false,"campfire_upgraded":1,"win_rate":0.0,"timestamp":1611989466,"path_taken":["M","$","?","?","?","E","R","M","T","M","?","?","M","?","R","BOSS","M","?","?","M"],"items_purchased_type":["Card"],"build_version":"2020-12-22","purchased_purges":0,"victory":false,"max_hp_per_floor":[75,75,75,75,75,75,75,75,75,75,75,75,75,75,75,75,75,75,75,75,75,75],"card_choices":[{"not_picked":["Leap","Stack"],"picked":"ReplayTheSpireMod:System Scan","floor":1},{"not_picked":["Doom and Gloom","Sweeping Beam"],"picked":"Cold Snap","floor":6},{"not_picked":["Double Energy","Conserve Battery"],"picked":"Chill","floor":8},{"not_picked":["Coolheaded","Rebound"],"picked":"Chaos","floor":10},{"not_picked":["Streamline","Conserve Battery"],"picked":"Cold Snap","floor":11},{"not_picked":["Rebound","Redo"],"picked":"Core Surge","floor":13},{"not_picked":["All For One","hubris:SpecializedCircuitry"],"picked":"Machine Learning","floor":16},{"not_picked":["Gash","ReplaySolidLightProjector+1","Genetic Algorithm"],"picked":"SKIP","floor":18}],"player_experience":221417,"relics_obtained":[{"floor":6,"key":"Bronze Scales"},{"floor":9,"key":"LagranYue:GuideDeadRelic"}],"event_choices":[{"damage_healed":0,"gold_gain":175,"player_choice":"AGREE","damage_taken":0,"max_hp_gain":0,"max_hp_loss":0,"event_name":"Liars Game","floor":3,"gold_loss":0,"cards_obtained":["Doubt"]},{"damage_healed":0,"gold_gain":0,"player_choice":"Box","damage_taken":0,"relics_obtained":["War Paint"],"max_hp_gain":0,"max_hp_loss":0,"event_name":"Big Fish","floor":4,"gold_loss":0,"cards_obtained":["Regret"]},{"cards_removed":["Regret"],"damage_healed":0,"gold_gain":0,"player_choice":"Offered Curse","damage_taken":0,"relics_obtained":["Spirit Poop"],"max_hp_gain":0,"max_hp_loss":0,"event_name":"Bonfire Elementals","floor":5,"gold_loss":0},{"damage_healed":0,"gold_gain":0,"player_choice":"Success","damage_taken":3,"relics_obtained":["Blue Doll"],"max_hp_gain":0,"max_hp_loss":0,"event_name":"Scrap Ooze","floor":12,"gold_loss":0},{"damage_healed":0,"gold_gain":0,"player_choice":"Trade","damage_taken":0,"relics_obtained":["SsserpentHead"],"max_hp_gain":0,"max_hp_loss":0,"event_name":"FaceTrader","floor":14,"gold_loss":0},{"cards_removed":["Doubt"],"damage_healed":0,"gold_gain":0,"player_choice":"Upgrade and Remove","damage_taken":0,"max_hp_gain":0,"max_hp_loss":0,"event_name":"Designer","floor":15,"gold_loss":90,"cards_upgraded":["Core Surge"]}],"is_beta":false,"boss_relics":[{"not_picked":["hubris:BlackHole","hubris:HollowSoul"],"picked":"Empty Cage"}],"items_purged_floors":[],"is_endless":false,"potions_floor_spawned":[6,8,10,13],"killed_by":"theJungle:GiantWrat","ascension_level":1}}