{"host":"yn8qackkbxgt4nh1","time":1611967353,"event":{"mods":["BaseMod","Colored Map","Colored Powertips","DeckTracker","Minty Spire (QoL Compilation)","SuperFastMode"],"gold_per_floor":[110,120,139,157,173,201,201,229,255,267,282,307,307,340,340,417,417,427,438,438,310,327,51,51,67,92,119,134,134,134,154,154,229,229,247,260,77,0,0,0],"floor_reached":39,"language":"KOR","playtime":1917,"items_purged":["Strike_R","Strike_R","Strike_R"],"score":808,"play_id":"3f4b6e84-fcd7-4a00-8b67-dd8149e546b0","local_time":"20210130094233","is_ascension_mode":true,"campfire_choices":[{"floor":7.0,"key":"REST"},{"floor":13.0,"key":"REST"},{"data":"Apotheosis","floor":15.0,"key":"SMITH"},{"floor":30.0,"key":"REST"},{"data":"Pommel Strike","floor":32.0,"key":"SMITH"}],"circlet_count":0,"master_deck":["AscendersBane","Strike_R","Defend_R","Defend_R","Defend_R","Defend_R","Bash","Apotheosis+1","Cleave","Clothesline","Uppercut","Flame Barrier","Demon Form","Twin Strike","Sword Boomerang","Shrug It Off","Pommel Strike+1","Feed","Heavy Blade","Feel No Pain+1","Reckless Charge","Shrug It Off"],"relics":["Burning Blood","Blood Vial","Bag of Marbles","Bronze Scales","Odd Mushroom","Lantern","Philosopher\u0027s Stone","Enchiridion","Centennial Puzzle","Nunchaku","Champion Belt","Fusion Hammer","Red Mask"],"acts_visited":["Exordium","TheCity","TheBeyond"],"potions_floor_usage":[],"damage_taken":[{"damage":0.0,"enemies":"Cultist","floor":1.0,"turns":3.0},{"damage":2.0,"enemies":"2 Louse","floor":2.0,"turns":4.0},{"damage":11.0,"enemies":"Jaw Worm","floor":3.0,"turns":4.0},{"damage":13.0,"enemies":"Exordium Wildlife","floor":4.0,"turns":4.0},{"damage":6.0,"enemies":"Lots of Slimes","floor":5.0,"turns":3.0},{"damage":36.0,"enemies":"3 Sentries","floor":6.0,"turns":8.0},{"damage":44.0,"enemies":"Lagavulin","floor":8.0,"turns":9.0},{"damage":6.0,"enemies":"3 Louse","floor":10.0,"turns":1.0},{"damage":6.0,"enemies":"Red Slaver","floor":11.0,"turns":3.0},{"damage":9.0,"enemies":"The Mushroom Lair","floor":12.0,"turns":3.0},{"damage":23.0,"enemies":"Gremlin Nob","floor":14.0,"turns":4.0},{"damage":18.0,"enemies":"Slime Boss","floor":16.0,"turns":8.0},{"damage":7.0,"enemies":"Chosen","floor":18.0,"turns":3.0},{"damage":20.0,"enemies":"2 Thieves","floor":19.0,"turns":4.0},{"damage":13.0,"enemies":"Snake Plant","floor":22.0,"turns":4.0},{"damage":11.0,"enemies":"Cultist and Chosen","floor":25.0,"turns":6.0},{"damage":13.0,"enemies":"Slavers","floor":27.0,"turns":5.0},{"damage":8.0,"enemies":"3 Cultists","floor":28.0,"turns":4.0},{"damage":11.0,"enemies":"Centurion and Healer","floor":31.0,"turns":5.0},{"damage":15.0,"enemies":"Champ","floor":33.0,"turns":8.0},{"damage":30.0,"enemies":"3 Darklings","floor":35.0,"turns":6.0},{"damage":14.0,"enemies":"3 Shapes","floor":36.0,"turns":6.0},{"damage":46,"enemies":"2 Orb Walkers","floor":39,"turns":3}],"seed_played":"-2570926201178220997","potions_obtained":[{"floor":3.0,"key":"Explosive Potion"},{"floor":4.0,"key":"BlessingOfTheForge"},{"floor":5.0,"key":"HeartOfIron"},{"floor":10.0,"key":"SneckoOil"},{"floor":11.0,"key":"Swift Potion"},{"floor":12.0,"key":"Energy Potion"},{"floor":18.0,"key":"Dexterity Potion"},{"floor":22.0,"key":"Explosive Potion"},{"floor":33.0,"key":"AttackPotion"}],"is_trial":false,"path_per_floor":["M","M","M","M","M","E","R","E","T","M","M","?","R","E","R","B",null,"M","M","?","$","M","$","?","M","T","E","M","?","R","M","R","B",null,"M","M","$","?","?"],"character_chosen":"IRONCLAD","items_purchased":["Shrug It Off","Feed","Shrug It Off"],"campfire_rested":3,"item_purchase_floors":[21,23,37],"current_hp_per_floor":[68,68,63,56,56,26,46,10,10,12,14,13,33,18,18,8,53,54,42,21,21,16,16,16,16,16,11,11,11,32,33,33,26,63,45,43,43,43,0,0],"gold":0,"neow_bonus":"RANDOM_COLORLESS_2","is_daily":false,"chose_seed":false,"campfire_upgraded":2,"win_rate":0.0,"timestamp":1611967353,"path_taken":["M","M","M","?","M","E","R","E","T","M","M","?","R","E","R","BOSS","M","M","?","$","M","$","?","?","T","E","M","?","R","M","R","BOSS","M","M","$","?","?"],"items_purchased_type":["Card","Card","Card"],"build_version":"2020-12-22","purchased_purges":3,"victory":false,"max_hp_per_floor":[68,68,68,68,68,68,68,68,68,68,68,68,68,68,68,68,68,68,68,68,68,68,68,68,71,71,71,71,71,71,75,75,75,75,79,83,83,83,83,83],"card_choices":[{"not_picked":["Chrysalis","HandOfGreed"],"picked":"Apotheosis","floor":0.0},{"not_picked":["Second Wind","Dual Wield","Rage"],"picked":"SKIP","floor":1.0},{"not_picked":["Flex","Pummel"],"picked":"Cleave","floor":2.0},{"not_picked":["Wild Strike","Infernal Blade"],"picked":"Clothesline","floor":3.0},{"not_picked":["Clothesline","Body Slam","Combust"],"picked":"SKIP","floor":4.0},{"not_picked":["Dropkick","Clothesline","Hemokinesis"],"picked":"SKIP","floor":5.0},{"not_picked":["Dual Wield","Sever Soul","Entrench"],"picked":"SKIP","floor":6.0},{"not_picked":["Thunderclap","Warcry","Flex"],"picked":"SKIP","floor":8.0},{"not_picked":["Headbutt","Battle Trance"],"picked":"Uppercut","floor":10.0},{"not_picked":["Sentinel","Clash","Wild Strike"],"picked":"SKIP","floor":11.0},{"not_picked":["Pommel Strike","Whirlwind"],"picked":"Flame Barrier","floor":12.0},{"not_picked":["Brutality","Infernal Blade","Searing Blow"],"picked":"SKIP","floor":14.0},{"not_picked":["Corruption","Fiend Fire"],"picked":"Demon Form","floor":16.0},{"not_picked":["Flame Barrier+1","Thunderclap"],"picked":"Twin Strike","floor":18.0},{"not_picked":["Searing Blow","Intimidate"],"picked":"Sword Boomerang","floor":19.0},{"not_picked":["Thunderclap","Perfected Strike"],"picked":"Pommel Strike","floor":22.0},{"not_picked":["Thunderclap","Warcry","Cleave"],"picked":"SKIP","floor":25.0},{"not_picked":["Metallicize","Hemokinesis"],"picked":"Heavy Blade","floor":27.0},{"not_picked":["Entrench","Bludgeon"],"picked":"Feel No Pain+1","floor":28.0},{"not_picked":["Wild Strike+1","Heavy Blade","Dropkick"],"picked":"SKIP","floor":31.0},{"not_picked":["Anger","Disarm","Wild Strike"],"picked":"SKIP","floor":35.0},{"not_picked":["Twin Strike","Intimidate","Shockwave+1"],"picked":"SKIP","floor":36.0}],"player_experience":705863,"relics_obtained":[{"floor":6.0,"key":"Blood Vial"},{"floor":8.0,"key":"Bag of Marbles"},{"floor":9.0,"key":"Bronze Scales"},{"floor":12.0,"key":"Odd Mushroom"},{"floor":14.0,"key":"Lantern"},{"floor":20.0,"key":"Enchiridion"},{"floor":26.0,"key":"Nunchaku"},{"floor":27.0,"key":"Champion Belt"}],"event_choices":[{"damage_healed":0.0,"max_hp_gain":0.0,"max_hp_loss":0.0,"gold_gain":0.0,"event_name":"Mushrooms","player_choice":"Fought Mushrooms","floor":12.0,"gold_loss":0.0,"damage_taken":0.0},{"damage_healed":0.0,"max_hp_gain":0.0,"max_hp_loss":0.0,"gold_gain":0.0,"event_name":"Cursed Tome","player_choice":"Obtained Book","floor":20.0,"gold_loss":0.0,"damage_taken":21.0},{"damage_healed":0.0,"max_hp_gain":0.0,"max_hp_loss":0.0,"gold_gain":0.0,"event_name":"WeMeetAgain","player_choice":"Gave Potion","floor":24.0,"gold_loss":0.0,"damage_taken":0.0,"relics_obtained":["Centennial Puzzle"]},{"damage_healed":0.0,"max_hp_gain":0.0,"max_hp_loss":0.0,"gold_gain":0.0,"cards_transformed":["Strike_R"],"event_name":"Transmorgrifier","player_choice":"Transformed","floor":29.0,"gold_loss":0.0,"damage_taken":0.0,"cards_obtained":["Reckless Charge"]},{"damage_healed":0.0,"max_hp_gain":0.0,"max_hp_loss":0.0,"gold_gain":0.0,"event_name":"Tomb of Lord Red Mask","player_choice":"Paid","floor":38.0,"gold_loss":77.0,"damage_taken":0.0,"relics_obtained":["Red Mask"]},{"damage_healed":0,"gold_gain":0,"player_choice":"Fight","damage_taken":0,"max_hp_gain":0,"max_hp_loss":0,"event_name":"Mysterious Sphere","floor":39,"gold_loss":0}],"is_beta":false,"boss_relics":[{"not_picked":["Tiny House","Calling Bell"],"picked":"Philosopher\u0027s Stone"},{"not_picked":["SacredBark","Mark of Pain"],"picked":"Fusion Hammer"}],"items_purged_floors":[21,23,37],"is_endless":false,"potions_floor_spawned":[3,4,5,10,11,12,18,22,33],"killed_by":"2 Orb Walkers","ascension_level":18}}