{"host":"k85tjwrh7mjrrc9a","time":1611975242,"event":{"mods":["AchievementEnabler","BaseMod","Colored Powertips","Highlight Path","Minty Spire (QoL Compilation)","Rare Cards Sparkle","StSLib"],"gold_per_floor":[115,89,89,108,108,108,151,187,269,305,333,369,456,468,480,492,492],"floor_reached":16,"language":"ENG","playtime":566,"items_purged":[],"score":184,"play_id":"5d60ec1e-8799-457d-be0a-a4f08085f597","local_time":"20210129215402","is_ascension_mode":true,"campfire_choices":[{"data":"Bash","floor":6,"key":"SMITH"},{"floor":15,"key":"REST"}],"circlet_count":0,"master_deck":["AscendersBane","Strike_R","Strike_R","Strike_R","Strike_R","Strike_R","Defend_R","Defend_R","Defend_R","Defend_R","Bash+1","Pommel Strike","True Grit+1","Headbutt","Injury","Twin Strike","Heavy Blade","Clothesline","Shockwave","Body Slam"],"relics":["Burning Blood","MealTicket","Golden Idol","MawBank","Letter Opener"],"acts_visited":["Exordium"],"potions_floor_usage":[16],"damage_taken":[{"damage":8,"enemies":"Jaw Worm","floor":1,"turns":5},{"damage":0,"enemies":"Small Slimes","floor":4,"turns":4},{"damage":39,"enemies":"3 Sentries","floor":7,"turns":11},{"damage":6,"enemies":"Cultist","floor":8,"turns":3},{"damage":13,"enemies":"Red Slaver","floor":10,"turns":5},{"damage":14,"enemies":"2 Fungi Beasts","floor":11,"turns":4},{"damage":15,"enemies":"3 Louse","floor":12,"turns":3},{"damage":31,"enemies":"Hexaghost","floor":16,"turns":10}],"seed_played":"-193617917911651889","potions_obtained":[{"floor":4,"key":"Strength Potion"},{"floor":7,"key":"EssenceOfSteel"},{"floor":10,"key":"SpeedPotion"}],"is_trial":false,"path_per_floor":["M","$","?","M","?","R","E","M","T","M","M","M","?","?","R","B"],"character_chosen":"IRONCLAD","items_purchased":["True Grit"],"campfire_rested":1,"item_purchase_floors":[2],"current_hp_per_floor":[66,75,75,75,75,75,42,42,42,35,27,18,7,7,29,0,0],"gold":492,"neow_bonus":"RANDOM_COMMON_RELIC","is_daily":false,"chose_seed":false,"campfire_upgraded":1,"win_rate":0.0,"timestamp":1611975242,"path_taken":["M","$","?","M","?","R","E","M","T","M","M","?","?","?","R","BOSS"],"items_purchased_type":["Card"],"build_version":"2020-12-22","purchased_purges":0,"victory":false,"max_hp_per_floor":[75,75,75,75,75,75,75,75,75,75,75,75,75,75,75,75,75],"card_choices":[{"not_picked":["True Grit","Headbutt"],"picked":"Pommel Strike","floor":1},{"not_picked":["Clothesline","Combust"],"picked":"Headbutt","floor":4},{"not_picked":["Carnage","Sentinel"],"picked":"Twin Strike","floor":7},{"not_picked":["Dropkick","Warcry"],"picked":"Heavy Blade","floor":8},{"not_picked":["Second Wind","Clash"],"picked":"Clothesline","floor":10},{"not_picked":["Heavy Blade","Rupture"],"picked":"Shockwave","floor":11},{"not_picked":["Dropkick","Sword Boomerang"],"picked":"Body Slam","floor":12}],"player_experience":239808,"relics_obtained":[{"floor":7,"key":"MawBank"},{"floor":9,"key":"Letter Opener"}],"event_choices":[{"damage_healed":0,"gold_gain":0,"player_choice":"Grow","damage_taken":0,"max_hp_gain":0,"max_hp_loss":0,"event_name":"Living Wall","floor":3,"gold_loss":0,"cards_upgraded":["True Grit"]},{"damage_healed":0,"gold_gain":0,"player_choice":"Take Wound","damage_taken":0,"relics_obtained":["Golden Idol"],"max_hp_gain":0,"max_hp_loss":0,"event_name":"Golden Idol","floor":5,"gold_loss":0,"cards_obtained":["Injury"]},{"damage_healed":0,"gold_gain":75,"player_choice":"Gather Gold","damage_taken":11,"max_hp_gain":0,"max_hp_loss":0,"event_name":"World of Goop","floor":13,"gold_loss":0},{"damage_healed":0,"gold_gain":0,"player_choice":"Ignored","damage_taken":0,"max_hp_gain":0,"max_hp_loss":0,"event_name":"Liars Game","floor":14,"gold_loss":0}],"is_beta":false,"boss_relics":[],"items_purged_floors":[],"is_endless":false,"potions_floor_spawned":[4,7,10,11],"killed_by":"Hexaghost","ascension_level":16}}