{"host":"n4f6h2mlrt4e12he","time":1611975236,"event":{"mods":["2.2 Compatiblity","AchievementEnabler","BaseMod","Colored Map","Highlight Path","Hubris","Minty Spire (QoL Compilation)","Shop Mod","StSLib"],"gold_per_floor":[113,4,4,16,16,16,91,129,129,29,29,29,62,83,83,209,209,227,227,142,102,102,102,102,102],"floor_reached":24,"language":"ENG","playtime":1228,"items_purged":["Strike_G","Injury"],"score":267,"play_id":"414a17fe-6256-40ba-8ea1-2c721216a028","local_time":"20210129215356","is_ascension_mode":true,"campfire_choices":[{"data":"Dagger Spray","floor":6,"key":"SMITH"},{"floor":11,"key":"REST"},{"floor":15,"key":"REST"},{"data":"Adrenaline","floor":23,"key":"SMITH"}],"circlet_count":0,"master_deck":["Strike_G","Strike_G","Strike_G","Strike_G","Defend_G","Defend_G","Defend_G","Defend_G","Survivor","Neutralize","Dagger Spray+1","Infinite Blades","Poisoned Stab","Flying Knee","Dagger Throw","Adrenaline+1","Backflip","Burst","Bane+1","Blur"],"relics":["SacredBark","Bloody Idol","hubris:DisguiseKit","hubris:CrystalStatue","Ninja Scroll","Cursed Key","hubris:Towel","Calipers"],"acts_visited":["Exordium","TheCity"],"potions_floor_usage":[8,16,16,24],"damage_taken":[{"damage":2,"enemies":"Jaw Worm","floor":1,"turns":7},{"damage":2,"enemies":"2 Louse","floor":4,"turns":3},{"damage":24,"enemies":"Lagavulin","floor":8,"turns":8},{"damage":17,"enemies":"3 Sentries","floor":13,"turns":6},{"damage":0,"enemies":"Cultist","floor":14,"turns":2},{"damage":10,"enemies":"The Guardian","floor":16,"turns":9},{"damage":10,"enemies":"Spheric Guardian","floor":18,"turns":4},{"damage":58,"enemies":"Book of Stabbing","floor":24,"turns":6}],"seed_played":"-9210393166000930373","potions_obtained":[{"floor":4,"key":"SpeedPotion"},{"floor":13,"key":"CunningPotion"},{"floor":14,"key":"Poison Potion"},{"floor":18,"key":"FearPotion"}],"is_trial":false,"path_per_floor":["M","$","?","M","?","R","?","E","T","$","R","$","E","M","R","B",null,"M","?","?","$","?","R","E"],"character_chosen":"THE_SILENT","items_purchased":["Infinite Blades","Blur"],"campfire_rested":2,"item_purchase_floors":[2,21],"current_hp_per_floor":[61,61,61,59,59,59,48,24,24,24,45,45,28,28,49,39,62,52,52,52,52,52,52,0,0],"gold":102,"neow_bonus":"BOSS_RELIC","is_daily":false,"chose_seed":false,"campfire_upgraded":2,"win_rate":0.0,"timestamp":1611975236,"path_taken":["M","$","?","M","?","R","?","E","T","$","R","?","E","M","R","BOSS","M","?","?","$","?","R","E"],"items_purchased_type":["Card","Card"],"build_version":"2020-12-22","purchased_purges":2,"victory":false,"max_hp_per_floor":[70,70,70,70,70,70,70,70,70,70,70,70,70,70,70,70,70,70,70,70,70,70,70,70,70],"card_choices":[{"not_picked":["Poisoned Stab","Blade Dance"],"picked":"Dagger Spray","floor":1},{"not_picked":["Bane","Cloak And Dagger"],"picked":"Flying Knee","floor":4},{"not_picked":["Poisoned Stab","Deadly Poison"],"picked":"Dagger Throw","floor":8},{"not_picked":["Eviscerate","Masterful Stab","Rampage"],"picked":"Adrenaline","floor":13},{"not_picked":["Bouncing Flask","Flying Knee","Second Wind"],"picked":"Backflip","floor":14},{"not_picked":["Malaise","Envenom","Demon Form"],"picked":"Burst","floor":16},{"not_picked":["hubris:Sniper+1","Prepared+1","Sever Soul"],"picked":"Bane+1","floor":18}],"player_experience":1318109,"relics_obtained":[{"floor":8,"key":"hubris:DisguiseKit"},{"floor":9,"key":"hubris:CrystalStatue"},{"floor":13,"key":"Ninja Scroll"}],"event_choices":[{"damage_healed":0,"gold_gain":0,"cards_transformed":["Defend_G"],"player_choice":"Change","damage_taken":0,"max_hp_gain":0,"max_hp_loss":0,"event_name":"Living Wall","floor":3,"gold_loss":0,"cards_obtained":["Poisoned Stab"]},{"damage_healed":0,"gold_gain":0,"player_choice":"Take Wound","damage_taken":0,"relics_obtained":["Golden Idol"],"max_hp_gain":0,"max_hp_loss":0,"event_name":"Golden Idol","floor":5,"gold_loss":0,"cards_obtained":["Injury"]},{"damage_healed":0,"gold_gain":75,"player_choice":"Gather Gold","damage_taken":11,"max_hp_gain":0,"max_hp_loss":0,"event_name":"World of Goop","floor":7,"gold_loss":0},{"damage_healed":0,"gold_gain":0,"player_choice":"Obtained Relic","damage_taken":0,"relics_obtained":["Calipers"],"max_hp_gain":0,"max_hp_loss":0,"event_name":"Addict","floor":20,"gold_loss":85},{"damage_healed":0,"gold_gain":0,"player_choice":"Gave Idol","damage_taken":0,"relics_obtained":["Bloody Idol"],"max_hp_gain":0,"max_hp_loss":0,"event_name":"Forgotten Altar","floor":22,"relics_lost":["Golden Idol"],"gold_loss":0}],"is_beta":false,"boss_relics":[{"not_picked":["Fusion Hammer","Ectoplasm"],"picked":"Cursed Key"}],"items_purged_floors":[2,10],"is_endless":false,"potions_floor_spawned":[4,13,14,18],"killed_by":"Book of Stabbing","ascension_level":7}}