{"host":"39erygfi9n0tobyn","time":1611977106,"event":{"mods":["2.2 Compatiblity","BaseMod","Bestiary","Colored Map","Colored Powertips","Curses Come First","Highlight Path","Keyboard Shortcuts","Minty Spire (QoL Compilation)","Relic Stats","StSLib","SuperFastMode"],"gold_per_floor":[118,118,128,27,27,56,56,56,56,21,61,13,13,27,27,27,27],"floor_reached":16,"language":"ENG","playtime":378,"items_purged":[],"score":131,"play_id":"b214c0ed-083d-4ddd-bd41-5dd515db4afd","local_time":"20210130002506","is_ascension_mode":false,"campfire_choices":[{"data":"Sweeping Beam","floor":8,"key":"SMITH"},{"floor":13,"key":"REST"},{"data":"Dualcast","floor":15,"key":"SMITH"}],"circlet_count":0,"master_deck":["Strike_B","Strike_B","Strike_B","Defend_B","Defend_B","Defend_B","Zap","Dualcast+1","Sweeping Beam","All For One","Sweeping Beam+1","Self Repair","Turbo","Conserve Battery","Core Surge","Stack","Barrage"],"relics":["Cracked Core","NeowsBlessing","Omamori","Golden Idol","Blood Vial","Letter Opener"],"acts_visited":["Exordium"],"potions_floor_usage":[11,16],"damage_taken":[{"damage":0,"enemies":"2 Louse","floor":1,"turns":1},{"damage":0,"enemies":"Small Slimes","floor":3,"turns":1},{"damage":0,"enemies":"3 Sentries","floor":6,"turns":1},{"damage":39,"enemies":"Lagavulin","floor":11,"turns":7},{"damage":0,"enemies":"Cultist","floor":14,"turns":3},{"damage":83,"enemies":"Slime Boss","floor":16,"turns":9}],"seed_played":"611068621667911030","potions_obtained":[{"floor":1,"key":"ColorlessPotion"},{"floor":3,"key":"Ancient Potion"},{"floor":6,"key":"SkillPotion"}],"is_trial":false,"path_per_floor":["M","?","M","$","?","E","?","R","T","?","E","$","R","M","R","B"],"character_chosen":"DEFECT","items_purchased":["Self Repair","Turbo","Stack"],"campfire_rested":1,"item_purchase_floors":[4,4,12],"current_hp_per_floor":[75,75,75,75,68,68,68,68,68,75,43,43,65,74,74,0,0],"gold":27,"neow_bonus":"THREE_ENEMY_KILL","is_daily":false,"chose_seed":false,"campfire_upgraded":2,"win_rate":0.0,"timestamp":1611977106,"path_taken":["M","?","M","$","?","E","?","R","T","?","E","?","R","M","R","BOSS"],"items_purchased_type":["Card","Card","Card"],"build_version":"2020-12-22","purchased_purges":0,"victory":false,"max_hp_per_floor":[75,75,75,75,75,75,75,75,75,75,75,75,75,75,75,75,75],"relic_stats":{"Blood Vial":3,"counters":[6,22],"Golden Idol":11,"Letter Opener":[25],"obtain_stats":[{"Blood Vial":9,"NeowsBlessing":0,"Golden Idol":7,"Omamori":6,"Letter Opener":11,"Cracked Core":0},{"Blood Vial":3,"NeowsBlessing":0,"Golden Idol":3,"Omamori":3,"Letter Opener":4,"Cracked Core":0},{"Blood Vial":3,"NeowsBlessing":0,"Golden Idol":3,"Omamori":3,"Letter Opener":10,"Cracked Core":0}]},"card_choices":[{"not_picked":["Consume","Redo"],"picked":"Sweeping Beam","floor":1},{"not_picked":["Scrape","Steam"],"picked":"Sweeping Beam","floor":3},{"not_picked":["Tempest","Leap"],"picked":"Conserve Battery","floor":6},{"not_picked":["Force Field","Steam Power"],"picked":"Core Surge","floor":11},{"not_picked":["Turbo","Conserve Battery"],"picked":"Barrage","floor":14}],"player_experience":61581,"relics_obtained":[{"floor":6,"key":"Omamori"},{"floor":9,"key":"Blood Vial"},{"floor":11,"key":"Letter Opener"}],"event_choices":[{"damage_healed":0,"gold_gain":0,"cards_transformed":["Strike_B"],"player_choice":"Change","damage_taken":0,"max_hp_gain":0,"max_hp_loss":0,"event_name":"Living Wall","floor":2,"gold_loss":0,"cards_obtained":["All For One"]},{"cards_removed":["Defend_B"],"damage_healed":0,"gold_gain":0,"player_choice":"Card Removal","damage_taken":7,"max_hp_gain":0,"max_hp_loss":0,"event_name":"Golden Wing","floor":5,"gold_loss":0},{"damage_healed":0,"gold_gain":0,"player_choice":"Take Wound","damage_taken":0,"relics_obtained":["Golden Idol"],"max_hp_gain":0,"max_hp_loss":0,"event_name":"Golden Idol","floor":7,"gold_loss":0,"cards_obtained":["Injury"]},{"damage_healed":18,"gold_gain":0,"player_choice":"Healed","damage_taken":0,"max_hp_gain":0,"max_hp_loss":0,"event_name":"The Cleric","floor":10,"gold_loss":35}],"is_beta":false,"boss_relics":[],"items_purged_floors":[],"is_endless":false,"potions_floor_spawned":[1,3,6],"killed_by":"Slime Boss","ascension_level":0}}