{"host":"2wp95sdfrgw3k439","time":1611993292,"event":{"mods":["BaseMod","Better Altar","Better Skull","Better Third Choice","Curses Come First","Minty Spire (QoL Compilation)","Permanent Neow","StSLib"],"gold_per_floor":[119,119,0,17,17,17,36,66,66,66,82,116,129,129,141,153,153],"floor_reached":16,"language":"ENG","playtime":777,"items_purged":[],"score":160,"play_id":"2518c203-683e-4066-9639-3f506cf9c2b3","local_time":"20210130005452","is_ascension_mode":true,"campfire_choices":[{"data":"Enlightenment","floor":6,"key":"SMITH"},{"data":"Bash","floor":10,"key":"SMITH"},{"floor":15,"key":"REST"}],"circlet_count":0,"master_deck":["Strike_R","Strike_R","Strike_R","Strike_R","Strike_R","Defend_R","Defend_R","Defend_R","Defend_R","Bash+1","Offering","Flame Barrier","Enlightenment+1","Flame Barrier","Entrench","Dropkick","Body Slam","Body Slam","Disarm"],"relics":["Burning Blood","Pear","HornCleat","Bag of Preparation","Thread and Needle","Dead Branch","MawBank"],"acts_visited":["Exordium"],"potions_floor_usage":[8,8,12],"damage_taken":[{"damage":6,"enemies":"2 Louse","floor":1,"turns":3},{"damage":1,"enemies":"Small Slimes","floor":4,"turns":6},{"damage":6,"enemies":"Jaw Worm","floor":7,"turns":3},{"damage":26,"enemies":"3 Sentries","floor":8,"turns":11},{"damage":6,"enemies":"Large Slime","floor":11,"turns":5},{"damage":24,"enemies":"Lagavulin","floor":12,"turns":8},{"damage":6,"enemies":"Exordium Thugs","floor":13,"turns":5},{"damage":66,"enemies":"The Guardian","floor":16,"turns":13}],"seed_played":"4966059702226928133","potions_obtained":[{"floor":1,"key":"BlessingOfTheForge"},{"floor":4,"key":"LiquidMemories"},{"floor":7,"key":"SneckoOil"}],"is_trial":false,"path_per_floor":["M","?","?","M","$","R","M","E","T","R","M","E","M","?","R","B"],"character_chosen":"IRONCLAD","items_purchased":[],"campfire_rested":1,"item_purchase_floors":[],"current_hp_per_floor":[72,71,77,82,82,82,82,62,62,62,62,44,44,26,52,0,0],"gold":153,"neow_bonus":"THREE_RARE_CARDS","is_daily":false,"chose_seed":false,"campfire_upgraded":2,"win_rate":0.0,"timestamp":1611993292,"path_taken":["M","?","?","M","?","R","M","E","T","R","M","E","M","?","R","BOSS"],"items_purchased_type":[],"build_version":"2020-12-22","purchased_purges":0,"victory":false,"max_hp_per_floor":[72,82,88,88,88,88,88,88,88,88,88,88,88,88,88,88,88],"card_choices":[{"not_picked":["Corruption","Demon Form"],"picked":"Offering","floor":0},{"not_picked":["Ghostly Armor","Heavy Blade"],"picked":"Flame Barrier","floor":1},{"not_picked":["Carnage","Iron Wave"],"picked":"Flame Barrier","floor":4},{"not_picked":["Pommel Strike","Cleave"],"picked":"Entrench","floor":7},{"not_picked":["Bloodletting","Flex"],"picked":"Dropkick","floor":8},{"not_picked":["Armaments","Cleave"],"picked":"Body Slam","floor":11},{"not_picked":["Hemokinesis","Sentinel"],"picked":"Body Slam","floor":12},{"not_picked":["True Grit","Dark Embrace"],"picked":"Disarm","floor":13}],"player_experience":519736,"relics_obtained":[{"floor":8,"key":"Bag of Preparation"},{"floor":9,"key":"Thread and Needle"},{"floor":12,"key":"Dead Branch"}],"event_choices":[{"damage_healed":0,"gold_gain":1,"player_choice":"Relic Relic ","damage_taken":11,"max_hp_gain":0,"max_hp_loss":0,"event_name":"betterThird:BetterScrap","floor":2,"gold_loss":0,"cards_obtained":["Force Field"]},{"damage_healed":0,"gold_gain":0,"player_choice":"RENOUNCE","damage_taken":119,"max_hp_gain":0,"max_hp_loss":0,"event_name":"betterThird:BetterSerpent","floor":3,"gold_loss":119,"cards_obtained":["Enlightenment"]},{"damage_healed":0,"gold_gain":0,"player_choice":"RE ","damage_taken":20,"relics_obtained":["MawBank"],"max_hp_gain":0,"max_hp_loss":0,"event_name":"betterSkull:BetterSkull","floor":14,"gold_loss":0,"cards_upgraded":[]}],"is_beta":false,"boss_relics":[],"items_purged_floors":[],"is_endless":false,"potions_floor_spawned":[1,4,7],"killed_by":"The Guardian","ascension_level":9}}