{"host":"gaqyve1328ta0etl","time":1611967284,"event":{"mods":["BaseMod","Colored Map","Colored Powertips","Googly Eyes","Minty Spire (QoL Compilation)","Shop Mod","StSLib","SuperFastMode","The Hierophant","The Runesmith"],"gold_per_floor":[111,36,55,73,73,83,33,33,33,50,50,61,73,83,83,83,83],"floor_reached":16,"language":"ENG","playtime":599,"items_purged":["Strike_R"],"score":154,"play_id":"1e1568e3-57ff-4542-b318-6fbcd95c3b5c","local_time":"20210129164124","is_ascension_mode":true,"campfire_choices":[{"data":"Searing Blow","floor":8,"key":"SMITH"},{"data":"Armaments","floor":15,"key":"SMITH"}],"circlet_count":0,"master_deck":["AscendersBane","Strike_R","Defend_R","Defend_R","Defend_R","Defend_R","Bash","Searing Blow+1","True Grit","Shrug It Off","Iron Wave","Armaments+1","Iron Wave","Offering"],"relics":["Burning Blood","Mummified Hand","InkBottle"],"acts_visited":["Exordium"],"potions_floor_usage":[12,16],"damage_taken":[{"damage":4,"enemies":"2 Louse","floor":1,"turns":3},{"damage":3,"enemies":"Jaw Worm","floor":3,"turns":5},{"damage":10,"enemies":"Cultist","floor":4,"turns":5},{"damage":10,"enemies":"Blue Slaver","floor":6,"turns":6},{"damage":7,"enemies":"Red Slaver","floor":10,"turns":4},{"damage":6,"enemies":"Looter","floor":12,"turns":3},{"damage":7,"enemies":"Large Slime","floor":13,"turns":10},{"damage":13,"enemies":"Lots of Slimes","floor":14,"turns":8},{"damage":62,"enemies":"Slime Boss","floor":16,"turns":15}],"seed_played":"-8268434175050686683","potions_obtained":[{"floor":1,"key":"SkillPotion"},{"floor":4,"key":"Dexterity Potion"}],"is_trial":false,"path_per_floor":["M","$","M","M","?","M","?","R","T","M","T","M","M","M","R","B"],"character_chosen":"IRONCLAD","items_purchased":[],"campfire_rested":0,"item_purchase_floors":[],"current_hp_per_floor":[74,74,77,73,73,69,69,69,69,68,68,68,67,60,60,0,0],"gold":83,"neow_bonus":"REMOVE_CARD","is_daily":false,"chose_seed":false,"campfire_upgraded":2,"win_rate":0.0,"timestamp":1611967284,"path_taken":["M","$","M","M","?","M","?","R","T","M","?","M","M","?","R","BOSS"],"items_purchased_type":[],"build_version":"2020-12-22","purchased_purges":1,"victory":false,"max_hp_per_floor":[80,80,80,80,80,80,80,80,80,80,80,80,80,80,80,80,80],"card_choices":[{"not_picked":["Blood for Blood","Thunderclap"],"picked":"Searing Blow","floor":1},{"not_picked":["Wild Strike","Perfected Strike"],"picked":"True Grit","floor":3},{"not_picked":["Metallicize","Twin Strike"],"picked":"Shrug It Off","floor":4},{"not_picked":["Entrench","Twin Strike"],"picked":"Iron Wave","floor":6},{"not_picked":["Twin Strike","Rage","True Grit"],"picked":"SKIP","floor":10},{"not_picked":["Wild Strike","Entrench"],"picked":"Armaments","floor":12},{"not_picked":["Clothesline","Clash"],"picked":"Iron Wave","floor":13},{"not_picked":["Dark Embrace","Cleave"],"picked":"Offering","floor":14}],"player_experience":2055108,"relics_obtained":[{"floor":9,"key":"Mummified Hand"},{"floor":11,"key":"InkBottle"}],"event_choices":[{"cards_removed":["Strike_R"],"damage_healed":0,"gold_gain":0,"player_choice":"Forget","damage_taken":0,"max_hp_gain":0,"max_hp_loss":0,"event_name":"Living Wall","floor":5,"gold_loss":0},{"cards_removed":["Strike_R"],"damage_healed":0,"gold_gain":0,"player_choice":"Card Removal","damage_taken":0,"max_hp_gain":0,"max_hp_loss":0,"event_name":"The Cleric","floor":7,"gold_loss":50}],"is_beta":false,"boss_relics":[],"items_purged_floors":[2],"is_endless":false,"potions_floor_spawned":[1,4],"killed_by":"Slime Boss","ascension_level":12}}