{"host":"jqln3q8z91cyrmpl","time":1611995229,"event":{"mods":["AchievementEnabler","BaseMod","Colored Map","DeckTracker","Keyboard Shortcuts","Minty Spire (QoL Compilation)","SuperFastMode"],"gold_per_floor":[365,32,107,127,145,145,175,192,192,192,206,206,222,255,255,351,351,369,369,269,269,283,318,335,335,335],"floor_reached":25,"language":"KOR","playtime":815,"items_purged":["Shame","Strike_P"],"score":280,"play_id":"d4000ed7-bc49-4790-9087-0872bb59ea71","local_time":"20210130172709","is_ascension_mode":true,"campfire_choices":[{"data":"Eruption","floor":6.0,"key":"SMITH"},{"floor":12.0,"key":"REST"},{"data":"MentalFortress","floor":15.0,"key":"SMITH"}],"circlet_count":0,"master_deck":["Strike_P","Strike_P","Defend_P+1","Defend_P","Defend_P","Defend_P+1","Eruption+1","Vigilance","FlurryOfBlows","EmptyFist+1","FollowUp+1","EmptyFist+1","MentalFortress+1","ClearTheMind+1","Judgement+1","Omniscience+1","CurseOfTheBell","SandsOfTime+1","Necronomicurse","Conclude+1","Prostrate+1","Prostrate+1"],"relics":["PureWater","Molten Egg 2","TeardropLocket","Toxic Egg 2","Kunai","Calling Bell","War Paint","Matryoshka","Dead Branch","Necronomicon","Blue Candle"],"acts_visited":["Exordium","TheCity"],"potions_floor_usage":[],"damage_taken":[{"damage":10.0,"enemies":"Jaw Worm","floor":1.0,"turns":5.0},{"damage":0.0,"enemies":"Cultist","floor":4.0,"turns":3.0},{"damage":0.0,"enemies":"2 Louse","floor":5.0,"turns":2.0},{"damage":32.0,"enemies":"Gremlin Nob","floor":7.0,"turns":3.0},{"damage":8.0,"enemies":"2 Fungi Beasts","floor":8.0,"turns":2.0},{"damage":11.0,"enemies":"Exordium Thugs","floor":11.0,"turns":3.0},{"damage":0.0,"enemies":"3 Louse","floor":13.0,"turns":1.0},{"damage":1.0,"enemies":"Lagavulin","floor":14.0,"turns":5.0},{"damage":22.0,"enemies":"The Guardian","floor":16.0,"turns":12.0},{"damage":0.0,"enemies":"Spheric Guardian","floor":18.0,"turns":2.0},{"damage":6.0,"enemies":"Shell Parasite","floor":22.0,"turns":2.0},{"damage":20.0,"enemies":"Slavers","floor":23.0,"turns":4.0},{"damage":0,"enemies":"Snecko","floor":24,"turns":2},{"damage":28,"enemies":"Gremlin Leader","floor":25,"turns":5}],"seed_played":"-5031117572292346106","potions_obtained":[{"floor":1.0,"key":"Regen Potion"},{"floor":7.0,"key":"LiquidMemories"},{"floor":11.0,"key":"SkillPotion"},{"floor":16.0,"key":"LiquidMemories"},{"floor":22.0,"key":"SteroidPotion"},{"floor":24,"key":"LiquidBronze"}],"is_trial":false,"path_per_floor":["M","$","?","M","M","R","E","M","T","?","M","R","M","E","R","B",null,"M","?","$","?","M","E","M","E"],"character_chosen":"WATCHER","items_purchased":["Molten Egg 2"],"campfire_rested":1,"item_purchase_floors":[2],"current_hp_per_floor":[62,62,55,55,55,55,23,15,15,15,4,25,25,24,24,2,72,72,56,56,43,37,17,17,0,0],"gold":335,"neow_bonus":"TWO_FIFTY_GOLD","is_daily":false,"chose_seed":false,"campfire_upgraded":2,"win_rate":0.0,"timestamp":1611995229,"path_taken":["M","$","?","?","M","R","E","M","T","?","?","R","M","E","R","BOSS","M","?","$","?","?","E","M","E"],"items_purchased_type":["Relic"],"build_version":"2020-12-22","purchased_purges":2,"victory":false,"max_hp_per_floor":[72,72,72,72,72,72,72,72,72,72,72,72,72,72,72,72,72,72,72,72,77,77,77,77,77,77],"card_choices":[{"not_picked":["Halt","TalkToTheHand"],"picked":"FlurryOfBlows","floor":1.0},{"not_picked":["WaveOfTheHand","FlyingSleeves+1"],"picked":"EmptyFist+1","floor":4.0},{"not_picked":["CutThroughFate+1","WaveOfTheHand","Protect"],"picked":"SKIP","floor":5.0},{"not_picked":["Collect","LikeWater"],"picked":"FollowUp+1","floor":7.0},{"not_picked":["Vault","BowlingBash+1"],"picked":"EmptyFist+1","floor":8.0},{"not_picked":["ReachHeaven+1","ForeignInfluence+1"],"picked":"MentalFortress","floor":11.0},{"not_picked":["Nirvana","FlurryOfBlows+1"],"picked":"ClearTheMind+1","floor":13.0},{"not_picked":["FlurryOfBlows+1","TalkToTheHand+1"],"picked":"Judgement+1","floor":14.0},{"not_picked":["Brilliance+1","Blasphemy+1"],"picked":"Omniscience+1","floor":16.0},{"not_picked":["WindmillStrike+1","EmptyBody+1"],"picked":"SandsOfTime+1","floor":18.0},{"not_picked":["Consecrate+1","SashWhip+1"],"picked":"Conclude+1","floor":22.0},{"not_picked":["Collect+1","Evaluate+1"],"picked":"Prostrate+1","floor":23.0},{"not_picked":["Tantrum+1","WheelKick+1"],"picked":"Prostrate+1","floor":24}],"player_experience":402042,"relics_obtained":[{"floor":7.0,"key":"TeardropLocket"},{"floor":9.0,"key":"Toxic Egg 2"},{"floor":14.0,"key":"Kunai"},{"floor":17.0,"key":"War Paint"},{"floor":17.0,"key":"Matryoshka"},{"floor":17.0,"key":"Dead Branch"},{"floor":19.0,"key":"Necronomicon"},{"floor":23.0,"key":"Blue Candle"}],"event_choices":[{"damage_healed":0.0,"max_hp_gain":0.0,"max_hp_loss":0.0,"gold_gain":75.0,"event_name":"FaceTrader","player_choice":"Touch","floor":3.0,"gold_loss":0.0,"damage_taken":7.0},{"cards_removed":["Strike_P"],"damage_healed":0.0,"max_hp_gain":0.0,"max_hp_loss":0.0,"gold_gain":0.0,"event_name":"Bonfire Elementals","player_choice":"Offered Basic","floor":10.0,"gold_loss":0.0,"damage_taken":0.0},{"damage_healed":0.0,"max_hp_gain":0.0,"max_hp_loss":0.0,"gold_gain":0.0,"event_name":"Cursed Tome","player_choice":"Obtained Book","floor":19.0,"gold_loss":0.0,"damage_taken":16.0},{"damage_healed":0.0,"max_hp_gain":5.0,"max_hp_loss":0.0,"gold_gain":0.0,"event_name":"Forgotten Altar","player_choice":"Shed Blood","floor":21.0,"gold_loss":0.0,"damage_taken":18.0}],"is_beta":false,"boss_relics":[{"not_picked":["Philosopher\u0027s Stone","Tiny House"],"picked":"Calling Bell"}],"items_purged_floors":[2,20],"is_endless":false,"potions_floor_spawned":[1,7,11,16,22,24],"killed_by":"Gremlin Leader","ascension_level":4}}