{"host":"9kesdg97wkrx2bva","time":1611992984,"event":{"mods":["AchievementEnabler","BaseMod","Colored Map","GifTheSpireLib","Infinite Spire","Minty Spire (QoL Compilation)","Replay The Spire","StSLib"],"gold_per_floor":[118,0,20,34,34,34,69,69,93,114,114,114,114,114,128,161,161,240,240,251,251,271,271,271],"floor_reached":23,"language":"ENG","playtime":638,"items_purged":["Strike_B"],"score":374,"play_id":"b6893e68-49b6-4eb7-ae2f-f10c8f7fcfa5","local_time":"20210130014944","is_ascension_mode":true,"campfire_choices":[{"data":"Zap","floor":6.0,"key":"SMITH"},{"floor":8.0,"key":"REST"},{"data":"Dualcast","floor":12.0,"key":"SMITH"},{"floor":17.0,"key":"REST"}],"circlet_count":0,"master_deck":["AscendersBane","Strike_B","Strike_B+1","Strike_B+1","Defend_B","Defend_B","Defend_B","Defend_B","Zap+1","Dualcast+1","Barrage","Leap","Leap","Sweeping Beam","Static Discharge","Redo","ReplayTheSpireMod:Reroute Power","Barrage","Hologram","Echo Form","Rebound"],"relics":["Cracked Core","Replay:Antivirus Software","Centennial Puzzle","Akabeko","Odd Mushroom","Nunchaku","Inserter"],"acts_visited":["Exordium","TheCity"],"potions_floor_usage":[],"damage_taken":[{"damage":2.0,"enemies":"Jaw Worm","floor":1.0,"turns":3.0},{"damage":0.0,"enemies":"2 Louse","floor":3.0,"turns":3.0},{"damage":0.0,"enemies":"Small Slimes","floor":4.0,"turns":3.0},{"damage":36.0,"enemies":"Gremlin Nob","floor":7.0,"turns":4.0},{"damage":10.0,"enemies":"The Mushroom Lair","floor":10.0,"turns":2.0},{"damage":7.0,"enemies":"Exordium Wildlife","floor":15.0,"turns":4.0},{"damage":12.0,"enemies":"Lagavulin","floor":16.0,"turns":7.0},{"damage":14.0,"enemies":"Fading Forest","floor":18.0,"turns":11.0},{"damage":27.0,"enemies":"Shell Parasite","floor":20.0,"turns":4.0},{"damage":28.0,"enemies":"2 Thieves","floor":22.0,"turns":4.0},{"damage":14,"enemies":"Centurion and Healer","floor":23,"turns":1}],"seed_played":"-2941411687060177004","potions_obtained":[{"floor":4.0,"key":"Reflective Coating"},{"floor":7.0,"key":"EssenceOfDarkness"},{"floor":10.0,"key":"Dexterity Potion"},{"floor":15.0,"key":"Reflective Coating"},{"floor":18.0,"key":"Weak Potion"}],"is_trial":false,"path_per_floor":["M","$","M","M","?","R","E","R","T","?","?","R","PTL","PTL","M","E","R_BF","B",null,"M","?","M","M"],"character_chosen":"DEFECT","items_purchased":["Leap"],"campfire_rested":2,"item_purchase_floors":[2],"current_hp_per_floor":[62,62,62,62,41,41,5,26,26,16,39,39,39,39,32,20,41,27,60,33,33,5,0,0],"gold":271,"neow_bonus":"RANDOM_COMMON_RELIC","is_daily":false,"chose_seed":false,"campfire_upgraded":2,"win_rate":0.0,"timestamp":1611992984,"path_taken":["M","$","M","M","?","R","E","R","T","?","?","R","PTL","PTL","M","E","R_BF","BOSS","M","?","M","M"],"items_purchased_type":["Card"],"build_version":"2020-12-22","purchased_purges":1,"victory":false,"max_hp_per_floor":[71,71,71,71,71,71,71,71,71,71,71,71,71,71,71,71,71,71,71,71,71,71,71,71],"card_choices":[{"not_picked":["Go for the Eyes","Compile Driver"],"picked":"Barrage","floor":1.0},{"not_picked":["Steam","Redo"],"picked":"Sweeping Beam","floor":3.0},{"not_picked":["Redo","Hologram"],"picked":"Static Discharge","floor":4.0},{"not_picked":["Recycle","Beam Cell"],"picked":"Redo","floor":7.0},{"not_picked":["ReplayTheSpireMod:GoodbyeWorld","Reinforced Body"],"picked":"ReplayTheSpireMod:Reroute Power","floor":10.0},{"not_picked":["Skim","Tempest"],"picked":"Barrage","floor":15.0},{"not_picked":["Sweeping Beam","Steam","Hologram"],"picked":"SKIP","floor":16.0},{"not_picked":["Sweeping Beam","Steam"],"picked":"Hologram","floor":16.0},{"not_picked":["Creative AI","Thunder Strike"],"picked":"Echo Form","floor":18.0},{"not_picked":["Streamline","Tempest","Cold Snap"],"picked":"SKIP","floor":20.0},{"not_picked":["Redo","FTL+1"],"picked":"Rebound","floor":22.0}],"player_experience":986237,"relics_obtained":[{"floor":7.0,"key":"Centennial Puzzle"},{"floor":9.0,"key":"Akabeko"},{"floor":10.0,"key":"Odd Mushroom"},{"floor":16.0,"key":"Nunchaku"}],"event_choices":[{"damage_healed":0.0,"max_hp_gain":0.0,"max_hp_loss":0.0,"gold_gain":0.0,"event_name":"Shining Light","player_choice":"Entered Light","floor":5.0,"gold_loss":0.0,"damage_taken":21.0,"cards_upgraded":["Strike_B","Strike_B"]},{"damage_healed":0.0,"max_hp_gain":0.0,"max_hp_loss":0.0,"gold_gain":0.0,"event_name":"Mushrooms","player_choice":"Fought Mushrooms","floor":10.0,"gold_loss":0.0,"damage_taken":0.0},{"damage_healed":23.0,"max_hp_gain":0.0,"max_hp_loss":0.0,"gold_gain":0.0,"event_name":"Big Fish","player_choice":"Banana","floor":11.0,"gold_loss":0.0,"damage_taken":0.0}],"is_beta":false,"boss_relics":[{"not_picked":["Replay:Ancient Bell","Runic Pyramid"],"picked":"Inserter"}],"items_purged_floors":[2],"is_endless":false,"potions_floor_spawned":[4,7,10,15,18],"killed_by":"Centurion and Healer","ascension_level":18}}