{"host":"sp1f3sybb350mzsh","time":1611995119,"event":{"mods":["AchievementEnabler","BaseMod","Bestiary","Colored Map","Colored Powertips","Filter the Spire","Minty Spire (QoL Compilation)","Puzzle Mod","Relic Stats","StSLib"],"gold_per_floor":[12,23,34,34,52,77,77,152,152,170,170,198,198,212,212,308,308,318,25,25,42,117,145,145,156,156,182,213,233,233,252,252,353,353,363,363,375,34,34,60,60,75,120,145,164,164,193,213,213,213,213],"floor_reached":50,"language":"ENG","playtime":3272,"items_purged":["Strike_B"],"score":579,"play_id":"d3a65787-0eb8-41a2-9ddd-62f3cb4615f5","local_time":"20210130022519","is_ascension_mode":false,"campfire_choices":[{"data":"Streamline","floor":7,"key":"SMITH"},{"floor":11,"key":"REST"},{"data":"Sunder","floor":13,"key":"SMITH"},{"data":"White Noise","floor":15,"key":"SMITH"},{"data":"Echo Form","floor":24,"key":"SMITH"},{"floor":32,"key":"REST"},{"data":"Seek","floor":41,"key":"SMITH"},{"data":"Biased Cognition","floor":46,"key":"SMITH"},{"data":"Amplify","floor":49,"key":"SMITH"}],"circlet_count":0,"master_deck":["Zap","Dualcast","Streamline+1","White Noise+1","Genetic Algorithm","Barrage","Darkness","Sunder+1","Skim","Coolheaded","Echo Form+1","Static Discharge+1","Biased Cognition+1","Hologram+1","Redo+1","Seek+1","Steam+1","Beam Cell+1","Creative AI","Hyperbeam+1","Self Repair","Fusion","FTL+1","Rainbow","Reboot","Electrodynamics","Scrape+1","Turbo+1","Stack","Stack","Barrage+1","Amplify+1"],"relics":["Cracked Core","Calipers","Letter Opener","Mercury Hourglass","Matryoshka","Runic Dome","Blood Vial","Strawberry","Pantograph","Bronze Scales","Regal Pillow","Molten Egg 2","Red Mask","Gambling Chip","Pandora\u0027s Box","HornCleat","Anchor","CeramicFish","Thread and Needle"],"acts_visited":["Exordium","TheCity","TheBeyond"],"potions_floor_usage":[12,25,28,28,33,33,42,50],"damage_taken":[{"damage":1,"enemies":"Cultist","floor":1,"turns":4},{"damage":0,"enemies":"2 Louse","floor":2,"turns":2},{"damage":0,"enemies":"Small Slimes","floor":3,"turns":3},{"damage":35,"enemies":"Exordium Thugs","floor":5,"turns":5},{"damage":19,"enemies":"Lagavulin","floor":6,"turns":10},{"damage":5,"enemies":"3 Louse","floor":10,"turns":2},{"damage":0,"enemies":"Gremlin Nob","floor":12,"turns":3},{"damage":0,"enemies":"2 Fungi Beasts","floor":14,"turns":2},{"damage":14,"enemies":"Hexaghost","floor":16,"turns":8},{"damage":3,"enemies":"Spheric Guardian","floor":18,"turns":4},{"damage":16,"enemies":"Shell Parasite","floor":21,"turns":4},{"damage":30,"enemies":"Gremlin Leader","floor":23,"turns":4},{"damage":0,"enemies":"Snecko","floor":25,"turns":4},{"damage":12,"enemies":"Masked Bandits","floor":27,"turns":4},{"damage":12,"enemies":"Slavers","floor":28,"turns":3},{"damage":4,"enemies":"Chosen and Byrds","floor":29,"turns":7},{"damage":7,"enemies":"Snake Plant","floor":31,"turns":3},{"damage":7,"enemies":"Collector","floor":33,"turns":9},{"damage":0,"enemies":"Orb Walker","floor":35,"turns":2},{"damage":5,"enemies":"3 Darklings","floor":37,"turns":3},{"damage":6,"enemies":"Reptomancer","floor":40,"turns":4},{"damage":0,"enemies":"Jaw Worm Horde","floor":42,"turns":3},{"damage":0,"enemies":"Transient","floor":44,"turns":5},{"damage":0,"enemies":"3 Darklings","floor":45,"turns":2},{"damage":21,"enemies":"Giant Head","floor":47,"turns":7},{"damage":0,"enemies":"Sphere and 2 Shapes","floor":48,"turns":3},{"damage":102,"enemies":"Awakened One","floor":50,"turns":10}],"seed_played":"-7252370114876403416","potions_obtained":[{"floor":2,"key":"Strength Potion"},{"floor":6,"key":"EssenceOfDarkness"},{"floor":10,"key":"Weak Potion"},{"floor":12,"key":"PotionOfCapacity"},{"floor":18,"key":"LiquidMemories"},{"floor":28,"key":"Dexterity Potion"},{"floor":29,"key":"Swift Potion"},{"floor":33,"key":"Strength Potion"},{"floor":37,"key":"SteroidPotion"},{"floor":42,"key":"Strength Potion"},{"floor":44,"key":"Swift Potion"}],"is_trial":false,"path_per_floor":["M","M","M","?","M","E","R","?","T","M","R","E","R","M","R","B",null,"M","$","?","M","T","E","R","M","T","?","E","M","?","M","R","B",null,"M","?","M","$","?","E","R","M","T","M","M","R","E","M","R","B"],"character_chosen":"DEFECT","items_purchased":["Biased Cognition","Blood Vial","Stack","HornCleat","SkillPotion"],"campfire_rested":2,"item_purchase_floors":[19,19,38,38,38],"current_hp_per_floor":[74,74,74,79,44,25,25,14,14,9,33,33,33,33,33,19,80,77,77,77,63,70,42,42,44,44,34,24,22,22,17,58,78,87,87,83,78,78,78,74,74,76,76,83,83,83,69,71,71,0,0],"gold":213,"neow_bonus":"ONE_RARE_RELIC","is_daily":false,"chose_seed":false,"campfire_upgraded":7,"win_rate":0.0,"timestamp":1611995119,"path_taken":["M","M","?","?","M","E","R","?","T","M","R","E","R","M","R","BOSS","M","$","?","M","?","E","R","M","T","?","E","M","?","M","R","BOSS","M","?","M","$","?","E","R","M","T","M","?","R","E","M","R","BOSS"],"items_purchased_type":["Card","Relic","Card","Relic","Potion"],"build_version":"2020-12-22","purchased_purges":1,"victory":false,"max_hp_per_floor":[75,75,75,80,80,80,80,80,80,80,80,80,80,80,80,80,80,80,80,80,80,87,87,87,87,87,87,87,87,87,87,87,87,87,87,83,83,83,83,83,83,83,83,83,83,83,83,83,83,83,83],"relic_stats":{"Blood Vial":24,"Regal Pillow":15,"counters":[27,119],"Pantograph":37,"Bronze Scales":[199],"Gambling Chip":[33],"CeramicFish":18,"Pandora\u0027s Box":["Hyperbeam","Self Repair","Fusion","FTL","Rainbow","Reboot","Electrodynamics"],"Letter Opener":[315],"obtain_stats":[{"Regal Pillow":26,"Calipers":0,"CeramicFish":43,"Thread and Needle":47,"Letter Opener":6,"Mercury Hourglass":9,"Blood Vial":19,"Runic Dome":17,"Anchor":40,"Matryoshka":12,"HornCleat":38,"Strawberry":22,"Pantograph":22,"Bronze Scales":23,"Gambling Chip":28,"Molten Egg 2":26,"Pandora\u0027s Box":34,"Red Mask":27,"Cracked Core":0},{"Regal Pillow":13,"Calipers":0,"CeramicFish":22,"Thread and Needle":25,"Letter Opener":5,"Mercury Hourglass":5,"Blood Vial":10,"Runic Dome":9,"Anchor":21,"Matryoshka":7,"HornCleat":20,"Strawberry":11,"Pantograph":11,"Bronze Scales":12,"Gambling Chip":15,"Molten Egg 2":13,"Pandora\u0027s Box":18,"Red Mask":14,"Cracked Core":0},{"Regal Pillow":55,"Calipers":0,"CeramicFish":92,"Thread and Needle":106,"Letter Opener":24,"Mercury Hourglass":24,"Blood Vial":43,"Runic Dome":39,"Anchor":89,"Matryoshka":29,"HornCleat":85,"Strawberry":47,"Pantograph":47,"Bronze Scales":51,"Gambling Chip":61,"Molten Egg 2":55,"Pandora\u0027s Box":80,"Red Mask":58,"Cracked Core":0}],"Mercury Hourglass":[384]},"card_choices":[{"not_picked":["Aggregate","Rebound"],"picked":"Streamline","floor":1},{"not_picked":["Chill","Heatsinks"],"picked":"White Noise","floor":2},{"not_picked":["Turbo","Hologram"],"picked":"Genetic Algorithm","floor":3},{"not_picked":["Reprogram","Steam"],"picked":"Barrage","floor":5},{"not_picked":["Redo","Scrape"],"picked":"Darkness","floor":6},{"not_picked":["Recycle","Stack"],"picked":"Sunder","floor":10},{"not_picked":["Genetic Algorithm","Fusion"],"picked":"Skim","floor":12},{"not_picked":["Rip and Tear","Barrage"],"picked":"Coolheaded","floor":14},{"not_picked":["Hyperbeam","Reboot"],"picked":"Echo Form","floor":16},{"not_picked":["Blizzard","Redo"],"picked":"Static Discharge+1","floor":18},{"not_picked":["Scrape+1","Reprogram"],"picked":"Hologram+1","floor":21},{"not_picked":["Hologram","Beam Cell"],"picked":"Redo+1","floor":23},{"not_picked":["Hologram","Turbo"],"picked":"Seek","floor":25},{"not_picked":["Hologram","Conserve Battery+1"],"picked":"Steam+1","floor":27},{"not_picked":["Recycle","Heatsinks","Darkness"],"picked":"SKIP","floor":28},{"not_picked":["Go for the Eyes+1","Coolheaded+1"],"picked":"Beam Cell+1","floor":29},{"not_picked":["Hologram+1","Double Energy"],"picked":"Cold Snap+1","floor":31},{"not_picked":["Core Surge+1","Echo Form"],"picked":"Creative AI","floor":33},{"not_picked":["Steam","Hello World"],"picked":"Scrape+1","floor":35},{"not_picked":["Undo","Rebound+1"],"picked":"Turbo+1","floor":37},{"not_picked":["White Noise","Barrage+1"],"picked":"Stack","floor":40},{"not_picked":["Coolheaded","Go for the Eyes+1","Static Discharge+1"],"picked":"SKIP","floor":42},{"not_picked":["Leap","Steam"],"picked":"Barrage+1","floor":44},{"not_picked":["Cold Snap+1","Compile Driver+1"],"picked":"Amplify","floor":45},{"not_picked":["Hello World","Ball Lightning+1","Conserve Battery"],"picked":"SKIP","floor":47},{"not_picked":["Barrage+1","Sweeping Beam+1","Tempest"],"picked":"SKIP","floor":48}],"player_experience":141667,"relics_obtained":[{"floor":6,"key":"Letter Opener"},{"floor":9,"key":"Mercury Hourglass"},{"floor":12,"key":"Matryoshka"},{"floor":22,"key":"Strawberry"},{"floor":22,"key":"Pantograph"},{"floor":23,"key":"Bronze Scales"},{"floor":26,"key":"Regal Pillow"},{"floor":26,"key":"Molten Egg 2"},{"floor":27,"key":"Red Mask"},{"floor":28,"key":"Gambling Chip"},{"floor":40,"key":"Anchor"},{"floor":43,"key":"CeramicFish"},{"floor":47,"key":"Thread and Needle"}],"event_choices":[{"damage_healed":0,"gold_gain":0,"player_choice":"Donut","damage_taken":0,"max_hp_gain":5,"max_hp_loss":0,"event_name":"Big Fish","floor":4,"gold_loss":0},{"damage_healed":0,"gold_gain":75,"player_choice":"Gather Gold","damage_taken":11,"max_hp_gain":0,"max_hp_loss":0,"event_name":"World of Goop","floor":8,"gold_loss":0},{"damage_healed":0,"gold_gain":0,"player_choice":"Fought Bandits","damage_taken":0,"max_hp_gain":0,"max_hp_loss":0,"event_name":"Masked Bandits","floor":27,"gold_loss":0},{"damage_healed":0,"gold_gain":0,"player_choice":"Ignored","damage_taken":0,"max_hp_gain":0,"max_hp_loss":0,"event_name":"Cursed Tome","floor":30,"gold_loss":0},{"damage_healed":0,"gold_gain":0,"player_choice":"Max HP","damage_taken":0,"max_hp_gain":0,"max_hp_loss":4,"event_name":"Winding Halls","floor":36,"gold_loss":0},{"cards_removed":["Cold Snap"],"damage_healed":0,"gold_gain":0,"player_choice":"Removed Attack","damage_taken":0,"max_hp_gain":0,"max_hp_loss":0,"event_name":"Falling","floor":39,"gold_loss":0}],"is_beta":false,"boss_relics":[{"not_picked":["Busted Crown","Astrolabe"],"picked":"Runic Dome"},{"not_picked":["Cursed Key","SlaversCollar"],"picked":"Pandora\u0027s Box"}],"items_purged_floors":[19],"is_endless":false,"potions_floor_spawned":[2,6,10,12,18,23,28,29,33,37,42,44,45],"killed_by":"Awakened One","ascension_level":0}}