{"host":"2j5d0uw0vihq8b8w","time":1611977407,"event":{"mods":["2.2 Compatiblity","AchievementEnabler","BaseMod","BetterRewards","Colored Map","Colored Powertips","Custom Start","DeckTracker","Minty Spire (QoL Compilation)","Permanent Neow","Quick Restart","Rare Cards Sparkle","StSLib","SuperFastMode"],"gold_per_floor":[110,130,205,155,155,155,188,188,236,251,270,282,312,329,329,430,430,400,400,32,32,32,32,32,32,32,32,32,32,32,32,32,32,32,32,32,32,32,32,32,32,32,32,32,32,32,32,32,32,32],"floor_reached":51,"language":"KOR","playtime":1850,"items_purged":["Strike_R","Strike_R"],"score":1238,"play_id":"1de28f77-9394-47aa-bc9d-30a4fbf2d660","local_time":"20210130123007","is_ascension_mode":true,"campfire_choices":[{"data":"Bash","floor":6.0,"key":"SMITH"},{"floor":8.0,"key":"REST"},{"data":"Shrug It Off","floor":15.0,"key":"SMITH"},{"data":"Demon Form","floor":28,"key":"SMITH"},{"data":"Fire Breathing","floor":30,"key":"SMITH"},{"data":"Ghostly Armor","floor":32,"key":"SMITH"},{"data":"Defend_R","floor":44,"key":"SMITH"},{"data":"Deep Breath","floor":49,"key":"SMITH"}],"circlet_count":0,"master_deck":["Strike_R","Strike_R","Defend_R+1","Defend_R","Defend_R","Bash+1","Shrug It Off+1","Pommel Strike+1","Pommel Strike+1","Ghostly Armor+1","Body Slam+1","Demon Form+1","Headbutt+1","Fire Breathing+1","Reckless Charge+1","Shrug It Off+1","Twin Strike+1","Pummel+1","Body Slam+1","Shockwave+1","Reaper+1","Deep Breath+1","Magnetism","Deep Breath"],"relics":["Burning Blood","Molten Egg 2","TheAbacus","TungstenRod","Akabeko","Mummified Hand","Bronze Scales","HornCleat","Ectoplasm","Frozen Eye","Tiny Chest","MutagenicStrength","Blue Candle","Paper Frog","Bottled Tornado","Philosopher\u0027s Stone","CaptainsWheel","Potion Belt","Pocketwatch","MealTicket","StrikeDummy"],"acts_visited":["Exordium","TheCity","TheBeyond"],"potions_floor_usage":[18,19,31],"damage_taken":[{"damage":0.0,"enemies":"2 Louse","floor":1.0,"turns":2.0},{"damage":0.0,"enemies":"Small Slimes","floor":2.0,"turns":2.0},{"damage":9.0,"enemies":"Gremlin Nob","floor":7.0,"turns":3.0},{"damage":0.0,"enemies":"Cultist","floor":10.0,"turns":2.0},{"damage":0.0,"enemies":"2 Fungi Beasts","floor":11.0,"turns":2.0},{"damage":0.0,"enemies":"Exordium Wildlife","floor":12.0,"turns":3.0},{"damage":3.0,"enemies":"3 Sentries","floor":13.0,"turns":7.0},{"damage":0.0,"enemies":"Looter","floor":14.0,"turns":2.0},{"damage":7.0,"enemies":"The Guardian","floor":16.0,"turns":8.0},{"damage":0,"enemies":"2 Thieves","floor":18,"turns":2},{"damage":0,"enemies":"Shell Parasite","floor":19,"turns":4},{"damage":0,"enemies":"3 Cultists","floor":22,"turns":4},{"damage":11,"enemies":"Slavers","floor":23,"turns":3},{"damage":0,"enemies":"Cultist and Chosen","floor":24,"turns":4},{"damage":16,"enemies":"Gremlin Leader","floor":27,"turns":4},{"damage":19,"enemies":"Slavers","floor":31,"turns":3},{"damage":22,"enemies":"Champ","floor":33,"turns":6},{"damage":19,"enemies":"3 Shapes","floor":35,"turns":2},{"damage":16,"enemies":"Orb Walker","floor":36,"turns":2},{"damage":0,"enemies":"Jaw Worm Horde","floor":39,"turns":3},{"damage":3,"enemies":"Giant Head","floor":40,"turns":5},{"damage":0,"enemies":"Spire Growth","floor":41,"turns":3},{"damage":26,"enemies":"Nemesis","floor":42,"turns":5},{"damage":0,"enemies":"Sphere and 2 Shapes","floor":46,"turns":3},{"damage":34,"enemies":"Time Eater","floor":50,"turns":7}],"seed_played":"2938157532933208725","potions_obtained":[{"floor":5.0,"key":"Regen Potion"},{"floor":5.0,"key":"AttackPotion"},{"floor":5.0,"key":"SmokeBomb"},{"floor":13.0,"key":"LiquidBronze"},{"floor":19,"key":"Fruit Juice"},{"floor":23,"key":"Regen Potion"},{"floor":31,"key":"LiquidBronze"},{"floor":40,"key":"Fire Potion"},{"floor":41,"key":"Dexterity Potion"}],"is_trial":false,"path_per_floor":["M","M","?","?","?","R","E","R","T","M","M","M","E","M","R","B",null,"M","M","$","?","M","E","M","?","T","E","R","?","R","E","R","B",null,"M","M","?","T","M","E","M","E","T","R","?","M","?","T","R","B",null],"character_chosen":"IRONCLAD","items_purchased":["Molten Egg 2","TheAbacus","Shrug It Off","Pommel Strike+1","Akabeko","Fire Breathing","Frozen Eye","Reckless Charge+1"],"campfire_rested":1,"item_purchase_floors":[0,0,0,0,0,20,20,20],"current_hp_per_floor":[44,50,40,40,40,40,37,61,61,67,73,79,80,80,80,79,80,80,85,85,85,85,80,85,85,85,75,75,60,60,56,56,40,78,77,67,67,67,90,90,90,70,70,70,61,90,90,90,90,62],"gold":32,"neow_bonus":"","is_daily":false,"chose_seed":false,"campfire_upgraded":7,"win_rate":0.0,"timestamp":1611977407,"path_taken":["M","M","?","?","?","R","E","R","T","?","M","M","E","M","R","BOSS","M","M","$","?","M","E","M","?","T","E","R","?","R","E","R","BOSS","M","M","?","?","M","E","M","E","T","R","?","?","?","?","R","BOSS"],"items_purchased_type":["Relic","Relic","Card","Card","Relic","Card","Relic","Card"],"build_version":"2020-12-22","purchased_purges":2,"victory":true,"max_hp_per_floor":[80,80,80,80,80,80,80,80,80,80,80,80,80,80,80,80,80,80,85,85,85,85,85,85,85,85,85,85,90,90,90,90,90,90,90,90,90,90,90,90,90,90,90,90,90,90,90,90,90,90],"card_choices":[{"not_picked":["Twin Strike+1","Iron Wave+1"],"picked":"Pommel Strike+1","floor":1.0},{"not_picked":["Pommel Strike+1","Sword Boomerang+1","Clash+1"],"picked":"SKIP","floor":2.0},{"not_picked":["Havoc","Carnage+1","Sentinel"],"picked":"SKIP","floor":7.0},{"not_picked":["Juggernaut","Heavy Blade+1","Battle Trance"],"picked":"SKIP","floor":10.0},{"not_picked":["Flex","Seeing Red"],"picked":"Ghostly Armor","floor":11.0},{"not_picked":["Seeing Red","Shrug It Off","Evolve"],"picked":"SKIP","floor":12.0},{"not_picked":["Sever Soul+1","Havoc"],"picked":"Body Slam+1","floor":13.0},{"not_picked":["Sentinel","Power Through","Clash+1"],"picked":"SKIP","floor":14.0},{"not_picked":["Impervious","Exhume"],"picked":"Demon Form","floor":16.0},{"not_picked":["Dual Wield","Anger+1","Spot Weakness+1"],"picked":"SKIP","floor":18},{"not_picked":["Wild Strike+1","Havoc"],"picked":"Headbutt+1","floor":19},{"not_picked":["Metallicize","Hemokinesis+1"],"picked":"Shrug It Off+1","floor":22},{"not_picked":["Entrench","Clothesline+1"],"picked":"Twin Strike+1","floor":23},{"not_picked":["Warcry","Heavy Blade+1"],"picked":"Pummel+1","floor":24},{"not_picked":["Juggernaut","Wild Strike+1"],"picked":"Body Slam+1","floor":27},{"not_picked":["Seeing Red","Cleave+1"],"picked":"Shockwave+1","floor":31},{"not_picked":["Berserk","Juggernaut"],"picked":"Reaper+1","floor":33},{"not_picked":["Shrug It Off","Metallicize+1","Inflame"],"picked":"SKIP","floor":35},{"not_picked":["Iron Wave+1","Wild Strike+1","Inflame+1"],"picked":"SKIP","floor":36},{"not_picked":["Combust","Wild Strike+1","Shrug It Off"],"picked":"SKIP","floor":39},{"not_picked":["Exhume","Inflame+1","Havoc"],"picked":"SKIP","floor":40},{"not_picked":["Thunderclap+1","Spot Weakness+1","Flex+1"],"picked":"SKIP","floor":41},{"not_picked":["Battle Trance+1","Thunderclap+1","True Grit"],"picked":"SKIP","floor":42},{"not_picked":["Dramatic Entrance+1","The Bomb"],"picked":"Deep Breath","floor":45},{"not_picked":["Enlightenment","Dramatic Entrance+1"],"picked":"Magnetism","floor":45},{"not_picked":["True Grit+1","Armaments+1","Thunderclap+1"],"picked":"SKIP","floor":46}],"player_experience":648942,"relics_obtained":[{"floor":7.0,"key":"Mummified Hand"},{"floor":9.0,"key":"Bronze Scales"},{"floor":13.0,"key":"HornCleat"},{"floor":23,"key":"Tiny Chest"},{"floor":26,"key":"Blue Candle"},{"floor":27,"key":"Paper Frog"},{"floor":31,"key":"Bottled Tornado"},{"floor":38,"key":"CaptainsWheel"},{"floor":40,"key":"Potion Belt"},{"floor":42,"key":"Pocketwatch"},{"floor":43,"key":"MealTicket"},{"floor":48,"key":"StrikeDummy"}],"event_choices":[{"damage_healed":0.0,"max_hp_gain":0.0,"max_hp_loss":0.0,"gold_gain":75.0,"event_name":"World of Goop","player_choice":"Gather Gold","floor":3.0,"gold_loss":0.0,"damage_taken":11.0},{"cards_removed":["Defend_R"],"damage_healed":0.0,"max_hp_gain":0.0,"max_hp_loss":0.0,"gold_gain":0.0,"event_name":"The Cleric","player_choice":"Card Removal","floor":4.0,"gold_loss":50.0,"damage_taken":0.0},{"damage_healed":0.0,"max_hp_gain":0.0,"max_hp_loss":0.0,"gold_gain":0.0,"event_name":"Lab","player_choice":"Got Potions","floor":5.0,"gold_loss":0.0,"damage_taken":0.0},{"damage_healed":0,"gold_gain":0,"player_choice":"Ignored","damage_taken":0,"max_hp_gain":0,"max_hp_loss":0,"event_name":"Ghosts","floor":21,"gold_loss":0},{"damage_healed":0,"gold_gain":0,"player_choice":"Inject Mutagens","damage_taken":0,"relics_obtained":["MutagenicStrength"],"max_hp_gain":0,"max_hp_loss":0,"event_name":"Drug Dealer","floor":25,"gold_loss":0},{"damage_healed":0,"gold_gain":0,"player_choice":"Shed Blood","damage_taken":21,"max_hp_gain":5,"max_hp_loss":0,"event_name":"Forgotten Altar","floor":29,"gold_loss":0},{"cards_removed":["Strike_R"],"damage_healed":0,"gold_gain":0,"player_choice":"Removed Attack","damage_taken":0,"max_hp_gain":0,"max_hp_loss":0,"event_name":"Falling","floor":37,"gold_loss":0},{"damage_healed":0,"gold_gain":0,"player_choice":"Memory 3","damage_taken":10,"max_hp_gain":0,"max_hp_loss":0,"event_name":"SensoryStone","floor":45,"gold_loss":0},{"damage_healed":0,"gold_gain":0,"player_choice":"Copied","damage_taken":0,"max_hp_gain":0,"max_hp_loss":0,"event_name":"Duplicator","floor":47,"gold_loss":0,"cards_obtained":["Deep Breath"]}],"is_beta":false,"boss_relics":[{"not_picked":["Runic Pyramid","Black Blood"],"picked":"Ectoplasm"},{"not_picked":["Astrolabe","Runic Dome"],"picked":"Philosopher\u0027s Stone"}],"items_purged_floors":[0,20],"is_endless":false,"potions_floor_spawned":[10,11,13,14,19,23,27,31,35,40,41,42],"ascension_level":5}}