{"host":"phy652c7lim9lcu2","time":1611982264,"event":{"mods":["BaseMod","BetterRewards","Colored Powertips","Downfall","Googly Eyes","Hubris","Minty Spire (QoL Compilation)","Relic Stats","Spicy Shops","StSLib","everything is the same but u backflip on backflip"],"gold_per_floor":[119,119,130,148,172,200,200,200,200],"floor_reached":8,"language":"ENG","playtime":261,"items_purged":[],"score":81,"play_id":"125af3f2-7d0a-4cde-b873-17423d7f6d9f","local_time":"20210130145104","is_ascension_mode":true,"campfire_choices":[{"data":"Vault","floor":7,"key":"SMITH"}],"circlet_count":0,"master_deck":["Strike_P","Strike_P","Strike_P","Strike_P","Defend_P","Defend_P","Defend_P+1","Defend_P","Eruption","Vigilance","Protect+1","EmptyFist","JustLucky","Vault+1"],"relics":["PureWater","Peace Pipe","Membership Card","Happy Flower","Toy Ornithopter"],"acts_visited":[],"potions_floor_usage":[6],"damage_taken":[{"damage":0,"enemies":"2 Louse","floor":1,"turns":3},{"damage":0,"enemies":"Jaw Worm","floor":3,"turns":3},{"damage":0,"enemies":"Cultist","floor":4,"turns":2},{"damage":22,"enemies":"3 Sentries","floor":6,"turns":5},{"damage":40,"enemies":"Lagavulin","floor":8,"turns":10}],"seed_played":"8194294873906812615","potions_obtained":[{"floor":4,"key":"Strength Potion"},{"floor":6,"key":"Dexterity Potion"}],"is_trial":false,"path_per_floor":["M","?","M","M","T","E","R","E"],"character_chosen":"WATCHER","items_purchased":["Membership Card"],"campfire_rested":0,"item_purchase_floors":[0],"current_hp_per_floor":[65,51,51,51,51,29,29,0,0],"gold":200,"neow_bonus":"","is_daily":false,"chose_seed":false,"campfire_upgraded":1,"win_rate":0.0,"timestamp":1611982264,"path_taken":["M","?","M","M","?","E","R","E"],"items_purchased_type":["Relic"],"build_version":"2020-12-22","purchased_purges":0,"victory":false,"max_hp_per_floor":[72,72,72,72,72,72,72,72,72],"relic_stats":{"Peace Pipe":0,"Happy Flower":[31],"counters":[63,284],"obtain_stats":[{"Tiny House":34,"Gremlin Horn":17,"CeramicFish":31,"Runic Capacitor":0,"Juzu Bracelet":6,"Whetstone":54,"hubris:EmptyBottle":12,"Smiling Mask":14,"Ancient Tea Set":0,"ClockworkSouvenir":19,"Centennial Puzzle":8,"Nunchaku":26,"Strawberry":6,"Gambling Chip":21,"Tiny Chest":17,"downfall:ExtraCursedKey":13,"Red Mask":0,"Chemical X":0,"Kunai":53,"Toxic Egg 2":11,"Cracked Core":0,"hubris:TinFlute":7,"Pear":24,"Happy Flower":27,"hubris:DuctTape":47,"Astrolabe":17,"Blue Candle":36,"Oddly Smooth Stone":0,"PreservedInsect":0,"Pen Nib":26,"Letter Opener":41,"Orichalcum":0,"hubris:Towel":22,"Akabeko":14,"Calling Bell":17,"Peace Pipe":0,"Strange Spoon":36,"Shuriken":45,"hubris:PeanutButter":9,"Turnip":17,"hubris:ToyBattleship":30,"Membership Card":4,"hubris:CrackedHourglass":17,"PureWater":0,"TungstenRod":0,"Toy Ornithopter":11},{"Tiny House":47,"Gremlin Horn":41,"CeramicFish":46,"Runic Capacitor":5,"Juzu Bracelet":10,"Whetstone":57,"hubris:EmptyBottle":24,"Smiling Mask":12,"Ancient Tea Set":32,"ClockworkSouvenir":42,"Centennial Puzzle":22,"Nunchaku":44,"Strawberry":20,"Gambling Chip":29,"Tiny Chest":41,"downfall:ExtraCursedKey":12,"Red Mask":0,"Chemical X":0,"Kunai":56,"Toxic Egg 2":24,"Cracked Core":0,"hubris:TinFlute":36,"Pear":44,"Happy Flower":45,"hubris:DuctTape":54,"Astrolabe":14,"Blue Candle":48,"Oddly Smooth Stone":32,"PreservedInsect":0,"Pen Nib":31,"Letter Opener":52,"Orichalcum":14,"hubris:Towel":29,"Akabeko":40,"Calling Bell":41,"Peace Pipe":58,"Strange Spoon":48,"Shuriken":53,"hubris:PeanutButter":11,"Turnip":41,"hubris:ToyBattleship":45,"Membership Card":8,"hubris:CrackedHourglass":27,"PureWater":0,"TungstenRod":0,"Toy Ornithopter":37},{"Tiny House":200,"Gremlin Horn":169,"CeramicFish":191,"Runic Capacitor":13,"Juzu Bracelet":34,"Whetstone":252,"hubris:EmptyBottle":86,"Smiling Mask":43,"Ancient Tea Set":131,"ClockworkSouvenir":172,"Centennial Puzzle":80,"Nunchaku":181,"Strawberry":73,"Gambling Chip":115,"Tiny Chest":169,"downfall:ExtraCursedKey":43,"Red Mask":0,"Chemical X":0,"Kunai":247,"Toxic Egg 2":86,"Cracked Core":0,"hubris:TinFlute":151,"Pear":181,"Happy Flower":183,"hubris:DuctTape":234,"Astrolabe":56,"Blue Candle":203,"Oddly Smooth Stone":131,"PreservedInsect":0,"Pen Nib":122,"Letter Opener":222,"Orichalcum":56,"hubris:Towel":115,"Akabeko":165,"Calling Bell":169,"Peace Pipe":261,"Strange Spoon":203,"Shuriken":229,"hubris:PeanutButter":38,"Turnip":169,"hubris:ToyBattleship":183,"Membership Card":24,"hubris:CrackedHourglass":107,"PureWater":0,"TungstenRod":0,"Toy Ornithopter":156}],"Toy Ornithopter":80},"card_choices":[{"not_picked":["FlyingSleeves","ThirdEye"],"picked":"Protect","floor":1},{"not_picked":["SashWhip","EmptyBody"],"picked":"EmptyFist","floor":3},{"not_picked":["ThirdEye","ClearTheMind"],"picked":"JustLucky","floor":4},{"not_picked":["WheelKick","Wireheading"],"picked":"Vault","floor":6}],"player_experience":282555,"relics_obtained":[{"floor":5,"key":"Happy Flower"},{"floor":6,"key":"Toy Ornithopter"}],"event_choices":[{"damage_healed":0,"gold_gain":0,"player_choice":"Entered Light","damage_taken":14,"max_hp_gain":0,"max_hp_loss":0,"event_name":"Shining Light","floor":2,"gold_loss":0,"cards_upgraded":["Protect","Defend_P"]}],"is_beta":false,"boss_relics":[],"items_purged_floors":[],"is_endless":false,"potions_floor_spawned":[4,6],"killed_by":"Lagavulin","ascension_level":9}}