{"host":"7jl4uf745pjtflnx","time":1611965980,"event":{"mods":["BaseMod","BetterRewards","Hubris","Minty Spire (QoL Compilation)","Replay The Spire","StSLib","SuperFastMode","The Construct"],"gold_per_floor":[114,114,130,141,159,159,186,209,280,310,310,324,342,359,359,438,438,452,462,480,500,518,548,548,577,653,684,684,684,696,730,102,114,114,188,188,208,407,41,61,76,102,102,135,161,161,161,161,161,175,175,175,175,175,86,121,121],"floor_reached":58,"language":"ENG","playtime":5952,"items_purged":["Strike_B","Strike_B","Strike_B","Strike_B","Zap"],"score":3491,"play_id":"390d532b-0b8a-4308-8f87-3403bda1f992","local_time":"20210129191940","is_ascension_mode":true,"campfire_choices":[{"data":"Apotheosis","floor":6,"key":"SMITH"},{"floor":11,"key":"REST"},{"data":"Capacitor","floor":15,"key":"SMITH"},{"data":"hubris:PowerSurge","floor":24,"key":"SMITH"},{"floor":34,"key":"RECALL"},{"data":"Capacitor","floor":47,"key":"SMITH"},{"data":"Chill","floor":49,"key":"SMITH"},{"data":"Mayhem","floor":51,"key":"SMITH"},{"data":"hubris:PowerSurge","floor":54,"key":"SMITH"}],"circlet_count":0,"master_deck":["AscendersBane","Defend_B+1","Defend_B+1","Dualcast+1","ReplayTheSpireMod:Private Reserves","Ball Lightning","Hello World","Apotheosis+1","ReplayTheSpireMod:Private Reserves+1","Capacitor+1","Heatsinks","Barrage","Heatsinks","Mayhem","Self Repair","Coolheaded","Conserve Battery","Glacier","Coolheaded","Machine Learning","Ball Lightning","Cold Snap","Electrodynamics","hubris:PowerSurge+1","hubris:PowerSurge+1","Capacitor+1","ReplayTheSpireMod:Calculation Training+1","Mayhem+1","Amplify","ReplayTheSpireMod:Calculation Training+1","Static Discharge","BootSequence","Self Repair+1","Chill+1","Conserve Battery","Reboot","Storm+1","Echo Form+1"],"relics":["Cracked Core","Vajra","Replay:Wax Seal","DollysMirror","Ice Cream","Carrot","War Paint","hubris:PeanutButter","hubris:Towel","Simple Rune","Odd Mushroom","Cables","Orichalcum","SlaversCollar","Replay:Rubber Ducky","Question Card","Mummified Hand","hubris:SoftwareUpdate","DataDisk","Mercury Hourglass","Replay:Drink Me","Replay:Bottled Eggs","Happy Flower","Frozen Egg 2","Counterbalance"],"acts_visited":["Exordium","TheCity","TheBeyond","TheEnding"],"potions_floor_usage":[1,20,20],"damage_taken":[{"damage":0,"enemies":"2 Louse","floor":1,"turns":1},{"damage":0,"enemies":"Small Slimes","floor":3,"turns":3},{"damage":0,"enemies":"Jaw Worm","floor":4,"turns":5},{"damage":1,"enemies":"2 Fungi Beasts","floor":5,"turns":4},{"damage":9,"enemies":"Replay:BlueRogue","floor":7,"turns":6},{"damage":9,"enemies":"The Mushroom Lair","floor":8,"turns":5},{"damage":32,"enemies":"Gremlin Nob","floor":10,"turns":5},{"damage":0,"enemies":"Looter","floor":12,"turns":3},{"damage":0,"enemies":"Exordium Thugs","floor":13,"turns":3},{"damage":5,"enemies":"Exordium Wildlife","floor":14,"turns":5},{"damage":2,"enemies":"The Guardian","floor":16,"turns":10},{"damage":0,"enemies":"Spheric Guardian","floor":18,"turns":3},{"damage":0,"enemies":"3 Byrds","floor":19,"turns":4},{"damage":0,"enemies":"Snake Plant","floor":20,"turns":2},{"damage":0,"enemies":"Snecko","floor":21,"turns":4},{"damage":0,"enemies":"Centurion and Healer","floor":22,"turns":5},{"damage":0,"enemies":"Book of Stabbing","floor":23,"turns":3},{"damage":3,"enemies":"Slavers","floor":25,"turns":4},{"damage":0,"enemies":"Replay:Snechameleon","floor":27,"turns":3},{"damage":3,"enemies":"Snake Plant","floor":30,"turns":3},{"damage":0,"enemies":"Book of Stabbing","floor":31,"turns":4},{"damage":0,"enemies":"3 Cultists","floor":33,"turns":1},{"damage":10,"enemies":"hubris:MusketHawk","floor":35,"turns":5},{"damage":0,"enemies":"3 Darklings","floor":37,"turns":3},{"damage":0,"enemies":"Orb Walker","floor":40,"turns":2},{"damage":0,"enemies":"Spire Growth","floor":41,"turns":3},{"damage":0,"enemies":"Reptomancer","floor":42,"turns":4},{"damage":0,"enemies":"Nemesis","floor":44,"turns":4},{"damage":0,"enemies":"3 Darklings","floor":50,"turns":4},{"damage":0,"enemies":"hubris:GrandSnecko","floor":52,"turns":7},{"damage":0,"enemies":"Shield and Spear","floor":56,"turns":3},{"damage":0,"enemies":"The Heart","floor":57,"turns":6}],"seed_played":"-4553468527637037907","potions_obtained":[{"floor":3,"key":"SpeedPotion"},{"floor":20,"key":"SteroidPotion"},{"floor":27,"key":"ColorlessPotion"},{"floor":30,"key":"Block Potion"},{"floor":35,"key":"SmokeBomb"},{"floor":41,"key":"Dexterity Potion"}],"is_trial":false,"path_per_floor":["M","?","M","M","M","R","E","?","T","E","R","M","M","M","R","B",null,"M","M","M","M","M","E","R","E","T","E","PTL","PTL","M","E","$","M","R","B",null,"M","?","$","M","M","E","?","E","T","?","R","?","R","M","R","B",null,"R","$","E","B",null],"character_chosen":"DEFECT","items_purchased":["ReplayTheSpireMod:Private Reserves","Ball Lightning","Hello World","Vajra","Apotheosis","Replay:Wax Seal","DollysMirror","Ice Cream","Capacitor","Heatsinks","Carrot","War Paint","Barrage","Heatsinks","PowerPotion","Mayhem","Self Repair","hubris:PeanutButter","Coolheaded","DuplicationPotion","Mayhem","Mercury Hourglass","Replay:Bottled Eggs","Static Discharge","Storm+1"],"campfire_rested":1,"item_purchase_floors":[0,0,0,0,0,0,0,0,0,0,0,0,0,0,0,0,0,0,0,0,32,32,39,39,55],"current_hp_per_floor":[22,22,29,39,45,45,46,44,44,22,43,50,60,62,62,70,71,71,71,71,71,71,71,71,68,68,68,68,68,71,71,71,71,71,68,54,54,33,33,33,40,47,47,54,54,54,54,54,54,54,54,54,54,54,54,54,54],"gold":121,"neow_bonus":"","is_daily":false,"chose_seed":false,"campfire_upgraded":7,"win_rate":0.0,"timestamp":1611965980,"path_taken":["M","?","M","M","M","R","E","?","T","E","R","M","M","M","R","BOSS","M","M","M","M","M","E","R","E","T","E","PTL","PTL","M","E","$","M","R","BOSS","M","?","$","M","M","E","?","E","T","?","R","?","R","M","R","BOSS","R","$","E","BOSS"],"items_purchased_type":["Card","Card","Card","Relic","Card","Relic","Relic","Relic","Card","Card","Relic","Relic","Card","Card","Potion","Card","Card","Relic","Card","Potion","Card","Relic","Relic","Card","Card"],"build_version":"2020-12-22","purchased_purges":5,"victory":true,"max_hp_per_floor":[71,71,71,71,71,71,71,71,71,71,71,71,71,71,71,71,71,71,71,71,71,71,71,71,71,71,71,71,71,71,71,71,71,71,71,54,54,54,54,54,54,54,54,54,54,54,54,54,54,54,54,54,54,54,54,54,54],"card_choices":[{"not_picked":["Beam Cell","Turbo"],"picked":"Conserve Battery","floor":1},{"not_picked":["Hologram","Self Repair"],"picked":"Glacier","floor":3},{"not_picked":["Redo","Hologram","Rebound"],"picked":"SKIP","floor":4},{"not_picked":["Hologram","Turbo"],"picked":"Coolheaded","floor":5},{"not_picked":["Hologram","Sunder"],"picked":"Machine Learning","floor":7},{"not_picked":["Machine Learning","Fusion"],"picked":"Ball Lightning","floor":10},{"not_picked":["Rebound","Gash","hubris:Prefetch"],"picked":"SKIP","floor":12},{"not_picked":["Rip and Tear","FIFO Queue","Go for the Eyes"],"picked":"SKIP","floor":13},{"not_picked":["BasicCrystalCard","Gash"],"picked":"Cold Snap","floor":14},{"not_picked":["Seek","ReplayTheSpireMod:Fabricate Wheel"],"picked":"Electrodynamics","floor":16},{"not_picked":["Gash","ReplaySolidLightProjector","Scrape"],"picked":"SKIP","floor":18},{"not_picked":["Mirror Shield","Rebound+1"],"picked":"hubris:PowerSurge","floor":19},{"not_picked":["Turbo","Machine Learning","Go for the Eyes"],"picked":"SKIP","floor":20},{"not_picked":["Recycle+1","Melter","Barrage"],"picked":"SKIP","floor":21},{"not_picked":["Turbo","Leap","hubris:DoWhile"],"picked":"SKIP","floor":22},{"not_picked":["Steam","BasicCrystalCard+1"],"picked":"hubris:PowerSurge","floor":23},{"not_picked":["FTL","Barrage+1"],"picked":"Capacitor","floor":25},{"not_picked":["Coolheaded","Hello World+1","Scrape","Lockon"],"picked":"SKIP","floor":27},{"not_picked":["Sunder","Redo","Conserve Battery"],"picked":"Cold Snap","floor":30},{"not_picked":["Thunder Strike","ReplayTheSpireMod:Repulse+1","Coolheaded"],"picked":"ReplayTheSpireMod:Calculation Training","floor":31},{"not_picked":["Chaos","Conserve Battery","Redo","Compile Driver"],"picked":"SKIP","floor":33},{"not_picked":["Fission","Multi-Cast","hubris:SpecializedCircuitry"],"picked":"Amplify","floor":35},{"not_picked":["Rebound","Time Bomb","Ball Lightning","Scrape"],"picked":"SKIP","floor":37},{"not_picked":["Turbo","Aggregate","Sweeping Beam"],"picked":"ReplayTheSpireMod:Calculation Training","floor":38},{"not_picked":["Doom and Gloom","Streamline","ReplaySolidLightProjector+1"],"picked":"BootSequence","floor":40},{"not_picked":["Ball Lightning+1","Redo","Genetic Algorithm+1","Rebound+1"],"picked":"SKIP","floor":41},{"not_picked":["Leap+1","Panic Button","Beam Cell+1"],"picked":"Self Repair+1","floor":42},{"not_picked":["ReplaySort","Gash","Recycle+1"],"picked":"Chill","floor":44},{"not_picked":["Gash","Doom and Gloom","Stack+1"],"picked":"Reboot","floor":50},{"not_picked":["ReplayGash","Streamline","Panic Button"],"picked":"Echo Form+1","floor":56}],"player_experience":738047,"relics_obtained":[{"floor":7,"key":"Simple Rune"},{"floor":8,"key":"Odd Mushroom"},{"floor":9,"key":"Cables"},{"floor":10,"key":"Orichalcum"},{"floor":23,"key":"Replay:Rubber Ducky"},{"floor":25,"key":"Question Card"},{"floor":26,"key":"Mummified Hand"},{"floor":27,"key":"hubris:SoftwareUpdate"},{"floor":31,"key":"DataDisk"},{"floor":42,"key":"Happy Flower"},{"floor":44,"key":"Frozen Egg 2"},{"floor":56,"key":"Counterbalance"}],"event_choices":[{"damage_healed":0,"gold_gain":0,"player_choice":"Fought Mushrooms","damage_taken":0,"max_hp_gain":0,"max_hp_loss":0,"event_name":"Mushrooms","floor":8,"gold_loss":0},{"cards_removed":["Defend_B"],"damage_healed":0,"gold_gain":0,"player_choice":"Offered Basic","damage_taken":0,"max_hp_gain":0,"max_hp_loss":0,"event_name":"Bonfire Elementals","floor":48,"gold_loss":0}],"is_beta":false,"boss_relics":[{"not_picked":["Ring of Chaos","hubris:VirtuousBlindfold"],"picked":"SlaversCollar"},{"not_picked":["Busted Crown","Philosopher\u0027s Stone"],"picked":"Replay:Drink Me"}],"items_purged_floors":[0,0,0,0,32],"is_endless":false,"potions_floor_spawned":[3,7,13,16,20,27,30,31,33,35,41],"ascension_level":19}}