{"host":"6xsbn6ynqlzwllfm","time":1611983787,"event":{"mods":["2.2 Compatiblity","BaseMod","Bestiary","Colored Map","Colored Powertips","Curses Come First","Highlight Path","Keyboard Shortcuts","Minty Spire (QoL Compilation)","Relic Stats","Slay the Relics Exporter","StSLib","SuperFastMode"],"gold_per_floor":[99,99,99,99,99,99,99,69,69,69,28,28,28,28,28,28,28,0,0,0,0,0,0,0,0,0,0,0,0,0,0,0,0,0,0,0,0,0,0,0,0,0,0,0,0,0,0,0,0,0,0,0,0,0,0],"floor_reached":56,"language":"ENG","playtime":2616,"items_purged":[],"score":2346,"play_id":"935201ad-9fa0-41e3-b4f0-dfebfdedb97d","local_time":"20210130001627","is_ascension_mode":true,"campfire_choices":[{"data":"CrushJoints","floor":6.0,"key":"SMITH"},{"data":"Fasting2","floor":13.0,"key":"SMITH"},{"floor":15.0,"key":"REST"},{"data":"Vault","floor":24.0,"key":"SMITH"},{"data":"Tantrum","floor":27.0,"key":"SMITH"},{"data":"Ragnarok","floor":30.0,"key":"SMITH"},{"floor":32.0,"key":"REST"},{"data":"1","floor":42.0,"key":"LIFT"},{"data":"2","floor":44.0,"key":"LIFT"},{"floor":49.0,"key":"RECALL"},{"data":"3","floor":52.0,"key":"LIFT"}],"circlet_count":0,"master_deck":["AscendersBane","Strike_P","Strike_P","Strike_P","Defend_P","Defend_P","Defend_P","Eruption","Vigilance","Protect","CrushJoints+1","Vault+1","LikeWater","Fasting2+1","Protect+1","EmptyBody","Scrawl","Ragnarok+1","Crescendo+1","RitualDagger","Tantrum+1","ThirdEye+1","RitualDagger","Wallop","Swivel","TalkToTheHand","Vault+1","Evaluate+1","Secret Technique+1","Dramatic Entrance","Meditate","Indignation+1","DeceiveReality","Shame","CarveReality+1","TalkToTheHand+1"],"relics":["Ectoplasm","Incense Burner","The Courier","Darkstone Periapt","Bag of Marbles","Potion Belt","SacredBark","Art of War","Blue Candle","Cursed Key","Girya","Ornamental Fan","PreservedInsect","War Paint","Letter Opener","Bronze Scales"],"acts_visited":["Exordium","TheCity","TheBeyond","TheEnding"],"potions_floor_usage":[55],"damage_taken":[{"damage":0.0,"enemies":"Jaw Worm","floor":1.0,"turns":2.0},{"damage":0.0,"enemies":"2 Louse","floor":2.0,"turns":3.0},{"damage":0.0,"enemies":"Cultist","floor":5.0,"turns":3.0},{"damage":43.0,"enemies":"3 Sentries","floor":7.0,"turns":13.0},{"damage":3.0,"enemies":"Looter","floor":8.0,"turns":3.0},{"damage":0.0,"enemies":"Lagavulin","floor":10.0,"turns":7.0},{"damage":5.0,"enemies":"3 Sentries","floor":12.0,"turns":12.0},{"damage":0.0,"enemies":"Gremlin Nob","floor":14.0,"turns":4.0},{"damage":21.0,"enemies":"The Guardian","floor":16.0,"turns":15.0},{"damage":5.0,"enemies":"2 Thieves","floor":18.0,"turns":5.0},{"damage":0.0,"enemies":"Chosen","floor":20.0,"turns":3.0},{"damage":0.0,"enemies":"3 Cultists","floor":21.0,"turns":2.0},{"damage":18.0,"enemies":"Book of Stabbing","floor":23.0,"turns":5.0},{"damage":0.0,"enemies":"Gremlin Leader","floor":25.0,"turns":7.0},{"damage":11.0,"enemies":"Snake Plant","floor":28.0,"turns":4.0},{"damage":1.0,"enemies":"Shelled Parasite and Fungi","floor":29.0,"turns":5.0},{"damage":0.0,"enemies":"Cultist and Chosen","floor":31.0,"turns":6.0},{"damage":13.0,"enemies":"Collector","floor":33.0,"turns":9.0},{"damage":0.0,"enemies":"Orb Walker","floor":35.0,"turns":3.0},{"damage":11.0,"enemies":"2 Orb Walkers","floor":37.0,"turns":8.0},{"damage":0.0,"enemies":"3 Darklings","floor":38.0,"turns":4.0},{"damage":0.0,"enemies":"Spire Growth","floor":39.0,"turns":3.0},{"damage":0.0,"enemies":"Giant Head","floor":40.0,"turns":10.0},{"damage":4.0,"enemies":"Writhing Mass","floor":41.0,"turns":7.0},{"damage":1.0,"enemies":"Reptomancer","floor":45.0,"turns":3.0},{"damage":0.0,"enemies":"Sphere and 2 Shapes","floor":46.0,"turns":3.0},{"damage":3.0,"enemies":"Nemesis","floor":47.0,"turns":5.0},{"damage":17.0,"enemies":"Awakened One","floor":50.0,"turns":10.0},{"damage":0.0,"enemies":"Shield and Spear","floor":54.0,"turns":3.0},{"damage":16,"enemies":"The Heart","floor":55,"turns":8}],"seed_played":"8358938163657781855","potions_obtained":[{"floor":1.0,"key":"LiquidBronze"},{"floor":7.0,"key":"Dexterity Potion"},{"floor":16.0,"key":"PowerPotion"},{"floor":23.0,"key":"Ancient Potion"},{"floor":25.0,"key":"SpeedPotion"},{"floor":33.0,"key":"DistilledChaos"},{"floor":38.0,"key":"CultistPotion"},{"floor":40.0,"key":"AttackPotion"},{"floor":47.0,"key":"Dexterity Potion"},{"floor":54.0,"key":"Energy Potion"}],"is_trial":false,"path_per_floor":["M","M","?","?","M","R","E","M","T","E","?","E","R","E","R","B",null,"M","?","M","M","?","E","R","E","T","R","M","M","R","M","R","B",null,"M","?","?","M","M","E","M","R","T","R","E","M","E","?","R","B",null,"R","$","E","B",null],"character_chosen":"WATCHER","items_purchased":[],"campfire_rested":2,"item_purchase_floors":[],"current_hp_per_floor":[61,61,54,54,54,54,11,8,8,8,8,3,3,3,23,2,52,47,41,41,41,41,23,23,23,23,23,12,11,11,11,31,18,56,56,46,35,35,35,35,31,31,37,37,36,36,33,33,33,16,60,60,60,60,44],"gold":0,"neow_bonus":"BOSS_RELIC","is_daily":false,"chose_seed":false,"campfire_upgraded":5,"win_rate":0.0,"timestamp":1611983787,"path_taken":["M","M","?","?","?","R","E","M","T","E","?","E","R","E","R","BOSS","M","?","M","M","?","E","R","E","T","R","M","M","R","M","R","BOSS","M","?","?","M","M","E","M","R","T","R","E","M","E","?","R","BOSS","R","$","E","BOSS"],"items_purchased_type":[],"build_version":"2020-12-22","purchased_purges":0,"victory":true,"max_hp_per_floor":[68,68,68,68,68,68,68,68,68,68,68,68,68,68,68,68,68,68,68,68,68,68,68,68,68,68,68,68,68,68,68,68,68,68,68,68,68,68,68,68,68,68,74,74,74,74,74,74,74,74,74,74,74,74,74],"relic_stats":{"Darkstone Periapt":6,"counters":[30,175],"Ornamental Fan":[36],"Blue Candle":[3],"Bronze Scales":[51],"Ectoplasm":859,"PreservedInsect":188,"Art of War":[24],"Letter Opener":[65],"War Paint":["Protect","Vault"],"Cursed Key":1,"obtain_stats":[{"Darkstone Periapt":10,"Potion Belt":14,"Girya":37,"SacredBark":17,"Blue Candle":25,"The Courier":9,"PreservedInsect":43,"Incense Burner":7,"Letter Opener":47,"War Paint":45,"Cursed Key":34,"Ornamental Fan":40,"Bronze Scales":54,"Ectoplasm":0,"Bag of Marbles":12,"Art of War":23,"PureWater":0},{"Darkstone Periapt":6,"Potion Belt":8,"Girya":20,"SacredBark":9,"Blue Candle":14,"The Courier":5,"PreservedInsect":24,"Incense Burner":4,"Letter Opener":27,"War Paint":25,"Cursed Key":18,"Ornamental Fan":23,"Bronze Scales":29,"Ectoplasm":0,"Bag of Marbles":7,"Art of War":13,"PureWater":0},{"Darkstone Periapt":31,"Potion Belt":47,"Girya":119,"SacredBark":62,"Blue Candle":84,"The Courier":24,"PreservedInsect":143,"Incense Burner":21,"Letter Opener":154,"War Paint":146,"Cursed Key":108,"Ornamental Fan":136,"Bronze Scales":167,"Ectoplasm":0,"Bag of Marbles":43,"Art of War":77,"PureWater":0}]},"card_choices":[{"not_picked":["WreathOfFlame","Meditate"],"picked":"Protect","floor":1.0},{"not_picked":["Perseverance","Consecrate"],"picked":"CrushJoints","floor":2.0},{"not_picked":["MentalFortress","SashWhip"],"picked":"LikeWater","floor":5.0},{"not_picked":["WreathOfFlame","PathToVictory"],"picked":"Fasting2","floor":7.0},{"not_picked":["FollowUp","BowlingBash"],"picked":"Protect","floor":8.0},{"not_picked":["Weave","ClearTheMind"],"picked":"EmptyBody","floor":12.0},{"not_picked":["WreathOfFlame","BowlingBash"],"picked":"Scrawl","floor":14.0},{"not_picked":["MasterReality","SpiritShield"],"picked":"Ragnarok","floor":16.0},{"not_picked":["CrushJoints","ThirdEye"],"picked":"Crescendo+1","floor":18.0},{"not_picked":["InnerPeace","Study"],"picked":"Tantrum","floor":20.0},{"not_picked":["EmptyBody","Indignation"],"picked":"ThirdEye+1","floor":21.0},{"not_picked":["Study","SashWhip"],"picked":"Wallop","floor":23.0},{"not_picked":["WindmillStrike+1","ForeignInfluence"],"picked":"Swivel","floor":29.0},{"not_picked":["LikeWater","Crescendo"],"picked":"TalkToTheHand","floor":31.0},{"not_picked":["Establishment","Ragnarok"],"picked":"Vault","floor":33.0},{"not_picked":["JustLucky","CrushJoints"],"picked":"Evaluate+1","floor":35.0},{"not_picked":["PanicButton","Dark Shackles"],"picked":"Secret Technique","floor":36.0},{"not_picked":["Good Instincts","Trip"],"picked":"Dramatic Entrance","floor":36.0},{"not_picked":["ClearTheMind","Consecrate"],"picked":"Meditate","floor":37.0},{"not_picked":["SignatureMove","CrushJoints"],"picked":"Indignation+1","floor":40.0},{"not_picked":["FollowUp","BowlingBash"],"picked":"DeceiveReality","floor":41.0},{"not_picked":["InnerPeace+1","JustLucky+1"],"picked":"CarveReality+1","floor":47.0},{"not_picked":["Protect+1","Crescendo"],"picked":"TalkToTheHand+1","floor":54.0}],"player_experience":1250266,"relics_obtained":[{"floor":7.0,"key":"Incense Burner"},{"floor":9.0,"key":"The Courier"},{"floor":10.0,"key":"Darkstone Periapt"},{"floor":12.0,"key":"Bag of Marbles"},{"floor":14.0,"key":"Potion Belt"},{"floor":23.0,"key":"Art of War"},{"floor":25.0,"key":"Blue Candle"},{"floor":37.0,"key":"Girya"},{"floor":40.0,"key":"Ornamental Fan"},{"floor":43.0,"key":"PreservedInsect"},{"floor":45.0,"key":"War Paint"},{"floor":47.0,"key":"Letter Opener"},{"floor":54.0,"key":"Bronze Scales"}],"event_choices":[{"cards_removed":["Strike_P"],"damage_healed":0.0,"max_hp_gain":0.0,"max_hp_loss":0.0,"gold_gain":0.0,"event_name":"Golden Wing","player_choice":"Card Removal","floor":3.0,"gold_loss":0.0,"damage_taken":7.0},{"damage_healed":0.0,"max_hp_gain":0.0,"max_hp_loss":0.0,"gold_gain":0.0,"cards_transformed":["Defend_P"],"event_name":"Transmorgrifier","player_choice":"Transformed","floor":4.0,"gold_loss":0.0,"damage_taken":0.0,"cards_obtained":["Vault"]},{"damage_healed":0.0,"max_hp_gain":0.0,"max_hp_loss":0.0,"gold_gain":0.0,"event_name":"World of Goop","player_choice":"Left Gold","floor":11.0,"gold_loss":41.0,"damage_taken":0.0},{"damage_healed":0.0,"max_hp_gain":0.0,"max_hp_loss":0.0,"gold_gain":0.0,"event_name":"Nest","player_choice":"Joined the Cult","floor":19.0,"gold_loss":0.0,"damage_taken":6.0,"cards_obtained":["RitualDagger"]},{"damage_healed":0.0,"max_hp_gain":0.0,"max_hp_loss":0.0,"gold_gain":0.0,"event_name":"Duplicator","player_choice":"Copied","floor":22.0,"gold_loss":0.0,"damage_taken":0.0,"cards_obtained":["RitualDagger"]},{"damage_healed":0.0,"max_hp_gain":0.0,"max_hp_loss":0.0,"gold_gain":0.0,"event_name":"SensoryStone","player_choice":"Memory 3","floor":36.0,"gold_loss":0.0,"damage_taken":10.0},{"damage_healed":0.0,"max_hp_gain":0.0,"max_hp_loss":0.0,"gold_gain":0.0,"event_name":"Mysterious Sphere","player_choice":"Fight","floor":37.0,"gold_loss":0.0,"damage_taken":0.0},{"damage_healed":0.0,"max_hp_gain":0.0,"max_hp_loss":0.0,"gold_gain":0.0,"event_name":"Upgrade Shrine","player_choice":"Upgraded","floor":48.0,"gold_loss":0.0,"damage_taken":0.0,"cards_upgraded":["Secret Technique"]}],"is_beta":false,"boss_relics":[{"not_picked":["Fusion Hammer","Runic Dome"],"picked":"SacredBark"},{"not_picked":["Coffee Dripper","Empty Cage"],"picked":"Cursed Key"}],"items_purged_floors":[],"is_endless":false,"potions_floor_spawned":[1,7,12,16,23,25,33,38,40,47,54],"ascension_level":15}}