{"host":"8b2tzytxrazqquwe","time":1611991827,"event":{"mods":["BaseMod","Card Forge","Colored Map","Highlight Path","Minty Spire (QoL Compilation)","StSLib","The Marked"],"gold_per_floor":[118,43,43,53,71,100,112,112,112,129,129,157,167,195,195,300,300,318,329,80,80,90,90,125,142,142,142,169,196,208,83,83,185,235,255,271,128,139,139,139,152,167,241,260,270,283,313,330,330,330,330],"floor_reached":50,"language":"ENG","playtime":27692,"items_purged":["theMarked:Strike","theMarked:Strike","theMarked:Strike"],"score":590,"play_id":"abcb413d-2f86-45c5-998c-bd3a2ff76ab5","local_time":"20210130073027","is_ascension_mode":false,"campfire_choices":[{"floor":8.0,"key":"REST"},{"floor":11.0,"key":"REST"},{"floor":15.0,"key":"REST"},{"floor":23.0,"key":"REST"},{"floor":27.0,"key":"REST"},{"floor":32.0,"key":"REST"},{"floor":40.0,"key":"REST"},{"floor":49,"key":"REST"}],"circlet_count":0,"master_deck":["theMarked:Strike","theMarked:Strike","theMarked:Defend","theMarked:Defend","theMarked:Defend","theMarked:Defend","theMarked:SoldierOfQuellstein","theMarked:StartUp","theMarked:BanishingWave","theMarked:Parkour","theMarked:Indomitable","theMarked:Overcharge","theMarked:Static+1","theMarked:Parkour","theMarked:SelfDefenseTraining","theMarked:MagusForm","theMarked:Seal","theMarked:AttractMetal","theMarked:Generate","theMarked:EmpowerWeapon+1","theMarked:Abjuration","theMarked:Seal+1","theMarked:FavorableWinds","theMarked:Toughness","theMarked:Frustration","theMarked:BanishingWave+1","theMarked:Aftermath","theMarked:TwofoldDefense+1","theMarked:HeightenedSenses+1","theMarked:ChainLightning+1","theMarked:ChainLightning+1","theMarked:WardOff+1","theMarked:Abjuration","Parasite"],"relics":["Hammer of Thor","Seething Fire","Anvil of the Gods","Fusion Hammer","Thread and Needle","Shuriken","Pantograph","Mercury Hourglass","theMarked:Eyepatch","Pen Nib","Kunai","Question Card","Regal Pillow","Red Mask","Tiny House","Anchor","theMarked:NailFile","Peace Pipe"],"acts_visited":["Exordium","TheCity","TheBeyond"],"potions_floor_usage":[42,45,45,46,46,47,47],"damage_taken":[{"damage":1.0,"enemies":"Cultist","floor":1.0,"turns":3.0},{"damage":1.0,"enemies":"2 Louse","floor":4.0,"turns":2.0},{"damage":1.0,"enemies":"Jaw Worm","floor":5.0,"turns":2.0},{"damage":14.0,"enemies":"Gremlin Nob","floor":6.0,"turns":3.0},{"damage":0.0,"enemies":"Looter","floor":7.0,"turns":2.0},{"damage":0.0,"enemies":"Exordium Wildlife","floor":10.0,"turns":3.0},{"damage":0.0,"enemies":"3 Sentries","floor":12.0,"turns":6.0},{"damage":0.0,"enemies":"3 Louse","floor":13.0,"turns":2.0},{"damage":23.0,"enemies":"Lagavulin","floor":14.0,"turns":6.0},{"damage":26.0,"enemies":"The Guardian","floor":16.0,"turns":13.0},{"damage":0.0,"enemies":"Spheric Guardian","floor":18.0,"turns":3.0},{"damage":12.0,"enemies":"3 Byrds","floor":19.0,"turns":4.0},{"damage":12.0,"enemies":"Snake Plant","floor":22.0,"turns":4.0},{"damage":38.0,"enemies":"Book of Stabbing","floor":24.0,"turns":8.0},{"damage":2.0,"enemies":"3 Cultists","floor":25.0,"turns":6.0},{"damage":0.0,"enemies":"Gremlin Leader","floor":28.0,"turns":6.0},{"damage":24.0,"enemies":"Masked Bandits","floor":29.0,"turns":5.0},{"damage":6.0,"enemies":"Centurion and Healer","floor":30.0,"turns":4.0},{"damage":58.0,"enemies":"Collector","floor":33.0,"turns":9.0},{"damage":15.0,"enemies":"3 Darklings","floor":35.0,"turns":6.0},{"damage":12.0,"enemies":"3 Shapes","floor":36.0,"turns":5.0},{"damage":15.0,"enemies":"Writhing Mass","floor":38.0,"turns":4.0},{"damage":0.0,"enemies":"Spire Growth","floor":41.0,"turns":3.0},{"damage":22,"enemies":"Maw","floor":42,"turns":6},{"damage":6,"enemies":"Writhing Mass","floor":44,"turns":8},{"damage":14,"enemies":"Jaw Worm Horde","floor":45,"turns":4},{"damage":4,"enemies":"Transient","floor":46,"turns":5},{"damage":32,"enemies":"Nemesis","floor":47,"turns":7},{"damage":0,"enemies":"Writhing Mass","floor":48,"turns":6},{"damage":89,"enemies":"Donu and Deca","floor":50,"turns":6}],"seed_played":"8037049132541078287","potions_obtained":[{"floor":5.0,"key":"FearPotion"},{"floor":7.0,"key":"SteroidPotion"},{"floor":10.0,"key":"SteroidPotion"},{"floor":14.0,"key":"Fire Potion"},{"floor":18.0,"key":"ColorlessPotion"},{"floor":25.0,"key":"Energy Potion"},{"floor":29.0,"key":"SpeedPotion"},{"floor":30.0,"key":"SpeedPotion"},{"floor":33.0,"key":"FearPotion"},{"floor":35.0,"key":"PowerPotion"},{"floor":38.0,"key":"DistilledChaos"},{"floor":41.0,"key":"Strength Potion"},{"floor":45,"key":"EntropicBrew"}],"is_trial":false,"path_per_floor":["M","$","?","M","M","E","M","R","T","M","R","E","M","E","R","B",null,"M","M","$","?","M","R","E","M","T","R","E","?","M","$","R","B",null,"M","M","$","M","?","R","M","M","T","M","M","M","E","M","R","B"],"character_chosen":"THE_DEFAULT","items_purchased":["Pen Nib","Anchor"],"campfire_rested":8,"item_purchase_floors":[20,37],"current_hp_per_floor":[69,69,69,68,67,53,53,70,70,70,70,70,70,47,68,44,70,70,58,58,45,33,55,17,15,15,37,37,13,7,7,44,11,80,65,53,53,38,38,77,77,55,55,59,55,51,29,39,78,0,0],"gold":330,"neow_bonus":"BOSS_RELIC","is_daily":false,"chose_seed":false,"campfire_upgraded":0,"win_rate":0.0,"timestamp":1611991827,"path_taken":["M","?","?","M","M","E","M","R","T","M","R","E","M","E","R","BOSS","M","M","$","?","M","R","E","M","T","R","E","?","M","?","R","BOSS","M","M","$","M","?","R","M","M","T","?","M","M","E","M","R","BOSS"],"items_purchased_type":["Relic","Relic"],"build_version":"2020-12-22","purchased_purges":3,"victory":false,"max_hp_per_floor":[70,70,70,70,70,70,70,70,70,70,70,70,70,70,70,70,70,70,70,70,75,75,75,75,75,75,75,75,75,75,75,75,75,80,80,80,80,80,80,80,80,80,80,80,80,80,80,80,80,80,80],"card_choices":[{"not_picked":["theMarked:Memento","theMarked:RepellingDischarge"],"picked":"theMarked:StartUp","floor":1.0},{"not_picked":["theMarked:TakeCover","theMarked:ResourceFulStrike"],"picked":"theMarked:BanishingWave","floor":4.0},{"not_picked":["theMarked:TwofoldDefense","theMarked:Maelstrom"],"picked":"theMarked:Parkour","floor":5.0},{"not_picked":["theMarked:Improvise","theMarked:BanishingStrike"],"picked":"theMarked:Indomitable","floor":6.0},{"not_picked":["theMarked:ElectricStrings","theMarked:CreepingChasm"],"picked":"theMarked:Overcharge","floor":7.0},{"not_picked":["theMarked:Parkour","theMarked:WardOff"],"picked":"theMarked:Static","floor":10.0},{"not_picked":["theMarked:Aftermath","theMarked:BindingBlade"],"picked":"theMarked:Parkour","floor":12.0},{"not_picked":["theMarked:EmpowerWeapon","theMarked:Electrify"],"picked":"theMarked:SelfDefenseTraining","floor":13.0},{"not_picked":["theMarked:Memento","theMarked:PowerFlow","theMarked:SwordAndMagic"],"picked":"SKIP","floor":14.0},{"not_picked":["theMarked:DispelDoubt","theMarked:Vacuum"],"picked":"theMarked:MagusForm","floor":16.0},{"not_picked":["theMarked:Frustration","theMarked:Improvise"],"picked":"theMarked:Seal","floor":18.0},{"not_picked":["theMarked:Panic","theMarked:Reabsorb","theMarked:ChannelForce"],"picked":"SKIP","floor":19.0},{"not_picked":["theMarked:Convert","theMarked:Standoff"],"picked":"theMarked:AttractMetal","floor":22.0},{"not_picked":["theMarked:TwofoldDefense","theMarked:WardOff"],"picked":"theMarked:Generate","floor":24.0},{"not_picked":["theMarked:Improvise","theMarked:ElectricStrings"],"picked":"theMarked:EmpowerWeapon+1","floor":25.0},{"not_picked":["theMarked:WardOff","theMarked:Parkour+1","theMarked:TakeCover"],"picked":"theMarked:Abjuration","floor":28.0},{"not_picked":["theMarked:Generate+1","theMarked:TakeCover+1","theMarked:Aftermath"],"picked":"theMarked:Seal+1","floor":29.0},{"not_picked":["theMarked:Frustration","theMarked:TakeCover","theMarked:Determination"],"picked":"theMarked:FavorableWinds","floor":30.0},{"not_picked":["theMarked:ThrowWeapon","theMarked:TakeOffHeels","theMarked:MagusForm"],"picked":"theMarked:Toughness","floor":33.0},{"not_picked":["theMarked:Memento","theMarked:Standoff","theMarked:WastefulAttack"],"picked":"theMarked:Frustration","floor":34.0},{"not_picked":["theMarked:ResourceFulStrike+1","theMarked:ElectricStrings+1","theMarked:Improvise"],"picked":"theMarked:BanishingWave+1","floor":35.0},{"not_picked":["theMarked:SwordAndMagic+1","theMarked:EnhanceMovement","theMarked:ElectricStrings"],"picked":"theMarked:Aftermath","floor":36.0},{"not_picked":["theMarked:SwordAndMagic","theMarked:EternalStudent","theMarked:ContemptForTheProud+1"],"picked":"theMarked:TwofoldDefense+1","floor":38.0},{"not_picked":["theMarked:TunnelVision","theMarked:SwordAndMagic+1","theMarked:Memento+1"],"picked":"theMarked:HeightenedSenses+1","floor":41.0},{"not_picked":["theMarked:TheMission+1","theMarked:Indomitable","theMarked:WastefulAttack+1"],"picked":"theMarked:ChainLightning+1","floor":42},{"not_picked":["theMarked:HeightenedSenses","theMarked:TwofoldDefense+1","theMarked:ShockingTouch"],"picked":"theMarked:ChainLightning+1","floor":44},{"not_picked":["theMarked:WastefulAttack+1","theMarked:SwordAndMagic","theMarked:TakeCover+1","theMarked:Memento+1"],"picked":"SKIP","floor":45},{"not_picked":["theMarked:Parry","theMarked:Static+1","theMarked:RepellingDischarge"],"picked":"theMarked:WardOff+1","floor":46},{"not_picked":["theMarked:TakeCover+1","theMarked:Determination","theMarked:Pokerface"],"picked":"theMarked:Abjuration","floor":47},{"not_picked":["theMarked:TakeCover+1","theMarked:ElectricStrings","theMarked:Maelstrom","theMarked:WardOff"],"picked":"SKIP","floor":48}],"player_experience":4832,"relics_obtained":[{"floor":6.0,"key":"Thread and Needle"},{"floor":9.0,"key":"Shuriken"},{"floor":12.0,"key":"Pantograph"},{"floor":14.0,"key":"Mercury Hourglass"},{"floor":24.0,"key":"Kunai"},{"floor":26.0,"key":"Question Card"},{"floor":28.0,"key":"Regal Pillow"},{"floor":29.0,"key":"Red Mask"},{"floor":43,"key":"theMarked:NailFile"},{"floor":47,"key":"Peace Pipe"}],"event_choices":[{"damage_healed":0.0,"max_hp_gain":0.0,"max_hp_loss":0.0,"gold_gain":0.0,"event_name":"The Cleric","player_choice":"Leave","floor":3.0,"gold_loss":0.0,"damage_taken":0.0},{"damage_healed":0.0,"max_hp_gain":5.0,"max_hp_loss":0.0,"gold_gain":0.0,"event_name":"Forgotten Altar","player_choice":"Shed Blood","floor":21.0,"gold_loss":0.0,"damage_taken":18.0},{"damage_healed":0.0,"max_hp_gain":0.0,"max_hp_loss":0.0,"gold_gain":0.0,"event_name":"Masked Bandits","player_choice":"Fought Bandits","floor":29.0,"gold_loss":0.0,"damage_taken":0.0},{"damage_healed":0.0,"max_hp_gain":0.0,"max_hp_loss":0.0,"gold_gain":0.0,"event_name":"Lab","player_choice":"Got Potions","floor":39.0,"gold_loss":0.0,"damage_taken":0.0}],"is_beta":false,"boss_relics":[{"not_picked":["Velvet Choker","Empty Cage"],"picked":"theMarked:Eyepatch"},{"not_picked":["Coffee Dripper","Philosopher\u0027s Stone"],"picked":"Tiny House"}],"items_purged_floors":[2,20,31],"is_endless":false,"potions_floor_spawned":[5,7,10,14,18,25,29,30,33,35,38,41,45],"killed_by":"Donu and Deca","ascension_level":0}}