{"host":"auv68s8i97pkmhwr","time":1611990900,"event":{"mods":["A Penny For Your Troubles","AchievementEnabler","BaseMod","Best Route Mod","Bestiary","Better Altar","Better Match","Better Note","Better Sensory Stone","Better Skull","Better Third Choice","Better Vampires","BetterRewards","Block Reminder","Colored Map","Colored Powertips","Dark Map","Displayed Cursed Tome","Minty Spire (QoL Compilation)","StSLib","SuperFastMode","Uncapped","Unceasing Turn Reminder"],"gold_per_floor":[111,121,71,90,90,119,119,151,174,174,204,304,314,332,332,434,434,452,466,481,498,518,549,562,562,562,597,612,650,560,560,560,668,668,679,679,729,417,428,463,463,501,501,518,532,84,112,121,121,122,122,122,1,35,35],"floor_reached":56,"language":"ENG","playtime":1820,"items_purged":["Strike_R","Strike_R"],"score":2676,"play_id":"da75116a-945e-41f1-83f2-9459ed107010","local_time":"20210130151500","is_ascension_mode":true,"campfire_choices":[{"data":"True Grit","floor":10.0,"key":"SMITH"},{"data":"Corruption","floor":15.0,"key":"SMITH"},{"data":"Barricade","floor":32,"key":"SMITH"},{"floor":49,"key":"RECALL"},{"data":"Feel No Pain","floor":52,"key":"SMITH"}],"circlet_count":0,"master_deck":["AscendersBane","Strike_R","Strike_R","Defend_R","Defend_R+1","Defend_R","Bash","Inflame","True Grit+1","Inflame","Whirlwind","Sword Boomerang","Second Wind","Corruption+1","Fiend Fire","Burning Pact","Barricade+1","Body Slam+1","Reaper","Feel No Pain+1","Shrug It Off","Feel No Pain+1","Shockwave","Feel No Pain+1","Power Through"],"relics":["Burning Blood","Dead Branch","ClockworkSouvenir","Matryoshka","Shovel","Charon\u0027s Ashes","PreservedInsect","Gambling Chip","Dream Catcher","Bag of Preparation","Ancient Tea Set","Singing Bowl","SacredBark","StrikeDummy","WarpedTongs","Nunchaku","CeramicFish","Orichalcum","Juzu Bracelet","Philosopher\u0027s Stone","Du-Vu Doll","Bottled Tornado","Happy Flower","Frozen Egg 2","Eternal Feather","Medical Kit","Kunai","Potion Belt","Centennial Puzzle"],"acts_visited":["Exordium","TheCity","TheBeyond","TheEnding"],"potions_floor_usage":[37,37,40,50,55,55],"damage_taken":[{"damage":6.0,"enemies":"Jaw Worm","floor":1.0,"turns":4.0},{"damage":12.0,"enemies":"Small Slimes","floor":2.0,"turns":2.0},{"damage":0.0,"enemies":"Cultist","floor":4.0,"turns":3.0},{"damage":15.0,"enemies":"Lagavulin","floor":6.0,"turns":4.0},{"damage":10.0,"enemies":"3 Sentries","floor":8.0,"turns":3.0},{"damage":0.0,"enemies":"Gremlin Nob","floor":11.0,"turns":2.0},{"damage":0.0,"enemies":"Gremlin Gang","floor":13.0,"turns":2.0},{"damage":0.0,"enemies":"Exordium Thugs","floor":14.0,"turns":2.0},{"damage":0.0,"enemies":"Slime Boss","floor":16.0,"turns":4.0},{"damage":0,"enemies":"Shell Parasite","floor":18,"turns":3},{"damage":4,"enemies":"3 Byrds","floor":19,"turns":3},{"damage":31,"enemies":"Centurion and Healer","floor":20,"turns":5},{"damage":0,"enemies":"Snecko","floor":21,"turns":3},{"damage":0,"enemies":"Shelled Parasite and Fungi","floor":22,"turns":2},{"damage":0,"enemies":"Book of Stabbing","floor":23,"turns":2},{"damage":11,"enemies":"3 Cultists","floor":24,"turns":3},{"damage":2,"enemies":"Slavers","floor":27,"turns":2},{"damage":12,"enemies":"Chosen and Byrds","floor":28,"turns":1},{"damage":2,"enemies":"Gremlin Leader","floor":29,"turns":2},{"damage":15,"enemies":"Automaton","floor":33,"turns":3},{"damage":9,"enemies":"Orb Walker","floor":35,"turns":2},{"damage":13,"enemies":"Mind Bloom Boss Battle","floor":37,"turns":4},{"damage":1,"enemies":"3 Shapes","floor":39,"turns":2},{"damage":0,"enemies":"Nemesis","floor":40,"turns":1},{"damage":8,"enemies":"Giant Head","floor":42,"turns":3},{"damage":3,"enemies":"3 Darklings","floor":44,"turns":3},{"damage":5,"enemies":"Spire Growth","floor":45,"turns":3},{"damage":0,"enemies":"Reptomancer","floor":47,"turns":4},{"damage":8,"enemies":"Donu and Deca","floor":50,"turns":3},{"damage":0,"enemies":"Shield and Spear","floor":54,"turns":2},{"damage":8,"enemies":"The Heart","floor":55,"turns":5}],"seed_played":"2610012584019684176","potions_obtained":[{"floor":2.0,"key":"ColorlessPotion"},{"floor":6.0,"key":"PowerPotion"},{"floor":16.0,"key":"ColorlessPotion"},{"floor":18,"key":"Strength Potion"},{"floor":21,"key":"AttackPotion"},{"floor":27,"key":"SkillPotion"},{"floor":37,"key":"Fire Potion"},{"floor":39,"key":"Fire Potion"},{"floor":40,"key":"Swift Potion"}],"is_trial":false,"path_per_floor":["M","M","?","M","?","E","$","E","T","R","E","?","M","M","R","B",null,"M","M","M","M","M","E","M","?","T","E","M","E","?","?","R","B",null,"M","?","?","$","M","E","?","E","T","M","M","$","E","?","R","B",null,"R","$","E","B",null],"character_chosen":"IRONCLAD","items_purchased":["Dead Branch","ClockworkSouvenir","Inflame","Matryoshka","True Grit","Inflame","PreservedInsect","Whirlwind","PowerPotion","Feel No Pain","Bottled Tornado","Shrug It Off","Medical Kit","Shockwave","Kunai","Power Through","SkillPotion"],"campfire_rested":0,"item_purchase_floors":[0,0,0,0,0,0,0,0,0,38,38,38,46,46,46,53,53],"current_hp_per_floor":[72,66,66,72,77,68,68,64,64,64,70,70,78,86,86,89,89,89,91,68,76,82,90,87,87,87,93,89,93,93,93,93,84,98,97,101,96,96,103,111,111,109,109,114,117,117,121,121,121,119,121,121,121,123,123],"gold":35,"neow_bonus":"","is_daily":false,"chose_seed":false,"campfire_upgraded":4,"win_rate":0.0,"timestamp":1611990900,"path_taken":["M","M","?","M","?","E","$","E","T","R","E","?","M","?","R","BOSS","M","M","M","?","M","E","M","?","T","E","M","E","?","?","R","BOSS","M","?","?","$","M","E","?","E","T","M","M","$","E","?","R","BOSS","R","$","E","BOSS"],"items_purchased_type":["Relic","Relic","Card","Relic","Card","Card","Relic","Card","Potion","Card","Relic","Card","Relic","Card","Relic","Card","Potion"],"build_version":"2020-12-22","purchased_purges":2,"victory":true,"max_hp_per_floor":[80,80,80,80,85,85,85,85,85,85,85,85,87,89,89,89,89,89,91,93,95,95,97,99,99,99,101,103,103,103,103,103,103,103,105,109,111,111,113,115,115,115,115,117,119,119,121,121,121,121,121,121,121,123,123],"card_choices":[{"not_picked":["Cleave","Clothesline"],"picked":"Sword Boomerang","floor":1.0},{"not_picked":["Infernal Blade","Cleave"],"picked":"Second Wind","floor":2.0},{"not_picked":["Intimidate","Headbutt","Body Slam"],"picked":"SKIP","floor":4.0},{"not_picked":["Feed","Bloodletting","Heavy Blade"],"picked":"SKIP","floor":6.0},{"not_picked":["Warcry","Dark Embrace","Thunderclap"],"picked":"SKIP","floor":8.0},{"not_picked":["Dropkick","Havoc"],"picked":"Corruption","floor":11.0},{"not_picked":["Havoc","Sword Boomerang","Blood for Blood"],"picked":"Singing Bowl","floor":13.0},{"not_picked":["Cleave","Reckless Charge","Hemokinesis"],"picked":"Singing Bowl","floor":14.0},{"not_picked":["Limit Break","Reaper"],"picked":"Fiend Fire","floor":16.0},{"not_picked":["Sever Soul","Spot Weakness"],"picked":"Burning Pact","floor":18},{"not_picked":["Blood for Blood","Battle Trance","Second Wind+1"],"picked":"Singing Bowl","floor":19},{"not_picked":["Havoc","Armaments","Perfected Strike+1"],"picked":"Singing Bowl","floor":20},{"not_picked":["Heavy Blade","Havoc","Headbutt"],"picked":"Singing Bowl","floor":21},{"not_picked":["True Grit","Twin Strike"],"picked":"Barricade","floor":22},{"not_picked":["Uppercut+1","Iron Wave+1","Blood for Blood"],"picked":"Singing Bowl","floor":23},{"not_picked":["Wild Strike","Blood for Blood","Twin Strike"],"picked":"Singing Bowl","floor":24},{"not_picked":["Heavy Blade+1","Combust","Searing Blow+1"],"picked":"Singing Bowl","floor":27},{"not_picked":["Corruption","Clash+1","Flex"],"picked":"Singing Bowl","floor":28},{"not_picked":["Warcry","Hemokinesis"],"picked":"Body Slam+1","floor":29},{"not_picked":["Double Tap","Demon Form"],"picked":"Reaper","floor":33},{"not_picked":["Inflame+1","Clothesline+1","Clash+1"],"picked":"Singing Bowl","floor":35},{"not_picked":["Enlightenment","Good Instincts","Madness"],"picked":"Singing Bowl","floor":36},{"not_picked":["Jack Of All Trades","Dark Shackles","Chrysalis"],"picked":"Singing Bowl","floor":36},{"not_picked":["Cleave+1","Havoc+1","Clash"],"picked":"Singing Bowl","floor":37},{"not_picked":["Shrug It Off","Warcry","Anger"],"picked":"Singing Bowl","floor":39},{"not_picked":["Hemokinesis","Sword Boomerang+1","Rupture+1"],"picked":"Singing Bowl","floor":40},{"not_picked":["Perfected Strike+1","Shrug It Off+1"],"picked":"Feel No Pain+1","floor":42},{"not_picked":["Armaments","Headbutt","Iron Wave+1"],"picked":"Singing Bowl","floor":44},{"not_picked":["Blood for Blood","Double Tap","Headbutt"],"picked":"Singing Bowl","floor":45},{"not_picked":["Searing Blow+1","Anger+1","Rupture+1"],"picked":"Singing Bowl","floor":47},{"not_picked":["Shrug It Off+1","Flex+1","Second Wind"],"picked":"Singing Bowl","floor":54}],"player_experience":1266815,"relics_obtained":[{"floor":6.0,"key":"Dream Catcher"},{"floor":8.0,"key":"Bag of Preparation"},{"floor":9.0,"key":"Ancient Tea Set"},{"floor":11.0,"key":"Singing Bowl"},{"floor":23,"key":"StrikeDummy"},{"floor":26,"key":"Nunchaku"},{"floor":26,"key":"CeramicFish"},{"floor":27,"key":"Orichalcum"},{"floor":29,"key":"Juzu Bracelet"},{"floor":37,"key":"Du-Vu Doll"},{"floor":40,"key":"Happy Flower"},{"floor":42,"key":"Frozen Egg 2"},{"floor":43,"key":"Eternal Feather"},{"floor":47,"key":"Potion Belt"},{"floor":54,"key":"Centennial Puzzle"}],"event_choices":[{"cards_removed":["Strike_R"],"damage_healed":0.0,"max_hp_gain":0.0,"max_hp_loss":0.0,"gold_gain":0.0,"event_name":"The Cleric","player_choice":"Card Removal","floor":3.0,"gold_loss":50.0,"damage_taken":0.0},{"damage_healed":0.0,"max_hp_gain":5.0,"max_hp_loss":0.0,"gold_gain":0.0,"event_name":"Big Fish","player_choice":"Donut","floor":5.0,"gold_loss":0.0,"damage_taken":0.0},{"damage_healed":0.0,"max_hp_gain":0.0,"max_hp_loss":0.0,"gold_gain":100.0,"event_name":"Golden Shrine","player_choice":"Pray","floor":12.0,"gold_loss":0.0,"damage_taken":0.0},{"damage_healed":0,"gold_gain":0,"player_choice":"Rummage","damage_taken":0,"relics_obtained":["WarpedTongs"],"max_hp_gain":0,"max_hp_loss":0,"event_name":"Accursed Blacksmith","floor":25,"gold_loss":0,"cards_obtained":["Pain"]},{"cards_removed":["Pain"],"damage_healed":0,"gold_gain":0,"player_choice":"Upgrade and Remove","damage_taken":0,"max_hp_gain":0,"max_hp_loss":0,"event_name":"Designer","floor":30,"gold_loss":90,"cards_upgraded":["Defend_R"]},{"damage_healed":0,"gold_gain":0,"player_choice":"Bought 0 Potions","damage_taken":0,"max_hp_gain":0,"max_hp_loss":0,"event_name":"The Woman in Blue","floor":31,"gold_loss":0},{"damage_healed":0,"gold_gain":3,"player_choice":"1","damage_taken":0,"max_hp_gain":0,"max_hp_loss":0,"event_name":"betterStone:BetterStone","floor":36,"gold_loss":0},{"damage_healed":0,"gold_gain":0,"player_choice":"Fight","damage_taken":0,"max_hp_gain":0,"max_hp_loss":0,"event_name":"MindBloom","floor":37,"gold_loss":0},{"cards_removed":["Defend_R"],"damage_healed":0,"gold_gain":0,"player_choice":"Removed Skill","damage_taken":0,"max_hp_gain":0,"max_hp_loss":0,"event_name":"Falling","floor":41,"gold_loss":0},{"damage_healed":0,"gold_gain":0,"player_choice":"Copied","damage_taken":0,"max_hp_gain":0,"max_hp_loss":0,"event_name":"Duplicator","floor":48,"gold_loss":0,"cards_obtained":["Feel No Pain"]}],"is_beta":false,"boss_relics":[{"not_picked":["Calling Bell","Tiny House"],"picked":"SacredBark"},{"not_picked":["Snecko Eye","SlaversCollar"],"picked":"Philosopher\u0027s Stone"}],"items_purged_floors":[0,0],"is_endless":false,"potions_floor_spawned":[2,6,11,16,18,20,21,27,33,37,39,40,44],"ascension_level":10}}