{"host":"7k2a2omxz3voj5ax","time":1611991607,"event":{"mods":["BaseMod","Marisa£¨ìFÓê¡¡Ä§ÀíÉ³£©","Minty Spire (QoL Compilation)","Quick Restart","Spicy Shops","StSLib","Starting Relic: Pandora\u0027s Box","Yakumo Yukari mod","¡¾ÒÅÎï¿¨ÅÆ¡¿REMEMod","óô»ðÖ¸ÄÏ"],"gold_per_floor":[96,193,286,286,361,26,92,220,12,12,94,127,199,273,346,430,221,221,77,467,467,559,786,786,467,567,567,492,184,467,467,467,681,1221,1572,1572,1892,1636,1524,2462,2462,2779,2503,2708,2272,2272,3301,3622,3341,3413,2800,2976,3328,5728,6133,6133,6133,6133,6133,5469,5100,5129,5129],"floor_reached":64,"language":"ZHS","playtime":2657,"items_purged":["DarkSpark","MasterSpark","UpSweep","ShootingEcho","Acceleration","PowerUp","GrandCross","Acceleration+1","Robbery+1","PowerUp+1"],"score":2261,"play_id":"3d877e93-71d4-4f9a-8a9f-c4ca838cf842","local_time":"20210130162647","is_ascension_mode":true,"campfire_choices":[{"data":"BlazeAway","floor":18.0,"key":"SMITH"},{"data":"UltimateShortwave","floor":27.0,"key":"SMITH"},{"floor":57.0,"key":"RECALL"}],"circlet_count":2,"master_deck":["MilkyWay+1","Burst+1","UltimateShortwave+1","EarthLightRay+1","BlazeAway+1","CollectingQuirk+1","OrrerysSun+1","MilkyWay+1"],"relics":["MiniHakkero","REME_ComplimentaryCards","Dream Catcher","Bottled Lightning","Membership Card","Pantograph","Unceasing Top","Juzu Bracelet","Art of War","SimpleLauncher","Black Star","TheAbacus","Ancient Tea Set","War Paint","Singing Bowl","Ice Cream","AmplifyWand","Shovel","Darkstone Periapt","Toy Ornithopter","ShroomBag","Centennial Puzzle","Sundial","InkBottle","Orrery","Medical Kit","Anchor","Calling Bell","CeramicFish","Ornamental Fan","REME_IWantAll","Turnip","Bag of Preparation","Frozen Egg 2","Toxic Egg 2","HornCleat","Gremlin Horn","Incense Burner","Kunai","Calipers","Du-Vu Doll","FossilizedHelix","Gambling Chip","TungstenRod","Lantern","MagicBroom","Torii","Lizard Tail","SproutingBranch","Circlet"],"acts_visited":["Exordium","TheCity","TheBeyond","TheEnding"],"potions_floor_usage":[63,63],"damage_taken":[{"damage":0.0,"enemies":"Cultist","floor":1.0,"turns":2.0},{"damage":23.0,"enemies":"Jaw Worm","floor":2.0,"turns":4.0},{"damage":7.0,"enemies":"Small Slimes","floor":3.0,"turns":5.0},{"damage":25.0,"enemies":"3 Sentries","floor":7.0,"turns":5.0},{"damage":1.0,"enemies":"Looter","floor":8.0,"turns":2.0},{"damage":4.0,"enemies":"Lots of Slimes","floor":12.0,"turns":3.0},{"damage":0.0,"enemies":"2 Fungi Beasts","floor":13.0,"turns":2.0},{"damage":0.0,"enemies":"Gremlin Nob","floor":14.0,"turns":2.0},{"damage":14.0,"enemies":"Red Slaver","floor":15.0,"turns":2.0},{"damage":0.0,"enemies":"Exordium Wildlife","floor":16.0,"turns":3.0},{"damage":28.0,"enemies":"Slime Boss","floor":20.0,"turns":4.0},{"damage":3.0,"enemies":"3 Byrds","floor":22.0,"turns":4.0},{"damage":7.0,"enemies":"Chosen","floor":23.0,"turns":3.0},{"damage":15.0,"enemies":"Centurion and Healer","floor":30.0,"turns":3.0},{"damage":0.0,"enemies":"Shelled Parasite and Fungi","floor":33.0,"turns":2.0},{"damage":18.0,"enemies":"Colosseum Slavers","floor":34.0,"turns":2.0},{"damage":0.0,"enemies":"Colosseum Nobs","floor":34.0,"turns":2.0},{"damage":0.0,"enemies":"Book of Stabbing","floor":35.0,"turns":2.0},{"damage":0.0,"enemies":"Gremlin Leader","floor":37.0,"turns":2.0},{"damage":0.0,"enemies":"Champ","floor":40.0,"turns":2.0},{"damage":30.0,"enemies":"3 Darklings","floor":42.0,"turns":3.0},{"damage":0.0,"enemies":"Orb Walker","floor":44.0,"turns":1.0},{"damage":0.0,"enemies":"Giant Head","floor":47.0,"turns":1.0},{"damage":0.0,"enemies":"3 Darklings","floor":48.0,"turns":1.0},{"damage":0.0,"enemies":"4 Shapes","floor":52.0,"turns":1.0},{"damage":0.0,"enemies":"Spire Growth","floor":53.0,"turns":1.0},{"damage":0.0,"enemies":"Spire Growth","floor":54.0,"turns":2.0},{"damage":0.0,"enemies":"Reptomancer","floor":55.0,"turns":1.0},{"damage":0.0,"enemies":"Time Eater","floor":58.0,"turns":1.0},{"damage":0,"enemies":"Shield and Spear","floor":62,"turns":1},{"damage":0,"enemies":"The Heart","floor":63,"turns":3}],"seed_played":"1859710916562818297","potions_obtained":[{"floor":1.0,"key":"StarNLove"},{"floor":2.0,"key":"BottledSpark"},{"floor":3.0,"key":"FairyPotion"},{"floor":7.0,"key":"Explosive Potion"},{"floor":8.0,"key":"ColorlessPotion"},{"floor":12.0,"key":"SteroidPotion"},{"floor":14.0,"key":"BottledSpark"},{"floor":15.0,"key":"Weak Potion"},{"floor":20.0,"key":"Ancient Potion"},{"floor":23.0,"key":"FearPotion"},{"floor":34.0,"key":"StarNLove"},{"floor":47.0,"key":"BlessingOfTheForge"},{"floor":55.0,"key":"DuplicationPotion"}],"is_trial":false,"path_per_floor":["M","M","M","?","?","R","E","M","R","T","T","M","M","E","M","M","$","R","R","B",null,"M","M","?","$","?","R","?","R","M","T","?","M","?","E","?","E","R","R","B",null,"M","$","M","$","?","E","M","R","T","R","M","M","?","E","?","R","B",null,"R","$","E","B",null],"character_chosen":"MARISA","items_purchased":["EarthLightRay","Membership Card","Juzu Bracelet","Art of War","BlazeAway","SimpleLauncher","TheAbacus","Ancient Tea Set","War Paint","Singing Bowl","PowerUp","Ice Cream","Sundial","InkBottle","Orrery","Medical Kit","Anchor","Turnip","Fruit Juice","Bag of Preparation","Frozen Egg 2","Toxic Egg 2","Incense Burner","Calipers","Du-Vu Doll","FossilizedHelix","OrrerysSun+1","Gambling Chip","MagicBroom","MilkyWay+1","Torii","Lizard Tail","Fruit Juice","SproutingBranch","PowerPotion"],"campfire_rested":0,"item_purchase_floors":[6,9,17,17,17,19,25,25,25,29,29,29,38,38,38,39,39,43,43,45,45,45,49,51,51,51,51,51,60,60,60,60,60,61,61],"current_hp_per_floor":[68,45,38,31,24,24,7,14,14,14,14,18,26,34,28,36,36,36,36,41,67,72,68,54,54,54,54,54,54,57,57,57,69,83,100,100,102,110,110,110,110,82,102,118,118,114,132,134,134,134,134,136,138,134,136,136,136,136,136,141,141,143,143],"gold":5129,"neow_bonus":"THREE_RARE_CARDS","is_daily":false,"chose_seed":false,"campfire_upgraded":2,"win_rate":0.0,"timestamp":1611991607,"path_taken":["M","M","?","?","?","R","E","M","R","T","T","M","M","E","?","M","$","R","R","BOSS","M","M","?","$","?","R","?","R","M","T","?","M","?","E","?","E","R","R","BOSS","BOSS","M","$","M","$","?","E","M","R","T","R","M","M","?","E","?","R","BOSS","R","$","E","BOSS"],"items_purchased_type":["Card","Relic","Relic","Relic","Card","Relic","Relic","Relic","Relic","Relic","Card","Relic","Relic","Relic","Relic","Relic","Relic","Relic","Potion","Relic","Relic","Relic","Relic","Relic","Relic","Relic","Card","Relic","Relic","Card","Relic","Relic","Potion","Relic","Potion"],"build_version":"2020-12-22","purchased_purges":10,"victory":true,"max_hp_per_floor":[75,75,75,75,75,75,75,75,75,75,75,75,75,75,75,75,75,75,75,75,75,75,75,80,80,80,80,80,80,82,82,82,84,86,100,100,102,110,110,110,110,112,122,124,124,130,132,134,134,134,134,136,138,134,136,136,136,136,136,141,141,143,143],"card_choices":[{"not_picked":["SatelliteIllusion","BigCrunch"],"picked":"UltimateShortwave","floor":0.0},{"not_picked":["GalacticHalo","MysteriousBeam"],"picked":"PowerUp","floor":1.0},{"not_picked":["LuminesStrike","UnstableBomb","PowerUp"],"picked":"SKIP","floor":2.0},{"not_picked":["DarkSpark","OneTimeOff","StarDustReverie"],"picked":"SKIP","floor":3.0},{"not_picked":["MilkyWay","ChargeUpSpray","GravityBeat"],"picked":"SKIP","floor":7.0},{"not_picked":["OpenUniverse","NonDirectionalLaser","MysteriousBeam"],"picked":"SKIP","floor":8.0},{"not_picked":["PowerUp","DarkSpark","NonDirectionalLaser"],"picked":"SKIP","floor":12.0},{"not_picked":["AsteroidBelt","MilkyWay","OpenUniverse"],"picked":"SKIP","floor":13.0},{"not_picked":["PropBag","ShootingEcho","DC"],"picked":"SKIP","floor":14.0},{"not_picked":["ShootingEcho","OpenUniverse","MysteriousBeam"],"picked":"SKIP","floor":15.0},{"not_picked":["ManaRampage","DarkMatter","MysteriousBeam"],"picked":"SKIP","floor":16.0},{"not_picked":["GrandCross","OneTimeOff","Robbery"],"picked":"SKIP","floor":22.0},{"not_picked":["GrandCross","EnergyFlow+1","OpenUniverse"],"picked":"SKIP","floor":23.0},{"not_picked":["PropBag","UnstableBomb","IllusionStar+1"],"picked":"Singing Bowl","floor":30.0},{"not_picked":["GrandCross+1","IllusionStar","WitchOfGreed"],"picked":"Singing Bowl","floor":33.0},{"not_picked":["DoubleSpark","SuperPerseids","RefractionSpark"],"picked":"Singing Bowl","floor":34.0},{"not_picked":["GravityBeat+1","ManaConvection+1","MagicChant+1"],"picked":"Singing Bowl","floor":35.0},{"not_picked":["CasketOfStar","Acceleration","BlazeAway"],"picked":"Singing Bowl","floor":37.0},{"not_picked":["LuminesStrike","GravityBeat","GalacticHalo"],"picked":"Singing Bowl","floor":38.0},{"not_picked":["WitchOfGreed","Orbital","ManaConvection"],"picked":"Singing Bowl","floor":38.0},{"not_picked":["Robbery+1","EarthLightRay+1","IllusionStar"],"picked":"Singing Bowl","floor":38.0},{"not_picked":["StarlightTyphoon","GrandCross","MeteoricShower"],"picked":"Singing Bowl","floor":38.0},{"not_picked":["JA","BigCrunch"],"picked":"CollectingQuirk","floor":40.0},{"not_picked":["OpenUniverse+1","WitchLeyline+1","NonDirectionalLaser"],"picked":"Singing Bowl","floor":42.0},{"not_picked":["LuminesStrike+1","DeepEcoloBomb","WitchOfGreed"],"picked":"Singing Bowl","floor":44.0},{"not_picked":["Purity+1","Metamorphosis+1","Good Instincts+1"],"picked":"Singing Bowl","floor":46.0},{"not_picked":["Purity+1","Mind Blast","Jack Of All Trades+1"],"picked":"Singing Bowl","floor":46.0},{"not_picked":["Secret Technique+1","Dramatic Entrance","Dark Shackles+1"],"picked":"Singing Bowl","floor":46.0},{"not_picked":["DC","ChargeUpSpray+1","Acceleration+1"],"picked":"Singing Bowl","floor":47.0},{"not_picked":["DC+1","PowerUp+1","OpenUniverse+1"],"picked":"Singing Bowl","floor":48.0},{"not_picked":["ChargeUpSpray","MagicAbsorber+1","DeepEcoloBomb+1"],"picked":"Singing Bowl","floor":52.0},{"not_picked":["WitchLeyline+1","RefractionSpark","SatelliteIllusion+1"],"picked":"Singing Bowl","floor":53.0},{"not_picked":["GrandCross","DoubleSpark","LuminesStrike"],"picked":"Singing Bowl","floor":54.0},{"not_picked":["DarkSpark+1","RefractionSpark+1","PowerUp+1"],"picked":"Singing Bowl","floor":55.0},{"not_picked":["PowerUp+1","MysteriousBeam+1","BigCrunch+1"],"picked":"Singing Bowl","floor":62}],"player_experience":281937,"relics_obtained":[{"floor":7.0,"key":"Bottled Lightning"},{"floor":10.0,"key":"Pantograph"},{"floor":14.0,"key":"Unceasing Top"},{"floor":31.0,"key":"AmplifyWand"},{"floor":34.0,"key":"Shovel"},{"floor":34.0,"key":"Darkstone Periapt"},{"floor":35.0,"key":"Toy Ornithopter"},{"floor":35.0,"key":"ShroomBag"},{"floor":37.0,"key":"Centennial Puzzle"},{"floor":41.0,"key":"CeramicFish"},{"floor":41.0,"key":"Ornamental Fan"},{"floor":41.0,"key":"REME_IWantAll"},{"floor":47.0,"key":"HornCleat"},{"floor":47.0,"key":"Gremlin Horn"},{"floor":50.0,"key":"Kunai"},{"floor":55.0,"key":"TungstenRod"},{"floor":55.0,"key":"Lantern"},{"floor":62,"key":"Circlet"},{"floor":62,"key":"Circlet"}],"event_choices":[{"damage_healed":0.0,"max_hp_gain":0.0,"max_hp_loss":0.0,"gold_gain":0.0,"event_name":"Scrap Ooze","player_choice":"Success","floor":4.0,"gold_loss":0.0,"damage_taken":7.0,"relics_obtained":["Dream Catcher"]},{"damage_healed":0.0,"max_hp_gain":0.0,"max_hp_loss":0.0,"gold_gain":75.0,"event_name":"FaceTrader","player_choice":"Touch","floor":5.0,"gold_loss":0.0,"damage_taken":7.0},{"damage_healed":0.0,"max_hp_gain":5.0,"max_hp_loss":0.0,"gold_gain":0.0,"event_name":"Forgotten Altar","player_choice":"Shed Blood","floor":24.0,"gold_loss":0.0,"damage_taken":19.0},{"damage_healed":0.0,"max_hp_gain":0.0,"max_hp_loss":0.0,"gold_gain":100.0,"event_name":"Golden Shrine","player_choice":"Pray","floor":26.0,"gold_loss":0.0,"damage_taken":0.0},{"cards_removed":["WitchOfGreed"],"damage_healed":0.0,"max_hp_gain":0.0,"max_hp_loss":0.0,"gold_gain":0.0,"event_name":"Beggar","player_choice":"Gave Gold","floor":28.0,"gold_loss":75.0,"damage_taken":0.0},{"damage_healed":0.0,"max_hp_gain":0.0,"max_hp_loss":0.0,"gold_gain":0.0,"event_name":"Accursed Blacksmith","player_choice":"Forge","floor":32.0,"gold_loss":0.0,"damage_taken":0.0,"cards_upgraded":["EarthLightRay"]},{"damage_healed":0.0,"max_hp_gain":0.0,"max_hp_loss":0.0,"gold_gain":0.0,"event_name":"Colosseum","player_choice":"Fight","floor":34.0,"gold_loss":0.0,"damage_taken":0.0},{"damage_healed":0.0,"max_hp_gain":0.0,"max_hp_loss":0.0,"gold_gain":0.0,"event_name":"Colosseum","player_choice":"Fought Nobs","floor":34.0,"gold_loss":0.0,"damage_taken":0.0},{"damage_healed":0.0,"max_hp_gain":0.0,"max_hp_loss":0.0,"gold_gain":0.0,"event_name":"Wheel of Change","player_choice":"Full Heal","floor":36.0,"gold_loss":0.0,"damage_taken":0.0},{"damage_healed":0.0,"max_hp_gain":0.0,"max_hp_loss":0.0,"gold_gain":0.0,"event_name":"SensoryStone","player_choice":"Memory 3","floor":46.0,"gold_loss":0.0,"damage_taken":10.0},{"damage_healed":0.0,"max_hp_gain":0.0,"max_hp_loss":0.0,"gold_gain":0.0,"event_name":"Tomb of Lord Red Mask","player_choice":"Ignored","floor":56.0,"gold_loss":0.0,"damage_taken":0.0}],"is_beta":false,"boss_relics":[{"not_picked":["Coffee Dripper","Sozu"],"picked":"Black Star"},{"not_picked":["RampagingMagicTools","Empty Cage"],"picked":"Calling Bell"}],"items_purged_floors":[6,6,9,17,25,43,45,49,60,61],"is_endless":false,"potions_floor_spawned":[7,8,12,20,30,34,34,40,47,48,55,62],"ascension_level":6}}