{"host":"jpzdg3po3tjxdjri","time":1611966054,"event":{"mods":["BaseMod","Better Third Choice","Colored Map","Colored Powertips","Minty Spire (QoL Compilation)","StSLib"],"gold_per_floor":[209,7,22,22,42,42,71,71,141,152,152,177,177,25,25,99,149,164,180,37,37,48,48,80,80,80],"floor_reached":25,"language":"ENG","playtime":724,"items_purged":["Strike_R"],"score":401,"play_id":"ef106004-0022-49d0-9b74-750bcbfe1c33","local_time":"20210130002054","is_ascension_mode":true,"campfire_choices":[{"data":"Uppercut","floor":6,"key":"SMITH"},{"floor":11,"key":"REST"},{"data":"Inflame","floor":13,"key":"SMITH"},{"data":"Fire Breathing","floor":15,"key":"SMITH"},{"floor":23,"key":"REST"}],"circlet_count":0,"master_deck":["AscendersBane","Strike_R","Strike_R","Strike_R","Strike_R","Defend_R","Defend_R","Defend_R","Defend_R","Bash","Flex+1","Inflame+1","Pommel Strike","Carnage+1","Uppercut+1","Battle Trance","Fire Breathing+1","Inflame+1","Intimidate","Berserk+1","Inflame+1","Bloodletting","Shrug It Off+1","Metallicize+1","Shame","Metallicize+1","Twin Strike"],"relics":["Burning Blood","Pen Nib","Vajra","Frozen Egg 2","Bronze Scales","Lee\u0027s Waffle","Tiny House","Oddly Smooth Stone","FossilizedHelix"],"acts_visited":["Exordium","TheCity"],"potions_floor_usage":[7,24],"damage_taken":[{"damage":0,"enemies":"Small Slimes","floor":1,"turns":3},{"damage":1,"enemies":"Cultist","floor":3,"turns":3},{"damage":13,"enemies":"2 Louse","floor":5,"turns":3},{"damage":18,"enemies":"Gremlin Nob","floor":7,"turns":3},{"damage":25,"enemies":"Gremlin Gang","floor":10,"turns":5},{"damage":40,"enemies":"Lagavulin","floor":12,"turns":5},{"damage":41,"enemies":"Hexaghost","floor":16,"turns":8},{"damage":7,"enemies":"Chosen","floor":18,"turns":4},{"damage":41,"enemies":"2 Thieves","floor":19,"turns":4},{"damage":32,"enemies":"Shelled Parasite and Fungi","floor":22,"turns":5},{"damage":40,"enemies":"Book of Stabbing","floor":24,"turns":5},{"damage":8,"enemies":"3 Cultists","floor":25,"turns":2}],"seed_played":"-7384797838103849705","potions_obtained":[{"floor":3,"key":"Energy Potion"},{"floor":5,"key":"Fire Potion"},{"floor":17,"key":"CultistPotion"},{"floor":24,"key":"CultistPotion"}],"is_trial":false,"path_per_floor":["M","$","M","?","M","R","E","?","T","M","R","E","R","$","R","B",null,"M","M","$","?","M","R","E","M"],"character_chosen":"IRONCLAD","items_purchased":["Inflame","Pommel Strike","Carnage","Lee\u0027s Waffle","Metallicize+1"],"campfire_rested":2,"item_purchase_floors":[2,2,2,14,20],"current_hp_per_floor":[74,74,75,75,68,68,56,56,56,37,59,25,25,82,82,47,78,77,42,42,42,16,42,8,0,0],"gold":80,"neow_bonus":"HUNDRED_GOLD","is_daily":false,"chose_seed":false,"campfire_upgraded":3,"win_rate":0.0,"timestamp":1611966054,"path_taken":["M","$","M","?","?","R","E","?","T","?","R","E","R","$","R","BOSS","M","M","$","?","M","R","E","M"],"items_purchased_type":["Card","Card","Card","Relic","Card"],"build_version":"2020-12-22","purchased_purges":1,"victory":false,"max_hp_per_floor":[75,75,75,75,75,75,75,75,75,75,75,75,75,82,82,82,87,87,87,87,87,87,87,87,87,87],"card_choices":[{"not_picked":["Sword Boomerang","Metallicize"],"picked":"Flex","floor":1},{"not_picked":["Body Slam","Clothesline"],"picked":"Uppercut","floor":3},{"not_picked":["Warcry","Wild Strike"],"picked":"Battle Trance","floor":5},{"not_picked":["Sever Soul","Combust"],"picked":"Fire Breathing","floor":7},{"not_picked":["Immolate","Second Wind"],"picked":"Inflame+1","floor":10},{"not_picked":["Clash","Thunderclap"],"picked":"Intimidate","floor":12},{"not_picked":["Fiend Fire","Impervious"],"picked":"Berserk+1","floor":16},{"not_picked":["Evolve+1","Armaments"],"picked":"Inflame+1","floor":17},{"not_picked":["Havoc","Body Slam"],"picked":"Bloodletting","floor":18},{"not_picked":["Anger","Clash"],"picked":"Shrug It Off+1","floor":19},{"not_picked":["Flame Barrier+1","Carnage"],"picked":"Metallicize+1","floor":22},{"not_picked":["Second Wind","Havoc"],"picked":"Twin Strike","floor":24}],"player_experience":872244,"relics_obtained":[{"floor":7,"key":"Vajra"},{"floor":9,"key":"Frozen Egg 2"},{"floor":12,"key":"Bronze Scales"},{"floor":24,"key":"FossilizedHelix"}],"event_choices":[{"damage_healed":0,"gold_gain":0,"player_choice":"Gave Potion","damage_taken":0,"relics_obtained":["Pen Nib"],"max_hp_gain":0,"max_hp_loss":0,"event_name":"WeMeetAgain","floor":4,"gold_loss":0},{"damage_healed":0,"gold_gain":0,"player_choice":"Upgraded","damage_taken":0,"max_hp_gain":0,"max_hp_loss":0,"event_name":"Upgrade Shrine","floor":8,"gold_loss":0,"cards_upgraded":["Carnage"]},{"damage_healed":0,"gold_gain":0,"player_choice":"Stole Relic","damage_taken":0,"relics_obtained":["Oddly Smooth Stone"],"max_hp_gain":0,"max_hp_loss":0,"event_name":"Addict","floor":21,"gold_loss":0,"cards_obtained":["Shame"]}],"is_beta":false,"boss_relics":[{"not_picked":["Sozu","Cursed Key"],"picked":"Tiny House"}],"items_purged_floors":[20],"is_endless":false,"potions_floor_spawned":[3,5,24],"killed_by":"3 Cultists","ascension_level":15}}