{"host":"xkyjkr020mio9edy","time":1611979596,"event":{"mods":["AchievementEnabler","BaseMod","Block Reminder","Clockwork Mod","Colored Map","Colored Powertips","DeckTracker","Downfall","Glutton Mod","Gold Saver","Highlight Path","Hubris","Minty Spire (QoL Compilation)","Permanent Neow","Quick Restart","Rare Cards Sparkle","Replay The Spire","StSLib","The Blue Laboratory","The Bug Knight","The Jungle","The Necromancer","TheHeartMod","Wandering Minibosses"],"gold_per_floor":[193,193,206,49704,49704,49733,49747,49747,49747,49876,49876,48913,48924,48924,48924,49054,49054,49079,49079,49157,49171,49171,49171,49126,48489,48514,48514,48554,48570,48570,48603,48603,48734,48734,48751,48770,46568,47289,47335,47371,47422,47456,47456,47470,47511,47511,47526,47539,47539,47567,47567,47567,44346,44384,44419],"floor_reached":56,"language":"ENG","playtime":4865,"items_purged":["Shame"],"score":1516,"play_id":"a26b5cdf-5585-48b1-9240-5895630cd470","local_time":"20210129230636","is_ascension_mode":false,"campfire_choices":[{"floor":8,"key":"REST"},{"floor":11,"key":"REST"},{"floor":15,"key":"REST"},{"floor":23,"key":"REST"},{"floor":27,"key":"REST"},{"floor":30,"key":"REST"},{"floor":32,"key":"REST"},{"floor":46,"key":"RECALL"},{"data":"sneckomod:UnknownBoss","floor":49,"key":"SMITH"},{"data":"sneckomod:MorePower","floor":52,"key":"SMITH"}],"circlet_count":0,"master_deck":["sneckomod:Strike","sneckomod:Strike","sneckomod:Strike","sneckomod:Defend","sneckomod:Defend","sneckomod:Defend","sneckomod:TailWhip","sneckomod:SnekBite","sneckomod:Unknown+1","sneckomod:Unknown","sneckomod:UnknownUncommonSkill","sneckomod:UnendingSupply","sneckomod:SnekBeam","sneckomod:CheapStock","sneckomod:SnekBeam","sneckomod:Unknown1Cost","sneckomod:QuickBite","sneckomod:SoulRoll","Specialist","sneckomod:IronFang","sneckomod:UnknownCommonSkill","sneckomod:UnknownBoss+1","sneckomod:MasterEye","sneckomod:UnknownExhaust","Poisoned Strike","sneckomod:RainOfDice","sneckomod:RainOfDice","sneckomod:DiceCrush","sneckomod:Unknown1Cost+1","sneckomod:MorePower+1","hubris:NaturalOne","sneckomod:UnknownUncommonPower+1","sneckomod:UnknownClassBLUE","sneckomod:UnknownCommonSkill","sneckomod:Unknown0Cost+1","sneckomod:RainOfDice","sneckomod:DiceBoulder+1","sneckomod:DiceBlock+1","sneckomod:GlitteringGambit","Swift Strike","sneckomod:DiceBoulder","sneckomod:UnknownClassWHITE","sneckomod:UnknownClassWHITE","sneckomod:UnknownDraw","sneckomod:IronFang","sneckomod:Unknown3Cost+1","sneckomod:UnknownBoss+1","sneckomod:UnknownUncommonPower+1","sneckomod:Unknown0Cost+1","Bandage Up","sneckomod:SnekBeam","sneckomod:UnknownDraw","sneckomod:UnknownBlock","sneckomod:SoulDraw+1","sneckomod:UnlimitedRolls","sneckomod:DiceBoulder+1","sneckomod:ImprovisedAttack+1","sneckomod:UnknownClassBLUE+1","sneckomod:UnknownCommonAttack+1","sneckomod:IronFang+1","sneckomod:Unknown3Cost+1","sneckomod:GlitteringGambit"],"relics":["sneckomod:SneckoSoul","Regal Pillow","Toy Ornithopter","BargainBundle","hubris:Icosahedron","ReplayTheSpireMod:TigerMarble","Vajra","sneckomod:LoadedDie","HollowMod:LifeEnderRelic","Lee\u0027s Waffle","Golden Idol","Black Star","theJungle:PaperFaux","Orichalcum","hubris:Towel","Bottled Lightning","Art of War","sneckomod:SneckoCommon","Guardian:PocketSentry","The Courier","hubris:ScarierMask","hubris:SlimyHat","Strange Spoon","Lantern","Meat on the Bone","Gremlin Horn","Strawberry","Unceasing Top","Blood Vial","hubris:Metronome","Bag of Preparation","Juzu Bracelet","HornCleat","Bronze Scales","HollowMod:PaleOreRelic","wanderingMiniBosses:MasterThiefsPresence","hexamod:BolsterEngine","PreservedInsect","sneckomod:UnknownEgg","Replay:Ringing Soul","Eternal Feather","Simple Rune","hubris:HerbalPaste","ReplayTheSpireMod:Shallot","Mirror","War Paint","Kunai","Shuriken","Pen Nib","Ice Cream","hubris:PeanutButter","Mummified Hand","Replay:Wax Seal","Oddly Smooth Stone","CaptainsWheel","hubris:TenFootPole","Pet Ghost","hubris:SphereOfDissonance","hubris:Potato","hubris:CrystalStatue","Bottled Flame","Iron Hammer"],"acts_visited":["Exordium","Exordium","TheBeyond","TheEnding"],"potions_floor_usage":[16,16,21,21,24,24,31,41,50,50,50,55],"damage_taken":[{"damage":0,"enemies":"2 Louse","floor":1,"turns":2},{"damage":8,"enemies":"Jaw Worm","floor":3,"turns":4},{"damage":31,"enemies":"Replay:BlueRogue","floor":6,"turns":7},{"damage":6,"enemies":"Small Slimes","floor":7,"turns":3},{"damage":27,"enemies":"3 Sentries","floor":10,"turns":7},{"damage":15,"enemies":"Blue Slaver","floor":13,"turns":2},{"damage":0,"enemies":"Slime Boss","floor":16,"turns":7},{"damage":45,"enemies":"theJungle:MUSHROOMGANG","floor":18,"turns":5},{"damage":15,"enemies":"theJungle:5_Spyders","floor":21,"turns":8},{"damage":58,"enemies":"Snake Plant","floor":24,"turns":7},{"damage":40,"enemies":"theJungle:2_Flameangoes","floor":28,"turns":5},{"damage":14,"enemies":"theJungle:JungleHuntersEncounter","floor":29,"turns":3},{"damage":45,"enemies":"theJungle:2_Phrogs","floor":31,"turns":7},{"damage":26,"enemies":"theJungle:FunGuy","floor":33,"turns":16},{"damage":16,"enemies":"3 Shapes","floor":35,"turns":6},{"damage":15,"enemies":"Orb Walker","floor":36,"turns":4},{"damage":11,"enemies":"Writhing Mass","floor":38,"turns":6},{"damage":52,"enemies":"Maw","floor":39,"turns":7},{"damage":1,"enemies":"Giant Head","floor":40,"turns":1},{"damage":61,"enemies":"Spire Growth","floor":41,"turns":6},{"damage":0,"enemies":"Reptomancer","floor":42,"turns":2},{"damage":6,"enemies":"Jaw Worm Horde","floor":44,"turns":2},{"damage":10,"enemies":"4 Shapes","floor":45,"turns":3},{"damage":6,"enemies":"Spire Growth","floor":47,"turns":3},{"damage":0,"enemies":"Sphere and 2 Shapes","floor":48,"turns":1},{"damage":34,"enemies":"Awakened One","floor":50,"turns":16},{"damage":0,"enemies":"Shield and Spear","floor":54,"turns":1},{"damage":53,"enemies":"NeowBoss","floor":55,"turns":8}],"seed_played":"-1318380394274704579","potions_obtained":[{"floor":1,"key":"champ:CounterPotion"},{"floor":3,"key":"SpeedPotion"},{"floor":7,"key":"LifebloodPotion"},{"floor":13,"key":"blueLaboratory:CorrosionFlask"},{"floor":18,"key":"Venom Potion"},{"floor":20,"key":"GamblersBrew"},{"floor":20,"key":"blueLaboratory:FruitPreserves"},{"floor":21,"key":"Ancient Potion"},{"floor":28,"key":"Toxic Potion"},{"floor":35,"key":"Dexterity Potion"},{"floor":36,"key":"Guardian:BlockOnCardUsePotion"},{"floor":39,"key":"blueLaboratory:ImpenetrablePotion"},{"floor":47,"key":"EssenceOfSteel"},{"floor":54,"key":"Toxic Potion"}],"is_trial":false,"path_per_floor":["M","?","M","$","?","E","M","R","T","E","R","$","M","?","R","B",null,"M","?","?","M","?","R","M","$","T","R","M","M","R","E","R_BF","B",null,"M","M","$","M","M","E","M","E","T","M","M","R","M","M","R","B",null,"R","$","E","B",null],"character_chosen":"THE_SNECKO","items_purchased":["Regal Pillow","Toy Ornithopter","BargainBundle","sneckomod:CheapStock","sneckomod:SnekBeam","sneckomod:Unknown1Cost","sneckomod:QuickBite","sneckomod:SoulRoll","Specialist","sneckomod:LoadedDie","HollowMod:LifeEnderRelic","Lee\u0027s Waffle","sneckomod:MasterEye","sneckomod:UnknownExhaust","Poisoned Strike","sneckomod:RainOfDice","sneckomod:DiceCrush","Bottled Lightning","Art of War","sneckomod:GlitteringGambit","Swift Strike","sneckomod:DiceBoulder","hubris:SlimyHat","Strange Spoon","Lantern","Meat on the Bone","Gremlin Horn","Strawberry","Unceasing Top","Blood Vial","hubris:Metronome","Bandage Up","Bag of Preparation","Juzu Bracelet","HornCleat","Bronze Scales","HollowMod:PaleOreRelic","Simple Rune","hubris:HerbalPaste","ReplayTheSpireMod:Shallot","Mirror","War Paint","Kunai","Shuriken","Pen Nib","Ice Cream","hubris:PeanutButter","Mummified Hand","Replay:Wax Seal","Oddly Smooth Stone","CaptainsWheel","hubris:TenFootPole","Pet Ghost","hubris:SphereOfDissonance","hubris:Potato","hubris:CrystalStatue"],"campfire_rested":7,"item_purchase_floors":[4,4,4,4,4,4,4,4,4,12,12,12,12,12,12,12,12,25,25,25,25,25,37,37,37,37,37,37,37,37,37,37,37,37,37,37,37,53,53,53,53,53,53,53,53,53,53,53,53,53,53,53,53,53,53,53],"current_hp_per_floor":[90,90,82,82,82,51,45,87,87,60,90,97,82,58,97,97,97,52,52,28,46,46,90,42,42,42,86,46,32,76,36,80,54,97,97,82,89,80,56,57,15,32,32,47,70,106,105,110,119,94,119,119,119,122,74],"gold":44419,"neow_bonus":"UPGRADE_CARD","is_daily":false,"chose_seed":false,"campfire_upgraded":2,"win_rate":0.0,"timestamp":1611979596,"path_taken":["M","?","M","$","?","E","M","R","T","E","R","$","?","?","R","BOSS","M","?","?","?","?","R","M","$","T","R","M","M","R","E","R_BF","BOSS","M","M","$","M","M","E","M","E","T","M","M","R","M","M","R","BOSS","R","$","E","BOSS"],"items_purchased_type":["Relic","Relic","Relic","Card","Card","Card","Card","Card","Card","Relic","Relic","Relic","Card","Card","Card","Card","Card","Relic","Relic","Card","Card","Card","Relic","Relic","Relic","Relic","Relic","Relic","Relic","Relic","Relic","Card","Relic","Relic","Relic","Relic","Relic","Relic","Relic","Relic","Relic","Relic","Relic","Relic","Relic","Relic","Relic","Relic","Relic","Relic","Relic","Relic","Relic","Relic","Relic","Relic"],"build_version":"2020-12-22","purchased_purges":1,"victory":true,"max_hp_per_floor":[90,90,90,90,90,90,90,90,90,90,90,97,97,97,97,97,97,97,97,97,97,97,97,97,97,97,97,97,97,97,97,97,97,97,97,97,104,104,104,104,104,107,107,110,113,113,116,119,119,119,119,119,119,122,122],"card_choices":[{"not_picked":["sneckomod:WideSting","sneckomod:UnknownStrike"],"picked":"sneckomod:UnknownUncommonSkill","floor":1},{"not_picked":["sneckomod:Unknown1Cost","sneckomod:QuickBite"],"picked":"sneckomod:SnekBeam","floor":3},{"not_picked":["sneckomod:QuickMove","sneckomod:DiceCrush"],"picked":"sneckomod:IronFang","floor":6},{"not_picked":["sneckomod:QuickMove","sneckomod:PureSnecko"],"picked":"sneckomod:UnknownCommonSkill","floor":7},{"not_picked":["sneckomod:ImprovisedAttack","sneckomod:Nope"],"picked":"sneckomod:UnknownBoss","floor":10},{"not_picked":["sneckomod:TrashToTreasure","sneckomod:QuickMove"],"picked":"sneckomod:Unknown1Cost","floor":13},{"not_picked":["sneckomod:UnknownRareSkill","sneckomod:UnknownRareAttack"],"picked":"sneckomod:MorePower","floor":16},{"not_picked":["sneckomod:DiceCrush+1","sneckomod:UnknownClassBLUE+1"],"picked":"sneckomod:UnknownUncommonPower+1","floor":18},{"not_picked":["sneckomod:SoulRoll","sneckomod:WideSting"],"picked":"sneckomod:UnknownClassBLUE","floor":18},{"not_picked":["sneckomod:UnknownDraw","sneckomod:MixItUp+1"],"picked":"sneckomod:UnknownCommonSkill","floor":20},{"not_picked":["sneckomod:Cheat+1","sneckomod:SnakeSap+1"],"picked":"sneckomod:Unknown0Cost+1","floor":21},{"not_picked":["sneckomod:UnendingSupply+1","sneckomod:UnknownStrike+1"],"picked":"sneckomod:RainOfDice","floor":21},{"not_picked":["sneckomod:UnknownVulnerable+1","sneckomod:UnknownUncommonSkill+1"],"picked":"sneckomod:DiceBoulder+1","floor":24},{"not_picked":["sneckomod:QuickBite","sneckomod:DefensiveFlair"],"picked":"sneckomod:DiceBlock+1","floor":24},{"not_picked":["sneckomod:WideSting+1","sneckomod:QuickBite"],"picked":"sneckomod:UnknownClassWHITE","floor":28},{"not_picked":["sneckomod:Rotation","sneckomod:ImprovisedAttack+1"],"picked":"sneckomod:UnknownDraw","floor":29},{"not_picked":["sneckomod:UnknownCommonSkill","sneckomod:Nope"],"picked":"sneckomod:IronFang","floor":31},{"not_picked":["sneckomod:ImprovisedAttack+1","sneckomod:CheapStock+1"],"picked":"sneckomod:Unknown3Cost+1","floor":33},{"not_picked":["sneckomod:Mudshield","sneckomod:UnknownRareAttack"],"picked":"sneckomod:UnknownBoss","floor":33},{"not_picked":["sneckomod:Unknown1Cost+1","sneckomod:UnknownCommonAttack+1"],"picked":"sneckomod:UnknownUncommonPower+1","floor":35},{"not_picked":["sneckomod:UnknownDraw+1","sneckomod:Nope+1"],"picked":"sneckomod:Unknown0Cost+1","floor":36},{"not_picked":["sneckomod:SoulDraw+1","sneckomod:MixItUp+1"],"picked":"sneckomod:SnekBeam","floor":38},{"not_picked":["sneckomod:DiceBlock+1","sneckomod:UnknownClassBLUE"],"picked":"sneckomod:UnknownDraw","floor":39},{"not_picked":["sneckomod:Nope+1","sneckomod:UnknownCommonAttack+1"],"picked":"sneckomod:UnknownBlock","floor":40},{"not_picked":["sneckomod:SnakeSap+1","sneckomod:UnknownDraw+1"],"picked":"sneckomod:SoulDraw+1","floor":41},{"not_picked":["sneckomod:DiceBlock","sneckomod:Unknown3Cost+1"],"picked":"sneckomod:UnlimitedRolls","floor":42},{"not_picked":["sneckomod:Rotation+1","sneckomod:SoulDraw+1"],"picked":"sneckomod:DiceBoulder+1","floor":44},{"not_picked":["sneckomod:Rotation+1","sneckomod:Nope+1"],"picked":"sneckomod:ImprovisedAttack+1","floor":44},{"not_picked":["sneckomod:UnknownDraw+1","sneckomod:SnekBeam"],"picked":"sneckomod:UnknownClassBLUE+1","floor":44},{"not_picked":["sneckomod:DiceBlock+1","sneckomod:Nope"],"picked":"sneckomod:UnknownCommonAttack+1","floor":45},{"not_picked":["sneckomod:DiceCrush","sneckomod:WideSting"],"picked":"sneckomod:IronFang+1","floor":47},{"not_picked":["sneckomod:UnknownStrength+1","sneckomod:WideSting"],"picked":"sneckomod:Unknown3Cost+1","floor":48},{"not_picked":["sneckomod:ImprovisedAttack+1","sneckomod:UnknownCommonAttack+1"],"picked":"sneckomod:GlitteringGambit","floor":54}],"player_experience":140777,"relics_obtained":[{"floor":6,"key":"ReplayTheSpireMod:TigerMarble"},{"floor":10,"key":"Vajra"},{"floor":20,"key":"Orichalcum"},{"floor":26,"key":"sneckomod:SneckoCommon"},{"floor":31,"key":"Guardian:PocketSentry"},{"floor":31,"key":"The Courier"},{"floor":38,"key":"wanderingMiniBosses:MasterThiefsPresence"},{"floor":40,"key":"hexamod:BolsterEngine"},{"floor":40,"key":"PreservedInsect"},{"floor":42,"key":"sneckomod:UnknownEgg"},{"floor":42,"key":"Replay:Ringing Soul"},{"floor":43,"key":"Eternal Feather"},{"floor":54,"key":"Bottled Flame"},{"floor":54,"key":"Iron Hammer"}],"event_choices":[{"damage_healed":0,"gold_gain":0,"player_choice":"Take Damage","damage_taken":24,"relics_obtained":["Golden Idol"],"max_hp_gain":0,"max_hp_loss":0,"event_name":"Golden Idol","floor":14,"gold_loss":0}],"is_beta":false,"boss_relics":[{"not_picked":["Honey Jar","Kintsugi"],"picked":"Black Star"},{"not_picked":["Busted Crown","sneckomod:SuperSneckoSoul"],"picked":"hubris:ScarierMask"}],"items_purged_floors":[53],"is_endless":false,"potions_floor_spawned":[1,3,7,13,18,21,28,35,36,39,47,54],"ascension_level":0}}