{"host":"nw4g04f085wnqcgt","time":1611973163,"event":{"mods":["AchievementEnabler","BaseMod","Colored Map","Colored Powertips","DeckTracker","Minty Spire (QoL Compilation)","Relic Sorter","SuperFastMode"],"gold_per_floor":[110,110,110,110,74,118,293,293,293,309,309,3,44,44,44,163,163,176,191,38,62,62,62,86,111,189,31,31,56,75,94,94,219,219,244,244,97,7,7,7,7,7,7,7,41,116,171,183,195,207,219,231,52,92,92,92],"floor_reached":55,"language":"ENG","playtime":3032,"items_purged":["Strike_R","Strike_R","Writhe","Strike_R"],"score":835,"play_id":"dcc84696-5503-4721-a2cb-6b788726710b","local_time":"20210129211923","is_ascension_mode":true,"campfire_choices":[{"floor":8,"key":"REST"},{"floor":15,"key":"RECALL"},{"floor":23,"key":"REST"},{"floor":32,"key":"REST"}],"circlet_count":0,"master_deck":["Strike_R","Defend_R+1","Defend_R+1","Defend_R+1","Defend_R+1","Bash","Body Slam+1","Whirlwind","Iron Wave+1","Disarm","Mayhem","Shrug It Off","Juggernaut","True Grit+1","Warcry+1","Armaments+1","Master of Strategy+1","Shrug It Off+1","Juggernaut","Flex+1","Finesse+1","Shrug It Off+1"],"relics":["Fusion Hammer","Golden Idol","Juzu Bracelet","Eternal Feather","Membership Card","Toxic Egg 2","Busted Crown","War Paint","Dream Catcher","Mummified Hand","Coffee Dripper","Strawberry","Pantograph","MawBank","Lizard Tail","Boot","Ice Cream","Happy Flower"],"acts_visited":["Exordium","TheCity","TheBeyond","TheEnding"],"potions_floor_usage":[19,21,25,50,55,55,55],"damage_taken":[{"damage":8,"enemies":"Jaw Worm","floor":1,"turns":4},{"damage":30,"enemies":"Lagavulin","floor":6,"turns":6},{"damage":0,"enemies":"2 Louse","floor":10,"turns":2},{"damage":10,"enemies":"3 Sentries","floor":13,"turns":5},{"damage":4,"enemies":"Hexaghost","floor":16,"turns":8},{"damage":13,"enemies":"2 Thieves","floor":18,"turns":3},{"damage":14,"enemies":"3 Byrds","floor":19,"turns":4},{"damage":9,"enemies":"3 Cultists","floor":21,"turns":5},{"damage":9,"enemies":"Snake Plant","floor":25,"turns":5},{"damage":0,"enemies":"Snecko","floor":29,"turns":4},{"damage":0,"enemies":"Centurion and Healer","floor":30,"turns":5},{"damage":0,"enemies":"Shelled Parasite and Fungi","floor":31,"turns":5},{"damage":38,"enemies":"Automaton","floor":33,"turns":10},{"damage":23,"enemies":"3 Darklings","floor":35,"turns":3},{"damage":35,"enemies":"Nemesis","floor":45,"turns":7},{"damage":0,"enemies":"Mind Bloom Boss Battle","floor":46,"turns":3},{"damage":62,"enemies":"Reptomancer","floor":47,"turns":6},{"damage":48,"enemies":"Time Eater","floor":50,"turns":8},{"damage":35,"enemies":"Shield and Spear","floor":54,"turns":5},{"damage":128,"enemies":"The Heart","floor":55,"turns":8}],"seed_played":"5089494566257764396","potions_obtained":[{"floor":6,"key":"Energy Potion"},{"floor":10,"key":"Regen Potion"},{"floor":21,"key":"Fire Potion"},{"floor":30,"key":"ElixirPotion"},{"floor":31,"key":"EssenceOfSteel"},{"floor":46,"key":"GamblersBrew"},{"floor":54,"key":"EssenceOfSteel"}],"is_trial":false,"path_per_floor":["M","?","?","?","$","E","?","R","T","M","?","$","E","?","R","B",null,"M","M","$","M","?","R","T","M","T","$","?","M","M","M","R","B",null,"M","?","$","?","$","R","$","R","T","R","E","?","E","?","R","B",null,"R","$","E","B"],"character_chosen":"IRONCLAD","items_purchased":["Whirlwind","Membership Card","Mayhem","Shrug It Off","War Paint","Warcry+1","Master of Strategy+1","Strawberry","Ice Cream","Finesse+1"],"campfire_rested":3,"item_purchase_floors":[5,12,12,12,20,20,27,37,53,53],"current_hp_per_floor":[72,72,72,77,77,47,47,70,70,70,63,63,53,37,46,42,79,66,52,52,55,55,79,79,70,70,70,70,70,70,70,79,41,79,56,56,63,63,63,75,75,86,86,86,51,76,14,14,26,3,86,86,86,51,0,0],"gold":92,"neow_bonus":"BOSS_RELIC","is_daily":false,"chose_seed":false,"campfire_upgraded":0,"win_rate":0.0,"timestamp":1611973163,"path_taken":["M","?","?","?","$","E","?","R","T","M","?","$","E","?","R","BOSS","M","M","$","M","?","R","?","M","T","$","?","M","M","M","R","BOSS","M","?","$","?","$","R","$","R","T","R","E","?","E","?","R","BOSS","R","$","E","BOSS"],"items_purchased_type":["Card","Relic","Card","Card","Relic","Card","Card","Relic","Relic","Card"],"build_version":"2020-12-22","purchased_purges":4,"victory":false,"max_hp_per_floor":[80,74,74,79,79,79,79,79,79,79,79,79,79,79,79,79,79,79,79,79,79,79,79,79,79,79,79,79,79,79,79,79,79,79,79,79,86,86,86,86,86,86,86,86,86,86,86,86,86,86,86,86,86,86,86,86],"card_choices":[{"not_picked":["Thunderclap","Rupture"],"picked":"Body Slam","floor":1},{"not_picked":["Intimidate","Rage"],"picked":"Iron Wave","floor":6},{"not_picked":["Iron Wave","Twin Strike"],"picked":"Disarm","floor":10},{"not_picked":["Rupture","Sword Boomerang","Heavy Blade"],"picked":"SKIP","floor":13},{"not_picked":["Limit Break+1","Corruption"],"picked":"Juggernaut","floor":16},{"not_picked":[],"picked":"True Grit+1","floor":18},{"not_picked":["Sever Soul+1"],"picked":"SKIP","floor":19},{"not_picked":[],"picked":"Armaments+1","floor":21},{"not_picked":["Twin Strike"],"picked":"SKIP","floor":25},{"not_picked":[],"picked":"Fire Breathing","floor":29},{"not_picked":["Pummel"],"picked":"SKIP","floor":30},{"not_picked":["Hemokinesis"],"picked":"SKIP","floor":31},{"not_picked":[],"picked":"Juggernaut","floor":33},{"not_picked":[],"picked":"Flex+1","floor":35},{"not_picked":["Carnage"],"picked":"SKIP","floor":45},{"not_picked":["Burning Pact+1"],"picked":"SKIP","floor":47},{"not_picked":[],"picked":"Shrug It Off+1","floor":54}],"player_experience":355022,"relics_obtained":[{"floor":6,"key":"Juzu Bracelet"},{"floor":9,"key":"Eternal Feather"},{"floor":13,"key":"Toxic Egg 2"},{"floor":26,"key":"Mummified Hand"},{"floor":43,"key":"Pantograph"},{"floor":45,"key":"MawBank"},{"floor":46,"key":"Lizard Tail"},{"floor":47,"key":"Boot"},{"floor":54,"key":"Happy Flower"}],"event_choices":[{"damage_healed":0,"gold_gain":0,"player_choice":"Lose Max HP","damage_taken":0,"relics_obtained":["Golden Idol"],"max_hp_gain":0,"max_hp_loss":6,"event_name":"Golden Idol","floor":2,"gold_loss":0},{"damage_healed":0,"gold_gain":0,"player_choice":"Grow","damage_taken":0,"max_hp_gain":0,"max_hp_loss":0,"event_name":"Living Wall","floor":3,"gold_loss":0,"cards_upgraded":["Body Slam"]},{"damage_healed":0,"gold_gain":0,"player_choice":"Donut","damage_taken":0,"max_hp_gain":5,"max_hp_loss":0,"event_name":"Big Fish","floor":4,"gold_loss":0},{"damage_healed":0,"gold_gain":175,"player_choice":"AGREE","damage_taken":0,"max_hp_gain":0,"max_hp_loss":0,"event_name":"Liars Game","floor":7,"gold_loss":0,"cards_obtained":["Doubt"]},{"cards_removed":["Doubt"],"damage_healed":0,"gold_gain":0,"player_choice":"Card Removal","damage_taken":7,"max_hp_gain":0,"max_hp_loss":0,"event_name":"Golden Wing","floor":11,"gold_loss":0},{"damage_healed":0,"gold_gain":0,"player_choice":"Entered Light","damage_taken":16,"max_hp_gain":0,"max_hp_loss":0,"event_name":"Shining Light","floor":14,"gold_loss":0,"cards_upgraded":["Defend_R","Iron Wave"]},{"damage_healed":0,"gold_gain":0,"player_choice":"Opened","damage_taken":0,"relics_obtained":["Dream Catcher"],"max_hp_gain":0,"max_hp_loss":0,"event_name":"The Mausoleum","floor":22,"gold_loss":0,"cards_obtained":["Writhe"]},{"damage_healed":0,"gold_gain":0,"player_choice":"Read","damage_taken":0,"max_hp_gain":0,"max_hp_loss":0,"event_name":"The Library","floor":28,"gold_loss":0,"cards_obtained":["Shrug It Off"]},{"cards_removed":["Fire Breathing"],"damage_healed":0,"gold_gain":0,"player_choice":"Removed Power","damage_taken":0,"max_hp_gain":0,"max_hp_loss":0,"event_name":"Falling","floor":36,"gold_loss":0},{"cards_removed":["Strike_R"],"damage_healed":0,"gold_gain":0,"player_choice":"Upgrade and Remove","damage_taken":0,"max_hp_gain":0,"max_hp_loss":0,"event_name":"Designer","floor":38,"gold_loss":90,"cards_upgraded":["Defend_R"]},{"damage_healed":0,"gold_gain":0,"player_choice":"Fight","damage_taken":0,"max_hp_gain":0,"max_hp_loss":0,"event_name":"MindBloom","floor":46,"gold_loss":0},{"damage_healed":0,"gold_gain":0,"player_choice":"Memory 1","damage_taken":0,"max_hp_gain":0,"max_hp_loss":0,"event_name":"SensoryStone","floor":48,"gold_loss":0}],"is_beta":false,"boss_relics":[{"not_picked":["Velvet Choker","Astrolabe"],"picked":"Busted Crown"},{"not_picked":["Snecko Eye","Sozu"],"picked":"Coffee Dripper"}],"items_purged_floors":[12,20,27,37],"is_endless":false,"potions_floor_spawned":[6,10,21,30,31,46,54],"killed_by":"The Heart","ascension_level":4}}