{"host":"4evnc443c98ww2zl","time":1611968871,"event":{"mods":["BaseMod","Better Third Choice","Hermit","Koishi","Luminous","Minty Spire (QoL Compilation)","Remilia??????","Robot Space Explorer","StSLib","The Administrix","The Bug Knight","The Cursed","TheSwordswoman"],"gold_per_floor":[117,131,148,148,163,193,63,94,94,94,13,13,13],"floor_reached":12,"language":"ENG","playtime":945,"items_purged":[],"score":88,"play_id":"7b5bbe26-97ea-4a47-a883-373f55b257ed","local_time":"20210129190751","daily_mods":["SealedDeck","Diverse","Colorless Cards","Heirloom","DeadlyEvents","Elite Swarm"],"is_ascension_mode":false,"campfire_choices":[{"floor":10,"key":"RECALL"}],"circlet_count":0,"master_deck":["Doom and Gloom","HollowMod:GoodIntentions","HollowMod:VengefulSpirit","hermit:Determination","RobotSpaceExplorer:ShockKick","HollowMod:SharpenedNail","TheCursedMod:Obscuration","Dodge and Roll","Twin Strike","Koishi:JumpScare","Deflect","Sweeping Beam","HollowMod:SoulStrike","RobotSpaceExplorer:Autoloader","Trip","AdministrixMod:CenturiesAscent","White Noise"],"relics":["Unceasing Top","Torii","Akabeko","Thread and Needle"],"acts_visited":["Exordium"],"potions_floor_usage":[],"damage_taken":[{"damage":1,"enemies":"Jaw Worm","floor":1,"turns":2},{"damage":0,"enemies":"Cultist","floor":2,"turns":3},{"damage":1,"enemies":"Small Slimes","floor":3,"turns":3},{"damage":6,"enemies":"Looter","floor":5,"turns":3},{"damage":18,"enemies":"HollowMod:MossKnight","floor":6,"turns":10},{"damage":8,"enemies":"Gremlin Nob","floor":8,"turns":4},{"damage":24,"enemies":"3 Sentries","floor":12,"turns":5}],"seed_played":"5108060861269228981","potions_obtained":[{"floor":1,"key":"CultistPotion"},{"floor":5,"key":"Strength Potion"},{"floor":6,"key":"Weak Potion"}],"is_trial":true,"path_per_floor":["M","M","M","?","M","E","$","E","T","R","$","E"],"character_chosen":"REMILIA","items_purchased":["Trip","AdministrixMod:CenturiesAscent","White Noise"],"campfire_rested":0,"item_purchase_floors":[7,7,11],"current_hp_per_floor":[75,75,75,75,71,55,55,49,49,49,49,25,25],"gold":13,"neow_bonus":"","is_daily":false,"chose_seed":false,"campfire_upgraded":0,"win_rate":0.0,"timestamp":1611968871,"path_taken":["M","M","M","?","?","E","$","E","T","R","$","?"],"items_purchased_type":["Card","Card","Card"],"build_version":"2020-12-22","purchased_purges":0,"victory":false,"max_hp_per_floor":[75,75,75,75,75,75,75,75,75,75,75,75,75],"card_choices":[{"not_picked":["Luminous:Light_Gather","Shrug It Off"],"picked":"Deflect","floor":1},{"not_picked":["HollowMod:InfectedAttack","TheCursedMod:FuryStrike"],"picked":"Sweeping Beam","floor":2},{"not_picked":["ScarletGensokyo","AdministrixMod:CastOffRegrets"],"picked":"Heavy Blade","floor":3},{"not_picked":["Defragment","Underhanded Strike"],"picked":"HollowMod:SoulStrike","floor":5},{"not_picked":["Brutality","RobotSpaceExplorer:Scanner"],"picked":"RobotSpaceExplorer:Autoloader","floor":6},{"not_picked":["AdministrixMod:FearOfDeath","Multi-Cast","TransientEternity"],"picked":"SKIP","floor":8}],"player_experience":1139510,"relics_obtained":[{"floor":6,"key":"Akabeko"},{"floor":8,"key":"Thread and Needle"}],"event_choices":[{"cards_removed":["Heavy Blade"],"damage_healed":5,"gold_gain":0,"player_choice":"Offered Common","damage_taken":0,"max_hp_gain":0,"max_hp_loss":0,"event_name":"Bonfire Elementals","floor":4,"gold_loss":0},{"cards_removed":["Heavy Blade"],"damage_healed":5,"gold_gain":0,"player_choice":"Offered Special","damage_taken":0,"max_hp_gain":0,"max_hp_loss":0,"event_name":"Bonfire Elementals","floor":4,"gold_loss":0}],"is_beta":false,"boss_relics":[],"items_purged_floors":[],"is_endless":false,"potions_floor_spawned":[1,5,6],"killed_by":"3 Sentries","ascension_level":0}}