{"host":"syozzdlzcqop4jia","time":1611980713,"event":{"mods":["BaseMod","Colored Map","Colored Powertips","Minty Spire (QoL Compilation)","Quick Restart"],"gold_per_floor":[117,63,31,31,87,112,112,133,159,177,196,70,70,84,84,185,185,198,208,133,150,28,28,45,72,72,89,89,89],"floor_reached":28,"language":"ENG","playtime":1412,"items_purged":["Defend_R"],"score":299,"play_id":"21ae006a-0949-4289-b56d-f07d33e54eda","local_time":"20210130052513","is_ascension_mode":true,"campfire_choices":[{"floor":7,"key":"REST"},{"data":"Inflame","floor":13,"key":"SMITH"},{"floor":15,"key":"REST"},{"floor":23,"key":"REST"}],"circlet_count":0,"master_deck":["Strike_R","Strike_R","Strike_R","Strike_R","Strike_R","Defend_R","Defend_R","Bash+1","Anger+1","Anger","Clothesline","Wild Strike","Inflame+1","Shrug It Off","Berserk","Immolate","Carnage","Pommel Strike","Shrug It Off","Shrug It Off","Wild Strike","Shrug It Off","Decay","Carnage"],"relics":["Burning Blood","Shuriken","Odd Mushroom","Happy Flower","Cursed Key","Strawberry","Dream Catcher"],"acts_visited":["Exordium","TheCity"],"potions_floor_usage":[18],"damage_taken":[{"damage":1,"enemies":"Cultist","floor":1,"turns":3},{"damage":45,"enemies":"Lagavulin","floor":6,"turns":6},{"damage":36,"enemies":"The Mushroom Lair","floor":8,"turns":4},{"damage":7,"enemies":"Small Slimes","floor":10,"turns":2},{"damage":6,"enemies":"2 Louse","floor":11,"turns":3},{"damage":0,"enemies":"Large Slime","floor":14,"turns":2},{"damage":30,"enemies":"Hexaghost","floor":16,"turns":8},{"damage":24,"enemies":"2 Thieves","floor":18,"turns":3},{"damage":25,"enemies":"Spheric Guardian","floor":19,"turns":4},{"damage":2,"enemies":"Cultist and Chosen","floor":21,"turns":4},{"damage":16,"enemies":"Sentry and Sphere","floor":24,"turns":4},{"damage":21,"enemies":"Gremlin Leader","floor":25,"turns":4},{"damage":34,"enemies":"Shelled Parasite and Fungi","floor":27,"turns":5},{"damage":25,"enemies":"Chosen and Byrds","floor":28,"turns":4}],"seed_played":"4569841075790186396","potions_obtained":[{"floor":1,"key":"ColorlessPotion"},{"floor":8,"key":"Weak Potion"},{"floor":16,"key":"Fire Potion"},{"floor":19,"key":"EssenceOfSteel"}],"is_trial":false,"path_per_floor":["M","$","?","?","?","E","R","?","T","M","M","$","R","M","R","B",null,"M","M","?","M","$","R","M","E","T","M","M"],"character_chosen":"IRONCLAD","items_purchased":["Anger","Inflame","Shrug It Off","Shrug It Off"],"campfire_rested":3,"item_purchase_floors":[2,12,12,22],"current_hp_per_floor":[80,80,80,80,80,41,65,35,35,34,34,34,34,40,64,40,80,62,43,43,47,47,71,61,53,53,25,0,0],"gold":89,"neow_bonus":"UPGRADE_CARD","is_daily":false,"chose_seed":false,"campfire_upgraded":1,"win_rate":0.0,"timestamp":1611980713,"path_taken":["M","?","?","?","?","E","R","?","T","M","M","?","R","M","R","BOSS","M","M","?","M","$","R","M","E","T","M","M"],"items_purchased_type":["Card","Card","Card","Card"],"build_version":"2020-12-22","purchased_purges":1,"victory":false,"max_hp_per_floor":[80,80,80,80,80,80,80,80,80,80,80,80,80,80,80,80,80,80,80,80,80,80,80,80,87,87,87,87,87],"card_choices":[{"not_picked":["Sever Soul","Shrug It Off"],"picked":"Anger","floor":1},{"not_picked":["Whirlwind","Dark Embrace","True Grit"],"picked":"SKIP","floor":6},{"not_picked":["Pummel","Whirlwind"],"picked":"Clothesline","floor":10},{"not_picked":["Rampage","Headbutt"],"picked":"Wild Strike","floor":11},{"not_picked":["Second Wind","Cleave"],"picked":"Berserk","floor":14},{"not_picked":["Berserk","Barricade"],"picked":"Immolate","floor":16},{"not_picked":["Intimidate","Bloodletting"],"picked":"Carnage","floor":18},{"not_picked":["Metallicize","Thunderclap"],"picked":"Pommel Strike","floor":19},{"not_picked":["Armaments","Hemokinesis"],"picked":"Shrug It Off","floor":21},{"not_picked":["Body Slam","Hemokinesis"],"picked":"Wild Strike","floor":24},{"not_picked":["Spot Weakness","Combust"],"picked":"Shrug It Off","floor":25},{"not_picked":["Clothesline","Entrench"],"picked":"Carnage","floor":27}],"player_experience":434288,"relics_obtained":[{"floor":6,"key":"Shuriken"},{"floor":8,"key":"Odd Mushroom"},{"floor":9,"key":"Happy Flower"},{"floor":25,"key":"Strawberry"},{"floor":26,"key":"Dream Catcher"}],"event_choices":[{"damage_healed":0,"gold_gain":0,"player_choice":"Left Gold","damage_taken":0,"max_hp_gain":0,"max_hp_loss":0,"event_name":"World of Goop","floor":3,"gold_loss":32},{"damage_healed":0,"gold_gain":0,"player_choice":"Grow","damage_taken":0,"max_hp_gain":0,"max_hp_loss":0,"event_name":"Living Wall","floor":4,"gold_loss":0,"cards_upgraded":["Anger"]},{"damage_healed":0,"gold_gain":56,"player_choice":"Gained Gold","damage_taken":0,"max_hp_gain":0,"max_hp_loss":0,"event_name":"Golden Wing","floor":5,"gold_loss":0},{"damage_healed":0,"gold_gain":0,"player_choice":"Fought Mushrooms","damage_taken":0,"max_hp_gain":0,"max_hp_loss":0,"event_name":"Mushrooms","floor":8,"gold_loss":0},{"cards_removed":["Defend_R"],"damage_healed":0,"gold_gain":0,"player_choice":"Gave Gold","damage_taken":0,"max_hp_gain":0,"max_hp_loss":0,"event_name":"Beggar","floor":20,"gold_loss":75}],"is_beta":false,"boss_relics":[{"not_picked":["Black Blood","Ectoplasm"],"picked":"Cursed Key"}],"items_purged_floors":[22],"is_endless":false,"potions_floor_spawned":[1,8,16,19,24],"killed_by":"Chosen and Byrds","ascension_level":3}}