{"host":"50per11302020","time":1611976002,"event":{"mods":["AchievementEnabler","BaseMod","Colored Map","Minty Spire (QoL Compilation)","Relic Stats","StSLib"],"gold_per_floor":[110,122,136,147,158,158,158,188,188,188,198,198,224,224,224,321,321,334,15,32,43,43,43],"floor_reached":22,"language":"ENG","playtime":1501,"items_purged":[],"score":248,"play_id":"70f59b19-1f7c-4168-9de9-667285d440ea","local_time":"20210129190642","is_ascension_mode":true,"campfire_choices":[{"floor":6.0,"key":"REST"},{"floor":10.0,"key":"REST"},{"data":"Devotion","floor":12.0,"key":"SMITH"},{"data":"MentalFortress","floor":15.0,"key":"SMITH"}],"circlet_count":0,"master_deck":["Strike_P","Strike_P","Strike_P","Defend_P","Defend_P","Defend_P","Defend_P","Eruption","Vigilance","MentalFortress","Prostrate","MentalFortress+1","Adaptation","SashWhip","Devotion+1","FlurryOfBlows","Collect","Alpha","ClearTheMind","WaveOfTheHand","Master of Strategy","EmptyMind","InnerPeace","WaveOfTheHand+1"],"relics":["PureWater","Pocketwatch","StoneCalendar","Eternal Feather","Happy Flower","Mango","Velvet Choker"],"acts_visited":["Exordium","TheCity"],"potions_floor_usage":[22],"damage_taken":[{"damage":0.0,"enemies":"Small Slimes","floor":1.0,"turns":3.0},{"damage":1.0,"enemies":"2 Louse","floor":2.0,"turns":3.0},{"damage":0.0,"enemies":"Jaw Worm","floor":3.0,"turns":4.0},{"damage":3.0,"enemies":"Large Slime","floor":4.0,"turns":11.0},{"damage":41.0,"enemies":"Gremlin Gang","floor":5.0,"turns":5.0},{"damage":6.0,"enemies":"Lagavulin","floor":8.0,"turns":6.0},{"damage":5.0,"enemies":"Red Slaver","floor":11.0,"turns":3.0},{"damage":15.0,"enemies":"3 Sentries","floor":13.0,"turns":7.0},{"damage":34.0,"enemies":"Slime Boss","floor":16.0,"turns":7.0},{"damage":7.0,"enemies":"Chosen","floor":18.0,"turns":4.0},{"damage":24.0,"enemies":"3 Byrds","floor":20.0,"turns":4.0},{"damage":31,"enemies":"3 Cultists","floor":21,"turns":4},{"damage":13,"enemies":"Sentry and Sphere","floor":22,"turns":3}],"seed_played":"5579950158987300216","potions_obtained":[{"floor":1.0,"key":"LiquidMemories"},{"floor":5.0,"key":"StancePotion"},{"floor":8.0,"key":"EssenceOfSteel"},{"floor":21,"key":"Strength Potion"}],"is_trial":false,"path_per_floor":["M","M","M","M","M","R","?","E","T","R","M","R","E","?","R","B",null,"M","$","M","M","M"],"character_chosen":"WATCHER","items_purchased":["WaveOfTheHand","Master of Strategy","EmptyMind"],"campfire_rested":2,"item_purchase_floors":[19,19,19],"current_hp_per_floor":[51,50,50,47,6,27,20,14,14,44,39,48,33,44,53,19,69,62,62,38,7,0,0],"gold":43,"neow_bonus":"ONE_RARE_RELIC","is_daily":false,"chose_seed":false,"campfire_upgraded":2,"win_rate":0.0,"timestamp":1611976002,"path_taken":["M","M","M","M","M","R","?","E","T","R","M","R","E","?","R","BOSS","M","$","M","M","M"],"items_purchased_type":["Card","Card","Card"],"build_version":"2020-12-18","purchased_purges":0,"victory":false,"max_hp_per_floor":[72,72,72,72,72,72,72,72,72,72,72,72,72,86,86,86,86,86,86,86,86,86,86],"relic_stats":{"Happy Flower":[7],"counters":[13,64],"StoneCalendar":[92],"Eternal Feather":27,"obtain_stats":[{"Happy Flower":13,"Velvet Choker":17,"StoneCalendar":8,"Eternal Feather":9,"Mango":14,"PureWater":0,"Pocketwatch":0},{"Happy Flower":8,"Velvet Choker":9,"StoneCalendar":6,"Eternal Feather":6,"Mango":8,"PureWater":0,"Pocketwatch":0},{"Happy Flower":42,"Velvet Choker":49,"StoneCalendar":32,"Eternal Feather":32,"Mango":42,"PureWater":0,"Pocketwatch":0}],"Pocketwatch":[101]},"card_choices":[{"not_picked":["Evaluate","CrushJoints"],"picked":"MentalFortress","floor":1.0},{"not_picked":["Consecrate","BowlingBash"],"picked":"Prostrate","floor":2.0},{"not_picked":["BowlingBash","ClearTheMind"],"picked":"MentalFortress","floor":3.0},{"not_picked":["SignatureMove","BowlingBash"],"picked":"Adaptation","floor":4.0},{"not_picked":["Worship","Pray"],"picked":"SashWhip","floor":5.0},{"not_picked":["Meditate","WreathOfFlame"],"picked":"Devotion","floor":8.0},{"not_picked":["CutThroughFate","Wallop"],"picked":"FlurryOfBlows","floor":11.0},{"not_picked":["FlyingSleeves","CrushJoints"],"picked":"Collect","floor":13.0},{"not_picked":["Establishment","Wish"],"picked":"Alpha","floor":16.0},{"not_picked":["CarveReality","WreathOfFlame+1"],"picked":"ClearTheMind","floor":18.0},{"not_picked":["Vengeance","FlyingSleeves+1"],"picked":"InnerPeace","floor":20.0},{"not_picked":["BowlingBash","FollowUp"],"picked":"WaveOfTheHand+1","floor":21}],"player_experience":390488,"relics_obtained":[{"floor":8.0,"key":"StoneCalendar"},{"floor":9.0,"key":"Eternal Feather"},{"floor":13.0,"key":"Happy Flower"}],"event_choices":[{"cards_removed":["Strike_P"],"damage_healed":0.0,"max_hp_gain":0.0,"max_hp_loss":0.0,"gold_gain":0.0,"event_name":"Golden Wing","player_choice":"Card Removal","floor":7.0,"gold_loss":0.0,"damage_taken":7.0},{"damage_healed":0.0,"max_hp_gain":0.0,"max_hp_loss":0.0,"gold_gain":0.0,"event_name":"Scrap Ooze","player_choice":"Success","floor":14.0,"gold_loss":0.0,"damage_taken":3.0,"relics_obtained":["Mango"]}],"is_beta":true,"boss_relics":[{"not_picked":["Sozu","Astrolabe"],"picked":"Velvet Choker"}],"items_purged_floors":[],"is_endless":false,"potions_floor_spawned":[1,5,8,21],"killed_by":"Sentry and Sphere","ascension_level":5}}