{"host":"f0gpob8hq9vgebej","time":1611980364,"event":{"mods":["AchievementEnabler","BaseMod","Minty Spire (QoL Compilation)","Quick Restart","SuperFastMode"],"gold_per_floor":[117,129,142,34,48,48,82,94,144,144,160,173,191,208,208,305,305,322,3,21,32,32,32],"floor_reached":22,"language":"KOR","playtime":528,"items_purged":["Strike_B"],"score":301,"play_id":"cc40ad2d-0be6-4e37-b3ca-b0a0775811af","local_time":"20210130131924","is_ascension_mode":true,"campfire_choices":[{"data":"Zap","floor":6.0,"key":"SMITH"},{"data":"Static Discharge","floor":10.0,"key":"SMITH"},{"floor":15,"key":"REST"}],"circlet_count":0,"master_deck":["AscendersBane","Strike_B","Strike_B","Strike_B","Defend_B","Defend_B","Defend_B","Defend_B","Zap+1","Dualcast","Streamline","White Noise","Cold Snap","Static Discharge+1","Steam Power","Conserve Battery","Sweeping Beam","Leap","Reboot","Ball Lightning","Echo Form","Blizzard","BootSequence","Go for the Eyes","Genetic Algorithm"],"relics":["Cracked Core","Pen Nib","Blood Vial","Art of War","Black Star","Question Card"],"acts_visited":["Exordium","TheCity"],"potions_floor_usage":[16,16,22],"damage_taken":[{"damage":1.0,"enemies":"Cultist","floor":1.0,"turns":3.0},{"damage":2.0,"enemies":"Jaw Worm","floor":2.0,"turns":3.0},{"damage":7.0,"enemies":"Small Slimes","floor":3.0,"turns":3.0},{"damage":12.0,"enemies":"Looter","floor":5.0,"turns":4.0},{"damage":10.0,"enemies":"Gremlin Nob","floor":7.0,"turns":4.0},{"damage":22.0,"enemies":"Gremlin Gang","floor":8.0,"turns":4.0},{"damage":6.0,"enemies":"Large Slime","floor":11.0,"turns":4.0},{"damage":11.0,"enemies":"Looter","floor":12.0,"turns":4.0},{"damage":0.0,"enemies":"2 Fungi Beasts","floor":13.0,"turns":2.0},{"damage":4,"enemies":"Blue Slaver","floor":14,"turns":3},{"damage":13,"enemies":"Hexaghost","floor":16,"turns":8},{"damage":11,"enemies":"Spheric Guardian","floor":18,"turns":3},{"damage":19,"enemies":"Shell Parasite","floor":20,"turns":5},{"damage":28,"enemies":"Snake Plant","floor":21,"turns":2},{"damage":12,"enemies":"Sentry and Sphere","floor":22,"turns":3}],"seed_played":"9123945559067423481","potions_obtained":[{"floor":3.0,"key":"CultistPotion"},{"floor":5.0,"key":"Fire Potion"},{"floor":7.0,"key":"Dexterity Potion"},{"floor":20,"key":"Energy Potion"}],"is_trial":false,"path_per_floor":["M","M","M","$","M","R","E","M","T","R","M","M","M","M","R","B",null,"M","$","M","M","M"],"character_chosen":"DEFECT","items_purchased":["Static Discharge","Question Card","BootSequence"],"campfire_rested":1,"item_purchase_floors":[4,19,19],"current_hp_per_floor":[67,65,58,58,46,46,36,16,16,16,12,3,5,3,25,14,60,51,51,34,8,0,0],"gold":32,"neow_bonus":"RANDOM_COMMON_RELIC","is_daily":false,"chose_seed":false,"campfire_upgraded":2,"win_rate":0.0,"timestamp":1611980364,"path_taken":["M","M","M","$","M","R","E","M","T","R","M","M","?","M","R","BOSS","M","$","M","M","M"],"items_purchased_type":["Card","Relic","Card"],"build_version":"2020-12-22","purchased_purges":1,"victory":false,"max_hp_per_floor":[75,75,75,75,75,75,75,75,75,75,75,75,75,75,75,75,75,75,75,75,75,75,75],"card_choices":[{"not_picked":["Sunder","Stack"],"picked":"Streamline","floor":1.0},{"not_picked":["Beam Cell","Consume"],"picked":"White Noise","floor":2.0},{"not_picked":["Tempest","Barrage"],"picked":"Cold Snap","floor":3.0},{"not_picked":["Redo","Coolheaded"],"picked":"Steam Power","floor":5.0},{"not_picked":["Steam","Sunder"],"picked":"Conserve Battery","floor":7.0},{"not_picked":["Compile Driver","Turbo"],"picked":"Sweeping Beam","floor":8.0},{"not_picked":["Darkness","Sweeping Beam","Melter"],"picked":"SKIP","floor":11.0},{"not_picked":["Heatsinks","Hologram"],"picked":"Leap","floor":12.0},{"not_picked":["Go for the Eyes","Double Energy"],"picked":"Reboot","floor":13.0},{"not_picked":["Redo","Reinforced Body"],"picked":"Ball Lightning","floor":14},{"not_picked":["Thunder Strike","Seek"],"picked":"Echo Form","floor":16},{"not_picked":["Hologram+1","Conserve Battery"],"picked":"Blizzard","floor":18},{"not_picked":["Ball Lightning","Compile Driver+1","Static Discharge"],"picked":"Go for the Eyes","floor":20},{"not_picked":["Gash+1","Barrage","Skim"],"picked":"Genetic Algorithm","floor":21}],"player_experience":290336,"relics_obtained":[{"floor":7.0,"key":"Blood Vial"},{"floor":9.0,"key":"Art of War"}],"event_choices":[],"is_beta":false,"boss_relics":[{"not_picked":["Fusion Hammer","Philosopher\u0027s Stone"],"picked":"Black Star"}],"items_purged_floors":[4],"is_endless":false,"potions_floor_spawned":[3,5,7,13,20],"killed_by":"Sentry and Sphere","ascension_level":11}}