{"host":"oigynbtg272c19pw","time":1611996635,"event":{"mods":["BaseMod","Colored Map","Minty Spire (QoL Compilation)","Relic Stats","Slay the Relics Exporter","StSLib"],"gold_per_floor":[12,28,28,43,118,148,148,148,148],"floor_reached":8,"playtime":527,"items_purged":[],"score":112,"play_id":"9376077e-cf13-422e-b999-4a92db8bb1d3","local_time":"20210130095035","is_ascension_mode":true,"campfire_choices":[{"floor":7,"key":"REST"}],"circlet_count":0,"master_deck":["AscendersBane","Strike_R","Strike_R","Strike_R","Defend_R","Defend_R","Defend_R","Defend_R","Bash","Burning Pact","Feed","Clash","Anger","Immolate"],"relics":["Burning Blood","Toy Ornithopter"],"acts_visited":["Exordium"],"potions_floor_usage":[6],"damage_taken":[{"damage":20.0,"enemies":"Small Slimes","floor":1.0,"turns":4.0},{"damage":17.0,"enemies":"Cultist","floor":2.0,"turns":5.0},{"damage":8.0,"enemies":"2 Louse","floor":4.0,"turns":4.0},{"damage":54,"enemies":"Gremlin Nob","floor":6,"turns":5},{"damage":57,"enemies":"3 Sentries","floor":8,"turns":7}],"seed_played":"-2090414265362331559","potions_obtained":[{"floor":2.0,"key":"SteroidPotion"},{"floor":6,"key":"Weak Potion"}],"is_trial":false,"path_per_floor":["M","M","?","M","?","E","R","E"],"character_chosen":"IRONCLAD","items_purchased":[],"campfire_rested":1,"item_purchase_floors":[],"current_hp_per_floor":[57,49,81,82,71,23,48,0,0],"gold":148,"neow_bonus":"TRANSFORM_TWO_CARDS","is_daily":false,"chose_seed":false,"campfire_upgraded":0,"win_rate":0.0,"timestamp":1611996635,"path_taken":["M","M","?","?","?","E","R","E"],"items_purchased_type":[],"build_version":"2020-12-13","purchased_purges":0,"victory":false,"max_hp_per_floor":[78,81,81,84,84,84,84,87,87],"relic_stats":{"counters":[5,25],"obtain_stats":[{"Burning Blood":0,"Toy Ornithopter":6},{"Burning Blood":0,"Toy Ornithopter":4},{"Burning Blood":0,"Toy Ornithopter":18}],"Burning Blood":24,"Toy Ornithopter":0},"card_choices":[{"not_picked":["Thunderclap","Pummel"],"picked":"Clash","floor":1.0},{"not_picked":["Metallicize","Burning Pact","Sword Boomerang"],"picked":"SKIP","floor":2.0},{"not_picked":["Wild Strike","Armaments"],"picked":"Anger","floor":4.0},{"not_picked":["Iron Wave","Searing Blow"],"picked":"Immolate","floor":6}],"player_experience":1506058,"relics_obtained":[{"floor":6,"key":"Toy Ornithopter"}],"event_choices":[{"damage_healed":32.0,"max_hp_gain":0.0,"max_hp_loss":0.0,"gold_gain":0.0,"event_name":"Wheel of Change","player_choice":"Full Heal","floor":3.0,"gold_loss":0.0,"damage_taken":0.0},{"damage_healed":0.0,"max_hp_gain":0.0,"max_hp_loss":0.0,"gold_gain":75.0,"event_name":"World of Goop","player_choice":"Gather Gold","floor":5.0,"gold_loss":0.0,"damage_taken":11.0}],"is_beta":false,"boss_relics":[],"items_purged_floors":[],"is_endless":false,"potions_floor_spawned":[2,6],"killed_by":"3 Sentries","ascension_level":20}}