{"host":"0utx1lcxgx5vu4k0","time":1611987806,"event":{"mods":["AlwaysNeverKeys","BaseMod","Colored Powertips","Minty Spire (QoL Compilation)","Permanent Neow","Relic Stats","StSLib"],"gold_per_floor":[118,130,130,130,154,154,174,217,241,241,266,305,305,305,305,433,433,451,490,510,37,37,37,76,76,157,172,172,172,26,70,70,196,196,212,212,65,84,84,84,115,140,140,203,241,278,290,302,314,326],"floor_reached":51,"language":"ENG","playtime":1875,"items_purged":["Strike_B"],"score":947,"play_id":"59c2efa0-caa3-4da2-87a5-883f27396b6a","local_time":"20210130012326","is_ascension_mode":false,"campfire_choices":[{"data":"Ball Lightning","floor":6,"key":"SMITH"},{"data":"Biased Cognition","floor":10,"key":"SMITH"},{"data":"Capacitor","floor":13,"key":"SMITH"},{"data":"Zap","floor":15,"key":"SMITH"},{"data":"Consume","floor":23,"key":"SMITH"},{"data":"Aggregate","floor":28,"key":"SMITH"},{"data":"Electrodynamics","floor":32,"key":"SMITH"},{"data":"Seek","floor":40,"key":"SMITH"},{"data":"Seek","floor":47,"key":"SMITH"},{"data":"Coolheaded","floor":49,"key":"SMITH"}],"circlet_count":0,"master_deck":["Strike_B","Strike_B","Defend_B","Defend_B+1","Defend_B","Defend_B","Zap+1","Dualcast","Chill+1","Compile Driver","Ball Lightning+1","Cold Snap","Biased Cognition+1","Capacitor+1","Consume+1","Electrodynamics+1","Cold Snap","Defragment+1","Chill+1","Compile Driver","Aggregate+1","Seek+1","Go for the Eyes+1","Cold Snap+1","Seek+1","Dark Shackles","White Noise+1","Compile Driver","Coolheaded+1","Leap+1"],"relics":["Philosopher\u0027s Stone","Golden Idol","Lantern","Pen Nib","Bronze Scales","Juzu Bracelet","Ancient Tea Set","Inserter","Red Mask","Centennial Puzzle","Blood Vial","Happy Flower","White Beast Statue","War Paint","Toy Ornithopter","SlaversCollar","Orichalcum","Anchor","Toxic Egg 2","Calipers","MawBank","Potion Belt"],"acts_visited":["Exordium","TheCity","TheBeyond"],"potions_floor_usage":[18,19,24,33,50,50,50],"damage_taken":[{"damage":0,"enemies":"Cultist","floor":1,"turns":4},{"damage":0,"enemies":"Small Slimes","floor":2,"turns":4},{"damage":0,"enemies":"2 Louse","floor":5,"turns":2},{"damage":2,"enemies":"Exordium Thugs","floor":7,"turns":6},{"damage":5,"enemies":"3 Sentries","floor":8,"turns":5},{"damage":7,"enemies":"Lagavulin","floor":12,"turns":5},{"damage":2,"enemies":"Slime Boss","floor":16,"turns":6},{"damage":6,"enemies":"2 Thieves","floor":18,"turns":3},{"damage":8,"enemies":"Masked Bandits","floor":19,"turns":3},{"damage":3,"enemies":"3 Byrds","floor":20,"turns":2},{"damage":0,"enemies":"Gremlin Leader","floor":24,"turns":6},{"damage":0,"enemies":"Centurion and Healer","floor":27,"turns":4},{"damage":0,"enemies":"Book of Stabbing","floor":31,"turns":4},{"damage":18,"enemies":"Collector","floor":33,"turns":7},{"damage":0,"enemies":"3 Darklings","floor":35,"turns":2},{"damage":0,"enemies":"3 Shapes","floor":38,"turns":2},{"damage":0,"enemies":"Reptomancer","floor":41,"turns":4},{"damage":0,"enemies":"3 Darklings","floor":42,"turns":2},{"damage":0,"enemies":"Mind Bloom Boss Battle","floor":44,"turns":5},{"damage":0,"enemies":"Giant Head","floor":45,"turns":8},{"damage":0,"enemies":"Maw","floor":46,"turns":5},{"damage":0,"enemies":"Time Eater","floor":50,"turns":9}],"seed_played":"-3832975205176079196","potions_obtained":[{"floor":2,"key":"GamblersBrew"},{"floor":5,"key":"SpeedPotion"},{"floor":12,"key":"GamblersBrew"},{"floor":16,"key":"Dexterity Potion"},{"floor":18,"key":"Weak Potion"},{"floor":20,"key":"AttackPotion"},{"floor":27,"key":"FocusPotion"},{"floor":33,"key":"BlessingOfTheForge"},{"floor":38,"key":"FocusPotion"},{"floor":45,"key":"PowerPotion"},{"floor":46,"key":"DuplicationPotion"}],"is_trial":false,"path_per_floor":["M","M","?","?","M","R","M","E","T","R","T","E","R","?","R","B",null,"M","?","M","$","?","R","E","?","T","M","R","?","$","E","R","B",null,"M","?","$","M","?","R","E","M","T","?","E","M","R","T","R","B",null],"character_chosen":"DEFECT","items_purchased":["Compile Driver","Centennial Puzzle","Aggregate","Blood Vial","War Paint","Orichalcum"],"campfire_rested":0,"item_purchase_floors":[21,21,21,21,30,37],"current_hp_per_floor":[75,75,57,57,57,57,55,50,50,50,50,43,43,43,43,41,75,69,61,58,58,58,58,60,60,60,62,62,62,62,64,64,53,75,75,65,65,67,67,67,69,71,71,73,75,75,75,75,75,75],"gold":338,"neow_bonus":"BOSS_RELIC","is_daily":false,"chose_seed":false,"campfire_upgraded":10,"win_rate":0.0,"timestamp":1611987806,"path_taken":["M","?","?","?","M","R","?","E","T","R","?","E","R","?","R","BOSS","M","?","M","$","?","R","E","?","T","M","R","?","?","E","R","BOSS","M","?","$","M","?","R","E","M","T","?","E","M","R","?","R","BOSS"],"items_purchased_type":["Card","Relic","Card","Relic","Relic","Relic"],"build_version":"2020-12-22","purchased_purges":1,"victory":true,"max_hp_per_floor":[75,75,75,75,75,75,75,75,75,75,75,75,75,75,75,75,75,75,75,75,75,75,75,75,75,75,75,75,75,75,75,75,75,75,75,75,75,75,75,75,75,75,75,75,75,75,75,75,75,75],"relic_stats":{"Inserter":[33],"Happy Flower":[17],"counters":[22,98],"Golden Idol":183,"Pen Nib":[14],"Juzu Bracelet":0,"War Paint":["Defend_B","Chill"],"Orichalcum":[36],"MawBank":72,"Blood Vial":18,"Centennial Puzzle":[3],"Bronze Scales":[215],"obtain_stats":[{"Potion Belt":48,"Lantern":4,"Inserter":17,"Calipers":44,"Happy Flower":24,"Golden Idol":3,"Pen Nib":8,"Juzu Bracelet":11,"War Paint":30,"Orichalcum":37,"Ancient Tea Set":12,"MawBank":45,"White Beast Statue":26,"Blood Vial":21,"SlaversCollar":34,"Centennial Puzzle":21,"Anchor":41,"Bronze Scales":9,"Philosopher\u0027s Stone":0,"Red Mask":19,"Toxic Egg 2":43,"Cracked Core":0,"Toy Ornithopter":31},{"Potion Belt":21,"Lantern":2,"Inserter":7,"Calipers":19,"Happy Flower":11,"Golden Idol":2,"Pen Nib":5,"Juzu Bracelet":5,"War Paint":12,"Orichalcum":15,"Ancient Tea Set":6,"MawBank":20,"White Beast Statue":11,"Blood Vial":10,"SlaversCollar":14,"Centennial Puzzle":10,"Anchor":17,"Bronze Scales":5,"Philosopher\u0027s Stone":0,"Red Mask":9,"Toxic Egg 2":18,"Cracked Core":0,"Toy Ornithopter":13},{"Potion Belt":89,"Lantern":8,"Inserter":32,"Calipers":76,"Happy Flower":46,"Golden Idol":8,"Pen Nib":21,"Juzu Bracelet":21,"War Paint":50,"Orichalcum":63,"Ancient Tea Set":26,"MawBank":84,"White Beast Statue":46,"Blood Vial":40,"SlaversCollar":61,"Centennial Puzzle":40,"Anchor":69,"Bronze Scales":21,"Philosopher\u0027s Stone":0,"Red Mask":38,"Toxic Egg 2":71,"Cracked Core":0,"Toy Ornithopter":54}],"Toy Ornithopter":5},"card_choices":[{"not_picked":["Gash","Leap"],"picked":"Chill","floor":1},{"not_picked":["Steam","Beam Cell"],"picked":"Compile Driver","floor":2},{"not_picked":["Steam","Leap"],"picked":"Ball Lightning","floor":5},{"not_picked":["Melter","Loop"],"picked":"Cold Snap","floor":7},{"not_picked":["Cold Snap","Capacitor"],"picked":"Biased Cognition","floor":8},{"not_picked":["Biased Cognition","Static Discharge"],"picked":"Capacitor","floor":12},{"not_picked":["Fission","Biased Cognition"],"picked":"Electrodynamics","floor":16},{"not_picked":["Redo+1","Conserve Battery"],"picked":"Cold Snap","floor":18},{"not_picked":["Stack","Leap"],"picked":"Defragment+1","floor":19},{"not_picked":["Stack","Leap"],"picked":"Chill+1","floor":20},{"not_picked":["Melter+1","Conserve Battery+1"],"picked":"Go for the Eyes+1","floor":24},{"not_picked":["Barrage","Stack+1"],"picked":"Cold Snap+1","floor":27},{"not_picked":["Leap","Scrape","Reboot"],"picked":"SKIP","floor":31},{"not_picked":["Fission","Multi-Cast"],"picked":"Seek","floor":33},{"not_picked":["Barrage","Leap+1","Chill+1"],"picked":"SKIP","floor":35},{"not_picked":["Swift Strike","Panache"],"picked":"Dark Shackles","floor":36},{"not_picked":["Mayhem","Dark Shackles"],"picked":"Secret Technique","floor":36},{"not_picked":["Leap+1","Conserve Battery+1"],"picked":"White Noise+1","floor":38},{"not_picked":["Melter+1","Redo"],"picked":"Compile Driver","floor":41},{"not_picked":["Conserve Battery+1","Melter+1"],"picked":"Coolheaded","floor":42},{"not_picked":["Beam Cell","BootSequence+1","Capacitor"],"picked":"SKIP","floor":45},{"not_picked":["Gash+1","Electrodynamics"],"picked":"Leap+1","floor":46}],"player_experience":11872,"relics_obtained":[{"floor":8,"key":"Pen Nib"},{"floor":9,"key":"Bronze Scales"},{"floor":11,"key":"Juzu Bracelet"},{"floor":12,"key":"Ancient Tea Set"},{"floor":19,"key":"Red Mask"},{"floor":24,"key":"Happy Flower"},{"floor":26,"key":"White Beast Statue"},{"floor":31,"key":"Toy Ornithopter"},{"floor":41,"key":"Anchor"},{"floor":43,"key":"Toxic Egg 2"},{"floor":44,"key":"Calipers"},{"floor":45,"key":"MawBank"},{"floor":48,"key":"Potion Belt"}],"event_choices":[{"damage_healed":0,"gold_gain":0,"player_choice":"Take Damage","damage_taken":18,"relics_obtained":["Golden Idol"],"max_hp_gain":0,"max_hp_loss":0,"event_name":"Golden Idol","floor":3,"gold_loss":0},{"damage_healed":0,"gold_gain":0,"player_choice":"Gave Potion","damage_taken":0,"relics_obtained":["Lantern"],"max_hp_gain":0,"max_hp_loss":0,"event_name":"WeMeetAgain","floor":4,"gold_loss":0},{"damage_healed":0,"gold_gain":0,"cards_transformed":["Strike_B"],"player_choice":"Change","damage_taken":0,"max_hp_gain":0,"max_hp_loss":0,"event_name":"Living Wall","floor":14,"gold_loss":0,"cards_obtained":["Consume"]},{"damage_healed":0,"gold_gain":0,"player_choice":"Fought Bandits","damage_taken":0,"max_hp_gain":0,"max_hp_loss":0,"event_name":"Masked Bandits","floor":19,"gold_loss":0},{"damage_healed":0,"gold_gain":0,"player_choice":"Read","damage_taken":0,"max_hp_gain":0,"max_hp_loss":0,"event_name":"The Library","floor":22,"gold_loss":0,"cards_obtained":["Seek"]},{"damage_healed":0,"gold_gain":0,"player_choice":"Ignored","damage_taken":0,"max_hp_gain":0,"max_hp_loss":0,"event_name":"Vampires","floor":29,"gold_loss":0},{"damage_healed":0,"gold_gain":0,"player_choice":"Memory 3","damage_taken":10,"max_hp_gain":0,"max_hp_loss":0,"event_name":"SensoryStone","floor":36,"gold_loss":0},{"cards_removed":["Secret Technique"],"damage_healed":0,"gold_gain":0,"player_choice":"Removed Skill","damage_taken":0,"max_hp_gain":0,"max_hp_loss":0,"event_name":"Falling","floor":39,"gold_loss":0},{"damage_healed":0,"gold_gain":0,"player_choice":"Fight","damage_taken":0,"max_hp_gain":0,"max_hp_loss":0,"event_name":"MindBloom","floor":44,"gold_loss":0}],"is_beta":false,"boss_relics":[{"not_picked":["SacredBark","Cursed Key"],"picked":"Inserter"},{"not_picked":["Sozu","Velvet Choker"],"picked":"SlaversCollar"}],"items_purged_floors":[21],"is_endless":false,"potions_floor_spawned":[2,5,12,16,18,20,27,31,33,35,38,41,42,44,45,46],"ascension_level":0}}