{"host":"6xsbn6ynqlzwllfm","time":1611965608,"event":{"mods":["2.2 Compatiblity","BaseMod","Bestiary","Colored Map","Colored Powertips","Curses Come First","Highlight Path","Keyboard Shortcuts","Minty Spire (QoL Compilation)","Relic Stats","Slay the Relics Exporter","StSLib","SuperFastMode"],"gold_per_floor":[12,12,36,36,85,145,165,223,223,223,7,76,159,200,200,354,354,428,14,118,201,201,301,301,315,315,383,462,532,408,462,462,642,642,722,850,463,517,517,592,592,673,673,233,318,403,88,106,106,106],"floor_reached":51,"language":"ENG","playtime":3056,"items_purged":["Strike_P","Strike_P+1","Strike_P+1","Strike_P+1","Eruption"],"score":1179,"play_id":"7c4a234c-a027-467d-8908-f44ae162fee7","local_time":"20210129191328","is_ascension_mode":true,"campfire_choices":[{"data":"Wish","floor":10,"key":"SMITH"},{"data":"Omniscience","floor":15,"key":"SMITH"},{"data":"Devotion","floor":32,"key":"SMITH"},{"data":"Ragnarok","floor":41,"key":"SMITH"},{"data":"Ragnarok","floor":49,"key":"SMITH"}],"circlet_count":0,"master_deck":["AscendersBane","Defend_P+1","Defend_P+1","Defend_P+1","Defend_P+1","Vigilance+1","Wish+1","Perseverance","CutThroughFate","FlurryOfBlows","FearNoEvil","FlyingSleeves","Omniscience+1","Evaluate","Protect","Ragnarok+1","EmptyFist","WheelKick","BattleHymn","Consecrate","Meditate","Devotion+1","Swivel+1","Prostrate","DeceiveReality+1","Secret Technique","Master of Strategy","TalkToTheHand+1","Omniscience+1","Ragnarok+1"],"relics":["HolyWater","Golden Idol","PreservedInsect","White Beast Statue","Regal Pillow","Letter Opener","Meat on the Bone","Eternal Feather","Cursed Key","Frozen Eye","Bronze Scales","Red Mask","Oddly Smooth Stone","Nunchaku","Vajra","Dead Branch","Membership Card","War Paint","Anchor","DollysMirror","Bird Faced Urn","Torii","Lizard Tail"],"acts_visited":["Exordium","TheCity","TheBeyond"],"potions_floor_usage":[6,8,12,14,20,20,21,23,27,28,33,36,36,50,50],"damage_taken":[{"damage":0,"enemies":"Small Slimes","floor":1,"turns":2},{"damage":1,"enemies":"Jaw Worm","floor":5,"turns":6},{"damage":9,"enemies":"Gremlin Nob","floor":6,"turns":3},{"damage":5,"enemies":"Cultist","floor":7,"turns":6},{"damage":27,"enemies":"3 Sentries","floor":8,"turns":6},{"damage":0,"enemies":"Lagavulin","floor":12,"turns":5},{"damage":12,"enemies":"Exordium Wildlife","floor":13,"turns":3},{"damage":2,"enemies":"3 Sentries","floor":14,"turns":3},{"damage":8,"enemies":"The Guardian","floor":16,"turns":7},{"damage":19,"enemies":"Spheric Guardian","floor":18,"turns":6},{"damage":34,"enemies":"Masked Bandits","floor":20,"turns":5},{"damage":3,"enemies":"2 Thieves","floor":21,"turns":4},{"damage":12,"enemies":"Slavers","floor":23,"turns":4},{"damage":19,"enemies":"Snecko","floor":25,"turns":6},{"damage":3,"enemies":"Gremlin Leader","floor":27,"turns":4},{"damage":7,"enemies":"3 Cultists","floor":28,"turns":4},{"damage":5,"enemies":"Slavers","floor":29,"turns":5},{"damage":12,"enemies":"Snake Plant","floor":31,"turns":4},{"damage":19,"enemies":"Collector","floor":33,"turns":8},{"damage":4,"enemies":"3 Darklings","floor":35,"turns":7},{"damage":27,"enemies":"2 Orb Walkers","floor":36,"turns":5},{"damage":0,"enemies":"Orb Walker","floor":38,"turns":3},{"damage":0,"enemies":"Sphere and 2 Shapes","floor":40,"turns":1},{"damage":1,"enemies":"4 Shapes","floor":42,"turns":1},{"damage":0,"enemies":"3 Darklings","floor":45,"turns":1},{"damage":0,"enemies":"Maw","floor":46,"turns":4},{"damage":0,"enemies":"Jaw Worm Horde","floor":48,"turns":1},{"damage":10,"enemies":"Time Eater","floor":50,"turns":4}],"seed_played":"7026238811088062011","potions_obtained":[{"floor":1,"key":"Weak Potion"},{"floor":4,"key":"DistilledChaos"},{"floor":4,"key":"LiquidBronze"},{"floor":5,"key":"Regen Potion"},{"floor":7,"key":"SpeedPotion"},{"floor":8,"key":"Fire Potion"},{"floor":12,"key":"SpeedPotion"},{"floor":13,"key":"LiquidMemories"},{"floor":14,"key":"BottledMiracle"},{"floor":16,"key":"PowerPotion"},{"floor":18,"key":"EssenceOfSteel"},{"floor":20,"key":"BottledMiracle"},{"floor":21,"key":"DistilledChaos"},{"floor":23,"key":"PowerPotion"},{"floor":25,"key":"Fire Potion"},{"floor":27,"key":"LiquidBronze"},{"floor":28,"key":"BottledMiracle"},{"floor":31,"key":"AttackPotion"},{"floor":33,"key":"Regen Potion"},{"floor":36,"key":"Dexterity Potion"},{"floor":38,"key":"Block Potion"},{"floor":40,"key":"LiquidMemories"},{"floor":42,"key":"DistilledChaos"},{"floor":46,"key":"Strength Potion"}],"is_trial":false,"path_per_floor":["M","?","T","?","M","E","M","E","T","R","$","E","M","E","R","B",null,"M","$","?","M","?","E","?","M","T","E","M","E","$","M","R","B",null,"M","?","$","M","?","M","R","M","T","$","M","M","$","M","R","B",null],"character_chosen":"WATCHER","items_purchased":["Omniscience","Frozen Eye","Bronze Scales","WheelKick","BattleHymn","Prostrate","Membership Card","War Paint","Anchor","Block Potion","DollysMirror","Bird Faced Urn","Torii","Ragnarok","Lizard Tail"],"campfire_rested":0,"item_purchase_floors":[11,19,19,19,19,30,37,37,37,37,44,44,44,47,47],"current_hp_per_floor":[65,65,65,65,64,55,50,38,38,38,38,38,38,36,45,37,60,41,41,19,28,28,28,28,21,21,30,35,42,42,42,57,38,60,56,41,41,41,31,43,58,57,57,57,57,63,63,65,67,57],"gold":106,"neow_bonus":"THREE_RARE_CARDS","is_daily":false,"chose_seed":false,"campfire_upgraded":5,"win_rate":0.0,"timestamp":1611965608,"path_taken":["M","?","?","?","M","E","M","E","T","R","$","E","?","E","R","BOSS","M","$","?","M","?","E","?","M","T","E","M","E","$","M","R","BOSS","M","?","$","M","?","M","R","M","T","$","M","M","?","?","R","BOSS"],"items_purchased_type":["Card","Relic","Relic","Card","Card","Card","Relic","Relic","Relic","Potion","Relic","Relic","Relic","Card","Relic"],"build_version":"2020-12-22","purchased_purges":5,"victory":true,"max_hp_per_floor":[72,67,67,67,67,67,67,67,67,67,67,67,67,67,67,67,67,67,67,67,67,67,67,67,67,67,67,67,67,67,67,67,67,67,67,67,67,67,67,67,67,67,67,67,67,67,67,67,67,67],"relic_stats":{"Regal Pillow":0,"Torii":4,"counters":[28,118],"Golden Idol":214,"Dead Branch":[63],"Eternal Feather":41,"PreservedInsect":246,"Letter Opener":[468],"War Paint":["DeceiveReality","Vigilance"],"Cursed Key":0,"Nunchaku":[12],"Lizard Tail":0,"Bronze Scales":[197],"Bird Faced Urn":[8],"obtain_stats":[{"Regal Pillow":8,"Torii":44,"Golden Idol":2,"Dead Branch":36,"Oddly Smooth Stone":23,"Vajra":29,"Eternal Feather":14,"PreservedInsect":3,"Letter Opener":9,"War Paint":37,"Cursed Key":17,"White Beast Statue":6,"Frozen Eye":19,"Nunchaku":27,"Anchor":37,"Lizard Tail":47,"DollysMirror":44,"Bronze Scales":19,"Bird Faced Urn":44,"HolyWater":34,"Red Mask":20,"Membership Card":37,"PureWater":0,"Meat on the Bone":12},{"Regal Pillow":5,"Torii":24,"Golden Idol":1,"Dead Branch":21,"Oddly Smooth Stone":13,"Vajra":17,"Eternal Feather":8,"PreservedInsect":1,"Letter Opener":5,"War Paint":21,"Cursed Key":9,"White Beast Statue":3,"Frozen Eye":10,"Nunchaku":15,"Anchor":21,"Lizard Tail":26,"DollysMirror":24,"Bronze Scales":10,"Bird Faced Urn":24,"HolyWater":19,"Red Mask":11,"Membership Card":21,"PureWater":0,"Meat on the Bone":6},{"Regal Pillow":23,"Torii":108,"Golden Idol":2,"Dead Branch":103,"Oddly Smooth Stone":60,"Vajra":79,"Eternal Feather":34,"PreservedInsect":2,"Letter Opener":23,"War Paint":103,"Cursed Key":41,"White Beast Statue":11,"Frozen Eye":47,"Nunchaku":70,"Anchor":103,"Lizard Tail":113,"DollysMirror":108,"Bronze Scales":47,"Bird Faced Urn":108,"HolyWater":91,"Red Mask":52,"Membership Card":103,"PureWater":0,"Meat on the Bone":28}],"Meat on the Bone":120},"card_choices":[{"not_picked":["ConjureBlade","Devotion"],"picked":"Wish","floor":0},{"not_picked":["MentalFortress","Wireheading"],"picked":"Perseverance","floor":1},{"not_picked":["Evaluate","Halt"],"picked":"CutThroughFate","floor":5},{"not_picked":["ForeignInfluence","JustLucky"],"picked":"FlurryOfBlows","floor":6},{"not_picked":["JustLucky","Perseverance"],"picked":"FearNoEvil","floor":7},{"not_picked":["EmptyBody","BowlingBash"],"picked":"FlyingSleeves","floor":8},{"not_picked":["ConjureBlade","ThirdEye"],"picked":"Evaluate","floor":13},{"not_picked":["BowlingBash","EmptyMind"],"picked":"Protect","floor":14},{"not_picked":["Devotion","Vault"],"picked":"Ragnarok","floor":16},{"not_picked":["Indignation","FlyingSleeves"],"picked":"EmptyFist","floor":18},{"not_picked":["ConjureBlade","LikeWater"],"picked":"Consecrate","floor":21},{"not_picked":["Consecrate","Evaluate","Study+1"],"picked":"SKIP","floor":23},{"not_picked":["Evaluate+1","Consecrate+1"],"picked":"Meditate","floor":25},{"not_picked":["InnerPeace","Halt"],"picked":"Devotion","floor":27},{"not_picked":["BowlingBash","EmptyBody"],"picked":"Swivel+1","floor":29},{"not_picked":["FearNoEvil+1","Study"],"picked":"DeceiveReality","floor":31},{"not_picked":["EmptyBody+1","BowlingBash","SashWhip+1"],"picked":"SKIP","floor":38},{"not_picked":["Mind Blast","Bandage Up"],"picked":"Secret Technique","floor":39},{"not_picked":["Purity","Secret Weapon"],"picked":"Master of Strategy","floor":39},{"not_picked":["SashWhip","FearNoEvil","ClearTheMind+1"],"picked":"SKIP","floor":40},{"not_picked":["SashWhip+1","BowlingBash+1"],"picked":"TalkToTheHand+1","floor":42},{"not_picked":["EmptyBody","Prostrate","Sanctity+1"],"picked":"SKIP","floor":45},{"not_picked":["Crescendo+1","ForeignInfluence","Swivel+1"],"picked":"SKIP","floor":46},{"not_picked":["FollowUp+1","WreathOfFlame+1","FlurryOfBlows"],"picked":"SKIP","floor":48}],"player_experience":1233376,"relics_obtained":[{"floor":3,"key":"PreservedInsect"},{"floor":6,"key":"White Beast Statue"},{"floor":8,"key":"Regal Pillow"},{"floor":9,"key":"Letter Opener"},{"floor":12,"key":"Meat on the Bone"},{"floor":14,"key":"Eternal Feather"},{"floor":20,"key":"Red Mask"},{"floor":23,"key":"Oddly Smooth Stone"},{"floor":27,"key":"Nunchaku"},{"floor":29,"key":"Vajra"},{"floor":36,"key":"Dead Branch"}],"event_choices":[{"damage_healed":0,"gold_gain":0,"player_choice":"Lose Max HP","damage_taken":0,"relics_obtained":["Golden Idol"],"max_hp_gain":0,"max_hp_loss":5,"event_name":"Golden Idol","floor":2,"gold_loss":0},{"damage_healed":0,"gold_gain":0,"player_choice":"Got Potions","damage_taken":0,"max_hp_gain":0,"max_hp_loss":0,"event_name":"Lab","floor":4,"gold_loss":0},{"damage_healed":0,"gold_gain":0,"player_choice":"Fought Bandits","damage_taken":0,"max_hp_gain":0,"max_hp_loss":0,"event_name":"Masked Bandits","floor":20,"gold_loss":0},{"damage_healed":0,"gold_gain":0,"player_choice":"Simplicity","damage_taken":0,"max_hp_gain":0,"max_hp_loss":0,"event_name":"Back to Basics","floor":22,"gold_loss":0,"cards_upgraded":["Strike_P","Strike_P","Strike_P","Defend_P","Defend_P","Defend_P","Defend_P"]},{"damage_healed":0,"gold_gain":0,"player_choice":"Ignored","damage_taken":0,"max_hp_gain":0,"max_hp_loss":0,"event_name":"Cursed Tome","floor":24,"gold_loss":0},{"damage_healed":0,"gold_gain":0,"player_choice":"Fight","damage_taken":0,"max_hp_gain":0,"max_hp_loss":0,"event_name":"Mysterious Sphere","floor":36,"gold_loss":0},{"damage_healed":0,"gold_gain":0,"player_choice":"Memory 3","damage_taken":10,"max_hp_gain":0,"max_hp_loss":0,"event_name":"SensoryStone","floor":39,"gold_loss":0}],"is_beta":false,"boss_relics":[{"not_picked":["Empty Cage","Runic Pyramid"],"picked":"Cursed Key"},{"not_picked":["Busted Crown","SlaversCollar"],"picked":"HolyWater"}],"items_purged_floors":[11,30,37,44,47],"is_endless":false,"potions_floor_spawned":[1,5,7,8,12,13,14,16,18,20,21,23,25,27,28,29,31,33,35,36,38,40,42,45,46,48],"ascension_level":11}}