{"host":"3tyeyqdkopu0dn2g","time":1611995764,"event":{"mods":["AchievementEnabler","BaseMod","BetterRewards","Minty Spire (QoL Compilation)","Quick Restart","Shop Mod","Slay-I"],"gold_per_floor":[115,130,143,143,162,162,178,178,223,254,143,143,153,164,164,267,267,283,293,312,327,84,84,84],"floor_reached":23,"language":"ZHS","playtime":1776,"items_purged":["Strike_B","Defend_B"],"score":197,"play_id":"9b0d6f97-b0cd-4b95-9486-d84cd710084c","local_time":"20210130163604","is_ascension_mode":false,"campfire_choices":[{"data":"Cold Snap","floor":6.0,"key":"SMITH"},{"data":"Redo","floor":12.0,"key":"SMITH"},{"data":"Dualcast","floor":15.0,"key":"SMITH"}],"circlet_count":0,"master_deck":["Strike_B","Strike_B","Defend_B","Defend_B","Defend_B","Zap+1","Dualcast+1","Redo+1","Undo","Leap","Cold Snap+1","Capacitor","Chill","Hello World","Stack","Seek","Tempest+1","Chill","Loop","Cold Snap"],"relics":["Cracked Core","NeowsBlessing","Bag of Marbles","Matryoshka","Runic Pyramid","Art of War"],"acts_visited":["Exordium","TheCity"],"potions_floor_usage":[16,21],"damage_taken":[{"damage":0.0,"enemies":"Small Slimes","floor":1.0,"turns":1.0},{"damage":0.0,"enemies":"Jaw Worm","floor":2.0,"turns":1.0},{"damage":0.0,"enemies":"Cultist","floor":3.0,"turns":1.0},{"damage":12.0,"enemies":"Exordium Wildlife","floor":5.0,"turns":4.0},{"damage":5.0,"enemies":"Blue Slaver","floor":7.0,"turns":3.0},{"damage":15.0,"enemies":"Lagavulin","floor":10.0,"turns":9.0},{"damage":7.0,"enemies":"2 Fungi Beasts","floor":13.0,"turns":3.0},{"damage":4.0,"enemies":"Red Slaver","floor":14.0,"turns":3.0},{"damage":23,"enemies":"The Guardian","floor":16,"turns":14},{"damage":6,"enemies":"Spheric Guardian","floor":18,"turns":7},{"damage":9,"enemies":"Chosen","floor":19,"turns":6},{"damage":11,"enemies":"Snake Plant","floor":20,"turns":4},{"damage":22,"enemies":"3 Cultists","floor":21,"turns":8},{"damage":27,"enemies":"Shelled Parasite and Fungi","floor":23,"turns":4}],"seed_played":"-1047619190814184269","potions_obtained":[{"floor":3.0,"key":"GamblersBrew"},{"floor":10.0,"key":"SteroidPotion"},{"floor":14.0,"key":"Energy Potion"},{"floor":16,"key":"Weak Potion"},{"floor":19,"key":"BlessingOfTheForge"},{"floor":21,"key":"Swift Potion"}],"is_trial":false,"path_per_floor":["M","M","M","?","M","R","M","?","T","E","$","R","M","M","R","B",null,"M","M","M","M","$","M"],"character_chosen":"DEFECT","items_purchased":["Chill","Art of War"],"campfire_rested":0,"item_purchase_floors":[11,22],"current_hp_per_floor":[75,75,75,68,56,56,51,51,51,36,36,36,29,25,25,2,75,69,60,49,27,27,0,0],"gold":84,"neow_bonus":"THREE_ENEMY_KILL","is_daily":false,"chose_seed":false,"campfire_upgraded":3,"win_rate":0.0,"timestamp":1611995764,"path_taken":["M","M","M","?","M","R","M","?","T","E","$","R","M","M","R","BOSS","M","M","M","M","$","?"],"items_purchased_type":["Card","Relic"],"build_version":"2020-12-22","purchased_purges":2,"victory":false,"max_hp_per_floor":[75,75,75,75,75,75,75,75,75,75,75,75,75,75,75,75,75,75,75,75,75,75,75,75],"card_choices":[{"not_picked":["Force Field","Reinforced Body"],"picked":"Redo","floor":1.0},{"not_picked":["Gash","Go for the Eyes"],"picked":"Undo","floor":2.0},{"not_picked":["BootSequence","Redo"],"picked":"Leap","floor":3.0},{"not_picked":["Leap","Sweeping Beam"],"picked":"Cold Snap","floor":5.0},{"not_picked":["Thunder Strike","Darkness"],"picked":"Capacitor","floor":7.0},{"not_picked":["Genetic Algorithm","Scrape","Rip and Tear"],"picked":"SKIP","floor":10.0},{"not_picked":["Conserve Battery","Sweeping Beam"],"picked":"Hello World","floor":13.0},{"not_picked":["Streamline","Sweeping Beam"],"picked":"Stack","floor":14.0},{"not_picked":["Thunder Strike","Reboot"],"picked":"Seek","floor":16},{"not_picked":["Go for the Eyes","Rip and Tear+1"],"picked":"Tempest+1","floor":18},{"not_picked":["Redo","Compile Driver"],"picked":"Chill","floor":19},{"not_picked":["Darkness","Leap"],"picked":"Loop","floor":20},{"not_picked":["Streamline","Tempest+1"],"picked":"Cold Snap","floor":21}],"player_experience":108353,"relics_obtained":[{"floor":9.0,"key":"Bag of Marbles"},{"floor":10.0,"key":"Matryoshka"}],"event_choices":[{"cards_removed":["Strike_B"],"damage_healed":0.0,"max_hp_gain":0.0,"max_hp_loss":0.0,"gold_gain":0.0,"event_name":"Golden Wing","player_choice":"Card Removal","floor":4.0,"gold_loss":0.0,"damage_taken":7.0},{"damage_healed":0.0,"max_hp_gain":0.0,"max_hp_loss":0.0,"gold_gain":0.0,"event_name":"Upgrade Shrine","player_choice":"Upgraded","floor":8.0,"gold_loss":0.0,"damage_taken":0.0,"cards_upgraded":["Zap"]}],"is_beta":false,"boss_relics":[{"not_picked":["Sozu","FrozenCore"],"picked":"Runic Pyramid"}],"items_purged_floors":[11,22],"is_endless":false,"potions_floor_spawned":[3,10,14,16,19,21],"killed_by":"Shelled Parasite and Fungi","ascension_level":0}}