{"host":"8d5lz1qub9wfpdii","time":1611968681,"event":{"mods":["2.2 Compatiblity","AchievementEnabler","Act Like it!","Arknights The Spire","Aspiration","BaseMod","Beaked The Cultist","Bestiary","Better Altar","Better Match","Better Note","Better Skull","Better Third Choice","BetterRewards","Colored Powertips","Conspire","Downfall","Friendly Minions","GifTheSpireLib","Hallownest","Hermit","Hubris","Infinite Spire","Jorbs\u0027s Wanderer Trilogy","Minty Spire (QoL Compilation)","RNG Fix","Relic Stats","Replay The Spire","Shade Mod","Shop Mod","Spicy Shops","Spire Arcade","StSLib","Stuff the Spire","The Animator","The Blackbeard","The Bug Knight","The Clintock","The Forsaken","The Hayseed","The Hierophant","The Necromancer","The Runesmith","The Servant 0.9.4","Uncapped","Wandering Minibosses"],"gold_per_floor":[117,117,130,130,130,158,170,170,252,282,296,296,331,341,341,439,439,457,457,457,477,487,520,520,545,545,556,571,620,318,346,346,441,441,454,454,448,473,473,473,493,518,518,518,518,518,568,598,598,598],"floor_reached":51,"language":"ENG","playtime":2008,"items_purged":["beaked:Strike_Y"],"score":1020,"play_id":"77cfa9a3-0bc4-473e-b1f4-257d86328044","local_time":"20210130113441","is_ascension_mode":true,"campfire_choices":[{"data":"beaked:CrazyRituals","floor":8,"key":"SMITH"},{"data":"beaked:AwakenedForm","floor":24,"key":"SMITH"},{"data":"beaked:Foresight","floor":32,"key":"SMITH"},{"data":"infinitespire:Collect","floor":40,"key":"SMITH"},{"data":"beaked:Ceremony","floor":44,"key":"SMITH"},{"floor":46,"key":"RECALL"},{"floor":49,"key":"REST"}],"circlet_count":0,"master_deck":["beaked:Strike_Y","beaked:Strike_Y","beaked:Strike_Y","beaked:Strike_Y+1","beaked:Strike_Y+1","beaked:Defend_Y","beaked:Defend_Y","beaked:Defend_Y","beaked:Defend_Y","beaked:Ceremony+1","beaked:Ceremony","beaked:Ceremony","beaked:MachineSpirit+1","beaked:CrazyRituals+1","beaked:Foresight+1","beaked:VigorBurst","beaked:AwakenedForm+1","infinitespire:Collect+1","beaked:Insight+1","beaked:Hexing","beaked:BounceBack+1","beaked:Evade+1"],"relics":["beaked:MendingPlumage","NeowsBlessing","Bronze Scales","conspire:DeflatedDodgeball","infinitespire:WardingShard","hubris:ToyBattleship","PreservedInsect","StuffTheSpire:RunicConfusion","Replay:Baseball","Iron Hammer","infinitespire:BottledMercury","Toy Ornithopter","ClockworkSouvenir","MerchantsRug","Tiny Chest","Busted Crown","hubris:Icosahedron","Replay:Rubber Ducky","Bag of Marbles","Pen Nib","StuffTheSpire:HeavyRock","Fusion Hammer","Whetstone","Calipers","Bottled Tornado"],"acts_visited":["Exordium","TheCity","TheBeyond"],"potions_floor_usage":[11,16,18,21,33,37,47,47,47],"damage_taken":[{"damage":0,"enemies":"Small Slimes","floor":1,"turns":1},{"damage":0,"enemies":"Jaw Worm","floor":3,"turns":1},{"damage":0,"enemies":"Gremlin Nob","floor":6,"turns":1},{"damage":5,"enemies":"conspire:RoseBush","floor":7,"turns":5},{"damage":11,"enemies":"Replay:BlueRogue","floor":10,"turns":5},{"damage":11,"enemies":"Large Slime","floor":11,"turns":4},{"damage":14,"enemies":"HollowMod:MossKnight","floor":13,"turns":5},{"damage":14,"enemies":"Lots of Slimes","floor":14,"turns":4},{"damage":28,"enemies":"Hexaghost","floor":16,"turns":8},{"damage":44,"enemies":"conspire:FuzzyDice","floor":18,"turns":8},{"damage":35,"enemies":"Spheric Guardian","floor":21,"turns":6},{"damage":8,"enemies":"Centurion and Healer","floor":22,"turns":5},{"damage":48,"enemies":"conspire:SneckoGhost","floor":23,"turns":8},{"damage":47,"enemies":"Slavers","floor":25,"turns":5},{"damage":0,"enemies":"conspire:HollyBat","floor":27,"turns":5},{"damage":37,"enemies":"Shelled Parasite and Fungi","floor":28,"turns":6},{"damage":15,"enemies":"HollowMod:Nosk","floor":31,"turns":6},{"damage":3,"enemies":"conspire:MysteriousRune","floor":33,"turns":7},{"damage":21,"enemies":"3 Darklings","floor":35,"turns":5},{"damage":28,"enemies":"3 Shapes","floor":37,"turns":4},{"damage":0,"enemies":"Spire Growth","floor":41,"turns":4},{"damage":0,"enemies":"HollowMod:StalkingDevout","floor":42,"turns":6},{"damage":8,"enemies":"2 Orb Walkers","floor":47,"turns":3},{"damage":6,"enemies":"beaked:SuperParasite","floor":48,"turns":6},{"damage":55,"enemies":"Awakened One","floor":50,"turns":8}],"seed_played":"8885032738154345894","potions_obtained":[{"floor":3,"key":"beaked:MendingBrew"},{"floor":7,"key":"EssenceOfSteel"},{"floor":11,"key":"Regen Potion"},{"floor":13,"key":"Fire Potion"},{"floor":23,"key":"DistilledChaos"},{"floor":25,"key":"Explosive Potion"},{"floor":27,"key":"Languid Potion"},{"floor":35,"key":"Block Potion"},{"floor":42,"key":"AttackPotion"}],"is_trial":false,"path_per_floor":["M","?","M","$","?","E","M","R","T","E","M","?","E","M","R","B",null,"M","?","?","M","M","E","R","E","T","M","M","T","$","E","R","B",null,"M","?","M","T","T","R","M","E","T","R","AVR","R","?","E","R","B",null],"character_chosen":"BEAKED_THE_CULTIST","items_purchased":["ClockworkSouvenir","MerchantsRug"],"campfire_rested":1,"item_purchase_floors":[30,30],"current_hp_per_floor":[50,47,48,48,53,54,53,53,53,55,55,55,60,60,60,57,60,56,56,41,47,60,39,39,33,33,60,60,60,60,60,60,60,60,60,60,60,60,60,60,63,63,63,63,63,63,57,63,63,63],"gold":598,"neow_bonus":"THREE_ENEMY_KILL","is_daily":false,"chose_seed":false,"campfire_upgraded":5,"win_rate":0.0,"timestamp":1611968681,"path_taken":["M","?","?","$","?","E","M","R","T","E","M","?","E","M","R","BOSS","M","?","?","M","M","E","R","E","T","M","M","?","$","E","R","BOSS","M","?","?","?","?","R","M","E","T","R","AVR","R","?","E","R","BOSS"],"items_purchased_type":["Relic","Relic"],"build_version":"2020-12-22","purchased_purges":1,"victory":true,"max_hp_per_floor":[50,50,50,50,55,55,55,55,55,55,55,55,60,60,60,60,60,60,60,60,60,60,60,60,60,60,60,60,60,60,60,60,60,60,60,60,60,60,60,60,63,63,63,63,63,63,63,63,63,63],"relic_stats":{"Busted Crown":16,"counters":[55,311],"Bronze Scales":[376],"Tiny Chest":1,"PreservedInsect":205,"Pen Nib":[5],"Whetstone":["beaked:Strike_Y","beaked:Strike_Y"],"obtain_stats":[{"infinitespire:BottledMercury":26,"Calipers":47,"hubris:SlimyHat":12,"Juzu Bracelet":0,"Whetstone":45,"Bottled Tornado":48,"ClockworkSouvenir":30,"Replay:Rubber Ducky":38,"StuffTheSpire:RunicConfusion":17,"Replay:Bandana":4,"Centennial Puzzle":7,"hubris:Icosahedron":36,"Pantograph":6,"StuffTheSpire:HeavyRock":43,"Tiny Chest":30,"hubris:FunFungus":2,"Iron Hammer":25,"Fusion Hammer":45,"hubris:TinFlute":9,"conspire:Dentures":7,"MerchantsRug":13,"Runesmith:Nanobots":25,"beaked:ThroatLozenge":26,"NeowsBlessing":0,"Blue Candle":4,"Pen Nib":12,"Ring of Chaos":34,"PreservedInsect":13,"Strange Spoon":0,"StuffTheSpire:HistoryBook":30,"Replay:Baseball":23,"Busted Crown":34,"infinitespire:WardingShard":9,"Bronze Scales":2,"Simple Rune":29,"hubris:ToyBattleship":10,"Bag of Marbles":39,"beaked:MendingPlumage":0,"conspire:DeflatedDodgeball":6,"Mirror":23,"FossilizedHelix":9,"Abe\u0027s Treasure":17,"Toy Ornithopter":29},{"infinitespire:BottledMercury":44,"Calipers":53,"hubris:SlimyHat":13,"Juzu Bracelet":25,"Whetstone":52,"Bottled Tornado":54,"ClockworkSouvenir":46,"Replay:Rubber Ducky":50,"StuffTheSpire:RunicConfusion":39,"Replay:Bandana":2,"Centennial Puzzle":11,"hubris:Icosahedron":49,"Pantograph":4,"StuffTheSpire:HeavyRock":52,"Tiny Chest":21,"hubris:FunFungus":1,"Iron Hammer":44,"Fusion Hammer":52,"hubris:TinFlute":11,"conspire:Dentures":29,"MerchantsRug":7,"Runesmith:Nanobots":21,"beaked:ThroatLozenge":21,"NeowsBlessing":8,"Blue Candle":9,"Pen Nib":7,"Ring of Chaos":23,"PreservedInsect":37,"Strange Spoon":25,"StuffTheSpire:HistoryBook":21,"Replay:Baseball":43,"Busted Crown":48,"infinitespire:WardingShard":34,"Bronze Scales":31,"Simple Rune":21,"hubris:ToyBattleship":35,"Bag of Marbles":50,"beaked:MendingPlumage":0,"conspire:DeflatedDodgeball":33,"Mirror":19,"FossilizedHelix":5,"Abe\u0027s Treasure":15,"Toy Ornithopter":46},{"infinitespire:BottledMercury":251,"Calipers":297,"hubris:SlimyHat":55,"Juzu Bracelet":159,"Whetstone":294,"Bottled Tornado":303,"ClockworkSouvenir":262,"Replay:Rubber Ducky":284,"StuffTheSpire:RunicConfusion":219,"Replay:Bandana":9,"Centennial Puzzle":45,"hubris:Icosahedron":280,"Pantograph":21,"StuffTheSpire:HeavyRock":294,"Tiny Chest":129,"hubris:FunFungus":4,"Iron Hammer":251,"Fusion Hammer":294,"hubris:TinFlute":45,"conspire:Dentures":180,"MerchantsRug":38,"Runesmith:Nanobots":129,"beaked:ThroatLozenge":129,"NeowsBlessing":42,"Blue Candle":43,"Pen Nib":38,"Ring of Chaos":151,"PreservedInsect":207,"Strange Spoon":159,"StuffTheSpire:HistoryBook":129,"Replay:Baseball":246,"Busted Crown":275,"infinitespire:WardingShard":193,"Bronze Scales":186,"Simple Rune":129,"hubris:ToyBattleship":198,"Bag of Marbles":284,"beaked:MendingPlumage":0,"conspire:DeflatedDodgeball":188,"Mirror":113,"FossilizedHelix":27,"Abe\u0027s Treasure":74,"Toy Ornithopter":262}],"Toy Ornithopter":5},"card_choices":[{"not_picked":["beaked:Tweet","beaked:Windmill"],"picked":"beaked:MachineSpirit","floor":1},{"not_picked":["beaked:Recite","beaked:SacrificialDive","beaked:Flinch"],"picked":"SKIP","floor":3},{"not_picked":["beaked:FeelMyPain","beaked:TuckingFeathers"],"picked":"beaked:CrazyRituals","floor":6},{"not_picked":["beaked:CursingBlood","beaked:Replenish","beaked:Brace"],"picked":"SKIP","floor":7},{"not_picked":["beaked:Redirect","beaked:WindBringer"],"picked":"beaked:Foresight","floor":10},{"not_picked":["beaked:Resilience","beaked:Flinch","beaked:SurvivalInstinct"],"picked":"SKIP","floor":11},{"not_picked":["beaked:Daydream","beaked:WarriorEssence"],"picked":"beaked:VigorBurst","floor":13},{"not_picked":["beaked:Replenish","beaked:Tradeoff","beaked:BraceForImpact"],"picked":"SKIP","floor":14},{"not_picked":["beaked:LiftOff","beaked:DarkPact"],"picked":"beaked:AwakenedForm","floor":16},{"not_picked":["beaked:RuinSticks+1","beaked:Poke","beaked:MachineSpirit"],"picked":"SKIP","floor":18},{"not_picked":["infinitespire:NeuralNetwork","infinitespire:DeathsTouch"],"picked":"infinitespire:Collect","floor":20},{"not_picked":["beaked:Molting","beaked:Mantra"],"picked":"beaked:Insight+1","floor":21},{"not_picked":["beaked:BraceForImpact","beaked:StickSmack","beaked:Resilience"],"picked":"SKIP","floor":22},{"not_picked":["beaked:Brace","beaked:DigDeeper","beaked:Mantra"],"picked":"SKIP","floor":23},{"not_picked":["beaked:CursingBlood","beaked:SacrificialDive","beaked:SurvivalInstinct+1"],"picked":"SKIP","floor":25},{"not_picked":["beaked:Resilience","beaked:BloodRitual","beaked:CursingBlood+1"],"picked":"SKIP","floor":27},{"not_picked":["beaked:Redirect","beaked:DigDeeper","beaked:LiftOff"],"picked":"SKIP","floor":28},{"not_picked":["beaked:Negation","beaked:CursingBlood","beaked:HuntressSpirit"],"picked":"SKIP","floor":31},{"not_picked":[],"picked":"beaked:Hexing","floor":35},{"not_picked":["ReplayTheSpireMod:Prepare the Ceremony+1"],"picked":"SKIP","floor":37},{"not_picked":["beaked:HuntressSpirit+1"],"picked":"SKIP","floor":41},{"not_picked":["beaked:RuinSticks"],"picked":"SKIP","floor":42},{"not_picked":[],"picked":"beaked:BounceBack+1","floor":47},{"not_picked":[],"picked":"beaked:Evade+1","floor":48}],"player_experience":102014,"relics_obtained":[{"floor":6,"key":"conspire:DeflatedDodgeball"},{"floor":9,"key":"infinitespire:WardingShard"},{"floor":10,"key":"hubris:ToyBattleship"},{"floor":13,"key":"PreservedInsect"},{"floor":23,"key":"Replay:Baseball"},{"floor":25,"key":"Iron Hammer"},{"floor":26,"key":"infinitespire:BottledMercury"},{"floor":29,"key":"Toy Ornithopter"},{"floor":31,"key":"Tiny Chest"},{"floor":38,"key":"Replay:Rubber Ducky"},{"floor":39,"key":"Bag of Marbles"},{"floor":42,"key":"Pen Nib"},{"floor":43,"key":"StuffTheSpire:HeavyRock"},{"floor":47,"key":"Calipers"},{"floor":48,"key":"Bottled Tornado"}],"event_choices":[{"damage_healed":0,"gold_gain":0,"player_choice":"Relic ","damage_taken":3,"max_hp_gain":0,"max_hp_loss":0,"event_name":"betterThird:BetterScrap","floor":2,"gold_loss":0,"cards_obtained":["Replay:Cycle"]},{"damage_healed":0,"gold_gain":0,"player_choice":"Donut","damage_taken":0,"max_hp_gain":5,"max_hp_loss":0,"event_name":"Big Fish","floor":5,"gold_loss":0},{"damage_healed":0,"gold_gain":0,"player_choice":"Leave","damage_taken":0,"max_hp_gain":0,"max_hp_loss":0,"event_name":"conspire:Investor","floor":19,"gold_loss":0},{"damage_healed":0,"gold_gain":0,"player_choice":"Fight","damage_taken":0,"max_hp_gain":0,"max_hp_loss":0,"event_name":"Mysterious Sphere","floor":47,"gold_loss":0}],"is_beta":false,"boss_relics":[{"not_picked":["Replay:Drink Me","conspire:RoyalGoblet"],"picked":"StuffTheSpire:RunicConfusion"},{"not_picked":["conspire:SlowCooker","hubris:HollowSoul"],"picked":"Busted Crown"}],"items_purged_floors":[30],"is_endless":false,"potions_floor_spawned":[3,7,11,13,14,23,25,27,31,35,37,42],"ascension_level":1}}