{"host":"6azrrw3tf7wb0f4b","time":1611993668,"event":{"mods":["BaseMod","DeckTracker","Minty Spire (QoL Compilation)","SuperFastMode"],"gold_per_floor":[119,139,139,154,134,174,174,193,247,247,278,299,299,299,299,394,394,415,415,514,537,551,551,571,571,571,381,381,415,123,163,163,163,163],"floor_reached":33,"language":"KOR","playtime":1359,"items_purged":["Strike_B"],"score":483,"play_id":"be9af8de-8ce4-49c6-842d-366556bee93f","local_time":"20210130170108","is_ascension_mode":true,"campfire_choices":[{"data":"Echo Form","floor":7.0,"key":"SMITH"},{"data":"Chaos","floor":15.0,"key":"SMITH"},{"data":"Capacitor","floor":23.0,"key":"SMITH"},{"floor":25.0,"key":"REST"},{"data":"Strike_B","floor":32.0,"key":"PURGE"}],"circlet_count":0,"master_deck":["AscendersBane","Defend_B","Defend_B","Defend_B","Defend_B","Zap","Dualcast","Echo Form+1","Sweeping Beam","Chaos+1","Go for the Eyes","Biased Cognition","Capacitor+1","Cold Snap","Electrodynamics","CurseOfTheBell","Conserve Battery","Coolheaded","Hologram+1","Defragment","Leap","Creative AI","Self Repair"],"relics":["Cracked Core","Golden Idol","Pear","Anchor","PreservedInsect","Calling Bell","Potion Belt","Darkstone Periapt","Lizard Tail","StrikeDummy","Blood Vial","Membership Card","DataDisk","Peace Pipe"],"acts_visited":["Exordium","TheCity"],"potions_floor_usage":[33,33],"damage_taken":[{"damage":2.0,"enemies":"2 Louse","floor":1.0,"turns":4.0},{"damage":5.0,"enemies":"Small Slimes","floor":2.0,"turns":4.0},{"damage":1.0,"enemies":"Cultist","floor":4.0,"turns":4.0},{"damage":35.0,"enemies":"Lagavulin","floor":6.0,"turns":6.0},{"damage":17.0,"enemies":"2 Fungi Beasts","floor":8.0,"turns":4.0},{"damage":20.0,"enemies":"3 Sentries","floor":11.0,"turns":5.0},{"damage":1.0,"enemies":"Red Slaver","floor":12.0,"turns":3.0},{"damage":29.0,"enemies":"Slime Boss","floor":16.0,"turns":7.0},{"damage":35.0,"enemies":"Shell Parasite","floor":18.0,"turns":8.0},{"damage":23.0,"enemies":"Spheric Guardian","floor":21.0,"turns":5.0},{"damage":11.0,"enemies":"Centurion and Healer","floor":22.0,"turns":5.0},{"damage":29.0,"enemies":"Snake Plant","floor":24.0,"turns":6.0},{"damage":8.0,"enemies":"Gremlin Leader","floor":29.0,"turns":4.0},{"damage":35.0,"enemies":"Book of Stabbing","floor":31.0,"turns":7.0},{"damage":49,"enemies":"Collector","floor":33,"turns":7}],"seed_played":"-89523396789282944","potions_obtained":[{"floor":1.0,"key":"SteroidPotion"},{"floor":4.0,"key":"FocusPotion"},{"floor":5.0,"key":"Fire Potion"},{"floor":8.0,"key":"SteroidPotion"},{"floor":10.0,"key":"Regen Potion"},{"floor":16.0,"key":"Fire Potion"},{"floor":18.0,"key":"Strength Potion"},{"floor":24.0,"key":"ColorlessPotion"},{"floor":31.0,"key":"Weak Potion"}],"is_trial":false,"path_per_floor":["M","M","?","M","?","E","R","M","T","?","E","M","?","?","R","B",null,"M","?","?","M","M","R","M","R","T","$","?","E","$","E","R","B"],"character_chosen":"DEFECT","items_purchased":["Defragment","Leap","Membership Card","DataDisk","Fire Potion","Block Potion","PowerPotion"],"campfire_rested":1,"item_purchase_floors":[27,27,30,30,30,30,30],"current_hp_per_floor":[66,61,61,60,60,35,35,18,18,18,12,11,11,37,37,8,61,26,26,26,3,39,39,10,33,33,33,79,71,71,38,38,0,0],"gold":163,"neow_bonus":"ONE_RANDOM_RARE_CARD","is_daily":false,"chose_seed":false,"campfire_upgraded":3,"win_rate":0.0,"timestamp":1611993668,"path_taken":["M","M","?","M","?","E","R","?","T","?","E","?","?","?","R","BOSS","M","?","?","M","M","R","?","R","T","$","?","E","$","E","R","BOSS"],"items_purchased_type":["Card","Card","Relic","Relic","Potion","Potion","Potion"],"build_version":"2020-12-22","purchased_purges":1,"victory":false,"max_hp_per_floor":[75,75,69,69,69,79,79,79,79,79,79,79,79,79,79,79,79,79,79,79,79,79,79,79,79,79,79,79,79,79,79,79,79,79],"card_choices":[{"not_picked":["Storm","Redo"],"picked":"Sweeping Beam","floor":1.0},{"not_picked":["Sunder","Static Discharge"],"picked":"Chaos","floor":2.0},{"not_picked":["Auto Shields","Rebound"],"picked":"Doom and Gloom","floor":4.0},{"not_picked":["Redo","Conserve Battery"],"picked":"Go for the Eyes","floor":6.0},{"not_picked":["Sweeping Beam","Coolheaded"],"picked":"Biased Cognition","floor":8.0},{"not_picked":["Aggregate","Sweeping Beam"],"picked":"Capacitor","floor":11.0},{"not_picked":["Conserve Battery","Sweeping Beam"],"picked":"Cold Snap","floor":12.0},{"not_picked":["Amplify","All For One"],"picked":"Electrodynamics","floor":16.0},{"not_picked":["Gash","Cold Snap"],"picked":"Conserve Battery","floor":18.0},{"not_picked":["Sweeping Beam","Electrodynamics","Cold Snap"],"picked":"SKIP","floor":21.0},{"not_picked":["Streamline","Beam Cell+1"],"picked":"Coolheaded","floor":22.0},{"not_picked":["Leap","Beam Cell"],"picked":"Hologram+1","floor":24.0},{"not_picked":["Rebound","Redo"],"picked":"Creative AI","floor":29.0},{"not_picked":["Darkness","Skim"],"picked":"Self Repair","floor":31.0}],"player_experience":739498,"relics_obtained":[{"floor":6.0,"key":"Pear"},{"floor":9.0,"key":"Anchor"},{"floor":11.0,"key":"PreservedInsect"},{"floor":17.0,"key":"Potion Belt"},{"floor":17.0,"key":"Darkstone Periapt"},{"floor":17.0,"key":"Lizard Tail"},{"floor":26.0,"key":"StrikeDummy"},{"floor":29.0,"key":"Blood Vial"},{"floor":31.0,"key":"Peace Pipe"}],"event_choices":[{"damage_healed":0.0,"max_hp_gain":0.0,"max_hp_loss":6.0,"gold_gain":0.0,"event_name":"Golden Idol","player_choice":"Lose Max HP","floor":3.0,"gold_loss":0.0,"damage_taken":0.0,"relics_obtained":["Golden Idol"]},{"damage_healed":0.0,"max_hp_gain":0.0,"max_hp_loss":0.0,"gold_gain":0.0,"event_name":"The Woman in Blue","player_choice":"Bought 1 Potion","floor":5.0,"gold_loss":0.0,"damage_taken":0.0},{"damage_healed":0.0,"max_hp_gain":0.0,"max_hp_loss":0.0,"gold_gain":0.0,"event_name":"Lab","player_choice":"Got Potions","floor":10.0,"gold_loss":0.0,"damage_taken":0.0},{"cards_removed":["Strike_B"],"damage_healed":0.0,"max_hp_gain":0.0,"max_hp_loss":0.0,"gold_gain":0.0,"event_name":"Living Wall","player_choice":"Forget","floor":13.0,"gold_loss":0.0,"damage_taken":0.0},{"damage_healed":26.0,"max_hp_gain":0.0,"max_hp_loss":0.0,"gold_gain":0.0,"event_name":"Big Fish","player_choice":"Banana","floor":14.0,"gold_loss":0.0,"damage_taken":0.0},{"cards_removed":["Strike_B"],"damage_healed":0.0,"max_hp_gain":0.0,"max_hp_loss":0.0,"gold_gain":0.0,"event_name":"Back to Basics","player_choice":"Elegance","floor":19.0,"gold_loss":0.0,"damage_taken":0.0},{"damage_healed":0.0,"max_hp_gain":0.0,"max_hp_loss":0.0,"gold_gain":99.0,"event_name":"Nest","player_choice":"Stole From Cult","floor":20.0,"gold_loss":0.0,"damage_taken":0.0},{"cards_removed":["Doom and Gloom"],"damage_healed":46.0,"max_hp_gain":0.0,"max_hp_loss":0.0,"gold_gain":0.0,"event_name":"Bonfire Elementals","player_choice":"Offered Uncommon","floor":28.0,"gold_loss":0.0,"damage_taken":0.0}],"is_beta":false,"boss_relics":[{"not_picked":["Empty Cage","Snecko Eye"],"picked":"Calling Bell"}],"items_purged_floors":[27],"is_endless":false,"potions_floor_spawned":[1,4,8,16,18,24,31],"killed_by":"Collector","ascension_level":13}}