{"host":"rk1e5mmpnpniq13w","time":1611979309,"event":{"mods":["BaseMod","Colored Powertips","Hubris","Minty Spire (QoL Compilation)","Replay The Spire","StSLib","The Bug Knight"],"gold_per_floor":[114,114,39,52,69,104,104,104,104,132,201,212,239,239,251,251,251,355,355,372,38,38,55,28,28,28,28,51,51,61,61,61],"floor_reached":31,"language":"ENG","playtime":1647,"items_purged":[],"score":276,"play_id":"014505ea-31b2-4c29-8d38-b82423eb44ac","local_time":"20210129230149","is_ascension_mode":false,"campfire_choices":[{"data":"HollowMod:LifebloodCore","floor":7,"key":"SMITH"},{"floor":14,"key":"REST"},{"data":"HollowMod:SoulStrike","floor":17,"key":"SMITH"},{"data":"HollowMod:GoodIntentions","floor":25,"key":"SMITH"},{"data":"HollowMod:ChannelNail","floor":27,"key":"SMITH"}],"circlet_count":0,"master_deck":["HollowMod:QuickDashStart","HollowMod:QuickDashStart","HollowMod:QuickDashStart","HollowMod:QuickDashStart+1","HollowMod:FocusHealStart","HollowMod:PogoStrike","HollowMod:LifebloodCore+1","HollowMod:GreatSlash+1","HollowMod:SiblingsSouls","HollowMod:InfectedCysts","HollowMod:ChannelNail+1","HollowMod:BrokenVessel","HollowMod:SoulStrike+1","HollowMod:AwokenDreamNail","HollowMod:GoodIntentions+1","HollowMod:CycloneSlash","HollowMod:CycloneSlash","J.A.X.","HollowMod:SoulSplash+1","Bite","Bite","Bite","Bite","Bite","Sickly","HollowMod:MothsMistake"],"relics":["HollowMod:VesselMask","Blue Doll","Art of War","Shuriken","Smiling Mask","Cursed Key","hubris:Spice","Centennial Puzzle"],"acts_visited":["Exordium","TheCity"],"potions_floor_usage":[18,18],"damage_taken":[{"damage":0,"enemies":"2 Louse","floor":1,"turns":3},{"damage":0,"enemies":"Cultist","floor":4,"turns":3},{"damage":0,"enemies":"Small Slimes","floor":5,"turns":3},{"damage":44,"enemies":"Lagavulin","floor":6,"turns":10},{"damage":9,"enemies":"3 Sentries","floor":10,"turns":6},{"damage":4,"enemies":"3 Louse","floor":12,"turns":2},{"damage":29,"enemies":"Lagavulin","floor":13,"turns":8},{"damage":11,"enemies":"2 Fungi Beasts","floor":15,"turns":4},{"damage":35,"enemies":"Slime Boss","floor":18,"turns":15},{"damage":38,"enemies":"Shell Parasite","floor":20,"turns":7},{"damage":0,"enemies":"Spheric Guardian","floor":23,"turns":4},{"damage":3,"enemies":"Snecko","floor":30,"turns":2},{"damage":76,"enemies":"Book of Stabbing","floor":31,"turns":6}],"seed_played":"-2785099076619578010","potions_obtained":[{"floor":1,"key":"PowerPotion"},{"floor":5,"key":"Milkshake"},{"floor":10,"key":"Block Potion"},{"floor":18,"key":"Languid Potion"},{"floor":23,"key":"Cursed Concoction"},{"floor":30,"key":"Reflective Coating"}],"is_trial":false,"path_per_floor":["M","?","$","M","M","E","R","PTL","PTL","E","T","M","E","R","M","?","R","B",null,"M","$","?","M","$","R","?","R","T","?","M","E"],"character_chosen":"THE_BUGKNIGHT","items_purchased":["HollowMod:GreatSlash","HollowMod:CycloneSlash","hubris:Spice","HollowMod:SoulSplash+1"],"campfire_rested":1,"item_purchase_floors":[3,21,21,24],"current_hp_per_floor":[75,75,75,75,75,41,41,41,41,32,32,28,9,31,26,26,26,3,75,45,53,53,53,53,53,53,53,53,53,58,0,0],"gold":61,"neow_bonus":"ONE_RANDOM_RARE_CARD","is_daily":false,"chose_seed":false,"campfire_upgraded":4,"win_rate":0.0,"timestamp":1611979309,"path_taken":["M","?","$","M","M","E","R","PTL","PTL","E","T","M","E","R","M","?","R","BOSS","M","?","?","M","$","R","?","R","T","?","M","E"],"items_purchased_type":["Card","Card","Relic","Card"],"build_version":"2020-12-22","purchased_purges":0,"victory":false,"max_hp_per_floor":[75,75,75,75,75,75,75,75,75,75,75,75,75,75,75,75,75,75,75,75,83,83,83,83,83,58,58,58,58,58,58,58],"card_choices":[{"not_picked":["HollowMod:CrystalDash","HollowMod:InfectedCysts","HollowMod:VengefulVoid"],"picked":"SKIP","floor":1},{"not_picked":["HollowMod:FallenFury","HollowMod:ShapeofUnn"],"picked":"HollowMod:SiblingsSouls","floor":4},{"not_picked":["HollowMod:GreatSlash","HollowMod:DreamGate"],"picked":"HollowMod:InfectedCysts","floor":5},{"not_picked":["HollowMod:WraithStrike","HollowMod:SoulSplash"],"picked":"HollowMod:ChannelNail","floor":6},{"not_picked":["HollowMod:SoulShaman","HollowMod:BaldurShell"],"picked":"HollowMod:BrokenVessel","floor":10},{"not_picked":["HollowMod:DashSlash","HollowMod:MawleksShell"],"picked":"HollowMod:SoulStrike","floor":12},{"not_picked":["HollowMod:ChannelNail","HollowMod:GrimmsGift","HollowMod:BrokenVessel"],"picked":"SKIP","floor":13},{"not_picked":["HollowMod:VengefulVoid","HollowMod:SharpenedNail","HollowMod:NewLittleFool"],"picked":"SKIP","floor":15},{"not_picked":["HollowMod:HornetsHelp","HollowMod:Hiveblood"],"picked":"HollowMod:AwokenDreamNail","floor":18},{"not_picked":["HollowMod:BlackTendrils","HollowMod:Grubsong"],"picked":"HollowMod:GoodIntentions","floor":20},{"not_picked":["HollowMod:WraithStrike","HollowMod:DreamGate","HollowMod:CrystalDash"],"picked":"SKIP","floor":23},{"not_picked":["HollowMod:AbyssShriek","HollowMod:ChannelNail"],"picked":"HollowMod:MothsMistake","floor":30}],"player_experience":395598,"relics_obtained":[{"floor":6,"key":"Blue Doll"},{"floor":10,"key":"Art of War"},{"floor":11,"key":"Shuriken"},{"floor":13,"key":"Smiling Mask"},{"floor":28,"key":"Centennial Puzzle"}],"event_choices":[{"cards_removed":["HollowMod:NailStrikeStart"],"damage_healed":0,"gold_gain":0,"player_choice":"Purged","damage_taken":0,"max_hp_gain":0,"max_hp_loss":0,"event_name":"Purifier","floor":16,"gold_loss":0},{"damage_healed":0,"gold_gain":0,"player_choice":"Obtain J.A.X.","damage_taken":0,"max_hp_gain":0,"max_hp_loss":0,"event_name":"Drug Dealer","floor":22,"gold_loss":0,"cards_obtained":["J.A.X."]},{"damage_healed":0,"gold_gain":0,"player_choice":"Became a vampire","damage_taken":0,"max_hp_gain":0,"max_hp_loss":25,"event_name":"Vampires","floor":26,"gold_loss":0,"cards_obtained":["Bite","Bite","Bite","Bite","Bite"]},{"damage_healed":0,"gold_gain":0,"player_choice":"Upgraded","damage_taken":0,"max_hp_gain":0,"max_hp_loss":0,"event_name":"Upgrade Shrine","floor":29,"gold_loss":0,"cards_upgraded":["HollowMod:GreatSlash"]}],"is_beta":false,"boss_relics":[{"not_picked":["SacredBark","Runic Dome"],"picked":"Cursed Key"}],"items_purged_floors":[],"is_endless":false,"potions_floor_spawned":[1,5,10,18,23,30],"killed_by":"Book of Stabbing","ascension_level":0}}