{"host":"snjtcuf7krqplf70","time":1611989478,"event":{"mods":["AchievementEnabler","BaseMod","Colored Map","Colored Powertips","Minty Spire (QoL Compilation)","StSLib"],"gold_per_floor":[116,127,302,302,302,346,346,346,346],"floor_reached":8,"language":"ENG","playtime":396,"items_purged":[],"score":57,"play_id":"0f9d05ab-7630-4fd4-9766-2fcc7bc3543f","local_time":"20210129225118","is_ascension_mode":true,"campfire_choices":[{"data":"Buffer","floor":7,"key":"SMITH"}],"circlet_count":0,"master_deck":["Strike_B","Strike_B","Strike_B","Strike_B","Defend_B","Defend_B","Defend_B","Defend_B","Zap","Dualcast","Genetic Algorithm","FTL","Coolheaded","Buffer+1"],"relics":["Cracked Core","Golden Idol","Question Card"],"acts_visited":["Exordium"],"potions_floor_usage":[2,8],"damage_taken":[{"damage":0,"enemies":"2 Louse","floor":1,"turns":3},{"damage":5,"enemies":"Small Slimes","floor":2,"turns":3},{"damage":28,"enemies":"Gremlin Nob","floor":6,"turns":4},{"damage":46,"enemies":"3 Sentries","floor":8,"turns":12}],"seed_played":"-3093931589335033166","potions_obtained":[{"floor":1,"key":"SkillPotion"},{"floor":2,"key":"Fruit Juice"}],"is_trial":false,"path_per_floor":["M","M","?","?","?","E","R","E"],"character_chosen":"DEFECT","items_purchased":[],"campfire_rested":0,"item_purchase_floors":[],"current_hp_per_floor":[75,75,75,75,74,46,46,0,0],"gold":346,"neow_bonus":"THREE_CARDS","is_daily":false,"chose_seed":false,"campfire_upgraded":1,"win_rate":0.0,"timestamp":1611989478,"path_taken":["M","M","?","?","?","E","R","E"],"items_purchased_type":[],"build_version":"2020-12-22","purchased_purges":0,"victory":false,"max_hp_per_floor":[75,80,80,80,74,74,74,74,74],"card_choices":[{"not_picked":["Leap","Static Discharge"],"picked":"Genetic Algorithm","floor":0},{"not_picked":["Barrage","Hologram"],"picked":"FTL","floor":1},{"not_picked":["Cold Snap","Barrage"],"picked":"Coolheaded","floor":2},{"not_picked":["Heatsinks","Hello World"],"picked":"Buffer","floor":6}],"player_experience":173978,"relics_obtained":[{"floor":6,"key":"Question Card"}],"event_choices":[{"damage_healed":0,"gold_gain":175,"player_choice":"AGREE","damage_taken":0,"max_hp_gain":0,"max_hp_loss":0,"event_name":"Liars Game","floor":3,"gold_loss":0,"cards_obtained":["Doubt"]},{"cards_removed":["Doubt"],"damage_healed":0,"gold_gain":0,"player_choice":"Forget","damage_taken":0,"max_hp_gain":0,"max_hp_loss":0,"event_name":"Living Wall","floor":4,"gold_loss":0},{"damage_healed":0,"gold_gain":0,"player_choice":"Lose Max HP","damage_taken":0,"relics_obtained":["Golden Idol"],"max_hp_gain":0,"max_hp_loss":6,"event_name":"Golden Idol","floor":5,"gold_loss":0}],"is_beta":false,"boss_relics":[],"items_purged_floors":[],"is_endless":false,"potions_floor_spawned":[1,2],"killed_by":"3 Sentries","ascension_level":1}}