{"host":"rkezzvf6da7mjjsm","time":1611985215,"event":{"mods":["BaseMod","Colored Map","Minty Spire (QoL Compilation)","Relic Stats","StSLib"],"gold_per_floor":[119,138,138,154,173,173,199,199,199,124,49,76,76,106,106,183,183,199,211,111,36,51,81,81,107,131,150,150,176,176,193,193,267,267,282,282,27,41,41,67,67,79,133,149,0,20,20,20,20,20,20],"floor_reached":50,"language":"ENG","playtime":3196,"items_purged":["Strike_G","Defend_G"],"score":1146,"play_id":"426a9d64-d083-43cc-b09c-e61a9c5a4d1f","local_time":"20210130164015","is_ascension_mode":true,"campfire_choices":[{"floor":6.0,"key":"REST"},{"floor":8.0,"key":"REST"},{"floor":15.0,"key":"RECALL"},{"floor":24.0,"key":"REST"},{"floor":28,"key":"REST"},{"floor":30,"key":"REST"},{"floor":32,"key":"REST"},{"floor":41,"key":"REST"},{"floor":47,"key":"REST"},{"floor":49,"key":"REST"}],"circlet_count":0,"master_deck":["AscendersBane","Defend_G","Defend_G","Defend_G","Survivor","Neutralize","All Out Attack","Dash","Footwork","Dodge and Roll","Quick Slash","Acrobatics","Well Laid Plans","Adrenaline","Noxious Fumes+1","Flechettes+1","Slice+1","Leg Sweep","Dodge and Roll","Quick Slash+1","Dagger Spray+1","Heel Hook+1","Backstab+1","Night Terror","Blur","Footwork","Malaise","Predator+1","Choke+1"],"relics":["Fusion Hammer","Strawberry","Ninja Scroll","StoneCalendar","Toy Ornithopter","Centennial Puzzle","Astrolabe","Molten Egg 2","Nunchaku","Oddly Smooth Stone","Incense Burner","Snecko Eye","Sling","Mercury Hourglass","Red Mask"],"acts_visited":["Exordium","TheCity","TheBeyond"],"potions_floor_usage":[33,33,40,42,44,46],"damage_taken":[{"damage":0.0,"enemies":"Small Slimes","floor":1.0,"turns":4.0},{"damage":1.0,"enemies":"Cultist","floor":2.0,"turns":4.0},{"damage":2.0,"enemies":"Jaw Worm","floor":4.0,"turns":4.0},{"damage":19.0,"enemies":"Large Slime","floor":5.0,"turns":7.0},{"damage":10.0,"enemies":"Gremlin Nob","floor":7.0,"turns":6.0},{"damage":4.0,"enemies":"3 Sentries","floor":12.0,"turns":8.0},{"damage":0.0,"enemies":"Gremlin Nob","floor":14.0,"turns":3.0},{"damage":8.0,"enemies":"The Guardian","floor":16.0,"turns":15.0},{"damage":9.0,"enemies":"2 Thieves","floor":18.0,"turns":4.0},{"damage":20.0,"enemies":"Spheric Guardian","floor":19.0,"turns":6.0},{"damage":6.0,"enemies":"Centurion and Healer","floor":22.0,"turns":4.0},{"damage":15.0,"enemies":"Gremlin Leader","floor":23.0,"turns":8.0},{"damage":13.0,"enemies":"Book of Stabbing","floor":25.0,"turns":7.0},{"damage":3,"enemies":"Snake Plant","floor":27,"turns":5},{"damage":23,"enemies":"Slavers","floor":29,"turns":7},{"damage":28,"enemies":"Snecko","floor":31,"turns":7},{"damage":45,"enemies":"Champ","floor":33,"turns":12},{"damage":8,"enemies":"3 Shapes","floor":35,"turns":6},{"damage":12,"enemies":"3 Darklings","floor":38,"turns":7},{"damage":22,"enemies":"Nemesis","floor":40,"turns":7},{"damage":12,"enemies":"Jaw Worm Horde","floor":42,"turns":6},{"damage":25,"enemies":"Spire Growth","floor":44,"turns":7},{"damage":1,"enemies":"Maw","floor":46,"turns":7},{"damage":71,"enemies":"Awakened One","floor":50,"turns":12}],"seed_played":"8496983104159209680","potions_obtained":[{"floor":1.0,"key":"SpeedPotion"},{"floor":5.0,"key":"GhostInAJar"},{"floor":7.0,"key":"GamblersBrew"},{"floor":12.0,"key":"FearPotion"},{"floor":14.0,"key":"FearPotion"},{"floor":22.0,"key":"Poison Potion"},{"floor":23.0,"key":"BlessingOfTheForge"},{"floor":29,"key":"AttackPotion"},{"floor":31,"key":"PowerPotion"},{"floor":33,"key":"ColorlessPotion"},{"floor":36,"key":"GamblersBrew"},{"floor":38,"key":"AttackPotion"},{"floor":42,"key":"Poison Potion"},{"floor":44,"key":"Strength Potion"},{"floor":46,"key":"Ancient Potion"}],"is_trial":false,"path_per_floor":["M","M","?","M","M","R","E","R","T","?","$","E","?","E","R","B",null,"M","M","$","?","M","E","R","E","T","M","R","E","R","M","R","B",null,"M","?","$","M","$","E","R","M","T","M","?","M","R","$","R","B"],"character_chosen":"THE_SILENT","items_purchased":["Sling","Footwork"],"campfire_rested":9,"item_purchase_floors":[37,37],"current_hp_per_floor":[59,58,49,47,28,47,44,65,65,65,65,61,61,66,66,58,69,60,40,40,40,39,34,55,47,47,44,65,42,63,35,56,21,60,52,52,52,40,40,23,44,37,37,17,17,21,42,42,63,0,0],"gold":20,"neow_bonus":"BOSS_RELIC","is_daily":false,"chose_seed":false,"campfire_upgraded":0,"win_rate":0.0,"timestamp":1611985215,"path_taken":["M","M","?","M","?","R","E","R","T","?","?","E","?","E","R","BOSS","M","M","$","?","M","E","R","E","T","M","R","E","R","M","R","BOSS","M","?","$","?","?","E","R","M","T","M","?","M","R","?","R","BOSS"],"items_purchased_type":["Relic","Card"],"build_version":"2020-12-22","purchased_purges":2,"victory":false,"max_hp_per_floor":[66,66,66,66,66,66,73,73,73,73,73,73,73,73,73,73,73,73,73,73,73,73,73,73,73,73,73,73,73,73,73,73,73,73,73,73,73,73,73,73,73,73,73,73,73,73,73,73,73,73,73],"relic_stats":{"Centennial Puzzle":[51],"Nunchaku":[20],"counters":[24,163],"Astrolabe":["Noxious Fumes","Flechettes","Slice"],"Snecko Eye":[101,122,102,102],"StoneCalendar":[330],"obtain_stats":[{"Astrolabe":17,"Oddly Smooth Stone":26,"StoneCalendar":12,"Incense Burner":29,"Sling":37,"Mercury Hourglass":40,"Centennial Puzzle":14,"Nunchaku":25,"Ninja Scroll":9,"Strawberry":7,"Snecko Eye":34,"Molten Egg 2":23,"Fusion Hammer":0,"Red Mask":45,"Toy Ornithopter":13,"Ring of the Snake":0},{"Astrolabe":8,"Oddly Smooth Stone":13,"StoneCalendar":6,"Incense Burner":15,"Sling":18,"Mercury Hourglass":20,"Centennial Puzzle":7,"Nunchaku":13,"Ninja Scroll":5,"Strawberry":5,"Snecko Eye":17,"Molten Egg 2":12,"Fusion Hammer":0,"Red Mask":22,"Toy Ornithopter":6,"Ring of the Snake":0},{"Astrolabe":51,"Oddly Smooth Stone":80,"StoneCalendar":33,"Incense Burner":92,"Sling":117,"Mercury Hourglass":131,"Centennial Puzzle":36,"Nunchaku":80,"Ninja Scroll":25,"Strawberry":25,"Snecko Eye":111,"Molten Egg 2":73,"Fusion Hammer":0,"Red Mask":144,"Toy Ornithopter":33,"Ring of the Snake":0}],"Toy Ornithopter":55,"Mercury Hourglass":[103]},"card_choices":[{"not_picked":["Bane","Acrobatics"],"picked":"All Out Attack","floor":1.0},{"not_picked":["Outmaneuver","Acrobatics"],"picked":"Dash","floor":2.0},{"not_picked":["Outmaneuver","Bouncing Flask"],"picked":"Footwork","floor":4.0},{"not_picked":["Deadly Poison","Accuracy"],"picked":"Dodge and Roll","floor":5.0},{"not_picked":["Bane","Reflex"],"picked":"Quick Slash","floor":7.0},{"not_picked":["Flying Knee","Deflect"],"picked":"Acrobatics","floor":12.0},{"not_picked":["Endless Agony","Cloak And Dagger"],"picked":"Well Laid Plans","floor":14.0},{"not_picked":["Malaise","After Image"],"picked":"Adrenaline","floor":16.0},{"not_picked":["Flying Knee","Escape Plan"],"picked":"Leg Sweep","floor":18.0},{"not_picked":["Sucker Punch","Skewer","Backflip"],"picked":"SKIP","floor":19.0},{"not_picked":["PiercingWail","Dagger Spray"],"picked":"Dodge and Roll","floor":22.0},{"not_picked":["Caltrops","Cloak And Dagger"],"picked":"Quick Slash+1","floor":23.0},{"not_picked":["Tactician","Deflect","Slice+1"],"picked":"SKIP","floor":25},{"not_picked":["Tactician","Deflect","Slice+1"],"picked":"SKIP","floor":25},{"not_picked":["Crippling Poison","Deflect"],"picked":"Dagger Spray+1","floor":27},{"not_picked":["Concentrate","Sucker Punch+1"],"picked":"Heel Hook+1","floor":29},{"not_picked":["Die Die Die+1","Expertise"],"picked":"Backstab+1","floor":31},{"not_picked":["Die Die Die+1","Grand Finale+1"],"picked":"Night Terror","floor":33},{"not_picked":["Deadly Poison","Dagger Spray+1"],"picked":"Blur","floor":35},{"not_picked":["Dodge and Roll","Outmaneuver+1","Prepared"],"picked":"SKIP","floor":38},{"not_picked":["Distraction","Venomology"],"picked":"Malaise","floor":40},{"not_picked":["Dash+1","Bane+1","Dagger Spray+1"],"picked":"SKIP","floor":42},{"not_picked":["Flechettes+1","Dagger Throw+1"],"picked":"Predator+1","floor":44},{"not_picked":["PiercingWail","Accuracy"],"picked":"Choke+1","floor":46}],"player_experience":647849,"relics_obtained":[{"floor":7.0,"key":"Strawberry"},{"floor":9.0,"key":"Ninja Scroll"},{"floor":12.0,"key":"StoneCalendar"},{"floor":14.0,"key":"Centennial Puzzle"},{"floor":23.0,"key":"Molten Egg 2"},{"floor":25,"key":"Nunchaku"},{"floor":26,"key":"Oddly Smooth Stone"},{"floor":29,"key":"Incense Burner"},{"floor":40,"key":"Mercury Hourglass"}],"event_choices":[{"damage_healed":0.0,"max_hp_gain":0.0,"max_hp_loss":0.0,"gold_gain":0.0,"event_name":"Wheel of Change","player_choice":"Damaged","floor":3.0,"gold_loss":0.0,"damage_taken":9.0},{"cards_removed":["Strike_G"],"damage_healed":0.0,"max_hp_gain":0.0,"max_hp_loss":0.0,"gold_gain":0.0,"event_name":"The Cleric","player_choice":"Card Removal","floor":10.0,"gold_loss":75.0,"damage_taken":0.0},{"damage_healed":0.0,"max_hp_gain":0.0,"max_hp_loss":0.0,"gold_gain":0.0,"event_name":"Dead Adventurer","player_choice":"Searched \u00271\u0027 times","floor":13.0,"gold_loss":0.0,"damage_taken":0.0,"relics_obtained":["Toy Ornithopter"]},{"cards_removed":["Defend_G"],"damage_healed":0.0,"max_hp_gain":0.0,"max_hp_loss":0.0,"gold_gain":0.0,"event_name":"Beggar","player_choice":"Gave Gold","floor":21.0,"gold_loss":75.0,"damage_taken":0.0},{"damage_healed":0,"gold_gain":0,"player_choice":"Got Potions","damage_taken":0,"max_hp_gain":0,"max_hp_loss":0,"event_name":"Lab","floor":36,"gold_loss":0},{"damage_healed":0,"gold_gain":0,"player_choice":"Paid","damage_taken":0,"relics_obtained":["Red Mask"],"max_hp_gain":0,"max_hp_loss":0,"event_name":"Tomb of Lord Red Mask","floor":45,"gold_loss":149}],"is_beta":false,"boss_relics":[{"not_picked":["Ectoplasm","Sozu"],"picked":"Astrolabe"},{"not_picked":["HoveringKite","Tiny House"],"picked":"Snecko Eye"}],"items_purged_floors":[11,20],"is_endless":false,"potions_floor_spawned":[1,5,7,12,14,22,23,29,31,33,38,42,44,46],"killed_by":"Awakened One","ascension_level":20}}