{"host":"rs1c3lkx7vj3kohb","time":1611980344,"event":{"mods":["Act Like it!","BaseMod","BetterRewards","Chen","Colored Map","Colored Powertips","Downfall","Friendly Minions","Gensokyo","Gremlin Mod","Hermit","Hero for Fun","KinomotoSakuraMod(木之本樱)","Koishi","KomeijiMod","Luminous","Marisa（F雨　魔理沙）","Minty Spire (QoL Compilation)","Onozuka Komachi Mod","Prisma Mod","Quick Restart","Reimu（博丽灵梦）","Remilia（蕾米莉亚）","SOS（斯巴达之子）","Shop Mod","StSLib","The Administrix","The Alterego","The Cursed","The Senshi","The Servant 0.9.4","Waifu the Spire","WarShipGirlsR/战舰少女R mod","Yakumo Yukari mod","Yohane!","Youmu（魂魄妖梦）","Yuri Mod","Yuyuko"],"gold_per_floor":[112,12,32,51,69,101,101,116,169,169,195,195,221,235,235,335,335,348,358,358,358,368,368,368,387,411,71,71,71,71,84,84,165,165,184,198,198,198,210,2,2,19,44,44,78,91,121,132,132,132],"floor_reached":51,"language":"ZHS","playtime":4267,"items_purged":["Koishi:BasicDefend","Koishi:BasicStrike","downfall:Bewildered"],"score":779,"play_id":"bf038b9d-0721-48ab-b1c2-ffe94c56f766","local_time":"20210130121904","is_ascension_mode":false,"campfire_choices":[{"data":"Apotheosis","floor":7.0,"key":"SMITH"},{"floor":10.0,"key":"REST"},{"data":"Koishi:SuperEgo","floor":12.0,"key":"SMITH"},{"data":"1","floor":15.0,"key":"LIFT"},{"data":"2","floor":23,"key":"LIFT"},{"data":"3","floor":30,"key":"LIFT"},{"data":"Koishi:HeartStoppingHorror","floor":32,"key":"SMITH"},{"data":"Koishi:TerrifyingSpectre","floor":41,"key":"SMITH"},{"data":"Blind","floor":44,"key":"SMITH"},{"data":"Master of Strategy","floor":49,"key":"SMITH"}],"circlet_count":0,"master_deck":["Koishi:BasicDefend","Koishi:BasicDefend","Koishi:BasicDefend","Koishi:Provoke","Koishi:HauntingSlash","Apotheosis+1","Koishi:VengefulSpirit","Koishi:ReleaseOfTheId","Koishi:RacingHeart","Koishi:SpiritedAway","Koishi:SuperEgo+1","Koishi:HeartStoppingHorror+1","Koishi:EmbersOfLove","Koishi:Ego","Koishi:SubconsciousSweep+1","Koishi:DreadfulBlow","Bite","Bite","Bite","Bite","Bite","Master of Strategy+1","Koishi:TerrifyingSpectre+1","Koishi:JumpScare+1","Blind+1","Koishi:Catatonia+1"],"relics":["Koishi:ImaginaryFriend","Mummified Hand","CaptainsWheel","HoshigumaDish","CrazyTorch:ReiMu","Koishi:AHoleWhereASisterShouldBe","PreservedInsect","Girya","Philosopher\u0027s Stone","Nilry\u0027s Codex","sneckomod:BabySnecko","Omamori","Lantern","Cursed Key","Pen Nib","TungstenRod","White Beast Statue"],"acts_visited":["Exordium","TheCity","TheBeyond"],"potions_floor_usage":[25,25,50,50],"damage_taken":[{"damage":0.0,"enemies":"Cultist","floor":1.0,"turns":5.0},{"damage":7.0,"enemies":"Jaw Worm","floor":3.0,"turns":2.0},{"damage":2.0,"enemies":"Small Slimes","floor":4.0,"turns":3.0},{"damage":11.0,"enemies":"Exordium Wildlife","floor":5.0,"turns":5.0},{"damage":8.0,"enemies":"Gremlin Nob","floor":6.0,"turns":4.0},{"damage":7.0,"enemies":"3 Louse","floor":8.0,"turns":5.0},{"damage":2.0,"enemies":"3 Sentries","floor":11.0,"turns":5.0},{"damage":0.0,"enemies":"Lagavulin","floor":13.0,"turns":5.0},{"damage":9.0,"enemies":"Large Slime","floor":14.0,"turns":5.0},{"damage":9.0,"enemies":"Slime Boss","floor":16.0,"turns":6.0},{"damage":11,"enemies":"Spheric Guardian","floor":18,"turns":5},{"damage":12,"enemies":"2 Thieves","floor":19,"turns":3},{"damage":2,"enemies":"Cultist and Chosen","floor":22,"turns":3},{"damage":10,"enemies":"Shelled Parasite and Fungi","floor":25,"turns":2},{"damage":15,"enemies":"Centurion and Healer","floor":31,"turns":3},{"damage":16,"enemies":"Champ","floor":33,"turns":9},{"damage":0,"enemies":"3 Darklings","floor":35,"turns":2},{"damage":22,"enemies":"3 Shapes","floor":36,"turns":4},{"damage":0,"enemies":"Transient","floor":39,"turns":5},{"damage":20,"enemies":"Maw","floor":42,"turns":6},{"damage":0,"enemies":"Nemesis","floor":45,"turns":3},{"damage":21,"enemies":"4 Shapes","floor":46,"turns":5},{"damage":0,"enemies":"Reptomancer","floor":47,"turns":5},{"damage":16,"enemies":"Writhing Mass","floor":48,"turns":4},{"damage":51,"enemies":"Awakened One","floor":50,"turns":11}],"seed_played":"-828424807247473573","potions_obtained":[{"floor":4.0,"key":"Weak Potion"},{"floor":8.0,"key":"Fire Potion"},{"floor":13.0,"key":"Explosive Potion"},{"floor":14.0,"key":"SteroidPotion"},{"floor":18,"key":"GrandPatriotsElixir:ReiMu"},{"floor":19,"key":"Regen Potion"},{"floor":36,"key":"LiquidMemories"},{"floor":42,"key":"Block Potion"},{"floor":46,"key":"Swift Potion"}],"is_trial":false,"path_per_floor":["M","$","M","M","M","E","R","M","T","R","E","R","E","M","R","B",null,"M","M","?","?","M","R","?","M","T","$","?","?","R","M","R","B",null,"M","M","?","?","M","$","R","M","T","R","E","M","E","M","R","B",null],"character_chosen":"KOISHI","items_purchased":["Apotheosis","Mummified Hand","Koishi:VengefulSpirit","Lantern","Master of Strategy","Blind"],"campfire_rested":1,"item_purchase_floors":[0,0,0,27,27,40],"current_hp_per_floor":[33,33,27,25,18,15,15,10,10,28,26,26,33,26,26,25,60,49,40,24,24,22,22,22,26,26,26,26,26,26,23,23,35,42,42,27,27,38,42,42,42,42,42,42,42,33,42,42,42,17],"gold":132,"neow_bonus":"","is_daily":false,"chose_seed":false,"campfire_upgraded":6,"win_rate":0.0,"timestamp":1611980344,"path_taken":["M","?","M","?","M","E","R","M","T","R","E","R","E","M","R","BOSS","M","M","?","?","M","R","?","?","T","$","?","?","R","M","R","BOSS","M","M","?","?","M","$","R","M","T","R","E","M","E","M","R","BOSS"],"items_purchased_type":["Card","Relic","Card","Relic","Card","Card"],"build_version":"2020-12-22","purchased_purges":3,"victory":true,"max_hp_per_floor":[60,60,60,60,60,60,60,60,60,60,60,60,60,60,60,60,60,60,60,60,60,60,60,42,42,42,42,42,42,42,42,42,42,42,42,42,42,42,42,42,42,42,42,42,42,42,42,42,42,42],"card_choices":[{"not_picked":["Koishi:Vanish","Koishi:EmbryosDream"],"picked":"Koishi:ReleaseOfTheId","floor":1.0},{"not_picked":["Koishi:RacingHeart","Koishi:LastRemote","Koishi:DanmakuParanoia"],"picked":"SKIP","floor":3.0},{"not_picked":["Koishi:HeartfeltFancy","Koishi:VengefulSpirit"],"picked":"Koishi:RacingHeart","floor":4.0},{"not_picked":["Koishi:Possession","Koishi:UnconsciousUrges","Koishi:BloodcurdlingScream"],"picked":"SKIP","floor":5.0},{"not_picked":["Koishi:CatchAndRose","Koishi:FourthEye"],"picked":"Koishi:SpiritedAway","floor":6.0},{"not_picked":["Koishi:DreadfulBlow","Koishi:RacingHeart"],"picked":"Koishi:SuperEgo","floor":8.0},{"not_picked":["Koishi:LastRemote","Koishi:ParalyzingFear","Koishi:YoukaiPolygraph"],"picked":"SKIP","floor":11.0},{"not_picked":["Koishi:Prune","Koishi:HeartAttack"],"picked":"Koishi:HeartStoppingHorror","floor":13.0},{"not_picked":["Koishi:GhostParty","Koishi:CatchAndRose"],"picked":"Koishi:EmbersOfLove","floor":14.0},{"not_picked":["Koishi:TerrifyingSpectre","Koishi:Heartbroken"],"picked":"Koishi:Ego","floor":16.0},{"not_picked":["Koishi:ReflexRadar+1","Koishi:PhilosophyOfTheDespised"],"picked":"Koishi:SubconsciousSweep+1","floor":18},{"not_picked":["Koishi:StingingMind","Koishi:SpiritedAway","Koishi:CatchAndRose"],"picked":"SKIP","floor":19},{"not_picked":["Koishi:Prune+1","Koishi:SpiritedAway+1"],"picked":"Koishi:DreadfulBlow","floor":22},{"not_picked":["Koishi:CatchAndRose","Koishi:Jaunt+1","Koishi:UnconsciousUprising"],"picked":"SKIP","floor":25},{"not_picked":["Koishi:SubterraneanRose","Koishi:YoukaiPolygraph","Koishi:FleetingPhantom"],"picked":"SKIP","floor":31},{"not_picked":["Koishi:FormlessExistence","Koishi:GrowingPain"],"picked":"Koishi:TerrifyingSpectre","floor":33},{"not_picked":["Koishi:Jaunt+1","Koishi:ParalyzingFear+1","Koishi:ReflexRadar"],"picked":"SKIP","floor":35},{"not_picked":["Koishi:ParalyzingFear","Koishi:BloodcurdlingScream+1","Koishi:FidgetySnatcher"],"picked":"SKIP","floor":36},{"not_picked":["Koishi:UnconsciousUprising+1","Koishi:RuptureMind"],"picked":"Koishi:JumpScare+1","floor":39},{"not_picked":["Koishi:FleetingPhantom","Koishi:CatchAndRose+1","Koishi:TraumaticStroke+1"],"picked":"SKIP","floor":42},{"not_picked":["Koishi:Untouchable","Koishi:MassHysteria","Koishi:PhantomStrike"],"picked":"SKIP","floor":45},{"not_picked":["Koishi:FourthEye","Koishi:UnansweredLove","Koishi:EmbryosDream+1"],"picked":"SKIP","floor":46},{"not_picked":["Koishi:EmbersOfLove+1","Koishi:UnconsciousUrges"],"picked":"Koishi:Catatonia+1","floor":47},{"not_picked":["Koishi:SubterraneanRose+1","Koishi:CatchAndRose","Koishi:MindNumbingTerror"],"picked":"SKIP","floor":48}],"player_experience":410722,"relics_obtained":[{"floor":6.0,"key":"CrazyTorch:ReiMu"},{"floor":9.0,"key":"Koishi:AHoleWhereASisterShouldBe"},{"floor":11.0,"key":"PreservedInsect"},{"floor":13.0,"key":"Girya"},{"floor":20,"key":"Nilry\u0027s Codex"},{"floor":26,"key":"Omamori"},{"floor":43,"key":"Pen Nib"},{"floor":45,"key":"TungstenRod"},{"floor":47,"key":"White Beast Statue"}],"event_choices":[{"damage_healed":0,"gold_gain":0,"player_choice":"Obtained Book","damage_taken":16,"max_hp_gain":0,"max_hp_loss":0,"event_name":"Cursed Tome","floor":20,"gold_loss":0},{"damage_healed":0,"gold_gain":0,"player_choice":"Became a vampire","damage_taken":0,"max_hp_gain":0,"max_hp_loss":18,"event_name":"Vampires","floor":24,"gold_loss":0,"cards_obtained":["Bite","Bite","Bite","Bite","Bite"]},{"damage_healed":0,"gold_gain":0,"player_choice":"Ignored","damage_taken":0,"max_hp_gain":0,"max_hp_loss":0,"event_name":"Ghosts","floor":29,"gold_loss":0},{"damage_healed":0,"gold_gain":0,"player_choice":"Ignored","damage_taken":0,"max_hp_gain":0,"max_hp_loss":0,"event_name":"Tomb of Lord Red Mask","floor":37,"gold_loss":0},{"damage_healed":11,"gold_gain":0,"player_choice":"Writhe","damage_taken":0,"max_hp_gain":0,"max_hp_loss":0,"event_name":"Winding Halls","floor":38,"gold_loss":0,"cards_obtained":["Writhe"]}],"is_beta":false,"boss_relics":[{"not_picked":["Snecko Eye","bronze:MakeshiftBattery"],"picked":"Philosopher\u0027s Stone"},{"not_picked":["Velvet Choker","Calling Bell"],"picked":"Cursed Key"}],"items_purged_floors":[0,2,40],"is_endless":false,"potions_floor_spawned":[4,8,13,14,18,19,22,36,42,46,48],"ascension_level":0}}