{"host":"dvdvdvm357cut69v","time":1611993223,"event":{"mods":["BaseMod","Minty Spire (QoL Compilation)","Replay The Spire","Shop Mod","StSLib"],"gold_per_floor":[112,122,149,163,338,365,365,392,474,474,488,488,488,48,48,48,48],"floor_reached":16,"language":"ENG","playtime":1420,"items_purged":["Doubt"],"score":182,"play_id":"859f5fa8-842e-4a65-8d44-e647d0e7fd60","local_time":"20210130105343","is_ascension_mode":true,"campfire_choices":[{"floor":7,"key":"REST"},{"floor":12,"key":"REST"},{"data":"Fission","floor":15,"key":"SMITH"}],"circlet_count":0,"master_deck":["AscendersBane","Strike_B","Strike_B","Strike_B","Strike_B","Defend_B","Defend_B","Defend_B","Defend_B","Zap","Dualcast","Auto Shields","Streamline","BasicCrystalCard+1","Hologram","Steam","Cold Snap","Sweeping Beam","Compile Driver","Self Repair","Fission+1"],"relics":["Cracked Core","Ice Cream","Prayer Wheel","Bag of Marbles","HornCleat","MerchantsRug"],"acts_visited":["Exordium"],"potions_floor_usage":[6,10],"damage_taken":[{"damage":1,"enemies":"Cultist","floor":1,"turns":3},{"damage":0,"enemies":"Jaw Worm","floor":2,"turns":3},{"damage":0,"enemies":"2 Louse","floor":4,"turns":2},{"damage":22,"enemies":"Gremlin Nob","floor":6,"turns":4},{"damage":42,"enemies":"Replay:BlueRogue","floor":8,"turns":7},{"damage":0,"enemies":"Large Slime","floor":10,"turns":1},{"damage":1,"enemies":"3 Louse","floor":11,"turns":4},{"damage":68,"enemies":"Fading Forest","floor":16,"turns":10}],"seed_played":"2673115703795673587","potions_obtained":[{"floor":1,"key":"Ancient Potion"},{"floor":2,"key":"Milkshake"},{"floor":6,"key":"SmokeBomb"}],"is_trial":false,"path_per_floor":["M","M","?","M","?","E","R","E","T","M","M","R","?","$","R","B"],"character_chosen":"DEFECT","items_purchased":["Self Repair","Fission","MerchantsRug"],"campfire_rested":2,"item_purchase_floors":[14,14,14],"current_hp_per_floor":[74,74,74,74,74,52,76,34,34,34,33,57,57,57,57,0,0],"gold":48,"neow_bonus":"TEN_PERCENT_HP_BONUS","is_daily":false,"chose_seed":false,"campfire_upgraded":1,"win_rate":0.0,"timestamp":1611993223,"path_taken":["M","?","?","M","?","E","R","E","T","M","M","R","?","$","R","BOSS"],"items_purchased_type":["Card","Card","Relic"],"build_version":"2020-12-13","purchased_purges":1,"victory":false,"max_hp_per_floor":[82,82,82,82,82,82,82,82,82,82,82,82,82,82,82,82,82],"card_choices":[{"not_picked":["Cold Snap","Coolheaded"],"picked":"Auto Shields","floor":1},{"not_picked":["Conserve Battery","Sweeping Beam"],"picked":"Streamline","floor":2},{"not_picked":["Panic Button","Beam Cell"],"picked":"BasicCrystalCard","floor":3},{"not_picked":["Gash","Aggregate"],"picked":"Hologram","floor":4},{"not_picked":["Rebound","Gash"],"picked":"Steam","floor":6},{"not_picked":["Reinforced Body","Amplify"],"picked":"Cold Snap","floor":8},{"not_picked":["Cold Snap","Fusion"],"picked":"Sweeping Beam","floor":11},{"not_picked":["Barrage","Coolheaded"],"picked":"Compile Driver","floor":11}],"player_experience":89834,"relics_obtained":[{"floor":3,"key":"Ice Cream"},{"floor":6,"key":"Prayer Wheel"},{"floor":8,"key":"Bag of Marbles"},{"floor":9,"key":"HornCleat"}],"event_choices":[{"damage_healed":0,"gold_gain":175,"player_choice":"AGREE","damage_taken":0,"max_hp_gain":0,"max_hp_loss":0,"event_name":"Liars Game","floor":5,"gold_loss":0,"cards_obtained":["Doubt"]}],"is_beta":false,"boss_relics":[],"items_purged_floors":[14],"is_endless":false,"potions_floor_spawned":[1,2,6],"killed_by":"Fading Forest","ascension_level":13}}