{"host":"rkd2egloqduv8drx","time":1611979645,"event":{"mods":["Act Like it!","BaseMod","CapriCore","Gensokyo","Jedi Mod","Koishi","Minty Spire (QoL Compilation)","Permanent Neow","Prisma Mod","Quick Restart","Robot Space Explorer","Spicy Shops","StSLib","Td1madao Mod","The Administrix","The Bug Knight","The Immortal","WarShipGirlsR/’ΩΩ¢…Ÿ≈ÆR mod"],"gold_per_floor":[116,132,57,57,72,72,83,83,137,37,37,112,112,128,128,229,229,246,261,261,261,176,176,194,194,194,220,220,220,239,21,21,117,117,129,144,179,179,179,179,196,196,269,269,282,298,314,346,346,346],"floor_reached":51,"language":"ZHS","playtime":5464,"items_purged":["Doubt","rmod:defend","rmod:strick","rmod:defend"],"score":862,"play_id":"639c76e3-143d-4826-b0e9-65bd2e0eea80","local_time":"20210130120725","is_ascension_mode":false,"campfire_choices":[{"data":"rmod:wife","floor":6.0,"key":"SMITH"},{"data":"rmod:highspeedmaneuver","floor":8.0,"key":"SMITH"},{"data":"rmod:circuitoustactics","floor":13.0,"key":"SMITH"},{"data":"rmod:basicallowance","floor":15.0,"key":"SMITH"},{"data":"rmod:aviationdawn","floor":23,"key":"SMITH"},{"data":"rmod:supportaircraftcarrier","floor":25,"key":"SMITH"},{"data":"rmod:robin","floor":28,"key":"SMITH"},{"data":"rmod:fuelsupply","floor":32,"key":"SMITH"},{"data":"rmod:smokecover","floor":40,"key":"SMITH"},{"data":"jedi:forcepull","floor":42,"key":"SMITH"},{"data":"rmod:ridicule","floor":44,"key":"SMITH"},{"data":"rmod:maingunfire","floor":49,"key":"SMITH"}],"circlet_count":0,"master_deck":["rmod:defend","rmod:basicallowance+1","rmod:maingunfire+1","rmod:highspeedmaneuver+1","rmod:wife+1","rmod:robin+1","rmod:circuitoustactics+1","rmod:aviationdawn+1","rmod:ridicule+1","rmod:overbreakdown","rmod:supportaircraftcarrier+1","rmod:smokecover+1","rmod:fuelsupply+1","rmod:secretscript","jedi:forcepull+1"],"relics":["rmod:firstchargereward","Strawberry","rmod:extraamm","Philosopher\u0027s Stone","jedi:cryingmask","Pantograph","The Courier","Turnip","Vajra"],"acts_visited":["Exordium","TheCity","TheBeyond"],"potions_floor_usage":[],"damage_taken":[{"damage":1.0,"enemies":"2 Louse","floor":1.0,"turns":3.0},{"damage":0.0,"enemies":"Cultist","floor":2.0,"turns":4.0},{"damage":3.0,"enemies":"Small Slimes","floor":5.0,"turns":2.0},{"damage":3.0,"enemies":"Looter","floor":7.0,"turns":3.0},{"damage":0.0,"enemies":"2 Fungi Beasts","floor":14.0,"turns":2.0},{"damage":29.0,"enemies":"Hexaghost","floor":16.0,"turns":9.0},{"damage":0.0,"enemies":"Chosen","floor":18.0,"turns":4.0},{"damage":0.0,"enemies":"3 Byrds","floor":19.0,"turns":4.0},{"damage":6,"enemies":"Shelled Parasite and Fungi","floor":24,"turns":6},{"damage":22,"enemies":"Slavers","floor":27,"turns":6},{"damage":12,"enemies":"Snake Plant","floor":30,"turns":3},{"damage":0,"enemies":"Collector","floor":33,"turns":5},{"damage":0,"enemies":"Orb Walker","floor":35,"turns":6},{"damage":22,"enemies":"3 Shapes","floor":36,"turns":3},{"damage":5,"enemies":"Sphere and 2 Shapes","floor":37,"turns":5},{"damage":0,"enemies":"Spire Growth","floor":41,"turns":4},{"damage":0,"enemies":"Transient","floor":45,"turns":5},{"damage":12,"enemies":"Jaw Worm Horde","floor":46,"turns":4},{"damage":0,"enemies":"Spire Growth","floor":47,"turns":4},{"damage":0,"enemies":"HollowMod:StalkingDevout","floor":48,"turns":7},{"damage":17,"enemies":"Awakened One","floor":50,"turns":7}],"seed_played":"3525899335809634917","potions_obtained":[{"floor":1.0,"key":"Energy Potion"},{"floor":14.0,"key":"Block Potion"},{"floor":24,"key":"Regen Potion"},{"floor":30,"key":"Strength Potion"}],"is_trial":false,"path_per_floor":["M","M","$","?","M","R","M","R","T","$","?","?","R","M","R","B",null,"M","M","?","?","?","R","M","R","T","E","R","?","M","$","R","B",null,"M","M","M","?","?","R","M","R","T","R","M","M","M","E","R","B",null],"character_chosen":"PRAEFECT","items_purchased":["Turnip"],"campfire_rested":0,"item_purchase_floors":[31],"current_hp_per_floor":[74,74,74,74,71,71,68,68,75,75,75,64,64,64,64,35,82,82,82,82,82,82,82,76,76,76,54,54,38,26,26,26,51,87,87,65,60,60,60,60,60,60,60,60,60,48,48,48,48,56],"gold":346,"neow_bonus":"THREE_RARE_CARDS","is_daily":false,"chose_seed":false,"campfire_upgraded":12,"win_rate":0.0,"timestamp":1611979645,"path_taken":["M","M","$","?","?","R","M","R","T","$","?","?","R","M","R","BOSS","M","M","?","?","?","R","M","R","T","E","R","?","?","$","R","BOSS","M","M","M","?","?","R","M","R","T","R","M","?","M","E","R","BOSS"],"items_purchased_type":["Relic"],"build_version":"2020-12-22","purchased_purges":4,"victory":true,"max_hp_per_floor":[75,75,75,75,75,75,75,75,82,82,82,82,82,82,82,82,82,82,82,82,82,82,82,82,82,82,82,82,87,87,87,87,87,87,87,87,87,87,87,87,87,87,87,87,87,87,87,87,87,87],"card_choices":[{"not_picked":["rmod:desperatesituation","rmod:u235"],"picked":"rmod:highspeedmaneuver","floor":0.0},{"not_picked":["rmod:garrisonisland","rmod:circuitoustactics"],"picked":"rmod:wife","floor":1.0},{"not_picked":["rmod:luckystar","rmod:aluminumsupply"],"picked":"rmod:robin","floor":2.0},{"not_picked":["rmod:diaomin","rmod:aluminumsupply"],"picked":"rmod:circuitoustactics","floor":5.0},{"not_picked":["rmod:victimresponsibility","rmod:stealaluminum","rmod:rockthrower"],"picked":"SKIP","floor":7.0},{"not_picked":["rmod:luckystar","rmod:bulid","rmod:tearstotiara"],"picked":"SKIP","floor":14.0},{"not_picked":["rmod:maintain","rmod:victimresponsibility"],"picked":"rmod:aviationdawn","floor":18.0},{"not_picked":["rmod:victimresponsibility","rmod:gendarmerie+1","rmod:tearstotiara"],"picked":"SKIP","floor":19},{"not_picked":["rmod:intelligenceanalysis","rmod:firesupport"],"picked":"rmod:supportaircraftcarrier","floor":24},{"not_picked":["rmod:firesupport","rmod:aviationdawn"],"picked":"rmod:smokecover","floor":27},{"not_picked":["rmod:ammunitionsupply","rmod:openingtorpedo"],"picked":"rmod:fuelsupply","floor":30},{"not_picked":["rmod:desperatesituation","rmod:seals"],"picked":"rmod:secretscript","floor":33},{"not_picked":["rmod:unsinkable+1","rmod:tearstotiara","rmod:supportescort+1"],"picked":"SKIP","floor":35},{"not_picked":["rmod:unsinkable+1","rmod:tearstotiara","rmod:supportescort+1"],"picked":"SKIP","floor":35},{"not_picked":["rmod:diamondstrike","rmod:capitalist","rmod:ammunitionsupply"],"picked":"SKIP","floor":36},{"not_picked":["rmod:supportescort","rmod:goodsister+1","rmod:chargemoney"],"picked":"SKIP","floor":37},{"not_picked":["Panacea","Enlightenment"],"picked":"jedi:forcepull","floor":38},{"not_picked":["rmod:diaomin","rmod:capitalist+1","rmod:ammunitionsupply+1"],"picked":"SKIP","floor":41},{"not_picked":["rmod:supportescort","rmod:selfconfidence","rmod:fuelsupply+1"],"picked":"SKIP","floor":45},{"not_picked":["rmod:overbreakdown+1","rmod:tearstotiara","rmod:diamondstrike"],"picked":"SKIP","floor":46},{"not_picked":["rmod:victimresponsibility+1","rmod:guardianhero+1","rmod:intelligenceanalysis+1"],"picked":"SKIP","floor":47},{"not_picked":["rmod:salvage+1","rmod:intelligenceanalysis+1","rmod:advancebysurprise+1"],"picked":"SKIP","floor":48}],"player_experience":332409,"relics_obtained":[{"floor":9.0,"key":"Strawberry"},{"floor":26,"key":"Pantograph"},{"floor":27,"key":"The Courier"},{"floor":48,"key":"Vajra"}],"event_choices":[{"cards_removed":["rmod:strick"],"damage_healed":0.0,"max_hp_gain":0.0,"max_hp_loss":0.0,"gold_gain":0.0,"event_name":"Purifier","player_choice":"Purged","floor":4.0,"gold_loss":0.0,"damage_taken":0.0},{"damage_healed":0.0,"max_hp_gain":0.0,"max_hp_loss":0.0,"gold_gain":0.0,"event_name":"Dead Adventurer","player_choice":"Searched \u00272\u0027 times","floor":11.0,"gold_loss":0.0,"damage_taken":0.0,"relics_obtained":["rmod:extraamm"]},{"damage_healed":0.0,"max_hp_gain":0.0,"max_hp_loss":0.0,"gold_gain":75.0,"event_name":"World of Goop","player_choice":"Gather Gold","floor":12.0,"gold_loss":0.0,"damage_taken":11.0},{"cards_removed":["rmod:strick"],"damage_healed":0,"gold_gain":0,"player_choice":"Elegance","damage_taken":0,"max_hp_gain":0,"max_hp_loss":0,"event_name":"Back to Basics","floor":20,"gold_loss":0},{"damage_healed":0,"gold_gain":0,"cards_transformed":["rmod:defend","rmod:strick"],"player_choice":"Became Test Subject","damage_taken":0,"max_hp_gain":0,"max_hp_loss":0,"event_name":"Drug Dealer","floor":21,"gold_loss":0,"cards_obtained":["rmod:ridicule","rmod:overbreakdown"]},{"damage_healed":0,"gold_gain":0,"player_choice":"Obtained Relic","damage_taken":0,"relics_obtained":["jedi:cryingmask"],"max_hp_gain":0,"max_hp_loss":0,"event_name":"Addict","floor":22,"gold_loss":85},{"damage_healed":0,"gold_gain":0,"player_choice":"Shed Blood","damage_taken":21,"max_hp_gain":5,"max_hp_loss":0,"event_name":"Forgotten Altar","floor":29,"gold_loss":0},{"damage_healed":0,"gold_gain":0,"player_choice":"Memory 1","damage_taken":0,"max_hp_gain":0,"max_hp_loss":0,"event_name":"SensoryStone","floor":38,"gold_loss":0},{"damage_healed":0,"gold_gain":0,"player_choice":"Bought 0 Potions","damage_taken":0,"max_hp_gain":0,"max_hp_loss":0,"event_name":"The Woman in Blue","floor":39,"gold_loss":0}],"is_beta":false,"boss_relics":[{"not_picked":["Pandora\u0027s Box","Fusion Hammer"],"picked":"Philosopher\u0027s Stone"},{"not_picked":["Cursed Key","jedi:paperlyon","Empty Cage"]}],"items_purged_floors":[3,10,31,31],"is_endless":false,"potions_floor_spawned":[1,14,24,30,33,36,45,47,48],"ascension_level":0}}