{"host":"rolltorest","time":1611965460,"event":{"mods":["BaseMod","Gremlin Mod","Jorbs\u0027s Wanderer Trilogy","Koishi","Minty Spire (QoL Compilation)","Relic Stats","Robot Space Explorer","Slay the Relics Exporter","StSLib","The Servant 0.9.4"],"gold_per_floor":[112,112,112,128,138,172,172,252,252,33,62,75,75,86,86,161,161,173,16,16,16,16,51,66,66,89,101,113,125,155,200,212,301,313,343,355,129,129,142,171,171,171,194,225,241,255,280,334,334,334,334,334,334,283,318,318,318],"floor_reached":56,"language":"ENG","playtime":3397,"items_purged":["Gremlin:Strike"],"score":2073,"play_id":"678d8a72-6756-4138-9caa-f5abc2fba934","local_time":"20210129161100","is_ascension_mode":true,"campfire_choices":[{"data":"Gremlin:Whiz","floor":7,"key":"SMITH"},{"data":"Gremlin:Nob","floor":13,"key":"SMITH"},{"data":"Gremlin:Tadah","floor":15,"key":"SMITH"},{"floor":25,"key":"REST"},{"data":"Gremlin:BubbleBarrier","floor":32,"key":"SMITH"},{"floor":49,"key":"RECALL"}],"circlet_count":0,"master_deck":["AscendersBane","Gremlin:Strike","Gremlin:Strike+1","Gremlin:Defend","Gremlin:Defend","Gremlin:Defend+1","Gremlin:Defend","Gremlin:TagTeam","Gremlin:GremlinDance","Gremlin:BulkUp","Gremlin:Whiz+1","Gremlin:Presto","Gremlin:Pinprick","Gremlin:Nob+1","Gremlin:Encore","Gremlin:Tadah+1","Gremlin:DaggerDance","Gremlin:Patsy","Gremlin:Wizardry","Gremlin:CongaLine","Gremlin:BubbleBarrier+1","Gremlin:Revel","Gremlin:Nob+1","Gremlin:Raid+1","Gremlin:CatScratch","Gremlin:Enthusiasm","stsjorbsmod:Withering","Parasite","Gremlin:Tricksy+1","Gremlin:GlitterGuard","stsjorbsmod:Amnesia","Gremlin:BubbleBarrier","Gremlin:Scatter+1"],"relics":["Gremlin:GremlinKnob","NeowsBlessing","Dream Catcher","Kunai","Singing Bowl","Lantern","Sozu","Bag of Preparation","Nilry\u0027s Codex","InkBottle","MawBank","Meat on the Bone","Cursed Key","Orrery","Anchor","Orichalcum","Dead Branch","Strawberry","Thread and Needle"],"acts_visited":["Exordium","TheCity","TheBeyond","TheEnding"],"potions_floor_usage":[11,12,56],"damage_taken":[{"damage":0,"enemies":"2 Louse","floor":1,"turns":1},{"damage":0,"enemies":"Cultist","floor":4,"turns":1},{"damage":0,"enemies":"Jaw Worm","floor":5,"turns":1},{"damage":24,"enemies":"3 Sentries","floor":6,"turns":13},{"damage":1,"enemies":"Gremlin Nob","floor":11,"turns":5},{"damage":0,"enemies":"3 Louse","floor":12,"turns":3},{"damage":0,"enemies":"Looter","floor":14,"turns":3},{"damage":18,"enemies":"The Guardian","floor":16,"turns":12},{"damage":6,"enemies":"Shell Parasite","floor":18,"turns":5},{"damage":22,"enemies":"Book of Stabbing","floor":23,"turns":5},{"damage":0,"enemies":"3 Byrds","floor":24,"turns":6},{"damage":0,"enemies":"Shelled Parasite and Fungi","floor":30,"turns":6},{"damage":13,"enemies":"Slavers","floor":31,"turns":7},{"damage":0,"enemies":"Collector","floor":33,"turns":9},{"damage":0,"enemies":"Orb Walker","floor":35,"turns":3},{"damage":0,"enemies":"3 Shapes","floor":39,"turns":3},{"damage":51,"enemies":"Nemesis","floor":40,"turns":7},{"damage":0,"enemies":"Giant Head","floor":44,"turns":7},{"damage":0,"enemies":"Writhing Mass","floor":45,"turns":4},{"damage":0,"enemies":"Spire Growth","floor":46,"turns":6},{"damage":0,"enemies":"Mind Bloom Boss Battle","floor":47,"turns":6},{"damage":56,"enemies":"Time Eater","floor":50,"turns":15},{"damage":11,"enemies":"Awakened One","floor":51,"turns":12},{"damage":158,"enemies":"Shield and Spear","floor":55,"turns":12},{"damage":0,"enemies":"The Heart","floor":56,"turns":3}],"seed_played":"6284967788114337941","potions_obtained":[{"floor":1,"key":"Strength Potion"},{"floor":6,"key":"Energy Potion"},{"floor":11,"key":"Fruit Juice"},{"floor":12,"key":"SpeedPotion"}],"is_trial":false,"path_per_floor":["M","?","?","M","M","E","R","T","T","$","E","M","R","M","R","B",null,"M","$","?","?","?","E","M","R","T","$","R","?","M","E","R","B",null,"M","?","$","?","M","E","?","R","T","E","M","M","?","T","R","B","B",null,"R","$","E","B"],"character_chosen":"GREMLIN","items_purchased":["Gremlin:Encore","Gremlin:Tadah","Bag of Preparation","Orrery","Gremlin:BubbleBarrier"],"campfire_rested":1,"item_purchase_floors":[10,10,19,37,54],"current_hp_per_floor":[19,13,13,13,19,9,9,9,9,9,9,20,20,20,20,8,17,18,18,18,9,9,17,18,23,23,23,22,22,18,18,18,19,24,25,25,28,28,28,30,29,28,28,28,29,30,30,32,32,32,22,30,30,30,28,28,28],"gold":318,"neow_bonus":"THREE_ENEMY_KILL","is_daily":false,"chose_seed":false,"campfire_upgraded":4,"win_rate":0.0,"timestamp":1611965460,"path_taken":["M","?","?","?","M","E","R","?","T","$","E","M","R","M","R","BOSS","M","$","?","?","?","E","M","R","T","?","R","?","?","E","R","BOSS","M","?","$","?","?","E","?","R","T","E","M","M","?","?","R","BOSS","BOSS","R","$","E","BOSS"],"items_purchased_type":["Card","Card","Relic","Relic","Card"],"build_version":"2020-12-18","purchased_purges":1,"victory":false,"max_hp_per_floor":[19,19,19,19,19,19,19,19,19,19,19,20,20,20,20,20,20,20,20,20,20,20,21,22,23,23,23,22,22,23,24,24,25,25,26,26,29,29,29,30,29,28,28,29,29,30,30,32,32,32,32,32,31,31,31,31,31],"relic_stats":{"Singing Bowl":26,"counters":[25,155],"Dead Branch":[141],"Bag of Preparation":[32],"Orichalcum":[84],"MawBank":132,"Cursed Key":2,"Sozu":3,"Dream Catcher":1,"Kunai":[63],"obtain_stats":[{"Lantern":11,"NeowsBlessing":0,"Singing Bowl":9,"Nilry\u0027s Codex":21,"Dead Branch":47,"Thread and Needle":55,"Bag of Preparation":19,"Orichalcum":44,"MawBank":26,"Cursed Key":34,"Sozu":17,"Dream Catcher":6,"Anchor":40,"Gremlin:GremlinKnob":0,"Strawberry":48,"Orrery":37,"Kunai":8,"InkBottle":23,"Meat on the Bone":31},{"Lantern":5,"NeowsBlessing":0,"Singing Bowl":4,"Nilry\u0027s Codex":9,"Dead Branch":21,"Thread and Needle":24,"Bag of Preparation":9,"Orichalcum":18,"MawBank":11,"Cursed Key":14,"Sozu":8,"Dream Catcher":4,"Anchor":17,"Gremlin:GremlinKnob":0,"Strawberry":21,"Orrery":15,"Kunai":4,"InkBottle":10,"Meat on the Bone":13},{"Lantern":21,"NeowsBlessing":0,"Singing Bowl":16,"Nilry\u0027s Codex":44,"Dead Branch":113,"Thread and Needle":152,"Bag of Preparation":44,"Orichalcum":97,"MawBank":55,"Cursed Key":77,"Sozu":39,"Dream Catcher":16,"Anchor":90,"Gremlin:GremlinKnob":0,"Strawberry":113,"Orrery":80,"Kunai":16,"InkBottle":49,"Meat on the Bone":68}],"InkBottle":[63],"Meat on the Bone":12},"card_choices":[{"not_picked":["Gremlin:Pickpocket","Gremlin:Irritability"],"picked":"Gremlin:BulkUp","floor":1},{"not_picked":["Gremlin:Flurry","Gremlin:Jeer"],"picked":"Gremlin:Presto","floor":4},{"not_picked":["Gremlin:GremlinArms","Gremlin:Jeer"],"picked":"Gremlin:Pinprick","floor":5},{"not_picked":["Gremlin:GremlinMeal","Gremlin:InfiniteBlocks"],"picked":"Gremlin:Nob","floor":6},{"not_picked":["Gremlin:Irritability","Gremlin:FanOfKnives"],"picked":"Gremlin:DaggerDance","floor":11},{"not_picked":["Gremlin:RageBreak","Gremlin:Pickpocket"],"picked":"Gremlin:Patsy","floor":12},{"not_picked":["Gremlin:Raid","Gremlin:ToeStub"],"picked":"Gremlin:Wizardry","floor":14},{"not_picked":["Gremlin:SecondVolley","Gremlin:BrokenShin"],"picked":"Gremlin:CongaLine","floor":16},{"not_picked":["Gremlin:PinNeedle","Gremlin:ToeStub"],"picked":"Gremlin:BubbleBarrier","floor":18},{"not_picked":["Gremlin:GlitterGuard","Gremlin:PinNeedle","Gremlin:ToeStub"],"picked":"Singing Bowl","floor":23},{"not_picked":["Gremlin:PourSalt","Gremlin:DaggerDance","Gremlin:Polish+1"],"picked":"Singing Bowl","floor":24},{"not_picked":["Gremlin:GlitterGuard","Gremlin:Pretaliation","Gremlin:ShankStone"],"picked":"Singing Bowl","floor":25},{"not_picked":["Gremlin:InfiniteBlocks","Gremlin:Mockery","Gremlin:Changeo"],"picked":"Singing Bowl","floor":30},{"not_picked":["Gremlin:Necromancy","Gremlin:Jeer","Gremlin:EdibleArmor"],"picked":"Singing Bowl","floor":31},{"not_picked":["Gremlin:SecondVolley","Gremlin:Duplicate","Gremlin:Encore"],"picked":"Singing Bowl","floor":33},{"not_picked":["Gremlin:Flurry","Gremlin:DaggerDance","Gremlin:Patsy"],"picked":"Singing Bowl","floor":35},{"not_picked":["Gremlin:Irritability","Gremlin:SharpenBlades"],"picked":"Gremlin:Raid+1","floor":37},{"not_picked":["Gremlin:Tadah","Gremlin:PourSalt","Gremlin:Presto"],"picked":"Singing Bowl","floor":37},{"not_picked":["Gremlin:Tadah","Gremlin:Pretaliation","Gremlin:BulkUp"],"picked":"Singing Bowl","floor":37},{"not_picked":["Gremlin:RageBreak","Gremlin:GremlinToss"],"picked":"Gremlin:CatScratch","floor":37},{"not_picked":["Gremlin:Kablamo","Gremlin:Stupend","Gremlin:PourSalt"],"picked":"Singing Bowl","floor":37},{"not_picked":["Gremlin:GremlinArms","Gremlin:BulkUp"],"picked":"Gremlin:Enthusiasm","floor":39},{"not_picked":["Gremlin:Tricksy","Gremlin:Unforgiving","Gremlin:Enthusiasm"],"picked":"Singing Bowl","floor":40},{"not_picked":["Gremlin:BurlyBlow+1","Gremlin:SharpenBlades","Gremlin:Enthusiasm"],"picked":"Singing Bowl","floor":44},{"not_picked":["Gremlin:PartyStick","Gremlin:AggressiveDefense"],"picked":"Gremlin:Tricksy+1","floor":45},{"not_picked":["Gremlin:Wizardry","Gremlin:Pickpocket+1","Gremlin:GremlinMeal"],"picked":"Singing Bowl","floor":46},{"not_picked":["Gremlin:TwistTheKnife","Gremlin:Heckle"],"picked":"Gremlin:GlitterGuard","floor":47},{"not_picked":["Gremlin:Tricksy","Gremlin:GremlinArms+1"],"picked":"Gremlin:Scatter+1","floor":55}],"player_experience":2348320,"relics_obtained":[{"floor":6,"key":"Dream Catcher"},{"floor":8,"key":"Kunai"},{"floor":9,"key":"Singing Bowl"},{"floor":11,"key":"Lantern"},{"floor":21,"key":"Nilry\u0027s Codex"},{"floor":23,"key":"InkBottle"},{"floor":26,"key":"MawBank"},{"floor":31,"key":"Meat on the Bone"},{"floor":40,"key":"Anchor"},{"floor":44,"key":"Orichalcum"},{"floor":47,"key":"Dead Branch"},{"floor":48,"key":"Strawberry"},{"floor":55,"key":"Thread and Needle"}],"event_choices":[{"damage_healed":0,"gold_gain":0,"player_choice":"Entered Light","damage_taken":6,"max_hp_gain":0,"max_hp_loss":0,"event_name":"Shining Light","floor":2,"gold_loss":0,"cards_upgraded":["Gremlin:Strike","Gremlin:Defend"]},{"damage_healed":0,"gold_gain":0,"cards_transformed":["Gremlin:Strike"],"player_choice":"Transformed","damage_taken":0,"max_hp_gain":0,"max_hp_loss":0,"event_name":"Transmorgrifier","floor":3,"gold_loss":0,"cards_obtained":["Gremlin:Whiz"]},{"damage_healed":0,"gold_gain":0,"player_choice":"Read","damage_taken":0,"max_hp_gain":0,"max_hp_loss":0,"event_name":"The Library","floor":20,"gold_loss":0,"cards_obtained":["Gremlin:Revel"]},{"damage_healed":0,"gold_gain":0,"player_choice":"Obtained Book","damage_taken":9,"max_hp_gain":0,"max_hp_loss":0,"event_name":"Cursed Tome","floor":21,"gold_loss":0},{"damage_healed":0,"gold_gain":0,"player_choice":"Ignored","damage_taken":0,"max_hp_gain":0,"max_hp_loss":0,"event_name":"Vampires","floor":22,"gold_loss":0},{"damage_healed":0,"gold_gain":0,"player_choice":"Copied","damage_taken":0,"max_hp_gain":0,"max_hp_loss":0,"event_name":"Duplicator","floor":29,"gold_loss":0,"cards_obtained":["Gremlin:Nob"]},{"damage_healed":0,"gold_gain":0,"player_choice":"Ignored","damage_taken":0,"max_hp_gain":0,"max_hp_loss":0,"event_name":"Mysterious Sphere","floor":36,"gold_loss":0},{"damage_healed":0,"gold_gain":0,"player_choice":"Ignored","damage_taken":0,"max_hp_gain":0,"max_hp_loss":0,"event_name":"SecretPortal","floor":38,"gold_loss":0},{"damage_healed":0,"gold_gain":0,"player_choice":"Max HP","damage_taken":0,"max_hp_gain":0,"max_hp_loss":2,"event_name":"Winding Halls","floor":41,"gold_loss":0},{"damage_healed":0,"gold_gain":0,"player_choice":"Fight","damage_taken":0,"max_hp_gain":0,"max_hp_loss":0,"event_name":"MindBloom","floor":47,"gold_loss":0}],"is_beta":true,"boss_relics":[{"not_picked":["Tiny House","Pandora\u0027s Box"],"picked":"Sozu"},{"not_picked":["SacredBark","Empty Cage"],"picked":"Cursed Key"}],"items_purged_floors":[37],"is_endless":false,"potions_floor_spawned":[1,6,11,12,18,23,24,33,35,46,47],"killed_by":"The Heart","ascension_level":20}}