{"host":"tq99ucv8ezzqzioe","time":1611990063,"event":{"mods":["BaseMod","Colored Map","Downfall","Highlight Path","Minty Spire (QoL Compilation)","StSLib"],"gold_per_floor":[116,116,127,5,25,25,39,49,99,111,11,42,61,74,74,179,179,190,115,115,135,150,150,150],"floor_reached":23,"language":"ENG","playtime":1521,"items_purged":["Strike_R","Strike_R"],"score":256,"play_id":"40e4ce9b-dedd-43b3-9a3b-39da5a7aabe9","local_time":"20210130020103","is_ascension_mode":true,"campfire_choices":[{"data":"Whirlwind","floor":6,"key":"SMITH"},{"data":"Double Tap","floor":15,"key":"SMITH"}],"circlet_count":0,"master_deck":["Strike_R","Strike_R","Defend_R","Defend_R","Defend_R","Defend_R","Whirlwind+1","Headbutt","Shrug It Off","Carnage","Double Tap+1","Headbutt","Spot Weakness","Immolate","Fire Breathing","RitualDagger","Armaments+1"],"relics":["Burning Blood","Bronze Scales","The Courier","Black Star"],"acts_visited":["Exordium","TheCity"],"potions_floor_usage":[16,16,21,21],"damage_taken":[{"damage":1,"enemies":"Cultist","floor":1,"turns":3},{"damage":10,"enemies":"Small Slimes","floor":3,"turns":3},{"damage":1,"enemies":"2 Louse","floor":5,"turns":2},{"damage":6,"enemies":"Looter","floor":7,"turns":3},{"damage":5,"enemies":"Blue Slaver","floor":8,"turns":3},{"damage":6,"enemies":"Exordium Thugs","floor":10,"turns":4},{"damage":28,"enemies":"Gremlin Nob","floor":12,"turns":4},{"damage":0,"enemies":"2 Fungi Beasts","floor":13,"turns":2},{"damage":8,"enemies":"Blue Slaver","floor":14,"turns":2},{"damage":21,"enemies":"Slime Boss","floor":16,"turns":7},{"damage":24,"enemies":"Spheric Guardian","floor":18,"turns":4},{"damage":7,"enemies":"3 Byrds","floor":21,"turns":3},{"damage":38,"enemies":"Sentry and Sphere","floor":22,"turns":4},{"damage":26,"enemies":"Slavers","floor":23,"turns":1}],"seed_played":"-4529679312725011541","potions_obtained":[{"floor":1,"key":"Fire Potion"},{"floor":3,"key":"Energy Potion"},{"floor":5,"key":"ColorlessPotion"},{"floor":16,"key":"Block Potion"}],"is_trial":false,"path_per_floor":["M","?","M","$","M","R","M","M","T","M","$","E","M","M","R","B",null,"M","?","?","M","M","E"],"character_chosen":"IRONCLAD","items_purchased":["Shrug It Off"],"campfire_rested":0,"item_purchase_floors":[4],"current_hp_per_floor":[77,77,73,73,78,78,78,79,79,79,79,57,63,61,61,46,72,54,54,48,47,15,0,0],"gold":150,"neow_bonus":"RANDOM_COMMON_RELIC","is_daily":false,"chose_seed":false,"campfire_upgraded":2,"win_rate":0.0,"timestamp":1611990063,"path_taken":["M","?","?","?","M","R","M","M","T","M","?","E","M","M","R","BOSS","M","?","?","M","M","E"],"items_purchased_type":["Card"],"build_version":"2020-12-22","purchased_purges":2,"victory":false,"max_hp_per_floor":[80,80,80,80,80,80,80,80,80,80,80,80,80,80,80,80,80,80,80,80,80,80,80,80],"card_choices":[{"not_picked":["Searing Blow","True Grit"],"picked":"Whirlwind","floor":1},{"not_picked":["Wild Strike","Thunderclap"],"picked":"Headbutt","floor":3},{"not_picked":["Rage","Anger","True Grit"],"picked":"SKIP","floor":5},{"not_picked":["Entrench","Juggernaut"],"picked":"Carnage","floor":7},{"not_picked":["Flex","Perfected Strike","Heavy Blade"],"picked":"SKIP","floor":8},{"not_picked":["Cleave","Fire Breathing"],"picked":"Double Tap","floor":10},{"not_picked":["Reckless Charge","Second Wind"],"picked":"Headbutt","floor":12},{"not_picked":["Cleave","Armaments","Clothesline"],"picked":"SKIP","floor":13},{"not_picked":["Clothesline","Ghostly Armor"],"picked":"Spot Weakness","floor":14},{"not_picked":["Fiend Fire","Feed"],"picked":"Immolate","floor":16},{"not_picked":["Headbutt","Pummel"],"picked":"Fire Breathing","floor":18},{"not_picked":["Rage","Clash","Blood for Blood"],"picked":"SKIP","floor":21},{"not_picked":["Entrench+1","Hemokinesis"],"picked":"Armaments+1","floor":22}],"player_experience":820514,"relics_obtained":[{"floor":12,"key":"The Courier"}],"event_choices":[{"cards_removed":["Bash"],"damage_healed":0,"gold_gain":0,"player_choice":"Offered Basic","damage_taken":0,"max_hp_gain":0,"max_hp_loss":0,"event_name":"Bonfire Elementals","floor":2,"gold_loss":0},{"cards_removed":["Strike_R"],"damage_healed":0,"gold_gain":0,"player_choice":"Gave Gold","damage_taken":0,"max_hp_gain":0,"max_hp_loss":0,"event_name":"Beggar","floor":19,"gold_loss":75},{"damage_healed":0,"gold_gain":0,"player_choice":"Joined the Cult","damage_taken":6,"max_hp_gain":0,"max_hp_loss":0,"event_name":"Nest","floor":20,"gold_loss":0,"cards_obtained":["RitualDagger"]}],"is_beta":false,"boss_relics":[{"not_picked":["Velvet Choker","SacredBark"],"picked":"Black Star"}],"items_purged_floors":[4,11],"is_endless":false,"potions_floor_spawned":[1,3,5,14,16],"killed_by":"Slavers","ascension_level":6}}