{"host":"ig9h5mtrygw4gu9r","time":1611999806,"event":{"mods":["2.2 Compatiblity","AchievementEnabler","BaseMod","Minty Spire (QoL Compilation)","Relic Stats","Replay The Spire","StSLib"],"gold_per_floor":[115,135,135,153,153,153,166,166,182,200,200,231,49,78,7,32,32,127,127,143,162,210,229,54,87,87,119,119,119,45,120,120,133,133,237,537,555,568,86,137,26,61,61,88,88,88,121,121,136,147,147,147],"floor_reached":53,"language":"ENG","playtime":4652,"items_purged":["Strike_B","Shame","Hallucinations"],"score":931,"play_id":"a11f951d-eba6-4f67-aed2-672c10bcb4ac","local_time":"20210130014326","is_ascension_mode":true,"campfire_choices":[{"data":"Defragment","floor":8.0,"key":"SMITH"},{"data":"Hello World","floor":17.0,"key":"SMITH"},{"data":"Defragment","floor":26.0,"key":"SMITH"},{"data":"Buffer","floor":29.0,"key":"SMITH"},{"data":"White Noise","floor":32.0,"key":"SMITH"},{"data":"Crystallizer","floor":34.0,"key":"SMITH"},{"data":"Echo Form","floor":43,"key":"SMITH"},{"data":"White Noise","floor":46,"key":"SMITH"},{"data":"White Noise","floor":48,"key":"SMITH"},{"data":"Consume","floor":48,"key":"SMITH"},{"data":"Blizzard","floor":51,"key":"SMITH"},{"data":"FIFO Queue","floor":51,"key":"SMITH"}],"circlet_count":0,"master_deck":["Defend_B","Zap","Dualcast","ReplayTheSpireMod:GoodbyeWorld","Cold Snap+1","Defragment+1","Cold Snap+1","Cold Snap+1","Heatsinks","White Noise+1","Hello World+1","BasicCrystalCard+1","BootSequence","Glacier","Consume+1","Buffer+1","Clumsy","Heatsinks+1","Barrage","Cold Snap+1","Skim+1","Defragment+1","Coolheaded","Coolheaded","Self Repair","Crystallizer+1","Echo Form+1","CommonCold","Regret","Heatsinks+1","Hello World+1","FIFO Queue+1","White Noise+1","Blizzard+1","FIFO Queue","Hello World+1","Gash+1","White Noise+1"],"relics":["Cracked Core","Replay:Bottled Eggs","Mummified Hand","Letter Opener","Replay:Accelerometer","Kintsugi","Tiny Chest","Iron Hammer","ReplayTheSpireMod:TigerMarble","Bird Faced Urn","Replay:Ancient Bell","Replay:Wax Seal","Blue Candle","Old Coin","Unceasing Top","Lizard Tail","Vajra","Calipers","Quantum Egg","Replay:Arrowhead"],"acts_visited":["Exordium","TheCity","TheBeyond"],"potions_floor_usage":[40,44,44],"damage_taken":[{"damage":0.0,"enemies":"Cultist","floor":1.0,"turns":3.0},{"damage":2.0,"enemies":"Jaw Worm","floor":2.0,"turns":4.0},{"damage":2.0,"enemies":"2 Louse","floor":4.0,"turns":2.0},{"damage":0.0,"enemies":"Exordium Wildlife","floor":7.0,"turns":3.0},{"damage":0.0,"enemies":"Gremlin Gang","floor":9.0,"turns":2.0},{"damage":5.0,"enemies":"Blue Slaver","floor":10.0,"turns":4.0},{"damage":9.0,"enemies":"3 Sentries","floor":12.0,"turns":8.0},{"damage":6.0,"enemies":"Replay:BlueRogue","floor":14.0,"turns":5.0},{"damage":0.0,"enemies":"3 Sentries","floor":16.0,"turns":9.0},{"damage":8.0,"enemies":"The Guardian","floor":18.0,"turns":10.0},{"damage":0.0,"enemies":"Shell Parasite","floor":20.0,"turns":6.0},{"damage":2.0,"enemies":"Chosen","floor":21.0,"turns":6.0},{"damage":0.0,"enemies":"Snecko","floor":23.0,"turns":4.0},{"damage":2.0,"enemies":"Book of Stabbing","floor":25.0,"turns":9.0},{"damage":6.0,"enemies":"Slavers","floor":27.0,"turns":7.0},{"damage":0.0,"enemies":"Centurion and Healer","floor":33.0,"turns":6.0},{"damage":16,"enemies":"Champ","floor":35,"turns":19},{"damage":5,"enemies":"Orb Walker","floor":37,"turns":4},{"damage":32,"enemies":"3 Darklings","floor":38,"turns":7},{"damage":12,"enemies":"2 Orb Walkers","floor":40,"turns":6},{"damage":34,"enemies":"R_Hoarder","floor":42,"turns":10},{"damage":13,"enemies":"Reptomancer","floor":44,"turns":9},{"damage":10,"enemies":"Nemesis","floor":47,"turns":5},{"damage":25,"enemies":"Writhing Mass","floor":49,"turns":3},{"damage":34,"enemies":"Transient","floor":50,"turns":5},{"damage":14,"enemies":"Time Eater","floor":52,"turns":7}],"seed_played":"2183471144038617890","potions_obtained":[{"floor":2.0,"key":"AttackPotion"},{"floor":10.0,"key":"Elixir"},{"floor":12.0,"key":"Fire Potion"},{"floor":14.0,"key":"Elixir"},{"floor":18.0,"key":"Fire Potion"},{"floor":20.0,"key":"Weak Potion"},{"floor":35,"key":"Adrenaline Potion"},{"floor":40,"key":"Weak Potion"},{"floor":42,"key":"DuplicationPotion"},{"floor":47,"key":"Swift Potion"}],"is_trial":false,"path_per_floor":["M","M","?","M","PTL","PTL","M","R","M","M","T","E","$","E","$","E","R","B",null,"M","M","?","M","$","E","R","E","T","R","$","?","R","M","R","B",null,"M","M","$","?","$","E","R","E","T","R","E","R","M","M","R","B",null],"character_chosen":"DEFECT","items_purchased":["Hello World","BasicCrystalCard+1","Glacier","Defragment","Self Repair","Unceasing Top","FIFO Queue","Blizzard","FIFO Queue"],"campfire_rested":0,"item_purchase_floors":[13,13,15,24,30,39,39,41,41],"current_hp_per_floor":[75,73,73,71,71,71,71,71,71,66,66,57,57,51,51,51,51,43,75,75,73,73,73,73,71,71,65,65,65,65,58,58,75,75,66,75,75,75,75,75,75,48,48,68,68,68,75,75,75,68,68,75],"gold":147,"neow_bonus":"RANDOM_EVENT","is_daily":false,"chose_seed":false,"campfire_upgraded":12,"win_rate":0.0,"timestamp":1611999806,"path_taken":["M","?","?","M","PTL","PTL","M","R","M","M","T","E","?","E","?","E","R","BOSS","M","M","?","M","$","E","R","E","T","R","$","?","R","M","R","BOSS","M","?","$","?","$","E","R","E","T","R","E","R","M","M","R","BOSS"],"items_purchased_type":["Card","Card","Card","Card","Card","Relic","Card","Card","Card"],"build_version":"2020-12-22","purchased_purges":3,"victory":true,"max_hp_per_floor":[75,75,75,75,75,75,75,75,75,75,75,75,75,75,75,75,75,75,75,75,75,75,75,75,75,75,75,75,75,75,75,75,75,75,75,75,75,75,75,75,75,75,75,75,75,75,75,75,75,75,75,75],"relic_stats":{"Lizard Tail":0,"counters":[26,163],"Mummified Hand":[215],"Bird Faced Urn":[152],"Blue Candle":[7],"Tiny Chest":0,"Letter Opener":[357],"obtain_stats":[{"Replay:Accelerometer":16,"Calipers":44,"Blue Candle":36,"Quantum Egg":45,"Vajra":42,"Replay:Ancient Bell":36,"Letter Opener":14,"Replay:Arrowhead":47,"Old Coin":36,"Lizard Tail":40,"Mummified Hand":12,"Bird Faced Urn":28,"Tiny Chest":22,"Iron Hammer":25,"ReplayTheSpireMod:TigerMarble":27,"Replay:Bottled Eggs":11,"Kintsugi":19,"Replay:Wax Seal":36,"Cracked Core":0,"Unceasing Top":39},{"Replay:Accelerometer":9,"Calipers":22,"Blue Candle":17,"Quantum Egg":22,"Vajra":21,"Replay:Ancient Bell":17,"Letter Opener":8,"Replay:Arrowhead":23,"Old Coin":17,"Lizard Tail":20,"Mummified Hand":7,"Bird Faced Urn":15,"Tiny Chest":12,"Iron Hammer":14,"ReplayTheSpireMod:TigerMarble":15,"Replay:Bottled Eggs":6,"Kintsugi":10,"Replay:Wax Seal":17,"Cracked Core":0,"Unceasing Top":19},{"Replay:Accelerometer":40,"Calipers":143,"Blue Candle":107,"Quantum Egg":143,"Vajra":134,"Replay:Ancient Bell":107,"Letter Opener":31,"Replay:Arrowhead":148,"Old Coin":107,"Lizard Tail":124,"Mummified Hand":26,"Bird Faced Urn":82,"Tiny Chest":62,"Iron Hammer":75,"ReplayTheSpireMod:TigerMarble":82,"Replay:Bottled Eggs":18,"Kintsugi":50,"Replay:Wax Seal":107,"Cracked Core":0,"Unceasing Top":118}],"Unceasing Top":[16]},"card_choices":[{"not_picked":["Compile Driver","Sweeping Beam"],"picked":"ReplayTheSpireMod:GoodbyeWorld","floor":1.0},{"not_picked":["Leap","Rebound"],"picked":"Cold Snap","floor":2.0},{"not_picked":["Cold Snap","Go for the Eyes"],"picked":"Defragment","floor":4.0},{"not_picked":["Reinforced Body","Rainbow"],"picked":"Cold Snap","floor":7.0},{"not_picked":["Sweeping Beam","BasicCrystalCard"],"picked":"Cold Snap","floor":9.0},{"not_picked":["Conserve Battery","Turbo"],"picked":"Heatsinks","floor":10.0},{"not_picked":["Steam","Lockon"],"picked":"White Noise","floor":12.0},{"not_picked":["Hologram","BasicCrystalCard"],"picked":"BootSequence","floor":14.0},{"not_picked":["Gash","Undo"],"picked":"Consume","floor":16.0},{"not_picked":["All For One","Rainbow"],"picked":"Buffer","floor":18.0},{"not_picked":["Chaos","Stack"],"picked":"Heatsinks+1","floor":20.0},{"not_picked":["Tempest","Rebound"],"picked":"Barrage","floor":21.0},{"not_picked":["BasicCrystalCard+1","Meteor Strike"],"picked":"Cold Snap","floor":22.0},{"not_picked":["Redo+1","Lockon"],"picked":"Skim+1","floor":22.0},{"not_picked":["Gash","Redo","BootSequence"],"picked":"SKIP","floor":23.0},{"not_picked":["Rebound","Go for the Eyes"],"picked":"Coolheaded","floor":25.0},{"not_picked":["Consume","Conserve Battery"],"picked":"Coolheaded","floor":27.0},{"not_picked":["ReplayTheSpireMod:GoodbyeWorld","Beam Cell"],"picked":"Crystallizer","floor":33.0},{"not_picked":["All For One","Electrodynamics"],"picked":"Echo Form","floor":35},{"not_picked":["Replay:Hysterical Blindness","ReplayTheSpireMod:IOU"],"picked":"CommonCold","floor":36},{"not_picked":["AbeCurse","ReplayTheSpireMod:Faulty Equipment"],"picked":"Hallucinations","floor":36},{"not_picked":["ReplayTheSpireMod:Doomed","Amnesia"],"picked":"Regret","floor":36},{"not_picked":["ReplayTheSpireMod:GoodbyeWorld","Biased Cognition"],"picked":"Heatsinks+1","floor":37},{"not_picked":["Gash+1","Cold Snap"],"picked":"Hello World+1","floor":38},{"not_picked":["Streamline","ReplaySolidLightProjector+1"],"picked":"White Noise","floor":40},{"not_picked":["Go for the Eyes","ReplayTheSpireMod:Calculation Training+1"],"picked":"Hello World+1","floor":42},{"not_picked":["Capacitor+1","Darkness"],"picked":"Gash+1","floor":44},{"not_picked":["Steam+1","Beam Cell+1"],"picked":"White Noise","floor":47},{"not_picked":["Time Bomb","Steam","Consume"],"picked":"SKIP","floor":49},{"not_picked":["Steam","Genetic Algorithm","Streamline+1"],"picked":"SKIP","floor":50}],"player_experience":364559,"relics_obtained":[{"floor":11.0,"key":"Replay:Bottled Eggs"},{"floor":12.0,"key":"Mummified Hand"},{"floor":14.0,"key":"Letter Opener"},{"floor":16.0,"key":"Replay:Accelerometer"},{"floor":22.0,"key":"Tiny Chest"},{"floor":25.0,"key":"Iron Hammer"},{"floor":27.0,"key":"ReplayTheSpireMod:TigerMarble"},{"floor":28.0,"key":"Bird Faced Urn"},{"floor":40,"key":"Lizard Tail"},{"floor":42,"key":"Vajra"},{"floor":44,"key":"Calipers"},{"floor":45,"key":"Quantum Egg"},{"floor":47,"key":"Replay:Arrowhead"}],"event_choices":[{"cards_removed":["Strike_B"],"damage_healed":0.0,"max_hp_gain":0.0,"max_hp_loss":0.0,"gold_gain":0.0,"event_name":"Living Wall","player_choice":"Forget","floor":0.0,"gold_loss":0.0,"damage_taken":0.0},{"damage_healed":0.0,"max_hp_gain":0.0,"max_hp_loss":0.0,"gold_gain":0.0,"event_name":"The Woman in Blue","player_choice":"Bought 0 Potions","floor":3.0,"gold_loss":0.0,"damage_taken":0.0},{"damage_healed":0.0,"max_hp_gain":0.0,"max_hp_loss":0.0,"gold_gain":75.0,"event_name":"FaceTrader","player_choice":"Touch","floor":31.0,"gold_loss":0.0,"damage_taken":7.0},{"damage_healed":0,"gold_gain":0,"player_choice":"Fight","damage_taken":0,"max_hp_gain":0,"max_hp_loss":0,"event_name":"Mysterious Sphere","floor":40,"gold_loss":0}],"is_beta":false,"boss_relics":[{"not_picked":["Ring of Chaos","ReplayTheSpireMod:DimensionalGlitch"],"picked":"Kintsugi"},{"not_picked":["Runic Pyramid","Runic Dome"],"picked":"Replay:Ancient Bell"},{"not_picked":["Smiling Mask","Blue Doll"],"picked":"Replay:Wax Seal"},{"not_picked":["Snack Pack","Pantograph"],"picked":"Blue Candle"},{"not_picked":["Replay:Kaleidoscope","Durian"],"picked":"Old Coin"}],"items_purged_floors":[13,24,39],"is_endless":false,"potions_floor_spawned":[2,10,12,14,18,20,21,35,40,42,47],"ascension_level":2}}