{"host":"Tuck","time":1611982858,"event":{"mods":["BaseMod","Minty Spire (QoL Compilation)","StSLib"],"gold_per_floor":[111,61,78,78,78,410,425,455,455,486,499,14,42,42,42,144,144,161,178,36,68,68,100,100,144,168,168,183,183,215,224,224,331,331,347,365,376,376,385,433,460,491,541,541,214,227,266,488,488,488,488,488,233,284,284],"floor_reached":56,"language":"ENG","playtime":5184,"items_purged":[],"score":1475,"play_id":"63b257b2-1580-4967-8f24-2c7fc9b4470c","local_time":"20210129220058","is_ascension_mode":true,"campfire_choices":[{"data":"Apotheosis","floor":15.0,"key":"SMITH"},{"data":"1","floor":24.0,"key":"LIFT"},{"data":"2","floor":27.0,"key":"LIFT"},{"data":"3","floor":32.0,"key":"LIFT"},{"floor":44,"key":"RECALL"},{"floor":49,"key":"REST"},{"floor":52,"key":"REST"}],"circlet_count":0,"master_deck":["Defend_B","Defend_B","Defend_B","Defend_B","Zap","Dualcast","Cold Snap+1","Coolheaded","Conserve Battery","Swift Strike","Barrage+1","Conserve Battery","Consume","Loop","Hologram","Doom and Gloom","Self Repair","Apotheosis+1","Fission+1","Echo Form","Coolheaded+1","Defragment","Loop","Go for the Eyes","Hologram","Conserve Battery","Fusion","Reinforced Body","Ball Lightning","Seek+1","Meteor Strike","Seek+1","Recycle","Double Energy+1","Coolheaded","Recycle","Glacier","Skim","Capacitor+1","Recycle","Machine Learning+1","Loop+1","Creative AI+1"],"relics":["Inserter","Old Coin","Blue Candle","Kunai","Oddly Smooth Stone","Lantern","Girya","Nuclear Battery","Red Mask","Toy Ornithopter","CeramicFish","Bag of Marbles","Bag of Preparation","StrikeDummy","Bottled Lightning","Fusion Hammer","Frozen Egg 2","Pocketwatch","Omamori","Mummified Hand","OrangePellets","Strawberry","Ice Cream","Whetstone"],"acts_visited":["Exordium","TheCity","TheBeyond","TheEnding"],"potions_floor_usage":[],"damage_taken":[{"damage":3.0,"enemies":"Small Slimes","floor":1.0,"turns":3.0},{"damage":0.0,"enemies":"Jaw Worm","floor":3.0,"turns":5.0},{"damage":8.0,"enemies":"Lagavulin","floor":6.0,"turns":11.0},{"damage":1.0,"enemies":"2 Louse","floor":7.0,"turns":3.0},{"damage":38.0,"enemies":"Gremlin Nob","floor":8.0,"turns":6.0},{"damage":0.0,"enemies":"Lagavulin","floor":10.0,"turns":9.0},{"damage":15.0,"enemies":"Exordium Thugs","floor":11.0,"turns":6.0},{"damage":5.0,"enemies":"3 Sentries","floor":13.0,"turns":8.0},{"damage":7.0,"enemies":"The Guardian","floor":16.0,"turns":9.0},{"damage":0.0,"enemies":"Shell Parasite","floor":18.0,"turns":6.0},{"damage":9.0,"enemies":"3 Byrds","floor":19.0,"turns":4.0},{"damage":24.0,"enemies":"Masked Bandits","floor":21.0,"turns":6.0},{"damage":9.0,"enemies":"Book of Stabbing","floor":23.0,"turns":6.0},{"damage":4.0,"enemies":"Slavers","floor":25.0,"turns":8.0},{"damage":0.0,"enemies":"3 Cultists","floor":28.0,"turns":7.0},{"damage":29.0,"enemies":"Gremlin Leader","floor":30.0,"turns":9.0},{"damage":1.0,"enemies":"Champ","floor":33.0,"turns":13.0},{"damage":0.0,"enemies":"3 Shapes","floor":35.0,"turns":4.0},{"damage":0.0,"enemies":"3 Darklings","floor":36.0,"turns":9.0},{"damage":0.0,"enemies":"Writhing Mass","floor":37.0,"turns":7.0},{"damage":0,"enemies":"Reptomancer","floor":40,"turns":5},{"damage":0,"enemies":"Maw","floor":41,"turns":7},{"damage":5,"enemies":"Nemesis","floor":42,"turns":5},{"damage":0,"enemies":"Jaw Worm Horde","floor":46,"turns":3},{"damage":0,"enemies":"Reptomancer","floor":47,"turns":8},{"damage":4,"enemies":"Donu and Deca","floor":50,"turns":11},{"damage":3,"enemies":"Shield and Spear","floor":54,"turns":10},{"damage":3,"enemies":"The Heart","floor":55,"turns":11}],"seed_played":"-4271647331801479562","potions_obtained":[{"floor":6.0,"key":"Energy Potion"},{"floor":10.0,"key":"Regen Potion"},{"floor":13.0,"key":"Ancient Potion"},{"floor":16.0,"key":"EssenceOfDarkness"}],"is_trial":false,"path_per_floor":["M","?","M","?","?","E","M","E","T","E","M","$","E","$","R","B",null,"M","M","$","?","?","E","R","E","T","R","M","?","E","M","R","B",null,"M","M","M","T","?","E","M","E","T","R","$","M","E","?","R","B",null,"R","$","E","B",null],"character_chosen":"DEFECT","items_purchased":["Lantern","Doom and Gloom","Self Repair","Apotheosis","Loop","Go for the Eyes","Hologram","Recycle","Mummified Hand","Ice Cream"],"campfire_rested":2,"item_purchase_floors":[12,12,12,12,20,20,20,45,45,53],"current_hp_per_floor":[72,72,72,72,72,64,63,25,25,25,24,24,29,29,29,32,75,75,73,73,56,56,47,47,43,43,43,63,63,44,41,41,50,75,75,75,75,75,75,75,75,75,75,75,75,75,82,82,82,82,82,82,82,82,82],"gold":284,"neow_bonus":"BOSS_RELIC","is_daily":false,"chose_seed":false,"campfire_upgraded":1,"win_rate":0.0,"timestamp":1611982858,"path_taken":["M","?","M","?","?","E","?","E","T","E","M","$","E","?","R","BOSS","M","M","$","?","?","E","R","E","T","R","M","?","E","M","R","BOSS","M","M","M","?","?","E","?","E","T","R","$","M","E","?","R","BOSS","R","$","E","BOSS"],"items_purchased_type":["Relic","Card","Card","Card","Card","Card","Card","Card","Relic","Relic"],"build_version":"2020-12-18","purchased_purges":0,"victory":true,"max_hp_per_floor":[75,75,75,75,75,75,75,75,75,75,75,75,75,75,75,75,75,75,75,75,75,75,75,75,75,75,75,75,75,75,75,75,75,75,75,75,75,75,75,75,75,75,75,75,75,75,82,82,82,82,82,82,82,82,82],"card_choices":[{"not_picked":["Genetic Algorithm","Barrage"],"picked":"Cold Snap","floor":1.0},{"not_picked":["Chill","Steam"],"picked":"Coolheaded","floor":3.0},{"not_picked":["Auto Shields","Undo"],"picked":"Barrage","floor":6.0},{"not_picked":["Barrage","Force Field"],"picked":"Conserve Battery","floor":7.0},{"not_picked":["Static Discharge","Beam Cell"],"picked":"Consume","floor":8.0},{"not_picked":["Redo","Gash"],"picked":"Loop","floor":10.0},{"not_picked":["Force Field","Rip and Tear"],"picked":"Hologram","floor":11.0},{"not_picked":["Gash","Storm"],"picked":"Fission","floor":13.0},{"not_picked":["Reboot","Buffer"],"picked":"Echo Form","floor":16.0},{"not_picked":["Leap","Go for the Eyes"],"picked":"Coolheaded+1","floor":18.0},{"not_picked":["Chill+1","Rip and Tear"],"picked":"Defragment","floor":19.0},{"not_picked":["Conserve Battery","Steam"],"picked":"Reinforced Body","floor":23.0},{"not_picked":["Turbo+1","Lockon"],"picked":"Ball Lightning","floor":25.0},{"not_picked":["BootSequence","Scrape","Hologram"],"picked":"SKIP","floor":28.0},{"not_picked":["Turbo","Amplify","Gash"],"picked":"SKIP","floor":30.0},{"not_picked":["Amplify","Reboot"],"picked":"Meteor Strike","floor":33.0},{"not_picked":["Redo+1","Leap+1","Steam+1"],"picked":"SKIP","floor":35.0},{"not_picked":["Reinforced Body+1","Stack+1","Beam Cell"],"picked":"SKIP","floor":36.0},{"not_picked":["Barrage+1","Hologram","Streamline+1"],"picked":"SKIP","floor":37},{"not_picked":["Streamline","Hello World+1"],"picked":"Double Energy+1","floor":40},{"not_picked":["Turbo","Stack"],"picked":"Coolheaded","floor":41},{"not_picked":["Beam Cell+1","Static Discharge+1","Multi-Cast"],"picked":"SKIP","floor":42},{"not_picked":["Leap+1","Barrage+1","Gash"],"picked":"SKIP","floor":46},{"not_picked":["Leap+1","Steam"],"picked":"Glacier","floor":47},{"not_picked":["Thunder Strike","Amplify"],"picked":"Loop+1","floor":54}],"player_experience":2296378,"relics_obtained":[{"floor":6.0,"key":"Old Coin"},{"floor":8.0,"key":"Blue Candle"},{"floor":9.0,"key":"Kunai"},{"floor":10.0,"key":"Oddly Smooth Stone"},{"floor":13.0,"key":"Girya"},{"floor":21.0,"key":"Red Mask"},{"floor":23.0,"key":"Toy Ornithopter"},{"floor":25.0,"key":"CeramicFish"},{"floor":26.0,"key":"Bag of Marbles"},{"floor":30.0,"key":"StrikeDummy"},{"floor":40,"key":"Frozen Egg 2"},{"floor":42,"key":"Pocketwatch"},{"floor":43,"key":"Omamori"},{"floor":47,"key":"Strawberry"},{"floor":54,"key":"Whetstone"}],"event_choices":[{"cards_removed":["Strike_B"],"damage_healed":0.0,"max_hp_gain":0.0,"max_hp_loss":0.0,"gold_gain":0.0,"event_name":"The Cleric","player_choice":"Card Removal","floor":2.0,"gold_loss":50.0,"damage_taken":0.0},{"damage_healed":0.0,"max_hp_gain":0.0,"max_hp_loss":0.0,"gold_gain":0.0,"cards_transformed":["Strike_B"],"event_name":"Living Wall","player_choice":"Change","floor":4.0,"gold_loss":0.0,"damage_taken":0.0,"cards_obtained":["Conserve Battery"]},{"damage_healed":0.0,"max_hp_gain":0.0,"max_hp_loss":0.0,"gold_gain":0.0,"event_name":"Match and Keep!","player_choice":"1 cards matched","floor":5.0,"gold_loss":0.0,"damage_taken":0.0,"cards_obtained":["Swift Strike"]},{"damage_healed":0.0,"max_hp_gain":0.0,"max_hp_loss":0.0,"gold_gain":0.0,"event_name":"Masked Bandits","player_choice":"Fought Bandits","floor":21.0,"gold_loss":0.0,"damage_taken":0.0},{"damage_healed":0.0,"max_hp_gain":0.0,"max_hp_loss":0.0,"gold_gain":0.0,"cards_transformed":["Strike_B","Strike_B"],"event_name":"Drug Dealer","player_choice":"Became Test Subject","floor":22.0,"gold_loss":0.0,"damage_taken":0.0,"cards_obtained":["Conserve Battery","Fusion"]},{"damage_healed":0.0,"max_hp_gain":0.0,"max_hp_loss":0.0,"gold_gain":0.0,"event_name":"Accursed Blacksmith","player_choice":"Forge","floor":29.0,"gold_loss":0.0,"damage_taken":0.0,"cards_upgraded":["Fission"]},{"damage_healed":0,"gold_gain":0,"player_choice":"Copied","damage_taken":0,"max_hp_gain":0,"max_hp_loss":0,"event_name":"Duplicator","floor":39,"gold_loss":0,"cards_obtained":["Seek"]},{"damage_healed":0,"gold_gain":222,"player_choice":"Wore Mask","damage_taken":0,"max_hp_gain":0,"max_hp_loss":0,"event_name":"Tomb of Lord Red Mask","floor":48,"gold_loss":0}],"is_beta":true,"boss_relics":[{"not_picked":["Philosopher\u0027s Stone","Velvet Choker"],"picked":"Nuclear Battery"},{"not_picked":["Black Star","Calling Bell"],"picked":"Fusion Hammer"}],"items_purged_floors":[],"is_endless":false,"potions_floor_spawned":[6,10,13,16,23,25,33,37,40,42,47],"ascension_level":1}}