{"host":"p34rppyhk302xzzg","time":1611983686,"event":{"mods":["Act Like it!","Ascension Reborn","BaseMod","Better Vampires","BetterRewards","Colored Map","Gensokyo","Googly Eyes","Hallownest","Koishi","Lobotomy","LobotomyExtend","Marisa£®ÏF”Í°°ƒß¿Ì…≥£©","Minty Spire (QoL Compilation)","Pale of the Ancients","Quick Restart","Reimu£®≤©¿ˆ¡È√Œ£©","Remilia£®¿Ÿ√◊¿Ú—«£©","Replay The Spire","SOS£®Àπ∞Õ¥Ô÷Æ◊”£©","StSLib","The Administrix","The Bug Knight","UnlockEverythingMod","Waifu the Spire","Yakumo Yukari mod","Youmu£®ªÍ∆«—˝√Œ£©","noobMod","°æ“≈ŒÔø®≈∆°øREMEMod"],"gold_per_floor":[169,222,222,222,107,107,127,127,127,146,146,146,159,159,171,106,106,224,224,241,151,151,151,173,204,221,221,251,292,309,339,355,377,377,497,497,510,510,570,815,832,832,863,863,863,863,863,900,69,69,69,77,77,77,101,123,147,147,147,147,147,147,147,147],"floor_reached":65,"language":"ZHS","playtime":4614,"items_purged":[],"score":1084,"play_id":"f8859470-35f8-4391-81f1-dd95876873b4","local_time":"20210130131446","is_ascension_mode":true,"campfire_choices":[{"data":"Attack_a","floor":6,"key":"SMITH"},{"data":"LucifercomboB","floor":12,"key":"SMITH"},{"data":"Gunstinger","floor":17,"key":"SMITH"},{"floor":27,"key":"RECALL"},{"floor":34,"key":"DIG"},{"data":"GilgameshcomboA","floor":42,"key":"SMITH"},{"data":"Splesh","floor":46,"key":"SMITH"},{"data":"Chargeshoot","floor":59,"key":"SMITH"},{"data":"Shoot","floor":61,"key":"SMITH"}],"circlet_count":0,"master_deck":["Attack_a+1","Attack_b","Shoot+1","Shoot+1","Provocation+1","Defend_Dante","Defend_Dante+1","Defend_Dante","GilgameshcomboA+1","Lucifer+1","LucifercomboB+1","Royaldefend+1","Gunstinger+1","Rebellion+1","LucifercomboA+1","Demonreform+1","Dazed","Hallownest:curseDreamersLament","BeastUppercut+1","Chargeshoot+1","Stinger+1","Splesh+1","EbonyIvory+1","Dazed","Airhike+1","Dash2+1","Darkslayer+1","LucifercomboC+1","Voices","Greed_TH","Hallucinations","Airhike+1","Whiteorb+1","Swordmaster+1","Pot Of Greed+1","Pot Of Greed+1","Pot Of Greed+1","Stinger+1","Pot Of Greed+1","Gensokyo:ManorOfTheDishes+1","Gensokyo:BlemishedSteel","Darkslayer+1","Airhike+1","Weaponreturn+1","Airhike+1","Chargeshoot+1","ReplayTheSpireMod:IOU","Kick13+1"],"relics":["SSS","Combocheck","REME_ComplimentaryCards","ice","Lee\u0027s Waffle","Nunchaku","Snack Pack","Replay:Kaleidoscope","LetterFromLob","ReplayTheSpireMod:Ninjato","Dream Catcher","Eternal Feather","Odd Mushroom","Toxic Egg 2","HonorFeather","MagicBullet_r","Moonlight_r","Replay:Bronze Core","Hallownest:StagBellRelic1","Hallownest:WatcherSealRelic","Onion Ring","Sundial","Anchor","Replay:Baseball","War Paint","HollowMod:PaleOreRelic","REME_DuelDisc","Pantograph","Ring of Greed","Golden Egg","Membership Card","Ring of Panic","Orichalcum","HollowMod:StagPassRelic","Grinning Jar","Kunai","HandDrill","Frozen Eye","DollysMirror","paleoftheancients:Timepiece","paleoftheancients:KeyRelic","Bronze Scales","CultistMask","paleoftheancients:SoulOfTheShapes","paleoftheancients:BlurryLens","Garlic","Pet Ghost","Mastiff:ReiMu","Incense Burner"],"acts_visited":["Exordium","Hallownest:Greenpath","Hallownest:CityofTears","Gensokyo:Gensokyoest"],"potions_floor_usage":[14,24,25,48,54,55,60,60],"damage_taken":[{"damage":12,"enemies":"Hallownest:2_MossCreeps","floor":1,"turns":6},{"damage":0,"enemies":"2_ Uuma","floor":2,"turns":3},{"damage":0,"enemies":"Hallownest:monsterHuskWarrior","floor":7,"turns":2},{"damage":12,"enemies":"Hallownest:1_Baldur_1_Crawlid_1_Warrior","floor":10,"turns":4},{"damage":3,"enemies":"Hallownest:monsterMossCharger","floor":13,"turns":3},{"damage":96,"enemies":"Hallownest:2_Tiktiks_1_Baldur_1_Crawlid","floor":14,"turns":5},{"damage":2,"enemies":"Hallownest:2_Tiktiks_1_Baldur_1_Crawlid","floor":15,"turns":2},{"damage":2,"enemies":"Hallownest:BossBrokenVessel","floor":18,"turns":3},{"damage":0,"enemies":"Hallownest:2_Mistakes","floor":20,"turns":2},{"damage":8,"enemies":"Hallownest:Guard_and_Sentry","floor":24,"turns":2},{"damage":15,"enemies":"Hallownest:eliteWatcherKnight","floor":25,"turns":8},{"damage":2,"enemies":"Hallownest:monsterMisterMushroom","floor":26,"turns":3},{"damage":28,"enemies":"Hallownest:Nosk","floor":29,"turns":7},{"damage":1,"enemies":"Hallownest:3_Mistakes","floor":30,"turns":2},{"damage":0,"enemies":"Hallownest:eliteSoulWarrior","floor":31,"turns":2},{"damage":1,"enemies":"Hallownest:Master_and_Novice","floor":32,"turns":3},{"damage":30,"enemies":"Hallownest:2_Flukemon","floor":33,"turns":4},{"damage":7,"enemies":"Hallownest:BossGrimm","floor":35,"turns":3},{"damage":0,"enemies":"Gensokyo:3_Bats","floor":37,"turns":3},{"damage":22,"enemies":"Gensokyo:3_Boulders","floor":41,"turns":3},{"damage":0,"enemies":"Gensokyo:Marisa","floor":43,"turns":4},{"damage":6,"enemies":"Gensokyo:Kasen","floor":48,"turns":4},{"damage":1,"enemies":"Gensokyo:Sharpion","floor":52,"turns":2},{"damage":0,"enemies":"Gensokyo:Scarlet_Devils","floor":54,"turns":3},{"damage":134,"enemies":"Gensokyo:Scarlet_Devils","floor":55,"turns":7},{"damage":0,"enemies":"Gensokyo:Scarlet_Devils","floor":56,"turns":2},{"damage":21,"enemies":"paleoftheancients:BASlime2","floor":57,"turns":1},{"damage":2442,"enemies":"paleoftheancients:BASlime2","floor":60,"turns":10},{"damage":1,"enemies":"paleoftheancients:N","floor":64,"turns":3}],"seed_played":"8130163290298994642","potions_obtained":[{"floor":10,"key":"Dexterity Potion"},{"floor":15,"key":"Explosive Potion"},{"floor":24,"key":"Elixir"},{"floor":25,"key":"DuplicationPotion"},{"floor":29,"key":"Doom Potion"},{"floor":31,"key":"PanachePotion"},{"floor":48,"key":"ColorlessPotion"},{"floor":55,"key":"Fire Potion"}],"is_trial":false,"path_per_floor":["M","M","?","?","?","R","M","PTL","PTL","M","T","R","M","M","M","$","R","B",null,"M","?","?","?","M","E","M","R","T","E","M","E","M","M","R_BF","B",null,"M","?","?","?","M","R","E","PTL","PTL","R","T","E","COS","?","?","M","R_BF","B","M","M","M","T","R","M","R","T","?","B",null],"character_chosen":"DANTE","items_purchased":["Lee\u0027s Waffle","Nunchaku","Snack Pack","Dash2+1","GilgameshcomboA","DT","Stinger","Rebellion","LucifercomboA+1"],"campfire_rested":0,"item_purchase_floors":[0,0,0,0,0,0,0,16,16],"current_hp_per_floor":[80,80,52,88,88,92,92,92,92,80,80,88,88,57,61,61,98,105,105,105,105,105,105,97,113,114,114,114,114,118,118,117,99,126,138,138,139,139,139,139,140,140,143,143,143,144,144,139,124,124,124,132,148,154,149,160,156,156,160,956,956,956,956,981],"gold":147,"neow_bonus":"","is_daily":false,"chose_seed":false,"campfire_upgraded":7,"win_rate":0.0,"timestamp":1611983686,"path_taken":["M","M","?","?","?","R","?","PTL","PTL","M","T","R","?","M","M","?","R","BOSS","M","?","?","?","M","E","M","R","T","E","M","E","M","M","R_BF","BOSS","M","?","?","?","?","R","E","PTL","PTL","R","T","E","COS","?","?","M","R_BF","BOSS","M","M","?","T","R","M","R","T","?","BOSS"],"items_purchased_type":["Relic","Relic","Relic","Card","Card","Card","Card","Card","Card"],"build_version":"2020-12-22","purchased_purges":0,"victory":true,"max_hp_per_floor":[92,92,92,92,92,92,92,92,92,92,92,92,92,93,98,98,98,105,105,105,105,105,105,108,113,114,114,114,116,118,118,118,126,126,138,138,139,139,139,139,140,140,144,144,144,144,144,147,147,147,147,148,148,154,160,160,160,160,160,956,956,956,956,981],"card_choices":[{"not_picked":["Weaponchange","Hightime"],"picked":"SSScard","floor":1},{"not_picked":["Hightime","Greenorb"],"picked":"Honeycombofire","floor":2},{"not_picked":["Whiteorb","LucifercomboA"],"picked":"Lucifer","floor":7},{"not_picked":["Dash2","Hightime"],"picked":"LucifercomboB","floor":10},{"not_picked":["Weaponreturn+1","Shock"],"picked":"Royaldefend+1","floor":13},{"not_picked":["Greenorb+1","GilgameshcomboA"],"picked":"Gunstinger","floor":15},{"not_picked":["Enemystep+1","Goldorb+1"],"picked":"Demonreform+1","floor":18},{"not_picked":["Rebellion","VitalstarM+1"],"picked":"CoyoteA","floor":20},{"not_picked":["Weaponchange+1","Royaldefend+1"],"picked":"BeastUppercut+1","floor":24},{"not_picked":["Kick13","Fullhouse"],"picked":"Chargeshoot","floor":25},{"not_picked":["GilgameshcomboA","Honeycombofire+1"],"picked":"Stinger+1","floor":26},{"not_picked":["Hightime+1","Gunslinger+1"],"picked":"Splesh","floor":29},{"not_picked":["Millionkick","VitalstarS+1"],"picked":"EbonyIvory","floor":30},{"not_picked":["Holywater+1","Airhike+1"],"picked":"BeastUppercut","floor":31},{"not_picked":["Holywater+1","Lucifer"],"picked":"Airhike+1","floor":32},{"not_picked":["Weaponupgrade+1","Shock"],"picked":"Dash2+1","floor":33},{"not_picked":["Enemystep+1","Royalguard+1"],"picked":"Darkslayer+1","floor":35},{"not_picked":["Gilgamesh+1","Greenorb+1"],"picked":"LucifercomboC+1","floor":37},{"not_picked":["Gunslinger+1","Millionkick"],"picked":"Airhike+1","floor":40},{"not_picked":["Honeycombofire+1","DevilstarS+1"],"picked":"Whiteorb+1","floor":41},{"not_picked":["Doubleshoot","Lucifer"],"picked":"Swordmaster+1","floor":43},{"not_picked":["Fullhouse+1","Gilgamesh+1"],"picked":"Stinger+1","floor":48},{"not_picked":["VitalstarS+1","Holywater+1"],"picked":"Airhike+1","floor":52},{"not_picked":["Lucifer","Doubleshoot"],"picked":"Weaponreturn+1","floor":53},{"not_picked":["Fullhouse","Stinger+1"],"picked":"Airhike+1","floor":55},{"not_picked":["Holywater+1","Doubleshoot"],"picked":"Chargeshoot","floor":56},{"not_picked":["CoyoteA","Millionkick"],"picked":"Kick13+1","floor":43}],"player_experience":76932,"relics_obtained":[{"floor":1,"key":"LetterFromLob"},{"floor":2,"key":"ReplayTheSpireMod:Ninjato"},{"floor":13,"key":"Toxic Egg 2"},{"floor":25,"key":"Onion Ring"},{"floor":26,"key":"Sundial"},{"floor":28,"key":"Anchor"},{"floor":29,"key":"Replay:Baseball"},{"floor":31,"key":"War Paint"},{"floor":34,"key":"HollowMod:PaleOreRelic"},{"floor":37,"key":"Pantograph"},{"floor":39,"key":"Ring of Greed"},{"floor":39,"key":"Golden Egg"},{"floor":39,"key":"Membership Card"},{"floor":39,"key":"Ring of Panic"},{"floor":41,"key":"Orichalcum"},{"floor":43,"key":"HollowMod:StagPassRelic"},{"floor":47,"key":"Grinning Jar"},{"floor":48,"key":"Kunai"},{"floor":56,"key":"paleoftheancients:SoulOfTheShapes"},{"floor":57,"key":"paleoftheancients:BlurryLens"},{"floor":58,"key":"Garlic"},{"floor":62,"key":"Incense Burner"}],"event_choices":[],"is_beta":false,"boss_relics":[{"not_picked":["SacredBark","Empty Cage"],"picked":"Replay:Bronze Core"},{"not_picked":["ChewingGum","Sozu"],"picked":"REME_DuelDisc"}],"items_purged_floors":[],"is_endless":false,"potions_floor_spawned":[10,14,15,24,25,29,31,37,41,48,55,60],"ascension_level":-14}}