{"host":"7r6bd5ce6zscnmwq","time":1611978187,"event":{"mods":["BaseMod","Block Reminder","Colored Powertips","Downfall","Minty Spire (QoL Compilation)","Quick Restart","StSLib"],"gold_per_floor":[99,114,114,114,124,136,136,36,36,36,136,151,11,21,38,141,141,141,52,52,65,81,81,106,106,126,138,30,30,30,45,65,160,160,60,70,70,83,99,149,199,216,236,261,161,171,171,190,202,202,202,202,202],"floor_reached":52,"language":"ENG","playtime":7019,"items_purged":["hexamod:Defend","Injury"],"score":805,"play_id":"a04c4967-c6cf-4fa9-8790-160e37fec3e9","local_time":"20210130124307","is_ascension_mode":false,"campfire_choices":[{"floor":1.0,"key":"RECALL"},{"data":"hexamod:ShieldOfDarkness","floor":8.0,"key":"SMITH"},{"floor":10.0,"key":"REST"},{"data":"hexamod:PhantomCloak","floor":18.0,"key":"SMITH"},{"data":"hexamod:SpectralAdrenaline","floor":23.0,"key":"SMITH"},{"data":"hexamod:Incineration","floor":35.0,"key":"SMITH"},{"data":"downfall:Haunted","floor":45.0,"key":"PURGE"},{"data":"hexamod:Defend","floor":47,"key":"PURGE"}],"circlet_count":0,"master_deck":["hexamod:Strike+1","hexamod:Strike","hexamod:Strike+1","hexamod:Defend+1","hexamod:Defend","hexamod:Sear","hexamod:Float+1","hexamod:Hexaguard+1","hexamod:ShieldOfDarkness+1","hexamod:PhantomCloak+1","hexamod:FastForward+1","hexamod:AdvancingGuard","hexamod:Incineration+1","hexamod:SpectralAdrenaline+1","hexamod:InspiringFlames+1","CurseOfTheBell","hexamod:HeatMetal+1","hexamod:VolcanoVisage"],"relics":["hexamod:SpiritBrand","Vajra","downfall:ShatteredFragment","TungstenRod","downfall:HeartBlessingRed","Cursed Key","hexamod:TheBrokenSeal","Calling Bell","Tiny Chest","Blue Candle","CaptainsWheel","downfall:HeartBlessingBlue","Peace Pipe","Oddly Smooth Stone","PreservedInsect","downfall:HeartBlessingGreen"],"acts_visited":["Exordium","TheCity","TheBeyond","TheEnding"],"potions_floor_usage":[48],"damage_taken":[{"damage":1.0,"enemies":"Jaw Worm","floor":2.0,"turns":3.0},{"damage":0.0,"enemies":"2 Louse","floor":5.0,"turns":2.0},{"damage":0.0,"enemies":"Cultist","floor":6.0,"turns":3.0},{"damage":0.0,"enemies":"Large Slime","floor":12.0,"turns":5.0},{"damage":0.0,"enemies":"downfall:FleeingMerchant","floor":13.0,"turns":4.0},{"damage":0.0,"enemies":"Blue Slaver","floor":14.0,"turns":3.0},{"damage":0.0,"enemies":"Gremlin Gang","floor":15.0,"turns":4.0},{"damage":0.0,"enemies":"WA_ARCHETYPE_RETAIN","floor":16.0,"turns":7.0},{"damage":0.0,"enemies":"downfall:FleeingMerchant","floor":19.0,"turns":4.0},{"damage":4.0,"enemies":"Chosen","floor":21.0,"turns":3.0},{"damage":6.0,"enemies":"Snake Plant","floor":22.0,"turns":3.0},{"damage":9.0,"enemies":"Snecko","floor":26.0,"turns":6.0},{"damage":1.0,"enemies":"Sentry and Sphere","floor":27.0,"turns":7.0},{"damage":0.0,"enemies":"downfall:FleeingMerchant","floor":28.0,"turns":4.0},{"damage":0.0,"enemies":"Snake Plant","floor":31.0,"turns":3.0},{"damage":0.0,"enemies":"Centurion and Healer","floor":32.0,"turns":4.0},{"damage":1.0,"enemies":"DF_ARCHETYPE_CLAW","floor":33.0,"turns":8.0},{"damage":0.0,"enemies":"Orb Walker","floor":36.0,"turns":3.0},{"damage":0.0,"enemies":"3 Shapes","floor":38.0,"turns":4.0},{"damage":0.0,"enemies":"Maw","floor":39.0,"turns":8.0},{"damage":0.0,"enemies":"Maw","floor":40.0,"turns":6.0},{"damage":0.0,"enemies":"3 Darklings","floor":42.0,"turns":5.0},{"damage":4.0,"enemies":"Transient","floor":43.0,"turns":5.0},{"damage":0.0,"enemies":"Nemesis","floor":44.0,"turns":7.0},{"damage":0,"enemies":"4 Shapes","floor":46,"turns":3},{"damage":12,"enemies":"3 Darklings","floor":48,"turns":4},{"damage":0,"enemies":"Sphere and 2 Shapes","floor":49,"turns":4},{"damage":16,"enemies":"SI_POISON_ARCHETYPE","floor":50,"turns":15},{"damage":92,"enemies":"downfall:CharBossMerchant","floor":52,"turns":8}],"seed_played":"1060897121711311594","potions_obtained":[{"floor":6.0,"key":"SneckoOil"},{"floor":6.0,"key":"Ancient Potion"},{"floor":12.0,"key":"Fire Potion"},{"floor":12.0,"key":"GamblersBrew"},{"floor":14.0,"key":"Dexterity Potion"},{"floor":14.0,"key":"EssenceOfSteel"},{"floor":15.0,"key":"Swift Potion"},{"floor":16.0,"key":"hexamod:DoubleChargePotion"},{"floor":21.0,"key":"Guardian:BlockOnCardUsePotion"},{"floor":21.0,"key":"FairyPotion"},{"floor":22.0,"key":"SneckoOil"},{"floor":25.0,"key":"CultistPotion"},{"floor":26.0,"key":"EssenceOfSteel"},{"floor":26.0,"key":"BlessingOfTheForge"},{"floor":27.0,"key":"Energy Potion"},{"floor":27.0,"key":"LiquidMemories"},{"floor":33.0,"key":"EssenceOfSteel"},{"floor":36.0,"key":"SteroidPotion"},{"floor":46,"key":"Strength Potion"}],"is_trial":false,"path_per_floor":["R","M","?","?","M","M","T","R","?","R","?","M","$","M","M","B",null,"R","$","?","M","M","R","T","?","M","M","$","?","T","M","M","B",null,"R","M","?","M","M","?","T","M","M","E","R","M","R","M","M","B",null,"E"],"character_chosen":"THE_SPIRIT","items_purchased":["hexamod:FastForward","hexamod:Incineration"],"campfire_rested":1,"item_purchase_floors":[13,19],"current_hp_per_floor":[70,69,48,48,48,48,48,48,48,69,69,69,69,69,69,69,70,70,70,70,66,60,60,60,60,51,57,80,80,80,80,80,79,80,90,90,90,90,90,90,90,90,86,86,86,86,86,74,74,58,90,0,0],"gold":202,"neow_bonus":"RANDOM_COMMON_RELIC","is_daily":false,"chose_seed":false,"campfire_upgraded":4,"win_rate":0.0,"timestamp":1611978187,"path_taken":["R","M","?","?","M","?","T","R","?","R","?","M","?","?","M","BOSS","R","?","?","?","M","R","T","?","M","M","$","?","?","M","M","BOSS","R","M","?","M","M","?","T","M","M","E","R","M","R","M","M","BOSS","E"],"items_purchased_type":["Card","Card"],"build_version":"2020-12-22","purchased_purges":2,"victory":false,"max_hp_per_floor":[70,70,70,70,70,70,70,70,70,70,70,70,70,70,70,70,70,70,70,70,70,70,70,70,70,70,70,80,80,80,80,80,80,80,90,90,90,90,90,90,90,90,90,90,90,90,90,90,90,90,90,90,90],"card_choices":[{"not_picked":["hexamod:GhostLash","hexamod:SwordOfDarkness"],"picked":"hexamod:Hexaguard","floor":2.0},{"not_picked":["hexamod:Again","hexamod:GhostOfSpirePast"],"picked":"hexamod:FourthSeal","floor":5.0},{"not_picked":["hexamod:Hexaguard","hexamod:GhostOfSpirePresent"],"picked":"hexamod:ShieldOfDarkness","floor":6.0},{"not_picked":["hexamod:GhostLash","hexamod:FourthSeal"],"picked":"hexamod:PhantomCloak","floor":12.0},{"not_picked":["hexamod:ChargedBarrage","hexamod:EtherealExpedition","hexamod:FlamesFromBeyond"],"picked":"SKIP","floor":13.0},{"not_picked":["hexamod:HeatMetal","hexamod:BacktrackSmack","hexamod:HauntingEcho"],"picked":"SKIP","floor":14.0},{"not_picked":["hexamod:InspiringFlames","hexamod:SpectersWail"],"picked":"hexamod:AdvancingGuard","floor":15.0},{"not_picked":["hexamod:UnlimitedPower","hexamod:GhostOfSpirePresent"],"picked":"hexamod:FifthSeal","floor":16.0},{"not_picked":["hexamod:SecondSeal","hexamod:ThirdSeal"],"picked":"hexamod:SixthSeal","floor":19.0},{"not_picked":["hexamod:HeatMetal","hexamod:GhostflameInferno","hexamod:HauntingEcho"],"picked":"SKIP","floor":19.0},{"not_picked":["hexamod:ThermalTransfer","hexamod:PowerFromBeyond+1","hexamod:HeatMetal+1"],"picked":"SKIP","floor":21.0},{"not_picked":["hexamod:RainOfEmbers+1","hexamod:FlamesFromBeyond+1"],"picked":"hexamod:InspiringFlames+1","floor":22.0},{"not_picked":["hexamod:SecondSeal","hexamod:FourthSeal"],"picked":"hexamod:FirstSeal","floor":26.0},{"not_picked":["hexamod:FourthSeal","hexamod:InspiringFlames"],"picked":"hexamod:ThirdSeal","floor":26.0},{"not_picked":["hexamod:FlamesFromBeyond","hexamod:HauntingEcho"],"picked":"hexamod:SecondSeal","floor":27.0},{"not_picked":["hexamod:HauntingEcho","hexamod:PowerFromBeyond","hexamod:NecessarySacrifice"],"picked":"SKIP","floor":27.0},{"not_picked":["hexamod:RecurringNightmare+1","hexamod:ExtraCrispy","hexamod:EmpoweredFlame"],"picked":"SKIP","floor":28.0},{"not_picked":["hexamod:HauntingEcho","hexamod:SpectralAdrenaline+1","hexamod:HeatMetal"],"picked":"SKIP","floor":31.0},{"not_picked":["hexamod:ChargedBarrage","hexamod:InspiringFlames","hexamod:UnleashSpirits"],"picked":"SKIP","floor":32.0},{"not_picked":["hexamod:SwordOfDarkness","hexamod:Haunt+1","hexamod:ThermalTransfer+1"],"picked":"SKIP","floor":36.0},{"not_picked":["hexamod:Hexaguard","hexamod:HeatMetal+1","hexamod:BacktrackSmack+1"],"picked":"SKIP","floor":38.0},{"not_picked":["hexamod:Hexaguard","hexamod:NightmareStrike+1","hexamod:PowerFromBeyond"],"picked":"SKIP","floor":39.0},{"not_picked":["hexamod:FirstSeal","hexamod:ThermalTransfer+1"],"picked":"hexamod:HeatMetal+1","floor":40.0},{"not_picked":["hexamod:Hexaguard+1","hexamod:EtherealExpedition+1"],"picked":"hexamod:VolcanoVisage","floor":42.0},{"not_picked":["hexamod:AdvancingGuard+1","hexamod:Hexaguard+1","hexamod:GhostOfSpirePast"],"picked":"SKIP","floor":43.0},{"not_picked":["hexamod:ThirdSeal","hexamod:RadiantFlame","hexamod:Hexaguard"],"picked":"SKIP","floor":44.0},{"not_picked":["hexamod:HauntingEcho","hexamod:BacktrackSmack","hexamod:GhostShield"],"picked":"SKIP","floor":46},{"not_picked":["hexamod:ChargedBarrage","hexamod:UnlimitedPower","hexamod:Hexaguard"],"picked":"SKIP","floor":48},{"not_picked":["hexamod:SoulSteal+1","hexamod:RainOfEmbers","hexamod:AdvancingGuard+1"],"picked":"SKIP","floor":49}],"player_experience":645785,"relics_obtained":[{"floor":7.0,"key":"TungstenRod"},{"floor":34.0,"key":"Tiny Chest"},{"floor":34.0,"key":"Blue Candle"},{"floor":34.0,"key":"CaptainsWheel"},{"floor":40.0,"key":"Peace Pipe"},{"floor":41.0,"key":"Oddly Smooth Stone"},{"floor":44.0,"key":"PreservedInsect"}],"event_choices":[{"damage_healed":0.0,"max_hp_gain":0.0,"max_hp_loss":0.0,"gold_gain":0.0,"event_name":"Accursed Blacksmith","player_choice":"Forge","floor":4.0,"gold_loss":0.0,"damage_taken":0.0,"cards_upgraded":["hexamod:Float"]}],"is_beta":false,"boss_relics":[{"not_picked":["Busted Crown","Tiny House"],"picked":"Cursed Key"},{"not_picked":["SlaversCollar","Runic Dome"],"picked":"Calling Bell"}],"items_purged_floors":[13,28],"is_endless":false,"potions_floor_spawned":[6,12,14,15,21,26,27,32,33,36,39,42,46],"killed_by":"downfall:CharBossMerchant","ascension_level":0}}