{"host":"l4kdldlios54gl54","time":1611982041,"event":{"mods":["AchievementEnabler","BaseMod","Colored Map","Colored Powertips","Minty Spire (QoL Compilation)","Random Character Button"],"gold_per_floor":[114,39,39,50,70,70,83,113,113,113,128,128,144,158,158,232,232,249,249,149,159,159,159,176,176,176],"floor_reached":25,"language":"ENG","playtime":736,"items_purged":["Clumsy","Decay"],"score":435,"play_id":"5d888d7d-1427-4bf9-bdcc-769687bd6dec","local_time":"20210130054721","is_ascension_mode":true,"campfire_choices":[{"data":"Rampage","floor":6,"key":"SMITH"},{"data":"Perfected Strike","floor":10,"key":"SMITH"},{"floor":12,"key":"REST"},{"data":"Perfected Strike","floor":15,"key":"SMITH"},{"data":"Metallicize","floor":23,"key":"SMITH"}],"circlet_count":0,"master_deck":["AscendersBane","Strike_R","Strike_R","Strike_R","Strike_R","Strike_R","Defend_R","Defend_R","Defend_R","Defend_R","Bash","Rampage+1","Perfected Strike+1","Perfected Strike+1","Bloodletting","Metallicize+1","Ghostly Armor"],"relics":["Burning Blood","Matryoshka","White Beast Statue","Darkstone Periapt","SacredBark"],"acts_visited":["Exordium","TheCity"],"potions_floor_usage":[8,16,18,21,21,24,25],"damage_taken":[{"damage":9,"enemies":"Jaw Worm","floor":1,"turns":5},{"damage":11,"enemies":"Small Slimes","floor":4,"turns":4},{"damage":6,"enemies":"Cultist","floor":5,"turns":3},{"damage":44,"enemies":"Lots of Slimes","floor":7,"turns":5},{"damage":40,"enemies":"3 Sentries","floor":8,"turns":7},{"damage":0,"enemies":"2 Fungi Beasts","floor":11,"turns":2},{"damage":13,"enemies":"3 Louse","floor":13,"turns":4},{"damage":10,"enemies":"Exordium Wildlife","floor":14,"turns":3},{"damage":39,"enemies":"Slime Boss","floor":16,"turns":10},{"damage":8,"enemies":"Chosen","floor":18,"turns":3},{"damage":32,"enemies":"Shell Parasite","floor":21,"turns":6},{"damage":33,"enemies":"Snake Plant","floor":24,"turns":3},{"damage":24,"enemies":"Sentry and Sphere","floor":25,"turns":5}],"seed_played":"5236178580242275494","potions_obtained":[{"floor":5,"key":"BloodPotion"},{"floor":11,"key":"SkillPotion"},{"floor":13,"key":"EssenceOfSteel"},{"floor":16,"key":"Weak Potion"},{"floor":18,"key":"BlessingOfTheForge"},{"floor":21,"key":"Energy Potion"},{"floor":24,"key":"Block Potion"}],"is_trial":false,"path_per_floor":["M","$","?","M","M","R","M","E","T","R","M","R","M","M","R","B",null,"M","?","$","M","?","R","M","M"],"character_chosen":"IRONCLAD","items_purchased":[],"campfire_rested":1,"item_purchase_floors":[],"current_hp_per_floor":[79,79,79,74,74,74,36,19,19,19,25,51,44,40,40,7,69,67,73,73,47,47,47,20,0,0],"gold":176,"neow_bonus":"TWENTY_PERCENT_HP_BONUS","is_daily":false,"chose_seed":false,"campfire_upgraded":4,"win_rate":0.0,"timestamp":1611982041,"path_taken":["M","$","?","M","M","R","M","E","T","R","M","R","M","M","R","BOSS","M","?","$","M","?","R","M","M"],"items_purchased_type":[],"build_version":"2020-12-22","purchased_purges":2,"victory":false,"max_hp_per_floor":[89,89,89,89,89,89,89,89,89,89,89,89,89,89,89,89,89,89,95,95,95,95,95,95,95,95],"card_choices":[{"not_picked":["Body Slam","Perfected Strike"],"picked":"Rampage","floor":1},{"not_picked":["Reckless Charge","Heavy Blade","Clash"],"picked":"SKIP","floor":4},{"not_picked":["Body Slam","Dual Wield","Rupture"],"picked":"SKIP","floor":5},{"not_picked":["Havoc","Pummel"],"picked":"Perfected Strike","floor":7},{"not_picked":["Iron Wave","Metallicize"],"picked":"Perfected Strike","floor":8},{"not_picked":["Shockwave","Warcry","Body Slam"],"picked":"SKIP","floor":11},{"not_picked":["Exhume","Havoc"],"picked":"Bloodletting","floor":13},{"not_picked":["Flex","Perfected Strike"],"picked":"Metallicize","floor":14},{"not_picked":["Flex","Anger"],"picked":"Ghostly Armor","floor":18},{"not_picked":["Anger+1","Sword Boomerang","Iron Wave"],"picked":"SKIP","floor":21},{"not_picked":["Heavy Blade","Warcry","Anger"],"picked":"SKIP","floor":24}],"player_experience":898423,"relics_obtained":[{"floor":8,"key":"Matryoshka"},{"floor":9,"key":"White Beast Statue"},{"floor":9,"key":"Darkstone Periapt"}],"event_choices":[{"damage_healed":0,"gold_gain":0,"player_choice":"Ignored","damage_taken":0,"max_hp_gain":0,"max_hp_loss":0,"event_name":"Liars Game","floor":3,"gold_loss":0},{"damage_healed":0,"gold_gain":0,"player_choice":"Smashed Altar","damage_taken":0,"max_hp_gain":0,"max_hp_loss":0,"event_name":"Forgotten Altar","floor":19,"gold_loss":0,"cards_obtained":["Decay"]},{"damage_healed":0,"gold_gain":0,"player_choice":"Ignored","damage_taken":0,"max_hp_gain":0,"max_hp_loss":0,"event_name":"Ghosts","floor":22,"gold_loss":0}],"is_beta":false,"boss_relics":[{"not_picked":["Runic Cube","Empty Cage"],"picked":"SacredBark"}],"items_purged_floors":[2,20],"is_endless":false,"potions_floor_spawned":[5,11,13,14,16,18,21,24],"killed_by":"Sentry and Sphere","ascension_level":20}}