{"host":"8dpalrttb7ksmhgg","time":1611966966,"event":{"mods":["Act Like it!","Aspiration","Astrologer","BaseMod","Beaked The Cultist","Better Skull","BetterRewards","Conspire","Downfall","Energized Spire","Friendly Minions","GifTheSpireLib","Halation","Hubris","Hyrulean Relics","Infinite Spire","Mimic Mod","Minty Spire (QoL Compilation)","Pale of the Ancients","Replay The Spire","Retaliation","Shop Mod","Somnambulant","StSLib","Stuff the Spire","The Blackbeard","The Bug Knight","The Construct","The Disciple","The Gatherer","The Hierophant","The Jungle","The Mystic","The Necromancer","The Poker Player","The Sage","Wandering Minibosses","[IsaacMod]????"],"gold_per_floor":[216,145,145,155,171,205,40,502,502,520,533,544,544,578,578,678,678,693,456,456,209,209,239,239,249,287,313,313,325,325,360,360,465,465,498,509,509,524,539,539,539,539,577,577,595,595,622,654,654,654,671,689,689,479,479,489,489,40,40,40],"floor_reached":61,"language":"ENG","playtime":2282,"items_purged":["Strike_R","Strike_R","Strike_R","Strike_R"],"score":1678,"play_id":"fcc01f83-ef6c-43e8-b786-533d2ca70838","local_time":"20210129193606","is_ascension_mode":false,"campfire_choices":[{"data":"infinitespire:OneForAll","floor":13,"key":"SMITH"},{"data":"Shrug It Off","floor":15,"key":"SMITH"},{"data":"Defend_R","floor":24,"key":"SMITH"},{"data":"Defend_R","floor":30,"key":"SMITH"},{"data":"Defend_R","floor":32,"key":"SMITH"},{"data":"Defend_R","floor":40,"key":"SMITH"},{"data":"Offering","floor":42,"key":"SMITH"},{"data":"Metallicize","floor":44,"key":"SMITH"},{"data":"ReplayUltimateDefense","floor":49,"key":"SMITH"},{"data":"Iron Wave","floor":55,"key":"SMITH"},{"data":"Bash","floor":57,"key":"SMITH"}],"circlet_count":0,"master_deck":["Strike_R","Defend_R+1","Defend_R+1","Defend_R+1","Defend_R+1","Bash+1","StuffTheSpire:RockThrow","infinitespire:OneForAll+1","Iron Wave+1","Infernal Blade","Transmutation","Demon Form","ReplayTheSpireMod:Strike From Hell","StuffTheSpire:RockThrow","Shrug It Off+1","Metallicize+1","Offering+1","ReplayUltimateDefense+1","DDmod:EasePowerCard","StuffTheSpire:BloodClot+1","Run Through"],"relics":["Burning Blood","HushsDoor","Chaos","hubris:BlackHole","wanderingMiniBosses:LockLocket","ReplayTheSpireMod:TigerMarble","energizedSpire:StickyHand","ReplayFunnel","Blue Candle","construct:BoolHorns","halation:BlackBeret","Replay:Towering Pillar of Hats","Geode","Carrot","paleoftheancients:Timepiece","paleoftheancients:KeyRelic","Gremlin Horn","CultistMask","halation:EternalFortune","paleoftheancients:SoulOfTheShrineMaiden","FossilizedHelix"],"acts_visited":["Exordium","TheCity","TheBeyond","TheBeyond"],"potions_floor_usage":[50,50,50,60,60],"damage_taken":[{"damage":2,"enemies":"Small Slimes","floor":1,"turns":5},{"damage":8,"enemies":"2 Louse","floor":4,"turns":3},{"damage":6,"enemies":"Jaw Worm","floor":5,"turns":4},{"damage":35,"enemies":"Lagavulin","floor":6,"turns":6},{"damage":0,"enemies":"3 Louse","floor":8,"turns":3},{"damage":7,"enemies":"conspire:2 RoseBushes","floor":10,"turns":3},{"damage":13,"enemies":"Exordium Wildlife","floor":11,"turns":2},{"damage":8,"enemies":"Lots of Slimes","floor":12,"turns":2},{"damage":0,"enemies":"HollowMod:MossKnight","floor":14,"turns":1},{"damage":32,"enemies":"The Guardian","floor":16,"turns":6},{"damage":0,"enemies":"Chosen","floor":18,"turns":1},{"damage":0,"enemies":"conspire:Head Lice","floor":23,"turns":2},{"damage":0,"enemies":"conspire:FuzzyDice","floor":25,"turns":1},{"damage":6,"enemies":"Centurion and Healer","floor":26,"turns":2},{"damage":0,"enemies":"Slavers","floor":27,"turns":1},{"damage":0,"enemies":"Centurion and Healer","floor":29,"turns":1},{"damage":0,"enemies":"Shelled Parasite and Fungi","floor":31,"turns":3},{"damage":6,"enemies":"conspire:MysteriousRune","floor":33,"turns":1},{"damage":0,"enemies":"Orb Walker","floor":35,"turns":2},{"damage":0,"enemies":"3 Darklings","floor":36,"turns":4},{"damage":0,"enemies":"4 Shapes","floor":38,"turns":4},{"damage":2,"enemies":"Jaw Worm Horde","floor":39,"turns":3},{"damage":6,"enemies":"Writhing Mass","floor":43,"turns":2},{"damage":6,"enemies":"Writhing Mass","floor":45,"turns":1},{"damage":6,"enemies":"R_Hoarder","floor":47,"turns":3},{"damage":3,"enemies":"4 Shapes","floor":48,"turns":2},{"damage":0,"enemies":"infinitespire:MassOfShapes","floor":50,"turns":1},{"damage":0,"enemies":"infinitespire:MassOfShapes","floor":51,"turns":3},{"damage":6,"enemies":"infinitespire:MassOfShapes","floor":52,"turns":2},{"damage":6,"enemies":"infinitespire:MassOfShapes","floor":56,"turns":4},{"damage":0,"enemies":"paleoftheancients:N","floor":60,"turns":4}],"seed_played":"-5590745729182999651","potions_obtained":[{"floor":8,"key":"SpeedPotion"},{"floor":10,"key":"GamblersBrew"},{"floor":11,"key":"PowerPotion"},{"floor":36,"key":"Guardian:BlockOnCardUsePotion"},{"floor":51,"key":"Fire Potion"},{"floor":56,"key":"Adrenaline Potion"}],"is_trial":false,"path_per_floor":["M","$","?","M","M","E","$","M","T","M","M","M","R","E","R","B",null,"M","$","?","$","?","E","R","M","MIM","E","?","M","R","MIM","R","B",null,"M","M","?","M","M","R","?","R","MIM","R","M","?","E","M","R","B","M","M","?","$","R","M","R","$","?","B",null],"character_chosen":"IRONCLAD","items_purchased":["infinitespire:OneForAll","Transmutation","Offering","ReplayFunnel","ReplayUltimateDefense","Elixir","champ:CounterPotion","FossilizedHelix"],"campfire_rested":0,"item_purchase_floors":[2,7,19,21,34,54,54,58],"current_hp_per_floor":[80,80,80,78,78,49,49,55,55,54,47,45,45,51,51,25,80,80,80,80,80,75,80,80,80,80,80,80,80,80,80,80,80,75,75,75,75,75,75,75,75,75,75,75,75,78,78,78,78,78,78,78,81,81,81,81,81,81,81,81],"gold":40,"neow_bonus":"HUNDRED_GOLD","is_daily":false,"chose_seed":false,"campfire_upgraded":11,"win_rate":0.0,"timestamp":1611966966,"path_taken":["M","$","?","M","M","E","$","M","T","M","M","M","R","E","R","BOSS","M","$","?","$","?","E","R","?","MIM","E","?","M","R","?","R","BOSS","M","M","?","M","M","R","?","R","MIM","R","M","?","E","M","R","BOSS","M","M","?","$","R","M","R","$","?","BOSS"],"items_purchased_type":["Card","Card","Card","Relic","Card","Potion","Potion","Relic"],"build_version":"2020-12-22","purchased_purges":4,"victory":true,"max_hp_per_floor":[80,80,80,80,80,80,80,80,80,80,80,80,80,80,80,80,80,80,80,80,80,80,80,80,80,80,80,80,80,80,80,80,80,75,75,75,75,75,75,75,75,75,75,75,75,78,78,78,78,78,78,78,81,81,81,81,81,81,81,81],"card_choices":[{"not_picked":["Shrug It Off","StuffTheSpire:BloodClot"],"picked":"StuffTheSpire:RockThrow","floor":1},{"not_picked":["Evolve","Uppercut"],"picked":"Iron Wave","floor":4},{"not_picked":["Massacre","Power Through"],"picked":"Bomb","floor":5},{"not_picked":["hubris:SharpeningStone","Perfected Strike"],"picked":"Infernal Blade","floor":6},{"not_picked":["Abandon","DDmod:CallousedSkill"],"picked":"Demon Form","floor":8},{"not_picked":["Wild Strike","Armaments"],"picked":"ReplayTheSpireMod:Strike From Hell","floor":10},{"not_picked":["Thunderclap","Body Slam"],"picked":"StuffTheSpire:RockThrow","floor":11},{"not_picked":["ReplayTheSpireMod:Corrosion Curse","Havoc"],"picked":"Shrug It Off","floor":12},{"not_picked":["Searing Blow","Power Through"],"picked":"Metallicize","floor":14},{"not_picked":["Anger","StuffTheSpire:BloodClot","Havoc+1"],"picked":"SKIP","floor":18},{"not_picked":["Carnage","Twin Strike+1","Rage"],"picked":"SKIP","floor":23},{"not_picked":["Impervious","StuffTheSpire:Incineration","Armaments"],"picked":"SKIP","floor":25},{"not_picked":["Clothesline","Combust","Shockwave+1"],"picked":"SKIP","floor":27},{"not_picked":["StuffTheSpire:BloodClot","Abandon","Iron Wave+1"],"picked":"SKIP","floor":29},{"not_picked":["Clothesline","Whirlwind+1","StuffTheSpire:Incineration+1"],"picked":"SKIP","floor":35},{"not_picked":["Clothesline","Whirlwind+1","StuffTheSpire:Incineration+1"],"picked":"SKIP","floor":35},{"not_picked":["Replay:Undeath\u0027s Touch","Dropkick","Pommel Strike"],"picked":"SKIP","floor":36},{"not_picked":["Entrench+1","Sword Boomerang","Warcry"],"picked":"SKIP","floor":38},{"not_picked":["Entrench+1","Sword Boomerang","Warcry"],"picked":"SKIP","floor":38},{"not_picked":["ReplayTheSpireMod:Corrosion Curse+1","Flex","StuffTheSpire:Resist+1"],"picked":"SKIP","floor":39},{"not_picked":["Armaments","Anger","StuffTheSpire:Pyroclast"],"picked":"SKIP","floor":45},{"not_picked":["infinitespire:OneForAll","Heavy Blade","Brutality"],"picked":"SKIP","floor":47},{"not_picked":["ReplayTheSpireMod:Strike From Hell","Flex+1","Sentinel+1"],"picked":"SKIP","floor":48},{"not_picked":["StuffTheSpire:BloodClot+1","Run Through"],"picked":"DDmod:EasePowerCard","floor":51},{"not_picked":["Perfected Strike+1","Shrug It Off+1","ReplayTheSpireMod:Limb From Limb"],"picked":"SKIP","floor":52},{"not_picked":["Defy Death+1","StuffTheSpire:Incineration","Replay:Undeath\u0027s Touch+1"],"picked":"SKIP","floor":56}],"player_experience":710614,"relics_obtained":[{"floor":6,"key":"hubris:BlackHole"},{"floor":8,"key":"wanderingMiniBosses:LockLocket"},{"floor":14,"key":"ReplayTheSpireMod:TigerMarble"},{"floor":26,"key":"construct:BoolHorns"},{"floor":27,"key":"halation:BlackBeret"},{"floor":43,"key":"Geode"},{"floor":47,"key":"Carrot"},{"floor":56,"key":"paleoftheancients:SoulOfTheShrineMaiden"}],"event_choices":[{"damage_healed":0,"gold_gain":0,"player_choice":"Ignored","damage_taken":0,"max_hp_gain":0,"max_hp_loss":0,"event_name":"Tomb of Lord Red Mask","floor":37,"gold_loss":0}],"is_beta":false,"boss_relics":[{"not_picked":["ReplayTheSpireMod:CursedCoin","infinitespire:Magic Flask"],"picked":"energizedSpire:StickyHand"},{"not_picked":[]},{"not_picked":["Sundial","Mirror"],"picked":"Replay:Towering Pillar of Hats"},{"not_picked":[]}],"items_purged_floors":[19,21,54,58],"is_endless":false,"potions_floor_spawned":[8,10,11,12,16,23,25,27,33,36,45,47,51,56],"ascension_level":0}}