{"host":"2se5dq1do2gp0x9k","time":1611980381,"event":{"mods":["AchievementEnabler","BaseMod","Block Reminder","Colored Map","Colored Powertips","Minty Spire (QoL Compilation)","Relic Stats","StSLib","SuperFastMode"],"gold_per_floor":[109,65,65,140,140,140,167,184,184,195,211,211,237,257,257,330,330,347,357,357,368,32,65,65,75,145,60,92,142,177,193,193,193,193],"floor_reached":33,"language":"ENG","playtime":1304,"items_purged":[],"score":680,"play_id":"cb365e27-3d84-4839-b6cc-6c104ed75572","local_time":"20210129201941","is_ascension_mode":true,"campfire_choices":[{"data":"Coolheaded","floor":6.0,"key":"SMITH"},{"data":"Barrage","floor":15.0,"key":"SMITH"},{"floor":24,"key":"REST"},{"data":"Rainbow","floor":32,"key":"SMITH"}],"circlet_count":0,"master_deck":["AscendersBane","Strike_B","Defend_B","Defend_B","Defend_B","Defend_B","Zap","Dualcast","Cold Snap","Sunder+1","Coolheaded+1","Genetic Algorithm","Capacitor","Genetic Algorithm","Conserve Battery","Barrage+1","Rainbow+1","Fusion","Steam","Hello World","Coolheaded","Consume","Coolheaded+1","Capacitor","FTL+1","Self Repair"],"relics":["Cracked Core","NeowsBlessing","The Courier","Symbiotic Virus","TungstenRod","Velvet Choker","Meat on the Bone","ClockworkSouvenir","Oddly Smooth Stone","Blue Candle","PreservedInsect","Du-Vu Doll","Blood Vial"],"acts_visited":["Exordium","TheCity"],"potions_floor_usage":[16,16,23,23,28,31,33],"damage_taken":[{"damage":0.0,"enemies":"Small Slimes","floor":1.0,"turns":1.0},{"damage":0.0,"enemies":"3 Sentries","floor":7.0,"turns":1.0},{"damage":0.0,"enemies":"Cultist","floor":8.0,"turns":1.0},{"damage":2.0,"enemies":"2 Louse","floor":10.0,"turns":3.0},{"damage":2.0,"enemies":"Exordium Thugs","floor":11.0,"turns":3.0},{"damage":24.0,"enemies":"Lagavulin","floor":13.0,"turns":6.0},{"damage":3.0,"enemies":"Exordium Wildlife","floor":14.0,"turns":2.0},{"damage":18,"enemies":"Slime Boss","floor":16,"turns":8},{"damage":0,"enemies":"3 Byrds","floor":18,"turns":4},{"damage":37,"enemies":"Chosen","floor":19,"turns":6},{"damage":9,"enemies":"Centurion and Healer","floor":21,"turns":9},{"damage":1,"enemies":"Book of Stabbing","floor":23,"turns":4},{"damage":10,"enemies":"Shelled Parasite and Fungi","floor":25,"turns":10},{"damage":20,"enemies":"Gremlin Leader","floor":28,"turns":8},{"damage":13,"enemies":"Book of Stabbing","floor":30,"turns":4},{"damage":27,"enemies":"Cultist and Chosen","floor":31,"turns":7},{"damage":72,"enemies":"Automaton","floor":33,"turns":12}],"seed_played":"3226134555730979797","potions_obtained":[{"floor":7.0,"key":"AttackPotion"},{"floor":8.0,"key":"LiquidBronze"},{"floor":16,"key":"SteroidPotion"},{"floor":18,"key":"SteroidPotion"},{"floor":23,"key":"ColorlessPotion"},{"floor":30,"key":"Regen Potion"},{"floor":31,"key":"SkillPotion"}],"is_trial":false,"path_per_floor":["M","$","?","?","?","R","E","M","T","M","M","?","E","M","R","B",null,"M","M","?","M","$","E","R","M","T","?","E","?","E","M","R","B"],"character_chosen":"DEFECT","items_purchased":["Sunder","Meat on the Bone","ClockworkSouvenir"],"campfire_rested":1,"item_purchase_floors":[2,22,22],"current_hp_per_floor":[64,64,64,53,53,53,53,53,53,51,49,49,25,22,22,4,54,54,17,17,8,8,19,40,42,42,42,34,34,33,35,35,0,0],"gold":193,"neow_bonus":"THREE_ENEMY_KILL","is_daily":false,"chose_seed":false,"campfire_upgraded":3,"win_rate":0.0,"timestamp":1611980381,"path_taken":["M","$","?","?","?","R","E","M","T","M","?","?","E","M","R","BOSS","M","M","?","M","$","E","R","M","T","?","E","?","E","M","R","BOSS"],"items_purchased_type":["Card","Relic","Relic"],"build_version":"2020-12-22","purchased_purges":0,"victory":false,"max_hp_per_floor":[71,71,71,71,71,71,71,71,71,71,71,71,71,71,71,71,71,71,71,71,71,71,71,71,71,71,71,71,71,71,71,71,71,71],"relic_stats":{"Blood Vial":4,"counters":[17,89],"Blue Candle":[0],"PreservedInsect":91,"obtain_stats":[{"NeowsBlessing":0,"Blue Candle":26,"Velvet Choker":17,"Oddly Smooth Stone":23,"The Courier":7,"PreservedInsect":27,"ClockworkSouvenir":22,"Du-Vu Doll":28,"Blood Vial":30,"Cracked Core":0,"Symbiotic Virus":9,"TungstenRod":13,"Meat on the Bone":22},{"NeowsBlessing":0,"Blue Candle":13,"Velvet Choker":8,"Oddly Smooth Stone":12,"The Courier":2,"PreservedInsect":13,"ClockworkSouvenir":11,"Du-Vu Doll":14,"Blood Vial":15,"Cracked Core":0,"Symbiotic Virus":3,"TungstenRod":6,"Meat on the Bone":11},{"NeowsBlessing":0,"Blue Candle":58,"Velvet Choker":25,"Oddly Smooth Stone":48,"The Courier":2,"PreservedInsect":58,"ClockworkSouvenir":44,"Du-Vu Doll":66,"Blood Vial":70,"Cracked Core":0,"Symbiotic Virus":3,"TungstenRod":15,"Meat on the Bone":44}],"TungstenRod":37,"Meat on the Bone":60},"card_choices":[{"not_picked":["Compile Driver","Hologram"],"picked":"Cold Snap","floor":1.0},{"not_picked":["Leap","Lockon","Recycle"],"picked":"SKIP","floor":7.0},{"not_picked":["Ball Lightning","Barrage"],"picked":"Genetic Algorithm","floor":8.0},{"not_picked":["Self Repair","Rebound"],"picked":"Capacitor","floor":10.0},{"not_picked":["Turbo","Streamline"],"picked":"Genetic Algorithm","floor":11.0},{"not_picked":["Recycle","Darkness"],"picked":"Conserve Battery","floor":13.0},{"not_picked":["Leap","Thunder Strike"],"picked":"Barrage","floor":14.0},{"not_picked":["Amplify","Reboot"],"picked":"Rainbow","floor":16},{"not_picked":["Go for the Eyes","Rebound"],"picked":"Fusion","floor":18},{"not_picked":["Steam","Sunder","Barrage"],"picked":"SKIP","floor":19},{"not_picked":["Aggregate","Cold Snap"],"picked":"Coolheaded","floor":21},{"not_picked":["Rebound","Electrodynamics"],"picked":"Consume","floor":23},{"not_picked":["Steam","Conserve Battery"],"picked":"Coolheaded+1","floor":25},{"not_picked":["Compile Driver","Self Repair"],"picked":"Capacitor","floor":28},{"not_picked":["Amplify","Beam Cell"],"picked":"FTL+1","floor":30},{"not_picked":["Loop","Redo"],"picked":"Self Repair","floor":31}],"player_experience":3974195,"relics_obtained":[{"floor":7.0,"key":"The Courier"},{"floor":9.0,"key":"Symbiotic Virus"},{"floor":13.0,"key":"TungstenRod"},{"floor":23,"key":"Oddly Smooth Stone"},{"floor":26,"key":"Blue Candle"},{"floor":28,"key":"Du-Vu Doll"},{"floor":30,"key":"Blood Vial"}],"event_choices":[{"damage_healed":0.0,"max_hp_gain":0.0,"max_hp_loss":0.0,"gold_gain":0.0,"event_name":"Living Wall","player_choice":"Grow","floor":3.0,"gold_loss":0.0,"damage_taken":0.0,"cards_upgraded":["Sunder"]},{"damage_healed":0.0,"max_hp_gain":0.0,"max_hp_loss":0.0,"gold_gain":75.0,"event_name":"World of Goop","player_choice":"Gather Gold","floor":4.0,"gold_loss":0.0,"damage_taken":11.0},{"damage_healed":0.0,"max_hp_gain":0.0,"max_hp_loss":0.0,"gold_gain":0.0,"event_name":"Match and Keep!","player_choice":"1 cards matched","floor":5.0,"gold_loss":0.0,"damage_taken":0.0,"cards_obtained":["Coolheaded"]},{"cards_removed":["Strike_B"],"damage_healed":0.0,"max_hp_gain":0.0,"max_hp_loss":0.0,"gold_gain":0.0,"event_name":"Bonfire Elementals","player_choice":"Offered Basic","floor":12.0,"gold_loss":0.0,"damage_taken":0.0},{"damage_healed":0,"gold_gain":0,"cards_transformed":["Strike_B","Strike_B"],"player_choice":"Became Test Subject","damage_taken":0,"max_hp_gain":0,"max_hp_loss":0,"event_name":"Drug Dealer","floor":20,"gold_loss":0,"cards_obtained":["Steam","Hello World"]},{"damage_healed":0,"gold_gain":0,"player_choice":"Obtained Relic","damage_taken":0,"relics_obtained":["PreservedInsect"],"max_hp_gain":0,"max_hp_loss":0,"event_name":"Addict","floor":27,"gold_loss":85},{"damage_healed":0,"gold_gain":50,"player_choice":"Stole From Cult","damage_taken":0,"max_hp_gain":0,"max_hp_loss":0,"event_name":"Nest","floor":29,"gold_loss":0}],"is_beta":false,"boss_relics":[{"not_picked":["Astrolabe","Ectoplasm"],"picked":"Velvet Choker"}],"items_purged_floors":[],"is_endless":false,"potions_floor_spawned":[7,8,10,16,18,23,30,31],"killed_by":"Automaton","ascension_level":20}}