{"host":"6xsbn6ynqlzwllfm","time":1611979956,"event":{"mods":["2.2 Compatiblity","BaseMod","Bestiary","Colored Map","Colored Powertips","Curses Come First","Highlight Path","Keyboard Shortcuts","Minty Spire (QoL Compilation)","Relic Stats","Slay the Relics Exporter","StSLib","SuperFastMode"],"gold_per_floor":[113,160,175,175,175,201,201,232,232,0,15,49,107,125,125,199,199,210,225,18,18,35,35,35],"floor_reached":23,"language":"ENG","playtime":775,"items_purged":["Strike_P"],"score":410,"play_id":"55c447d4-1f77-47f2-818c-8391845b6921","local_time":"20210129231236","is_ascension_mode":true,"campfire_choices":[{"data":"CutThroughFate","floor":7.0,"key":"SMITH"},{"floor":15,"key":"REST"}],"circlet_count":0,"master_deck":["AscendersBane","Strike_P","Strike_P+1","Defend_P","Defend_P","Defend_P","Defend_P","Eruption+1","Vigilance","Meditate","SandsOfTime+1","CutThroughFate+1","Scrawl","Ragnarok","WreathOfFlame","Omniscience","EmptyBody","Vault","ReachHeaven","SandsOfTime"],"relics":["VioletLotus","Smiling Mask","Oddly Smooth Stone","Calipers","Kunai","Akabeko","Toy Ornithopter","Busted Crown"],"acts_visited":["Exordium","TheCity"],"potions_floor_usage":[14,16,23],"damage_taken":[{"damage":0.0,"enemies":"Cultist","floor":1.0,"turns":4.0},{"damage":0.0,"enemies":"Small Slimes","floor":3.0,"turns":3.0},{"damage":27.0,"enemies":"3 Sentries","floor":6.0,"turns":6.0},{"damage":8.0,"enemies":"Gremlin Nob","floor":8.0,"turns":3.0},{"damage":0.0,"enemies":"Jaw Worm","floor":11.0,"turns":2.0},{"damage":0.0,"enemies":"Lagavulin","floor":12.0,"turns":4.0},{"damage":8,"enemies":"Red Slaver","floor":14,"turns":3},{"damage":9,"enemies":"Hexaghost","floor":16,"turns":6},{"damage":29,"enemies":"2 Thieves","floor":18,"turns":5},{"damage":2,"enemies":"Shell Parasite","floor":19,"turns":3},{"damage":4,"enemies":"Snecko","floor":22,"turns":5},{"damage":31,"enemies":"Book of Stabbing","floor":23,"turns":3}],"seed_played":"3952093956269898362","potions_obtained":[{"floor":6.0,"key":"SteroidPotion"},{"floor":8.0,"key":"Ancient Potion"},{"floor":14,"key":"Energy Potion"},{"floor":16,"key":"Fire Potion"},{"floor":19,"key":"SmokeBomb"},{"floor":22,"key":"SneckoOil"}],"is_trial":false,"path_per_floor":["M","T","M","?","?","E","R","E","T","$","M","E","?","M","R","B",null,"M","M","$","?","M","E"],"character_chosen":"WATCHER","items_purchased":["Akabeko","Ragnarok","Vault"],"campfire_rested":1,"item_purchase_floors":[10,10,20],"current_hp_per_floor":[61,61,61,41,41,14,14,6,6,6,6,6,6,3,23,19,56,27,25,25,25,21,0,0],"gold":35,"neow_bonus":"BOSS_RELIC","is_daily":false,"chose_seed":false,"campfire_upgraded":1,"win_rate":0.0,"timestamp":1611979956,"path_taken":["M","?","M","?","?","E","R","E","T","$","?","E","?","M","R","BOSS","M","M","$","?","M","E"],"items_purchased_type":["Relic","Card","Card"],"build_version":"2020-12-22","purchased_purges":1,"victory":false,"max_hp_per_floor":[68,68,68,68,68,68,68,68,68,68,68,68,68,68,68,68,68,68,68,68,68,68,68,68],"relic_stats":{"Busted Crown":6,"counters":[12,47],"VioletLotus":[10],"Kunai":[4],"Smiling Mask":25,"obtain_stats":[{"Calipers":8,"Busted Crown":17,"Oddly Smooth Stone":6,"VioletLotus":0,"Kunai":9,"PureWater":0,"Smiling Mask":2,"Akabeko":10,"Toy Ornithopter":12},{"Calipers":4,"Busted Crown":8,"Oddly Smooth Stone":3,"VioletLotus":0,"Kunai":4,"PureWater":0,"Smiling Mask":1,"Akabeko":4,"Toy Ornithopter":6},{"Calipers":16,"Busted Crown":31,"Oddly Smooth Stone":13,"VioletLotus":0,"Kunai":16,"PureWater":0,"Smiling Mask":4,"Akabeko":16,"Toy Ornithopter":22}],"Toy Ornithopter":15},"card_choices":[{"not_picked":["Prostrate","Perseverance"],"picked":"Meditate","floor":1.0},{"not_picked":["SashWhip","Crescendo"],"picked":"SandsOfTime","floor":3.0},{"not_picked":["FollowUp","Evaluate"],"picked":"CutThroughFate","floor":6.0},{"not_picked":["WindmillStrike","EmptyFist"],"picked":"Scrawl","floor":8.0},{"not_picked":["Pray","FlurryOfBlows"],"picked":"WreathOfFlame","floor":11.0},{"not_picked":["DeusExMachina","ConjureBlade"],"picked":"Omniscience","floor":16},{"not_picked":[],"picked":"EmptyBody","floor":18},{"not_picked":["WreathOfFlame"],"picked":"SKIP","floor":19},{"not_picked":[],"picked":"SandsOfTime","floor":22}],"player_experience":1249491,"relics_obtained":[{"floor":2.0,"key":"Smiling Mask"},{"floor":6.0,"key":"Oddly Smooth Stone"},{"floor":8.0,"key":"Calipers"},{"floor":9.0,"key":"Kunai"},{"floor":12.0,"key":"Toy Ornithopter"}],"event_choices":[{"damage_healed":0.0,"max_hp_gain":0.0,"max_hp_loss":0.0,"gold_gain":0.0,"event_name":"Shining Light","player_choice":"Entered Light","floor":4.0,"gold_loss":0.0,"damage_taken":20.0,"cards_upgraded":["Strike_P","Eruption"]},{"damage_healed":0.0,"max_hp_gain":0.0,"max_hp_loss":0.0,"gold_gain":0.0,"event_name":"Upgrade Shrine","player_choice":"Upgraded","floor":5.0,"gold_loss":0.0,"damage_taken":0.0,"cards_upgraded":["SandsOfTime"]},{"damage_healed":0.0,"max_hp_gain":0.0,"max_hp_loss":0.0,"gold_gain":58.0,"event_name":"Golden Wing","player_choice":"Gained Gold","floor":13.0,"gold_loss":0.0,"damage_taken":0.0},{"damage_healed":0,"gold_gain":0,"cards_transformed":["Strike_P"],"player_choice":"Transformed","damage_taken":0,"max_hp_gain":0,"max_hp_loss":0,"event_name":"Transmorgrifier","floor":21,"gold_loss":0,"cards_obtained":["ReachHeaven"]}],"is_beta":false,"boss_relics":[{"not_picked":["Velvet Choker","SlaversCollar"],"picked":"Busted Crown"}],"items_purged_floors":[20],"is_endless":false,"potions_floor_spawned":[6,8,14,16,19,22],"killed_by":"Book of Stabbing","ascension_level":15}}