{"host":"coim2kcsdwzna1mk","time":1611991157,"event":{"mods":["100% Spire Juice","2.2 Compatiblity","AchievementEnabler","Act Like it!","AlwaysNeverKeys","Ascension Reborn","Aspiration","BaseMod","Beaked The Cultist","Bestiary","Better Match","Better Note","Better Skull","Better Third Choice","BetterRewards","Colored Map","Colored Powertips","Colorless Booster Pack","Conspire","Downfall","Ekko","Gensokyo","GifTheSpireLib","Gremlin Mod","GungeonMod","Halation","Hallownest","HexUI Lib","Highlight Path","Hubris","Hyrulean Relics","Infinite Spire","Ironclad Rager","Jorbs\u0027s Wanderer Trilogy","Menagerie","Minty Spire (QoL Compilation)","Pale of the Ancients","Quarter Circle Forward PUNCH!","RatMod","Reliquary","Replay The Spire","Retaliation","Robot Space Explorer","Shade Mod","Shop Mod","Spicy Shops","Spikes Relics","Spire Arcade","StSLib","Strawberry Spire","Stuff the Spire","SuperFastMode","The Animator","The Dragon Tamer","The Edgeheg","The Jungle","TheHero","TheVelvet","Wandering Minibosses","yUi"],"gold_per_floor":[115,133,144,144,144,172,185,220,246,261,291,291,311,167,167,272,272,284,284,60,73,84,116,116,132,132,144,177,190,210,227,227,327,327,338,353,353,369,369,369,369,369,369,398,428,428,428,124,124,124,124,124,124,149,149,149],"floor_reached":55,"language":"ENG","playtime":1661,"items_purged":["Normality"],"score":868,"play_id":"e4ff4a7a-2b24-4dc0-b965-b73643d17197","local_time":"20210130021917","is_ascension_mode":true,"campfire_choices":[{"floor":15,"key":"REST"},{"floor":24,"key":"REST"},{"data":"Iron Wave","floor":32,"key":"SMITH"},{"data":"ReplayTheSpireMod:Book of Names","floor":40,"key":"SMITH"},{"data":"strawberrySpire:Hellbender","floor":42,"key":"SMITH"},{"floor":49,"key":"REST"},{"floor":52,"key":"REST"}],"circlet_count":0,"master_deck":["Bash+1","ICR:RageStrike+1","ICR:RageStrike+1","ICR:RageStrike+1","ICR:RageStrike+1","ICR:RageStrike+1","ICR:ShieldBash+1","ICR:ShieldBash+1","ICR:ShieldBash+1","ICR:ShieldBash+1","conspire:Charge+1","strawberrySpire:Incursion+1","Clash+1","Iron Wave+1","strawberrySpire:Hellbender+1","Clash+1","strawberrySpire:CrashLanding+1","Iron Wave+1","Clash+1","ReplayTheSpireMod:Book of Names+1"],"relics":["Burning Blood","ReplayTheSpireMod:Ring of Collecting","ReplayTheSpireMod:Ring of Sloth","Whetstone","Replay:Mystery Machine","Replay:Towering Pillar of Hats","aspiration:Nostalgia","m_ByrdBlood","qcfpunch:Crimson_Sash","Du-Vu Doll","Iron Hammer","Ring of Peace","DemoMod:Bottle","MiniBlackHole","aspiration:RitualDagger","beaked:MawFillet","halation:PapillonHeart","ReplayTheSpireMod:Ring of Addiction","DemoMod:BlueGuonStone","White Beast Statue","SacredBark","DemoMod:Metronome","reliquary:BoilingFlask","Another Sword","reliquary:RoseTintedGlasses","rat:SoulRing","reliquary:Knoch"],"acts_visited":["Exordium","Exordium","TheBeyond","TheEnding"],"potions_floor_usage":[16,16,35,44,44,46,50,50],"damage_taken":[{"damage":9,"enemies":"Cultist","floor":1,"turns":4},{"damage":6,"enemies":"Jaw Worm","floor":2,"turns":4},{"damage":0,"enemies":"conspire:RoseBush","floor":3,"turns":4},{"damage":23,"enemies":"Gremlin Nob","floor":6,"turns":4},{"damage":12,"enemies":"Red Slaver","floor":7,"turns":4},{"damage":31,"enemies":"strawberrySpire:EnergyPylons","floor":8,"turns":5},{"damage":1,"enemies":"Looter","floor":10,"turns":3},{"damage":0,"enemies":"conspire:2 RoseBushes","floor":13,"turns":3},{"damage":45,"enemies":"The Guardian","floor":16,"turns":7},{"damage":9,"enemies":"theJungle:MUSHROOMGANG","floor":18,"turns":4},{"damage":40,"enemies":"theJungle:5_Spyders","floor":21,"turns":6},{"damage":11,"enemies":"theJungle:2_Snecko_Cultists","floor":22,"turns":3},{"damage":19,"enemies":"theJungle:Cassacara","floor":23,"turns":4},{"damage":8,"enemies":"theJungle:SlimyTreeVines","floor":25,"turns":2},{"damage":0,"enemies":"theJungle:Lyon","floor":27,"turns":3},{"damage":7,"enemies":"theJungle:2_Phrogs","floor":28,"turns":5},{"damage":0,"enemies":"theJungle:JungleHuntersEncounter","floor":29,"turns":5},{"damage":10,"enemies":"theJungle:Snecko_Cultist_And_Trap","floor":30,"turns":4},{"damage":3,"enemies":"theJungle:SlimyTreeVines","floor":31,"turns":4},{"damage":0,"enemies":"theJungle:QueenSpyder","floor":33,"turns":8},{"damage":47,"enemies":"Orb Walker","floor":35,"turns":9},{"damage":36,"enemies":"3 Darklings","floor":36,"turns":5},{"damage":18,"enemies":"Jaw Worm Horde","floor":38,"turns":4},{"damage":63,"enemies":"Nemesis","floor":44,"turns":7},{"damage":18,"enemies":"strawberrySpire:EssenceStones","floor":45,"turns":5},{"damage":20,"enemies":"infinitespire:Three Voidlings","floor":46,"turns":3},{"damage":72,"enemies":"conspire:OrnateMirror","floor":50,"turns":8},{"damage":64,"enemies":"Shield and Spear","floor":54,"turns":6},{"damage":78,"enemies":"The Heart","floor":55,"turns":5}],"seed_played":"7352476881911843218","potions_obtained":[{"floor":1,"key":"PowerPotion"},{"floor":6,"key":"SkillPotion"},{"floor":7,"key":"hexamod:SoulburnPotion"},{"floor":19,"key":"DemoMod:BlankPotion"},{"floor":19,"key":"BlessingOfTheForge"},{"floor":28,"key":"BloodPotion"},{"floor":38,"key":"BlessingOfTheForge"},{"floor":43,"key":"HeartOfIron"},{"floor":43,"key":"DemoMod:LeadSkinPotion"},{"floor":44,"key":"EssenceOfSteel"},{"floor":45,"key":"SteroidPotion"},{"floor":54,"key":"SpeedPotion"}],"is_trial":false,"path_per_floor":["M","M","M","?","?","E","M","E","T","M","?","?","M","$","R","B",null,"M","?","$","M","M","E","R","M","T","M","E","M","M","M","R","B",null,"M","M","AVR","M","?","R","?","R","T","E","E","?","?","$","R","B",null,"R","$","E","B"],"character_chosen":"IRONCLAD","items_purchased":["aspiration:Nostalgia","Du-Vu Doll","Another Sword","reliquary:RoseTintedGlasses","rat:SoulRing"],"campfire_rested":4,"item_purchase_floors":[14,20,48,48,48],"current_hp_per_floor":[77,77,80,80,80,63,57,32,32,37,17,17,23,23,47,26,66,65,65,65,35,32,21,33,33,33,41,42,50,49,57,57,65,80,44,16,16,80,60,60,60,60,60,50,76,76,56,56,67,61,74,74,74,51,0,0],"gold":149,"neow_bonus":"IRONCLAD_RAGER","is_daily":false,"chose_seed":false,"campfire_upgraded":3,"win_rate":0.0,"timestamp":1611991157,"path_taken":["M","M","?","?","?","E","?","E","T","M","?","?","M","$","R","BOSS","M","?","$","M","M","E","R","M","T","M","E","?","M","M","R","BOSS","M","M","AVR","M","?","R","?","R","T","E","E","?","?","?","R","BOSS","R","$","E","BOSS"],"items_purchased_type":["Relic","Relic","Relic","Relic","Relic"],"build_version":"2020-12-22","purchased_purges":1,"victory":false,"max_hp_per_floor":[80,80,80,80,80,80,80,80,80,80,80,80,80,80,80,80,80,80,80,80,80,80,80,80,80,80,80,80,80,80,80,80,80,80,80,80,80,80,80,80,76,76,76,76,76,76,76,76,76,74,74,74,74,72,72,72],"card_choices":[{"not_picked":["Life Link","hubris:ReadiedAction","Body Slam"],"picked":"SKIP","floor":1},{"not_picked":["Ghostly Armor","StuffTheSpire:Incineration"],"picked":"conspire:Charge","floor":2},{"not_picked":["strawberrySpire:Spite","ReplayTheSpireMod:Stacked","strawberrySpire:FireDrill"],"picked":"SKIP","floor":3},{"not_picked":["strawberrySpire:DangerMountain","ReplayTheSpireMod:Limb From Limb","StuffTheSpire:Slingshot"],"picked":"SKIP","floor":6},{"not_picked":["Pommel Strike","Combust"],"picked":"strawberrySpire:Incursion","floor":7},{"not_picked":["StuffTheSpire:BloodClot","Hemokinesis"],"picked":"Clash","floor":8},{"not_picked":["Headbutt","strawberrySpire:Overwork","Combust"],"picked":"SKIP","floor":10},{"not_picked":["Cleave","strawberrySpire:JustAWound"],"picked":"Iron Wave","floor":11},{"not_picked":["hubris:ReadiedAction","Barricade","DDmod:CallousedSkill"],"picked":"SKIP","floor":13},{"not_picked":["DDmod:AllInSkill","Replay:Many Hands"],"picked":"strawberrySpire:Hellbender","floor":16},{"not_picked":["strawberrySpire:Endurance","Flex","Reckless Charge+1"],"picked":"SKIP","floor":18},{"not_picked":["DDmod:BurningFumesPowerCard","Sword Boomerang","Defy Death"],"picked":"SKIP","floor":21},{"not_picked":["Wild Strike","strawberrySpire:DraftPunk"],"picked":"Clash+1","floor":22},{"not_picked":["Twin Strike","Run Through+1","Sentinel"],"picked":"SKIP","floor":23},{"not_picked":["Havoc","Spot Weakness","Perfected Strike"],"picked":"SKIP","floor":25},{"not_picked":["infinitespire:OneForAll","strawberrySpire:FireDrill+1","strawberrySpire:FortFortyFour"],"picked":"SKIP","floor":27},{"not_picked":["Burning Pact","Headbutt+1"],"picked":"strawberrySpire:CrashLanding+1","floor":28},{"not_picked":["Seeing Red","strawberrySpire:Spite"],"picked":"Iron Wave","floor":29},{"not_picked":["Flex+1","strawberrySpire:DangerMountain+1","Cleave"],"picked":"SKIP","floor":30},{"not_picked":["DDmod:SpikeMailSkill","Twin Strike"],"picked":"Clash+1","floor":31},{"not_picked":["Heavy Blade+1","ReplayTheSpireMod:Limb From Limb","strawberrySpire:FireDrill+1"],"picked":"SKIP","floor":35},{"not_picked":["strawberrySpire:FireDrill","ReplayTheSpireMod:Strike From Hell+1","conspire:ExplosiveBarrier+1"],"picked":"SKIP","floor":36},{"not_picked":["strawberrySpire:Spite","DDmod:PokeAttack+1","Pommel Strike+1"],"picked":"SKIP","floor":38},{"not_picked":["ReplayTheSpireMod:Haul","infinitespire:SealOfDarkness+"],"picked":"ReplayTheSpireMod:Book of Names","floor":39},{"not_picked":["DDmod:PlatedThornsSkill","ReplayReversal+1","strawberrySpire:DraftPunk"],"picked":"SKIP","floor":44},{"not_picked":["Immolate","hubris:SharpeningStone+1","Massacre+1"],"picked":"SKIP","floor":45},{"not_picked":["Run Through","Flame Barrier+1","Power Through"],"picked":"SKIP","floor":54}],"player_experience":141910,"relics_obtained":[{"floor":4,"key":"ReplayTheSpireMod:Ring of Collecting"},{"floor":4,"key":"ReplayTheSpireMod:Ring of Sloth"},{"floor":6,"key":"Anchor"},{"floor":8,"key":"Whetstone"},{"floor":9,"key":"Replay:Mystery Machine"},{"floor":11,"key":"Replay:Towering Pillar of Hats"},{"floor":23,"key":"Iron Hammer"},{"floor":26,"key":"Ring of Peace"},{"floor":26,"key":"DemoMod:Bottle"},{"floor":28,"key":"MiniBlackHole"},{"floor":43,"key":"ReplayTheSpireMod:Ring of Addiction"},{"floor":43,"key":"DemoMod:BlueGuonStone"},{"floor":43,"key":"White Beast Statue"},{"floor":43,"key":"SacredBark"},{"floor":44,"key":"DemoMod:Metronome"},{"floor":45,"key":"reliquary:BoilingFlask"},{"floor":54,"key":"reliquary:Knoch"}],"event_choices":[{"damage_healed":0,"gold_gain":0,"player_choice":"Bought 0 Potions","damage_taken":0,"max_hp_gain":0,"max_hp_loss":0,"event_name":"The Woman in Blue","floor":5,"gold_loss":0},{"damage_healed":0,"gold_gain":0,"player_choice":"Got Potions","damage_taken":0,"max_hp_gain":0,"max_hp_loss":0,"event_name":"Lab","floor":19,"gold_loss":0}],"is_beta":false,"boss_relics":[{"not_picked":["StuffTheSpire:ModemDavis","SacredBark"],"picked":"qcfpunch:Crimson_Sash"},{"not_picked":["hubris:CrackedHourglass","strawberrySpire:Dictionifier"],"picked":"aspiration:RitualDagger"}],"items_purged_floors":[20],"is_endless":false,"potions_floor_spawned":[1,6,7,10,13,22,23,28,29,31,38,44,45,46,54],"killed_by":"The Heart","ascension_level":1}}