{"host":"rkezzvf6da7mjjsm","time":1611980573,"event":{"mods":["BaseMod","Colored Map","Minty Spire (QoL Compilation)","Relic Stats","StSLib"],"gold_per_floor":[110,120,270,270,270,300,315,340,395,427,446,374,374,387,387,463,463,479,479,479,489,489,489],"floor_reached":22,"language":"ENG","playtime":1357,"items_purged":[],"score":458,"play_id":"82c4a6fa-9c45-4eb2-ad86-b39a36a3afc7","local_time":"20210130152253","is_ascension_mode":true,"campfire_choices":[{"floor":13.0,"key":"REST"},{"data":"Deadly Poison","floor":15.0,"key":"SMITH"}],"circlet_count":0,"master_deck":["AscendersBane","Survivor","Neutralize","Dagger Spray","Deadly Poison+1","Doubt","Footwork","Footwork","Dagger Throw","After Image","Deadly Poison","Corpse Explosion","Unload","Phantasmal Killer","Dagger Spray","Tactician","Wraith Form v2","Envenom","Calculated Gamble","Dash","Deadly Poison","Doppelganger","Catalyst","Acrobatics"],"relics":["Ring of the Snake","NeowsBlessing","Regal Pillow","Paper Crane","Blue Candle","Darkstone Periapt","Blood Vial","Dream Catcher","Pandora\u0027s Box"],"acts_visited":["Exordium","TheCity"],"potions_floor_usage":[],"damage_taken":[{"damage":0.0,"enemies":"Small Slimes","floor":1.0,"turns":1.0},{"damage":0.0,"enemies":"2 Louse","floor":2.0,"turns":1.0},{"damage":0.0,"enemies":"Gremlin Nob","floor":6.0,"turns":1.0},{"damage":2.0,"enemies":"Jaw Worm","floor":7.0,"turns":7.0},{"damage":28.0,"enemies":"Lagavulin","floor":8.0,"turns":10.0},{"damage":29.0,"enemies":"Gremlin Nob","floor":10.0,"turns":4.0},{"damage":3.0,"enemies":"2 Fungi Beasts","floor":11.0,"turns":3.0},{"damage":5.0,"enemies":"3 Louse","floor":14.0,"turns":5.0},{"damage":10.0,"enemies":"Hexaghost","floor":16.0,"turns":11.0},{"damage":17.0,"enemies":"Spheric Guardian","floor":18.0,"turns":6.0},{"damage":38,"enemies":"Chosen","floor":21,"turns":6},{"damage":8,"enemies":"Snake Plant","floor":22,"turns":1}],"seed_played":"-3943501983910113519","potions_obtained":[{"floor":2.0,"key":"SteroidPotion"},{"floor":8.0,"key":"Fire Potion"},{"floor":11.0,"key":"Poison Potion"},{"floor":16.0,"key":"SteroidPotion"},{"floor":21,"key":"SteroidPotion"}],"is_trial":false,"path_per_floor":["M","M","?","?","T","E","M","E","T","E","M","?","R","M","R","B",null,"M","?","?","M","M"],"character_chosen":"THE_SILENT","items_purchased":[],"campfire_rested":1,"item_purchase_floors":[],"current_hp_per_floor":[59,59,59,59,59,59,57,29,29,2,1,1,35,32,32,24,56,41,41,41,5,0,0],"gold":489,"neow_bonus":"THREE_ENEMY_KILL","is_daily":false,"chose_seed":false,"campfire_upgraded":1,"win_rate":0.0,"timestamp":1611980573,"path_taken":["M","M","?","?","?","E","M","E","T","E","M","?","R","M","R","BOSS","M","?","?","M","?"],"items_purchased_type":[],"build_version":"2020-12-22","purchased_purges":0,"victory":false,"max_hp_per_floor":[66,66,66,66,66,66,66,66,66,66,66,66,66,66,66,66,66,66,66,66,66,66,66],"relic_stats":{"Darkstone Periapt":0,"Blood Vial":14,"Regal Pillow":15,"Dream Catcher":1,"counters":[12,56],"Blue Candle":[11],"Pandora\u0027s Box":["Unload","Phantasmal Killer","Dagger Spray","Tactician","Wraith Form v2","Envenom","Calculated Gamble","Dash","Deadly Poison","Doppelganger"],"obtain_stats":[{"Darkstone Periapt":8,"Blood Vial":9,"Regal Pillow":4,"Dream Catcher":10,"NeowsBlessing":0,"Blue Candle":6,"Pandora\u0027s Box":17,"Paper Crane":5,"Ring of the Snake":0},{"Darkstone Periapt":5,"Blood Vial":5,"Regal Pillow":2,"Dream Catcher":6,"NeowsBlessing":0,"Blue Candle":3,"Pandora\u0027s Box":9,"Paper Crane":2,"Ring of the Snake":0},{"Darkstone Periapt":20,"Blood Vial":20,"Regal Pillow":2,"Dream Catcher":24,"NeowsBlessing":0,"Blue Candle":3,"Pandora\u0027s Box":43,"Paper Crane":2,"Ring of the Snake":0}],"Ring of the Snake":[24]},"card_choices":[{"not_picked":["Quick Slash","Deflect"],"picked":"Dagger Spray","floor":1.0},{"not_picked":["Dagger Spray","Crippling Poison"],"picked":"Deadly Poison","floor":2.0},{"not_picked":["Dodge and Roll","Leg Sweep"],"picked":"Footwork","floor":6.0},{"not_picked":["Quick Slash","Dagger Throw"],"picked":"Footwork","floor":7.0},{"not_picked":["PiercingWail","Deflect"],"picked":"Dagger Throw","floor":8.0},{"not_picked":["PiercingWail","Cloak And Dagger"],"picked":"After Image","floor":10.0},{"not_picked":["Quick Slash","Caltrops","Dagger Spray"],"picked":"SKIP","floor":11.0},{"not_picked":["Leg Sweep","Deflect"],"picked":"Deadly Poison","floor":13.0},{"not_picked":["Sucker Punch","Bane","Distraction"],"picked":"SKIP","floor":14.0},{"not_picked":["A Thousand Cuts","After Image"],"picked":"Corpse Explosion","floor":16.0},{"not_picked":["All Out Attack","Cloak And Dagger"],"picked":"Catalyst","floor":18.0},{"not_picked":["Expertise","Quick Slash+1"],"picked":"Acrobatics","floor":21}],"player_experience":645223,"relics_obtained":[{"floor":5.0,"key":"Paper Crane"},{"floor":6.0,"key":"Blue Candle"},{"floor":8.0,"key":"Darkstone Periapt"},{"floor":9.0,"key":"Blood Vial"},{"floor":10.0,"key":"Dream Catcher"}],"event_choices":[{"damage_healed":0.0,"max_hp_gain":0.0,"max_hp_loss":0.0,"gold_gain":150.0,"event_name":"Liars Game","player_choice":"AGREE","floor":3.0,"gold_loss":0.0,"damage_taken":0.0,"cards_obtained":["Doubt"]},{"damage_healed":0.0,"max_hp_gain":0.0,"max_hp_loss":0.0,"gold_gain":0.0,"event_name":"Big Fish","player_choice":"Box","floor":4.0,"gold_loss":0.0,"damage_taken":0.0,"relics_obtained":["Regal Pillow"],"cards_obtained":["Regret"]},{"damage_healed":0.0,"max_hp_gain":0.0,"max_hp_loss":0.0,"gold_gain":0.0,"event_name":"World of Goop","player_choice":"Left Gold","floor":12.0,"gold_loss":72.0,"damage_taken":0.0},{"damage_healed":0,"gold_gain":0,"player_choice":"Ignored","damage_taken":0,"max_hp_gain":0,"max_hp_loss":0,"event_name":"Cursed Tome","floor":19,"gold_loss":0},{"cards_removed":["Regret"],"damage_healed":0,"gold_gain":0,"player_choice":"Purged","damage_taken":0,"max_hp_gain":0,"max_hp_loss":0,"event_name":"Purifier","floor":20,"gold_loss":0}],"is_beta":false,"boss_relics":[{"not_picked":["Tiny House","WristBlade"],"picked":"Pandora\u0027s Box"}],"items_purged_floors":[],"is_endless":false,"potions_floor_spawned":[2,8,11,16,21],"killed_by":"Snake Plant","ascension_level":20}}