{"host":"aj7el8l5kufbk20z","time":1611978053,"event":{"mods":["AchievementEnabler","BaseMod","Colored Map","Colored Powertips","Curses Come First","Highlight Path","Minty Spire (QoL Compilation)","Permanent Neow","Poor People Problems","Quick Restart","Rare Cards Sparkle","Relic Stats","StSLib","SuperFastMode","Waifu the Spire"],"gold_per_floor":[117,666,666,426,426,453,612,612,612,654,654,691,700,700,700,788,815,843,758,778,503,531,531,570,599,599,625,625,369,388,407,407,484,484,503,523,540,588,615,615,640,271,339,475,475,494,512,533,533,533],"floor_reached":51,"language":"ZHS","playtime":4795,"items_purged":["Strike_G","Strike_G","Doubt","Strike_G","Defend_G"],"score":1539,"play_id":"1743791f-a8d7-4a95-bc06-7a4d818fbacd","local_time":"20210130114053","is_ascension_mode":true,"campfire_choices":[{"data":"A Thousand Cuts","floor":8.0,"key":"SMITH"},{"data":"1","floor":11.0,"key":"LIFT"},{"data":"2","floor":15.0,"key":"LIFT"},{"data":"After Image","floor":23.0,"key":"SMITH"},{"data":"Deadly Poison","floor":28.0,"key":"SMITH"},{"data":"Noxious Fumes","floor":32.0,"key":"SMITH"},{"data":"3","floor":40,"key":"LIFT"},{"data":"Blade Dance","floor":45,"key":"SMITH"},{"data":"Blade Dance","floor":49,"key":"SMITH"}],"circlet_count":0,"master_deck":["AscendersBane","Defend_G+1","Survivor","Neutralize","CurseOfTheBell","Backflip","A Thousand Cuts+1","Escape Plan","Well Laid Plans+1","Deflect","After Image+1","Quick Slash+1","Noxious Fumes+1","Tools of the Trade+1","PiercingWail","PiercingWail","Infinite Blades","Acrobatics","Blur","Deadly Poison+1","Escape Plan","Noxious Fumes+1","Prepared","Terror","Infinite Blades+1","Blade Dance+1","Madness","Madness","Blade Dance+1"],"relics":["Calling Bell","Strawberry","Mummified Hand","Unceasing Top","Juzu Bracelet","Letter Opener","Membership Card","CeramicFish","Girya","Bag of Marbles","Bottled Lightning","Lantern","Odd Mushroom","Astrolabe","Eternal Feather","Peace Pipe","Nunchaku","Darkstone Periapt","Singing Bowl","Ice Cream","SlaversCollar","Thread and Needle","Ornamental Fan","Frozen Egg 2","Mercury Hourglass","Meat on the Bone","Ginger","Bronze Scales","OrangePellets"],"acts_visited":["Exordium","TheCity","TheBeyond"],"potions_floor_usage":[50,50],"damage_taken":[{"damage":28.0,"enemies":"Jaw Worm","floor":1.0,"turns":9.0},{"damage":165.0,"enemies":"Gremlin Nob","floor":6.0,"turns":13.0},{"damage":18.0,"enemies":"3 Sentries","floor":10.0,"turns":7.0},{"damage":45.0,"enemies":"The Mushroom Lair","floor":12.0,"turns":4.0},{"damage":0.0,"enemies":"The Guardian","floor":16.0,"turns":12.0},{"damage":7.0,"enemies":"Chosen","floor":18.0,"turns":5.0},{"damage":5.0,"enemies":"Spheric Guardian","floor":20.0,"turns":4.0},{"damage":28.0,"enemies":"Snecko","floor":22.0,"turns":7.0},{"damage":0.0,"enemies":"Book of Stabbing","floor":24.0,"turns":6.0},{"damage":3.0,"enemies":"Centurion and Healer","floor":25.0,"turns":4.0},{"damage":6.0,"enemies":"3 Cultists","floor":27.0,"turns":4.0},{"damage":29.0,"enemies":"Chosen and Byrds","floor":30.0,"turns":5.0},{"damage":4.0,"enemies":"Snake Plant","floor":31.0,"turns":3.0},{"damage":0.0,"enemies":"Automaton","floor":33.0,"turns":8.0},{"damage":10.0,"enemies":"3 Darklings","floor":35.0,"turns":3.0},{"damage":0.0,"enemies":"3 Shapes","floor":36.0,"turns":4.0},{"damage":38.0,"enemies":"Transient","floor":37.0,"turns":6.0},{"damage":14.0,"enemies":"2 Orb Walkers","floor":38.0,"turns":4.0},{"damage":0,"enemies":"Sphere and 2 Shapes","floor":39,"turns":4},{"damage":24,"enemies":"Reptomancer","floor":41,"turns":5},{"damage":0,"enemies":"3 Darklings","floor":46,"turns":3},{"damage":13,"enemies":"Maw","floor":48,"turns":4},{"damage":33,"enemies":"Time Eater","floor":50,"turns":9}],"seed_played":"-8373668031875923679","potions_obtained":[{"floor":1.0,"key":"CunningPotion"},{"floor":16.0,"key":"SpeedPotion"},{"floor":18.0,"key":"CultistPotion"},{"floor":22.0,"key":"Strength Potion"},{"floor":36.0,"key":"FairyPotion"},{"floor":37.0,"key":"EssenceOfSteel"}],"is_trial":false,"path_per_floor":["M","$","?","$","?","E","?","R","T","E","R","?","?","?","R","B",null,"M","?","M","$","M","R","E","M","T","M","R","$","M","M","R","B",null,"M","M","M","?","M","R","E","$","T","$","R","M","?","M","R","B",null],"character_chosen":"THE_SILENT","items_purchased":["Juzu Bracelet","Letter Opener","Membership Card","CeramicFish","Girya","A Thousand Cuts","Peace Pipe","Infinite Blades","Nunchaku","Ice Cream","Noxious Fumes","Frozen Egg 2","Mercury Hourglass","Infinite Blades+1","Ginger","Bronze Scales","OrangePellets","Blade Dance"],"campfire_rested":0,"item_purchase_floors":[2,2,4,4,4,4,21,21,21,29,29,42,42,42,44,44,44,44],"current_hp_per_floor":[38,38,38,38,31,98,98,98,98,80,80,35,35,73,73,73,73,66,66,61,61,88,73,73,70,70,64,73,73,77,73,75,77,77,69,71,83,71,71,85,63,63,63,63,78,80,64,51,66,83],"gold":533,"neow_bonus":"BOSS_RELIC","is_daily":false,"chose_seed":false,"campfire_upgraded":6,"win_rate":0.0,"timestamp":1611978053,"path_taken":["M","$","?","$","?","E","?","R","T","E","R","?","?","?","R","BOSS","M","?","M","$","M","R","E","M","T","M","R","$","M","M","R","BOSS","M","M","M","?","M","R","E","$","T","$","R","M","?","M","R","BOSS"],"items_purchased_type":["Relic","Relic","Relic","Relic","Relic","Card","Relic","Card","Relic","Relic","Card","Relic","Relic","Card","Relic","Relic","Relic","Card"],"build_version":"2020-12-22","purchased_purges":5,"victory":true,"max_hp_per_floor":[73,73,73,73,73,73,73,73,73,73,73,73,73,73,73,73,73,73,73,73,73,73,73,73,73,73,73,73,73,75,75,75,77,77,79,81,83,85,85,85,87,87,87,87,87,89,89,89,89,89],"relic_stats":{"Darkstone Periapt":0,"Singing Bowl":16,"counters":[23,133],"CeramicFish":216,"Astrolabe":["Quick Slash","Noxious Fumes","Tools of the Trade"],"Eternal Feather":40,"Juzu Bracelet":2,"Letter Opener":[525],"Ginger":[5],"Mercury Hourglass":[54],"Peace Pipe":2,"OrangePellets":[2],"Nunchaku":[15],"Mummified Hand":[125],"Ornamental Fan":[52],"Bronze Scales":[54],"obtain_stats":[{"Darkstone Periapt":24,"Ice Cream":29,"Lantern":10,"Singing Bowl":26,"CeramicFish":4,"Juzu Bracelet":2,"Ginger":44,"Nunchaku":21,"Mummified Hand":0,"Strawberry":0,"Ring of the Snake":0,"Girya":4,"Astrolabe":17,"Eternal Feather":19,"Thread and Needle":38,"Letter Opener":2,"Odd Mushroom":12,"Frozen Egg 2":42,"Mercury Hourglass":42,"Calling Bell":0,"Peace Pipe":21,"SlaversCollar":34,"OrangePellets":44,"Ornamental Fan":41,"Bronze Scales":44,"Bag of Marbles":6,"Membership Card":4,"Bottled Lightning":9,"Unceasing Top":0,"Meat on the Bone":43},{"Darkstone Periapt":9,"Ice Cream":11,"Lantern":3,"Singing Bowl":10,"CeramicFish":1,"Juzu Bracelet":1,"Ginger":20,"Nunchaku":7,"Mummified Hand":0,"Strawberry":0,"Ring of the Snake":0,"Girya":1,"Astrolabe":5,"Eternal Feather":6,"Thread and Needle":18,"Letter Opener":1,"Odd Mushroom":4,"Frozen Egg 2":20,"Mercury Hourglass":20,"Calling Bell":0,"Peace Pipe":7,"SlaversCollar":14,"OrangePellets":20,"Ornamental Fan":20,"Bronze Scales":20,"Bag of Marbles":2,"Membership Card":1,"Bottled Lightning":2,"Unceasing Top":0,"Meat on the Bone":20},{"Darkstone Periapt":67,"Ice Cream":75,"Lantern":29,"Singing Bowl":71,"CeramicFish":9,"Juzu Bracelet":9,"Ginger":117,"Nunchaku":54,"Mummified Hand":0,"Strawberry":0,"Ring of the Snake":0,"Girya":9,"Astrolabe":45,"Eternal Feather":50,"Thread and Needle":108,"Letter Opener":9,"Odd Mushroom":33,"Frozen Egg 2":117,"Mercury Hourglass":117,"Calling Bell":0,"Peace Pipe":54,"SlaversCollar":91,"OrangePellets":117,"Ornamental Fan":117,"Bronze Scales":117,"Bag of Marbles":22,"Membership Card":9,"Bottled Lightning":22,"Unceasing Top":0,"Meat on the Bone":117}],"Unceasing Top":[40],"Meat on the Bone":0},"card_choices":[{"not_picked":["Dagger Spray","Bane"],"picked":"Backflip","floor":1.0},{"not_picked":["Reflex","Flying Knee","Corpse Explosion"],"picked":"SKIP","floor":6.0},{"not_picked":["Bouncing Flask","Acrobatics"],"picked":"Escape Plan","floor":10.0},{"not_picked":["Flying Knee","Backflip"],"picked":"Well Laid Plans","floor":12.0},{"not_picked":["Venomology","Unload"],"picked":"After Image","floor":16.0},{"not_picked":["Outmaneuver","Crippling Poison"],"picked":"PiercingWail","floor":18.0},{"not_picked":["Slice","Choke+1"],"picked":"PiercingWail","floor":20.0},{"not_picked":["Quick Slash","Reflex"],"picked":"Acrobatics","floor":22.0},{"not_picked":["Predator","Die Die Die"],"picked":"Blur","floor":24.0},{"not_picked":["Eviscerate","Underhanded Strike"],"picked":"Deadly Poison","floor":25.0},{"not_picked":["Deflect+1","Dagger Spray"],"picked":"Escape Plan","floor":27.0},{"not_picked":["Backstab+1","Deflect","Deadly Poison"],"picked":"Singing Bowl","floor":30.0},{"not_picked":["Outmaneuver","Slice+1"],"picked":"Prepared","floor":31.0},{"not_picked":["Venomology","Grand Finale","Tools of the Trade"],"picked":"Singing Bowl","floor":33.0},{"not_picked":["Bane+1","Backstab","Slice"],"picked":"Singing Bowl","floor":35.0},{"not_picked":["Dagger Spray","Well Laid Plans","All Out Attack"],"picked":"Singing Bowl","floor":36.0},{"not_picked":["Well Laid Plans","Bouncing Flask","Dash+1"],"picked":"Singing Bowl","floor":37.0},{"not_picked":["Acrobatics","Slice+1","Flying Knee"],"picked":"Singing Bowl","floor":38.0},{"not_picked":["Poisoned Stab","Dodge and Roll"],"picked":"Terror","floor":39},{"not_picked":["Dagger Spray+1","Reflex+1","Slice"],"picked":"Singing Bowl","floor":41},{"not_picked":["Flying Knee","Deflect","Predator"],"picked":"Singing Bowl","floor":46},{"not_picked":["Deflect","Acrobatics"],"picked":"Blade Dance","floor":48}],"player_experience":305903,"relics_obtained":[{"floor":0.0,"key":"Strawberry"},{"floor":0.0,"key":"Mummified Hand"},{"floor":0.0,"key":"Unceasing Top"},{"floor":6.0,"key":"Bag of Marbles"},{"floor":9.0,"key":"Bottled Lightning"},{"floor":10.0,"key":"Lantern"},{"floor":12.0,"key":"Odd Mushroom"},{"floor":24.0,"key":"Darkstone Periapt"},{"floor":26.0,"key":"Singing Bowl"},{"floor":38.0,"key":"Thread and Needle"},{"floor":41,"key":"Ornamental Fan"},{"floor":43,"key":"Meat on the Bone"}],"event_choices":[{"damage_healed":0.0,"max_hp_gain":0.0,"max_hp_loss":0.0,"gold_gain":0.0,"event_name":"Match and Keep!","player_choice":"0 cards matched","floor":3.0,"gold_loss":0.0,"damage_taken":0.0,"cards_obtained":[]},{"cards_removed":["Strike_G"],"damage_healed":0.0,"max_hp_gain":0.0,"max_hp_loss":0.0,"gold_gain":0.0,"event_name":"Golden Wing","player_choice":"Card Removal","floor":5.0,"gold_loss":0.0,"damage_taken":7.0},{"damage_healed":0.0,"max_hp_gain":0.0,"max_hp_loss":0.0,"gold_gain":150.0,"event_name":"Liars Game","player_choice":"AGREE","floor":7.0,"gold_loss":0.0,"damage_taken":0.0,"cards_obtained":["Doubt"]},{"damage_healed":0.0,"max_hp_gain":0.0,"max_hp_loss":0.0,"gold_gain":0.0,"event_name":"Mushrooms","player_choice":"Fought Mushrooms","floor":12.0,"gold_loss":0.0,"damage_taken":0.0},{"damage_healed":0.0,"max_hp_gain":0.0,"max_hp_loss":0.0,"gold_gain":0.0,"cards_transformed":["Defend_G"],"event_name":"Transmorgrifier","player_choice":"Transformed","floor":13.0,"gold_loss":0.0,"damage_taken":0.0,"cards_obtained":["Deflect"]},{"damage_healed":0.0,"max_hp_gain":0.0,"max_hp_loss":0.0,"gold_gain":0.0,"event_name":"Shining Light","player_choice":"Entered Light","floor":14.0,"gold_loss":0.0,"damage_taken":22.0,"cards_upgraded":["Well Laid Plans","Defend_G"]},{"damage_healed":0.0,"max_hp_gain":0.0,"max_hp_loss":0.0,"gold_gain":0.0,"event_name":"Addict","player_choice":"Obtained Relic","floor":19.0,"gold_loss":85.0,"damage_taken":0.0,"relics_obtained":["Eternal Feather"]},{"damage_healed":0.0,"max_hp_gain":0.0,"max_hp_loss":0.0,"gold_gain":0.0,"event_name":"Mysterious Sphere","player_choice":"Fight","floor":38.0,"gold_loss":0.0,"damage_taken":0.0},{"damage_healed":0,"gold_gain":0,"player_choice":"Embrace Madness","damage_taken":16,"max_hp_gain":0,"max_hp_loss":0,"event_name":"Winding Halls","floor":47,"gold_loss":0,"cards_obtained":["Madness","Madness"]}],"is_beta":false,"boss_relics":[{"not_picked":["Fusion Hammer","Philosopher\u0027s Stone"],"picked":"Astrolabe"},{"not_picked":["HoveringKite","Sozu"],"picked":"SlaversCollar"}],"items_purged_floors":[2,4,29,42,44],"is_endless":false,"potions_floor_spawned":[1,16,18,20,22,31,36,37,41,48],"ascension_level":17}}