{"host":"19r1ww88x2tc73i0","time":1611999528,"event":{"mods":["BaseMod","BetterRewards","Colored Map","Minty Spire (QoL Compilation)","Relic Stats","StSLib","SuperFastMode","slay the spire mod where everything is the same but ironclad has a cowboy hat"],"gold_per_floor":[214,1,1,19,19,48,74,74,99,146,158,170,20,45,45,143,143,162,177,177,177,177],"floor_reached":21,"language":"ENG","playtime":4608,"items_purged":["Strike_G"],"score":370,"play_id":"72c404a2-fd57-455b-a058-3d86a8c622e9","local_time":"25640130163848","is_ascension_mode":true,"campfire_choices":[{"floor":8.0,"key":"REST"},{"data":"Burst","floor":12.0,"key":"SMITH"},{"floor":15.0,"key":"REST"}],"circlet_count":0,"master_deck":["AscendersBane","Survivor","Neutralize","Dagger Spray","Noxious Fumes","Dagger Spray+1","Burst+1","Bane","Endless Agony","Backflip","Venomology","All Out Attack","Heel Hook","Tactician","Distraction","A Thousand Cuts","Adrenaline","Quick Slash","Terror","Burst","Deflect","Noxious Fumes"],"relics":["Ring of the Snake","Gremlin Horn","Bronze Scales","Odd Mushroom","MawBank","Vajra","Golden Idol","Regal Pillow","Pandora\u0027s Box"],"acts_visited":["Exordium","TheCity"],"potions_floor_usage":[],"damage_taken":[{"damage":10.0,"enemies":"Jaw Worm","floor":1.0,"turns":8.0},{"damage":5.0,"enemies":"2 Louse","floor":4.0,"turns":4.0},{"damage":12.0,"enemies":"3 Sentries","floor":6.0,"turns":6.0},{"damage":0.0,"enemies":"The Mushroom Lair","floor":7.0,"turns":3.0},{"damage":20.0,"enemies":"Lagavulin","floor":10.0,"turns":9.0},{"damage":0.0,"enemies":"Small Slimes","floor":14.0,"turns":2.0},{"damage":23.0,"enemies":"Hexaghost","floor":16.0,"turns":9.0},{"damage":6.0,"enemies":"Chosen","floor":18.0,"turns":4.0},{"damage":17.0,"enemies":"Shell Parasite","floor":19.0,"turns":2.0},{"damage":0,"enemies":"Cultist and Chosen","floor":21,"turns":1}],"seed_played":"4212980507086467461","potions_obtained":[{"floor":10.0,"key":"Swift Potion"},{"floor":14.0,"key":"LiquidBronze"},{"floor":16.0,"key":"Block Potion"}],"is_trial":false,"path_per_floor":["M","$","?","M","?","E","?","R","T","E","?","R","$","M","R","B",null,"M","M","?","M"],"character_chosen":"THE_SILENT","items_purchased":["Dagger Spray","Noxious Fumes","Regal Pillow"],"campfire_rested":2,"item_purchase_floors":[2,2,13],"current_hp_per_floor":[49,49,44,39,19,7,7,26,26,6,6,6,6,6,39,16,49,43,26,60,60,60],"gold":177,"neow_bonus":"HUNDRED_GOLD","is_daily":false,"chose_seed":false,"campfire_upgraded":1,"win_rate":0.0,"timestamp":1611999528,"path_taken":["M","$","?","M","?","E","?","R","T","E","?","R","?","M","R","BOSS","M","M","?","M"],"items_purchased_type":["Card","Card","Relic"],"build_version":"2020-12-22","purchased_purges":1,"victory":false,"max_hp_per_floor":[66,66,66,66,66,66,66,66,66,66,60,60,60,60,60,60,60,60,60,60,60,60],"relic_stats":{"Regal Pillow":15,"Gremlin Horn":[6,6],"counters":[10,48],"Golden Idol":32,"Bronze Scales":[81],"Pandora\u0027s Box":["All Out Attack","Heel Hook","Tactician","Distraction","A Thousand Cuts","Adrenaline","Quick Slash","Terror","Burst"],"MawBank":48,"obtain_stats":[{"Regal Pillow":13,"Gremlin Horn":3,"Golden Idol":11,"Bronze Scales":6,"Vajra":10,"Pandora\u0027s Box":17,"Odd Mushroom":7,"MawBank":9,"Ring of the Snake":0},{"Regal Pillow":5,"Gremlin Horn":1,"Golden Idol":5,"Bronze Scales":3,"Vajra":5,"Pandora\u0027s Box":7,"Odd Mushroom":4,"MawBank":4,"Ring of the Snake":0},{"Regal Pillow":30,"Gremlin Horn":8,"Golden Idol":30,"Bronze Scales":18,"Vajra":30,"Pandora\u0027s Box":41,"Odd Mushroom":21,"MawBank":21,"Ring of the Snake":0}],"Ring of the Snake":[20]},"card_choices":[{"not_picked":["PiercingWail","Distraction"],"picked":"Riddle With Holes","floor":1.0},{"not_picked":["Flying Knee","Slice"],"picked":"Dagger Spray","floor":4.0},{"not_picked":["Deflect","Storm of Steel"],"picked":"Burst","floor":6.0},{"not_picked":["Deflect","Outmaneuver"],"picked":"Bane","floor":7.0},{"not_picked":["Skewer","Prepared"],"picked":"Endless Agony","floor":10.0},{"not_picked":["Dodge and Roll","Predator"],"picked":"Backflip","floor":14.0},{"not_picked":["Envenom","Storm of Steel"],"picked":"Venomology","floor":16.0},{"not_picked":["Acrobatics","Prepared"],"picked":"Deflect","floor":18.0},{"not_picked":["Bane","Tactician"],"picked":"Noxious Fumes","floor":19.0}],"player_experience":965561,"relics_obtained":[{"floor":6.0,"key":"Bronze Scales"},{"floor":7.0,"key":"Odd Mushroom"},{"floor":9.0,"key":"MawBank"},{"floor":10.0,"key":"Vajra"}],"event_choices":[{"damage_healed":0.0,"max_hp_gain":0.0,"max_hp_loss":0.0,"gold_gain":0.0,"event_name":"Scrap Ooze","player_choice":"Success","floor":3.0,"gold_loss":0.0,"damage_taken":5.0,"relics_obtained":["Gremlin Horn"]},{"damage_healed":0.0,"max_hp_gain":0.0,"max_hp_loss":0.0,"gold_gain":0.0,"event_name":"Shining Light","player_choice":"Entered Light","floor":5.0,"gold_loss":0.0,"damage_taken":20.0,"cards_upgraded":["Defend_G","Dagger Spray"]},{"damage_healed":0.0,"max_hp_gain":0.0,"max_hp_loss":0.0,"gold_gain":0.0,"event_name":"Mushrooms","player_choice":"Fought Mushrooms","floor":7.0,"gold_loss":0.0,"damage_taken":0.0},{"damage_healed":0.0,"max_hp_gain":0.0,"max_hp_loss":6.0,"gold_gain":0.0,"event_name":"Golden Idol","player_choice":"Lose Max HP","floor":11.0,"gold_loss":0.0,"damage_taken":0.0,"relics_obtained":["Golden Idol"]},{"cards_removed":["Riddle With Holes"],"damage_healed":34.0,"max_hp_gain":0.0,"max_hp_loss":0.0,"gold_gain":0.0,"event_name":"Bonfire Elementals","player_choice":"Offered Uncommon","floor":20.0,"gold_loss":0.0,"damage_taken":0.0}],"is_beta":false,"boss_relics":[{"not_picked":["Ectoplasm","Tiny House"],"picked":"Pandora\u0027s Box"}],"items_purged_floors":[2],"is_endless":false,"potions_floor_spawned":[10,14,16],"killed_by":"Cultist and Chosen","ascension_level":20}}