{"host":"2wp95sdfrgw3k439","time":1611994020,"event":{"mods":["BaseMod","Better Altar","Better Skull","Better Third Choice","Curses Come First","Minty Spire (QoL Compilation)","Permanent Neow","StSLib"],"gold_per_floor":[99,99,99,99,99,99,99,99,99,99,99,99,99,99,99,99,99,99,99,99,69,69],"floor_reached":21,"language":"ENG","playtime":717,"items_purged":[],"score":271,"play_id":"e9bd107a-23fc-45f2-916f-a858eae82447","local_time":"20210130010700","is_ascension_mode":true,"campfire_choices":[{"floor":7,"key":"REST"},{"floor":15,"key":"REST"}],"circlet_count":0,"master_deck":["Strike_G","Strike_G","Strike_G","Defend_G","Defend_G","Defend_G","Defend_G","Defend_G","Survivor","Neutralize","Quick Slash","Caltrops+1","Underhanded Strike","Slice","Dagger Throw","Dash","Masterful Stab","Venomology","Dagger Spray"],"relics":["Ectoplasm","Juzu Bracelet","Question Card","Ancient Tea Set","Busted Crown","Enchiridion","Blood Vial"],"acts_visited":["Exordium","TheCity"],"potions_floor_usage":[10,10,16,16,18],"damage_taken":[{"damage":0,"enemies":"Cultist","floor":1,"turns":4},{"damage":0,"enemies":"Small Slimes","floor":2,"turns":3},{"damage":0,"enemies":"2 Louse","floor":3,"turns":3},{"damage":10,"enemies":"Large Slime","floor":4,"turns":8},{"damage":41,"enemies":"Gremlin Nob","floor":6,"turns":5},{"damage":5,"enemies":"Gremlin Gang","floor":8,"turns":4},{"damage":17,"enemies":"Lagavulin","floor":10,"turns":4},{"damage":40,"enemies":"Hexaghost","floor":16,"turns":11},{"damage":20,"enemies":"3 Byrds","floor":18,"turns":4},{"damage":17,"enemies":"2 Thieves","floor":21,"turns":1}],"seed_played":"1593128290657632985","potions_obtained":[{"floor":3,"key":"LiquidMemories"},{"floor":4,"key":"Ancient Potion"},{"floor":8,"key":"Poison Potion"},{"floor":10,"key":"Regen Potion"}],"is_trial":false,"path_per_floor":["M","M","M","M","?","E","R","M","T","E","?","?","?","?","R","B",null,"M","?","?","M"],"character_chosen":"THE_SILENT","items_purchased":[],"campfire_rested":2,"item_purchase_floors":[],"current_hp_per_floor":[63,63,63,53,70,29,50,45,45,28,28,28,28,21,42,17,57,49,33,15,0,0],"gold":69,"neow_bonus":"BOSS_RELIC","is_daily":false,"chose_seed":false,"campfire_upgraded":0,"win_rate":0.0,"timestamp":1611994020,"path_taken":["M","M","M","?","?","E","R","M","T","E","?","?","?","?","R","BOSS","M","?","?","M"],"items_purchased_type":[],"build_version":"2020-12-22","purchased_purges":0,"victory":false,"max_hp_per_floor":[70,70,70,70,70,70,70,70,70,70,70,70,70,70,70,70,70,70,70,70,70,70],"card_choices":[{"not_picked":["Acrobatics","Dodge and Roll"],"picked":"Quick Slash","floor":1},{"not_picked":["Riddle With Holes","PiercingWail"],"picked":"Caltrops","floor":2},{"not_picked":["Outmaneuver","Distraction"],"picked":"Underhanded Strike","floor":3},{"not_picked":["Concentrate","Poisoned Stab"],"picked":"Slice","floor":4},{"not_picked":["Backstab","Sucker Punch"],"picked":"Dagger Throw","floor":6},{"not_picked":["Underhanded Strike","Quick Slash"],"picked":"Dash","floor":8},{"not_picked":["Slice","Prepared","Deflect"],"picked":"Masterful Stab","floor":10},{"not_picked":["Night Terror","Unload","Corpse Explosion"],"picked":"Venomology","floor":16},{"not_picked":["Slice+1"],"picked":"Dagger Spray","floor":18}],"player_experience":520513,"relics_obtained":[{"floor":6,"key":"Juzu Bracelet"},{"floor":9,"key":"Question Card"},{"floor":10,"key":"Ancient Tea Set"},{"floor":19,"key":"Enchiridion"}],"event_choices":[{"damage_healed":23,"gold_gain":0,"player_choice":"Banana","damage_taken":0,"max_hp_gain":0,"max_hp_loss":0,"event_name":"Big Fish","floor":5,"gold_loss":0},{"damage_healed":0,"gold_gain":0,"player_choice":"Ignored","damage_taken":0,"max_hp_gain":0,"max_hp_loss":0,"event_name":"Golden Idol","floor":11,"gold_loss":0},{"damage_healed":0,"gold_gain":0,"player_choice":"Grow","damage_taken":0,"max_hp_gain":0,"max_hp_loss":0,"event_name":"Living Wall","floor":12,"gold_loss":0,"cards_upgraded":["Caltrops"]},{"cards_removed":["Strike_G"],"damage_healed":0,"gold_gain":0,"player_choice":"Offered Basic","damage_taken":0,"max_hp_gain":0,"max_hp_loss":0,"event_name":"Bonfire Elementals","floor":13,"gold_loss":0},{"cards_removed":["Strike_G"],"damage_healed":0,"gold_gain":0,"player_choice":"Card Removal","damage_taken":7,"max_hp_gain":0,"max_hp_loss":0,"event_name":"Golden Wing","floor":14,"gold_loss":0},{"damage_healed":0,"gold_gain":0,"player_choice":"Obtained Book","damage_taken":16,"max_hp_gain":0,"max_hp_loss":0,"event_name":"Cursed Tome","floor":19,"gold_loss":0},{"damage_healed":0,"gold_gain":0,"player_choice":" Vial ","damage_taken":18,"relics_obtained":["Blood Vial"],"max_hp_gain":33,"max_hp_loss":15,"event_name":"betterAltar:BetterAltar","floor":20,"potions_obtained":[],"relics_lost":[],"gold_loss":0}],"is_beta":false,"boss_relics":[{"not_picked":["Empty Cage","HoveringKite"],"picked":"Busted Crown"}],"items_purged_floors":[],"is_endless":false,"potions_floor_spawned":[3,4,8,10],"killed_by":"2 Thieves","ascension_level":9}}