{"host":"56mvygynx9suy49g","time":1611988586,"event":{"mods":["BaseMod","Downfall","Hermit","Minty Spire (QoL Compilation)","StSLib"],"gold_per_floor":[99,114,127,144,144,144,195,230,240,140,151,151,151,161,175,272,272,272,272,43,57,76,76,76,76,87,106,16,16,35,45,63,63,63,63],"floor_reached":33,"language":"ENG","playtime":3339,"items_purged":["hexamod:Strike"],"score":253,"play_id":"5efc7d05-9559-402a-8e3f-7acae14a186e","local_time":"20210130003626","is_ascension_mode":false,"campfire_choices":[{"data":"hexamod:Float","floor":1,"key":"SMITH"},{"data":"hexamod:HeatMetal","floor":6,"key":"SMITH"},{"data":"hexamod:ChargedBarrage","floor":10,"key":"SMITH"},{"floor":13,"key":"REST"},{"data":"hexamod:TurnItUp","floor":18,"key":"SMITH"},{"data":"hexamod:SearingWound","floor":23,"key":"SMITH"},{"data":"hexamod:SearingWound","floor":25,"key":"SMITH"}],"circlet_count":0,"master_deck":["hexamod:Strike","hexamod:Strike","hexamod:Strike","hexamod:Defend","hexamod:Defend","hexamod:Defend","hexamod:Defend","hexamod:Sear","hexamod:Float+1","hexamod:HauntingEcho","hexamod:HeatMetal+1","hexamod:InspiringFlames+1","hexamod:ChargedBarrage+1","hexamod:GhostflameBarrier","hexamod:PhantomFireball","hexamod:RainOfEmbers","hexamod:TurnItUp+1","hexamod:HeatShield","hexamod:SearingWound+1","hexamod:ExtraCrispy","hexamod:SearingWound+1","hexamod:HeatCrush","hexamod:BurningTouch+1","hexamod:PhantomCloak+1"],"relics":["hexamod:SpiritBrand","Incense Burner","downfall:HeartBlessingGreen","hexamod:IceCube","Frozen Egg 2","downfall:RedIOU"],"acts_visited":["Exordium","TheCity"],"potions_floor_usage":[8,15,16,28,30,31,33,33],"damage_taken":[{"damage":2,"enemies":"2 Louse","floor":2,"turns":3},{"damage":0,"enemies":"Cultist","floor":3,"turns":3},{"damage":1,"enemies":"Jaw Worm","floor":4,"turns":5},{"damage":33,"enemies":"3 Sentries","floor":8,"turns":8},{"damage":0,"enemies":"Blue Slaver","floor":9,"turns":3},{"damage":0,"enemies":"Large Slime","floor":11,"turns":3},{"damage":3,"enemies":"Exordium Wildlife","floor":14,"turns":4},{"damage":3,"enemies":"Blue Slaver","floor":15,"turns":2},{"damage":43,"enemies":"DF_ARCHETYPE_STREAMLINE","floor":16,"turns":11},{"damage":0,"enemies":"downfall:FleeingMerchant","floor":20,"turns":4},{"damage":0,"enemies":"Spheric Guardian","floor":21,"turns":4},{"damage":0,"enemies":"Chosen","floor":22,"turns":3},{"damage":13,"enemies":"Shelled Parasite and Fungi","floor":26,"turns":4},{"damage":15,"enemies":"Centurion and Healer","floor":27,"turns":5},{"damage":4,"enemies":"downfall:FleeingMerchant","floor":28,"turns":4},{"damage":14,"enemies":"Cultist and Chosen","floor":30,"turns":5},{"damage":16,"enemies":"Chosen and Byrds","floor":31,"turns":5},{"damage":0,"enemies":"Snake Plant","floor":32,"turns":2},{"damage":37,"enemies":"WA_ARCHETYPE_CALM","floor":33,"turns":5}],"seed_played":"-6088442271664476345","potions_obtained":[{"floor":2,"key":"Strength Potion"},{"floor":4,"key":"Guardian:BlockOnCardUsePotion"},{"floor":8,"key":"Explosive Potion"},{"floor":12,"key":"EssenceOfSteel"},{"floor":12,"key":"SkillPotion"},{"floor":21,"key":"hexamod:SoulburnPotion"},{"floor":22,"key":"DistilledChaos"},{"floor":31,"key":"Block Potion"},{"floor":32,"key":"Slimebound:ThreeZeroPotion"}],"is_trial":false,"path_per_floor":["R","M","M","M","?","R","T","E","M","R","M","?","R","M","M","B",null,"R","?","$","M","M","R","T","R","M","M","$","?","M","M","M","B"],"character_chosen":"THE_SPIRIT","items_purchased":["hexamod:SearingWound","hexamod:ExtraCrispy"],"campfire_rested":1,"item_purchase_floors":[20,20],"current_hp_per_floor":[77,75,75,74,74,74,74,41,41,41,41,41,64,61,58,15,77,77,77,77,77,77,77,77,77,64,49,45,45,31,15,15,0,0,0],"gold":63,"neow_bonus":"TEN_PERCENT_HP_BONUS","is_daily":false,"chose_seed":false,"campfire_upgraded":6,"win_rate":0.0,"timestamp":1611988586,"path_taken":["R","M","M","M","?","R","T","E","M","R","M","?","R","?","M","BOSS","R","?","$","M","M","R","T","R","M","M","$","?","M","M","M","BOSS"],"items_purchased_type":["Card","Card"],"build_version":"2020-12-22","purchased_purges":1,"victory":false,"max_hp_per_floor":[77,77,77,77,77,77,77,77,77,77,77,77,77,77,77,77,77,77,77,77,77,77,77,77,77,77,77,77,77,77,77,77,77,77,77],"card_choices":[{"not_picked":["hexamod:RetreatToShadows","hexamod:Rewind"],"picked":"hexamod:HauntingEcho","floor":2},{"not_picked":["hexamod:NightmareStrike","hexamod:SecondSeal"],"picked":"hexamod:HeatMetal","floor":3},{"not_picked":["hexamod:ThirdSeal","hexamod:SwordOfDarkness"],"picked":"hexamod:InspiringFlames","floor":4},{"not_picked":["hexamod:NightmareStrike","hexamod:Firestarter","hexamod:SwordOfDarkness"],"picked":"SKIP","floor":8},{"not_picked":["hexamod:BurningTouch","hexamod:CatchUp"],"picked":"hexamod:ChargedBarrage","floor":9},{"not_picked":["hexamod:TimeOfNeed","hexamod:Haunt"],"picked":"hexamod:GhostflameBarrier","floor":11},{"not_picked":["hexamod:BacktrackSmack","hexamod:HeatMetal"],"picked":"hexamod:PhantomFireball","floor":14},{"not_picked":["hexamod:GhostOfSpirePast","hexamod:InspiringFlames"],"picked":"hexamod:RainOfEmbers","floor":15},{"not_picked":["hexamod:UnlimitedPower","hexamod:GhostOfSpirePresent"],"picked":"hexamod:TurnItUp","floor":16},{"not_picked":["hexamod:SwordOfDarkness","hexamod:ThermalTransfer","hexamod:GhostShield"],"picked":"SKIP","floor":20},{"not_picked":["hexamod:HeatMetal","hexamod:PhantomCloak","hexamod:AdvancingGuard"],"picked":"SKIP","floor":21},{"not_picked":["hexamod:FourthSeal","hexamod:BurningTouch"],"picked":"hexamod:SearingWound","floor":22},{"not_picked":["hexamod:NightmareStrike+1","hexamod:Firestarter","hexamod:SwordOfDarkness+1"],"picked":"SKIP","floor":26},{"not_picked":["hexamod:NightmareGuise","hexamod:Haunt","hexamod:BurningTouch"],"picked":"SKIP","floor":27},{"not_picked":["hexamod:TimeOfNeed","hexamod:Firestarter","hexamod:SwordOfDarkness"],"picked":"SKIP","floor":28},{"not_picked":["hexamod:ShieldOfDarkness","hexamod:SwordOfDarkness+1"],"picked":"hexamod:HeatCrush","floor":30},{"not_picked":["hexamod:StepThrough","hexamod:ChargedBarrage"],"picked":"hexamod:BurningTouch+1","floor":31},{"not_picked":["hexamod:RainOfEmbers","hexamod:NightmareGuise"],"picked":"hexamod:PhantomCloak+1","floor":32}],"player_experience":387936,"relics_obtained":[{"floor":7,"key":"Centennial Puzzle"},{"floor":8,"key":"Incense Burner"},{"floor":24,"key":"Frozen Egg 2"}],"event_choices":[{"damage_healed":0,"gold_gain":0,"player_choice":"Grow","damage_taken":0,"max_hp_gain":0,"max_hp_loss":0,"event_name":"Living Wall","floor":5,"gold_loss":0,"cards_upgraded":["hexamod:InspiringFlames"]},{"damage_healed":0,"gold_gain":0,"player_choice":"Got Potions","damage_taken":0,"max_hp_gain":0,"max_hp_loss":0,"event_name":"Lab","floor":12,"gold_loss":0},{"damage_healed":0,"gold_gain":0,"player_choice":"Read","damage_taken":0,"max_hp_gain":0,"max_hp_loss":0,"event_name":"The Library","floor":19,"gold_loss":0,"cards_obtained":["hexamod:HeatShield"]}],"is_beta":false,"boss_relics":[{"not_picked":["SacredBark","Snecko Eye"],"picked":"hexamod:IceCube"}],"items_purged_floors":[28],"is_endless":false,"potions_floor_spawned":[2,4,8,14,21,22,31,32],"killed_by":"WA_ARCHETYPE_CALM","ascension_level":0}}