{"host":"yx5rao87132cy5xq","time":1611986072,"event":{"mods":["2.2 Compatiblity","AchievementEnabler","BaseMod","Bestiary","Colored Map","Colored Powertips","Minty Spire (QoL Compilation)","Quick Restart","Relic Stats","Slay-I","SuperFastMode"],"gold_per_floor":[111,125,144,162,176,203,203,217,217,245,245,112,137,67,67,67,67],"floor_reached":16,"language":"ENG","playtime":697,"items_purged":[],"score":214,"play_id":"66006263-210c-42a2-92b5-5e113ab471f6","local_time":"20210130065432","is_ascension_mode":true,"campfire_choices":[{"floor":7,"key":"REST"},{"floor":11,"key":"REST"},{"data":"Bash","floor":15,"key":"SMITH"}],"circlet_count":0,"master_deck":["AscendersBane","Strike_R","Strike_R","Strike_R","Strike_R","Strike_R","Defend_R","Defend_R","Defend_R","Defend_R","Bash+1","Carnage","Feel No Pain","Headbutt","Bloodletting","Flex","True Grit","Corruption","Sword Boomerang","Reaper"],"relics":["Burning Blood","NeowsBlessing","CaptainsWheel","WingedGreaves","Dream Catcher","Self Forming Clay","Ginger"],"acts_visited":["Exordium"],"potions_floor_usage":[6,10,16],"damage_taken":[{"damage":0,"enemies":"Cultist","floor":1,"turns":1},{"damage":0,"enemies":"Jaw Worm","floor":2,"turns":1},{"damage":0,"enemies":"Small Slimes","floor":3,"turns":2},{"damage":14,"enemies":"Red Slaver","floor":4,"turns":3},{"damage":15,"enemies":"Looter","floor":5,"turns":3},{"damage":24,"enemies":"3 Sentries","floor":6,"turns":8},{"damage":15,"enemies":"Lots of Slimes","floor":8,"turns":7},{"damage":11,"enemies":"Gremlin Nob","floor":10,"turns":4},{"damage":20,"enemies":"Lagavulin","floor":13,"turns":5},{"damage":60,"enemies":"The Guardian","floor":16,"turns":8}],"seed_played":"7089999276980697156","potions_obtained":[{"floor":1,"key":"DuplicationPotion"},{"floor":2,"key":"DistilledChaos"},{"floor":4,"key":"AttackPotion"},{"floor":8,"key":"Energy Potion"}],"is_trial":false,"path_per_floor":["M","M","M","M","M","E","R","M","T","E","R","?","E","$","R","B"],"character_chosen":"IRONCLAD","items_purchased":["Reaper"],"campfire_rested":2,"item_purchase_floors":[14],"current_hp_per_floor":[74,75,75,67,58,40,62,53,53,48,70,70,56,56,56,0,0],"gold":67,"neow_bonus":"THREE_ENEMY_KILL","is_daily":false,"chose_seed":false,"campfire_upgraded":1,"win_rate":0.0,"timestamp":1611986072,"path_taken":["M","M","M","M","M","E","R","M","T","E","R","?","E","$","R","BOSS"],"items_purchased_type":["Card"],"build_version":"2020-12-22","purchased_purges":0,"victory":false,"max_hp_per_floor":[75,75,75,75,75,75,75,75,75,75,75,75,75,75,75,75,75],"relic_stats":{"Dream Catcher":1,"counters":[10,42],"Self Forming Clay":[33],"Ginger":[0],"obtain_stats":[{"CaptainsWheel":6,"Dream Catcher":10,"NeowsBlessing":0,"Self Forming Clay":12,"WingedGreaves":9,"Ginger":13,"Burning Blood":0},{"CaptainsWheel":6,"Dream Catcher":8,"NeowsBlessing":0,"Self Forming Clay":8,"WingedGreaves":7,"Ginger":9,"Burning Blood":0},{"CaptainsWheel":18,"Dream Catcher":29,"NeowsBlessing":0,"Self Forming Clay":29,"WingedGreaves":25,"Ginger":34,"Burning Blood":0}],"Burning Blood":43},"card_choices":[{"not_picked":["Sentinel","Shrug It Off"],"picked":"Carnage","floor":1},{"not_picked":["Sword Boomerang","Shrug It Off"],"picked":"Feel No Pain","floor":2},{"not_picked":["Clothesline","Armaments"],"picked":"Headbutt","floor":3},{"not_picked":["Headbutt","Sword Boomerang"],"picked":"Bloodletting","floor":4},{"not_picked":["Offering","Headbutt"],"picked":"Flex","floor":5},{"not_picked":["Entrench","Perfected Strike"],"picked":"True Grit","floor":6},{"not_picked":["Perfected Strike","Armaments","Sword Boomerang"],"picked":"SKIP","floor":8},{"not_picked":["Havoc","Heavy Blade"],"picked":"Corruption","floor":10},{"not_picked":["Havoc","Carnage"],"picked":"Sword Boomerang","floor":13}],"player_experience":908628,"relics_obtained":[{"floor":6,"key":"CaptainsWheel"},{"floor":9,"key":"WingedGreaves"},{"floor":10,"key":"Dream Catcher"},{"floor":13,"key":"Ginger"}],"event_choices":[{"damage_healed":0,"gold_gain":0,"player_choice":"Paid Gold","damage_taken":0,"relics_obtained":["Self Forming Clay"],"max_hp_gain":0,"max_hp_loss":0,"event_name":"WeMeetAgain","floor":12,"gold_loss":133}],"is_beta":false,"boss_relics":[],"items_purged_floors":[],"is_endless":false,"potions_floor_spawned":[1,2,4,8],"killed_by":"The Guardian","ascension_level":15}}