{"host":"opgesw7sb5n0ordz","time":1611988696,"event":{"mods":["BaseMod","Better Note","Colored Powertips","Downfall","Minty Spire (QoL Compilation)","Relic Stats","StSLib","Unceasing Turn Reminder"],"gold_per_floor":[99,112,112,131,131,162,162,180,197,39,39,52,66,86,97,192,192,92,107,118,118,168,185,185,198,198,148,168,168,168,14,27,125,125,125,145,29,29,29,63,87,87,106,6,25,25,25,37,55,55],"floor_reached":51,"language":"ENG","playtime":2909,"items_purged":["Slimebound:Strike_Slimebound"],"score":835,"play_id":"d37549a2-7bd1-4a2a-88a7-ac98a4735b8a","local_time":"20210130013816","is_ascension_mode":true,"campfire_choices":[{"floor":1,"key":"RECALL"},{"data":"Slimebound:DuplicatedForm","floor":18,"key":"SMITH"},{"floor":26,"key":"REST"},{"data":"Slimebound:Split","floor":29,"key":"SMITH"},{"data":"Slimebound:Darklings","floor":35,"key":"SMITH"},{"floor":42,"key":"REST"},{"data":"Slimebound:Equalize","floor":44,"key":"SMITH"},{"data":"Slimebound:TagTeam","floor":46,"key":"SMITH"},{"data":"Slimebound:GoopSpray","floor":47,"key":"SMITH"}],"circlet_count":0,"master_deck":["Slimebound:Strike_Slimebound","Slimebound:Strike_Slimebound","Slimebound:Tackle","Slimebound:Defend_Slimebound","Slimebound:Defend_Slimebound","Slimebound:Defend_Slimebound","Slimebound:Defend_Slimebound","Slimebound:Split+1","Slimebound:CorrosiveSpit","Slimebound:SplitLeeching","Slimebound:SplitMire","Slimebound:LeechEnergy","Slimebound:LeechEnergy","Slimebound:Prepare","Slimebound:ItLooksTasty","Slimebound:SamplingLick","Slimebound:Equalize","Slimebound:LevelUp","Slimebound:Equalize+1","Slimebound:DuplicatedForm+1","Slimebound:GoopTackle+1","Slimebound:Nibble","Slimebound:SamplingLick+1","Slimebound:MegaLick+1","Slimebound:SplitSpecialist","Slimebound:GoopSpray+1","Slimebound:TagTeam+1","Slimebound:HungryTackle+1","Slimebound:Darklings+1","Slimebound:SplitBruiser","Slimebound:SlimeSlap","Slimebound:AcidTongue","Slimebound:RejuvenatingLick","Slimebound:SamplingLick+1","Slimebound:GrowthPunch+1","Slimebound:SlimeBrawl","Slimebound:LeechEnergy","Slimebound:GoopTackle"],"relics":["Slimebound:AbsorbEndCombatUpgraded","Ornamental Fan","Bag of Preparation","Toy Ornithopter","downfall:HeartBlessingRed","Omamori","Dead Branch","downfall:RedIOU","Slimebound:TarBlob","Slimebound:SelfDamagePreventRelic","MealTicket","Kunai","downfall:HeartBlessingBlue"],"acts_visited":["Exordium","TheCity","TheBeyond"],"potions_floor_usage":[16,16,40],"damage_taken":[{"damage":6,"enemies":"Small Slimes","floor":2,"turns":3},{"damage":0,"enemies":"Cultist","floor":4,"turns":4},{"damage":35,"enemies":"Gremlin Nob","floor":6,"turns":4},{"damage":6,"enemies":"Jaw Worm","floor":8,"turns":2},{"damage":26,"enemies":"Large Slime","floor":9,"turns":4},{"damage":0,"enemies":"downfall:FleeingMerchant","floor":10,"turns":4},{"damage":3,"enemies":"3 Louse","floor":12,"turns":3},{"damage":0,"enemies":"Red Slaver","floor":13,"turns":3},{"damage":3,"enemies":"2 Fungi Beasts","floor":14,"turns":3},{"damage":2,"enemies":"3 Louse","floor":15,"turns":4},{"damage":33,"enemies":"IC_STATUS_ARCHETYPE","floor":16,"turns":8},{"damage":37,"enemies":"Shell Parasite","floor":19,"turns":5},{"damage":18,"enemies":"Chosen","floor":20,"turns":4},{"damage":54,"enemies":"Centurion and Healer","floor":23,"turns":4},{"damage":68,"enemies":"Shelled Parasite and Fungi","floor":25,"turns":6},{"damage":39,"enemies":"Snake Plant","floor":28,"turns":3},{"damage":15,"enemies":"downfall:FleeingMerchant","floor":31,"turns":4},{"damage":23,"enemies":"Snecko","floor":32,"turns":4},{"damage":34,"enemies":"WA_ARCHETYPE_CALM","floor":33,"turns":9},{"damage":1,"enemies":"3 Shapes","floor":36,"turns":3},{"damage":16,"enemies":"downfall:FleeingMerchant","floor":37,"turns":4},{"damage":21,"enemies":"downfall:FleeingMerchant","floor":38,"turns":5},{"damage":70,"enemies":"Nemesis","floor":40,"turns":7},{"damage":33,"enemies":"3 Darklings","floor":43,"turns":4},{"damage":14,"enemies":"Jaw Worm Horde","floor":45,"turns":3},{"damage":0,"enemies":"Sphere and 2 Shapes","floor":48,"turns":3},{"damage":23,"enemies":"Spire Growth","floor":49,"turns":3},{"damage":26,"enemies":"SI_POISON_ARCHETYPE","floor":50,"turns":7}],"seed_played":"-3840181083252043632","potions_obtained":[{"floor":0,"key":"hexamod:SoulburnPotion"},{"floor":0,"key":"Block Potion"},{"floor":0,"key":"LiquidBronze"},{"floor":3,"key":"FairyPotion"},{"floor":3,"key":"Slimebound:SpawnSlimePotion"},{"floor":3,"key":"PowerPotion"},{"floor":16,"key":"GamblersBrew"},{"floor":21,"key":"CultistPotion"},{"floor":25,"key":"Slimebound:ThreeZeroPotion"},{"floor":36,"key":"Energy Potion"},{"floor":40,"key":"Swift Potion"}],"is_trial":false,"path_per_floor":["R","M","?","M","T","E","T","M","M","$","?","M","M","M","M","B",null,"R","M","M","?","T","M","T","M","R","?","M","R","?","$","M","B",null,"R","M","$","?","$","E","T","R","M","R","M","R","R","M","M","B",null],"character_chosen":"SLIMEBOUND","items_purchased":["Toy Ornithopter","Slimebound:TagTeam","Slimebound:SelfDamagePreventRelic","Slimebound:AcidTongue","MealTicket"],"campfire_rested":2,"item_purchase_floors":[10,31,37,37,37],"current_hp_per_floor":[65,61,61,65,65,34,34,32,12,20,20,21,29,38,38,31,65,65,65,56,56,56,31,31,15,34,60,35,35,35,58,63,61,65,65,65,65,65,65,23,23,42,32,42,51,51,51,70,73,75],"gold":55,"neow_bonus":"THREE_SMALL_POTIONS","is_daily":false,"chose_seed":false,"campfire_upgraded":6,"win_rate":0.0,"timestamp":1611988696,"path_taken":["R","M","?","?","?","E","T","M","M","?","?","M","M","M","M","BOSS","R","M","M","?","?","M","T","?","R","?","M","R","?","$","M","BOSS","R","M","$","?","?","E","T","R","M","R","?","R","R","M","M","BOSS"],"items_purchased_type":["Relic","Card","Relic","Card","Relic"],"build_version":"2020-12-22","purchased_purges":1,"victory":true,"max_hp_per_floor":[65,65,65,65,65,65,65,65,65,65,65,65,65,65,65,65,65,65,65,65,65,65,65,65,65,65,65,65,65,65,65,65,65,65,65,65,65,65,65,65,65,65,65,75,75,75,75,75,75,75],"relic_stats":{"counters":[28,118],"Ornamental Fan":[164],"Dead Branch":[191],"MealTicket":0,"Bag of Preparation":[50],"Kunai":[12],"obtain_stats":[{"Slimebound:SelfDamagePreventRelic":37,"downfall:HeartBlessingRed":18,"Dead Branch":24,"Bag of Preparation":7,"Omamori":22,"Slimebound:TarBlob":34,"Ornamental Fan":5,"downfall:HeartBlessingBlue":44,"Tiny Chest":6,"MealTicket":37,"downfall:RedIOU":30,"Slimebound:AbsorbEndCombat":0,"Kunai":40,"Slimebound:AbsorbEndCombatUpgraded":17,"Toy Ornithopter":10},{"Slimebound:SelfDamagePreventRelic":21,"downfall:HeartBlessingRed":11,"Dead Branch":14,"Bag of Preparation":3,"Omamori":13,"Slimebound:TarBlob":19,"Ornamental Fan":2,"downfall:HeartBlessingBlue":24,"Tiny Chest":3,"MealTicket":21,"downfall:RedIOU":16,"Slimebound:AbsorbEndCombat":0,"Kunai":23,"Slimebound:AbsorbEndCombatUpgraded":11,"Toy Ornithopter":6},{"Slimebound:SelfDamagePreventRelic":86,"downfall:HeartBlessingRed":40,"Dead Branch":53,"Bag of Preparation":11,"Omamori":49,"Slimebound:TarBlob":79,"Ornamental Fan":7,"downfall:HeartBlessingBlue":102,"Tiny Chest":11,"MealTicket":86,"downfall:RedIOU":62,"Slimebound:AbsorbEndCombat":0,"Kunai":98,"Slimebound:AbsorbEndCombatUpgraded":40,"Toy Ornithopter":21}],"Toy Ornithopter":15},"card_choices":[{"not_picked":["Slimebound:SlimeBrawl","Slimebound:Replication"],"picked":"Slimebound:SplitLeeching","floor":2},{"not_picked":["Slimebound:Chomp","Slimebound:HungryTackle"],"picked":"Slimebound:SplitMire","floor":4},{"not_picked":["Slimebound:BestDefense","Slimebound:Recycling"],"picked":"Slimebound:LeechEnergy","floor":6},{"not_picked":["Slimebound:SplitBruiser","Slimebound:SplitMire"],"picked":"Slimebound:LeechEnergy","floor":8},{"not_picked":["Slimebound:LeechEnergy","Slimebound:HungryTackle"],"picked":"Slimebound:Prepare","floor":9},{"not_picked":["Slimebound:SelfFormingGoo","Slimebound:GoopSpray"],"picked":"Slimebound:ItLooksTasty","floor":10},{"not_picked":["Slimebound:SplitAcid","Slimebound:ViciousTackle"],"picked":"Slimebound:SamplingLick","floor":12},{"not_picked":["Slimebound:FinishingTackle","Slimebound:RollThrough"],"picked":"Slimebound:Equalize","floor":13},{"not_picked":["Slimebound:Nibble","Slimebound:SlimeTap"],"picked":"Slimebound:LevelUp","floor":14},{"not_picked":["Slimebound:Prepare","Slimebound:Overexert"],"picked":"Slimebound:Equalize","floor":15},{"not_picked":["Slimebound:Teamwork","Slimebound:CheckThePlaybook"],"picked":"Slimebound:DuplicatedForm","floor":16},{"not_picked":["Slimebound:SplitLeeching","Slimebound:PressTheAttack"],"picked":"Slimebound:GoopTackle+1","floor":19},{"not_picked":["Slimebound:FormOfPuddle","Slimebound:BestDefense+1"],"picked":"Slimebound:Nibble","floor":20},{"not_picked":["Slimebound:ViciousTackle","Slimebound:SplitAcid"],"picked":"Slimebound:SamplingLick+1","floor":23},{"not_picked":["Slimebound:SplitBruiser+1","Slimebound:HauntingLick"],"picked":"Slimebound:MegaLick+1","floor":25},{"not_picked":["Slimebound:ComboTackle+1","Slimebound:SplitLeeching"],"picked":"Slimebound:SplitSpecialist","floor":28},{"not_picked":["Slimebound:AcidTongue","Slimebound:ProtectTheBoss"],"picked":"Slimebound:GoopSpray","floor":31},{"not_picked":["Slimebound:SplitBruiser","Slimebound:GoopSpray+1"],"picked":"Slimebound:HungryTackle+1","floor":32},{"not_picked":["Slimebound:MassFeed","Slimebound:Teamwork"],"picked":"Slimebound:Darklings","floor":33},{"not_picked":["Slimebound:Chomp","Slimebound:MegaLick+1"],"picked":"Slimebound:SplitBruiser","floor":36},{"not_picked":["Slimebound:ItLooksTasty+1","Slimebound:LivingWall+1"],"picked":"Slimebound:SlimeSlap","floor":37},{"not_picked":["Slimebound:GoopTackle","Slimebound:LivingWall+1"],"picked":"Slimebound:RejuvenatingLick","floor":38},{"not_picked":["Slimebound:LivingWall","Slimebound:Chomp"],"picked":"Slimebound:SamplingLick+1","floor":40},{"not_picked":["Slimebound:FinishingTackle+1","Slimebound:GoopSpray+1"],"picked":"Slimebound:GrowthPunch+1","floor":43},{"not_picked":["Slimebound:Schlurp","Slimebound:ItLooksTasty+1"],"picked":"Slimebound:SlimeBrawl","floor":45},{"not_picked":["Slimebound:SamplingLick+1","Slimebound:ViciousTackle"],"picked":"Slimebound:LeechEnergy","floor":48},{"not_picked":["Slimebound:SlimeSpikes+1","Slimebound:GoopSpray"],"picked":"Slimebound:GoopTackle","floor":49}],"player_experience":748704,"relics_obtained":[{"floor":5,"key":"Ornamental Fan"},{"floor":6,"key":"Tiny Chest"},{"floor":7,"key":"Bag of Preparation"},{"floor":22,"key":"Omamori"},{"floor":24,"key":"Dead Branch"},{"floor":40,"key":"Kunai"}],"event_choices":[{"damage_healed":0,"gold_gain":0,"player_choice":"Got Potions","damage_taken":0,"max_hp_gain":0,"max_hp_loss":0,"event_name":"Lab","floor":3,"gold_loss":0}],"is_beta":false,"boss_relics":[{"not_picked":["Empty Cage","Cursed Key"],"picked":"Slimebound:AbsorbEndCombatUpgraded"},{"not_picked":["Runic Pyramid","Busted Crown"],"picked":"Slimebound:TarBlob"}],"items_purged_floors":[37],"is_endless":false,"potions_floor_spawned":[2,6,9,13,16,25,32,36,40,43,49],"ascension_level":3}}