{"host":"Sylvester","time":1611984187,"event":{"mods":["BaseMod","Colored Map","Lobotomy","Minty Spire (QoL Compilation)","Replay The Spire","StSLib"],"gold_per_floor":[114,128,148,98,108,108,142,161,161,211,211,229,229,249,249,370,370,390,410,434,233,148,191,204,243,243,243,263,263,263,263,283,298,298,427,427,450,469,379,402,418,418,418,78,78,91,91,117,151,176,176,176,176,176,52,52,52,52],"floor_reached":57,"language":"ENG","playtime":5023,"items_purged":["Voices","Amnesia","SilentOrchestra"],"score":912,"play_id":"1c99ecb2-1339-41a5-a851-de37bae58df0","local_time":"20210129212307","is_ascension_mode":false,"campfire_choices":[{"data":"SandsOfTime","floor":6.0,"key":"SMITH"},{"floor":13.0,"key":"REST"},{"data":"Replay:ManipulateFuture","floor":15.0,"key":"SMITH"},{"floor":31.0,"key":"RECALL"},{"data":"SandsOfTime","floor":34.0,"key":"SMITH"},{"data":"ReplayTheSpireMod:Faulty Equipment","floor":47.0,"key":"SMITH"},{"floor":51.0,"key":"REST"},{"data":"SpiritShield","floor":54.0,"key":"SMITH"}],"circlet_count":0,"master_deck":["Strike_P","Strike_P","Strike_P","Defend_P","Defend_P","Defend_P","Defend_P","Eruption","Vigilance","Tantrum","WallGazer","SandsOfTime+1","ShyLook","Conclude","Scorched","ClearTheMind","Replay:ManipulateFuture+1","FieryBird","EmptyFist","UniverseFragment","CherryBlossoms","SandsOfTime+1","FlurryOfBlows","Woodsman","Porccubus","Scarecrow","FearNoEvil+1","QueenOfHatred","Tantrum+1","InnerPeace+1","Wellcheers","GreedKing","MeltingLove","SpiritShield+1","NothingThere","Sanctity+1","Evaluate+1","Study+1","ThirdEye+1","Replay:AtTheReady","Replay:Anticipation"],"relics":["PureWater","CogitoBucket","Bag of Marbles","FleshIdol","Mango","Ring of Greed","Ring of Fury","Tiny Chest","Smiling Mask","Golden Idol","Painkiller Herb","Pet Ghost","Counterbalance","Du-Vu Doll","Frozen Egg 2","Kunai","Durian","AtMidnight","Replay:Bronze Core","ReplayTheSpireMod:TigerMarble","Lizard Tail","Boot","Bag of Preparation","Divine Protection"],"acts_visited":["Exordium","TheCity","TheBeyond","TheEnding"],"potions_floor_usage":[57],"damage_taken":[{"damage":0.0,"enemies":"Small Slimes","floor":1.0,"turns":3.0},{"damage":9.0,"enemies":"2 Louse","floor":2.0,"turns":3.0},{"damage":2.0,"enemies":"Jaw Worm","floor":3.0,"turns":2.0},{"damage":9.0,"enemies":"Blue Slaver","floor":5.0,"turns":2.0},{"damage":0.0,"enemies":"Gremlin Nob","floor":7.0,"turns":2.0},{"damage":24.0,"enemies":"Exordium Wildlife","floor":8.0,"turns":2.0},{"damage":3.0,"enemies":"Large Slime","floor":12.0,"turns":3.0},{"damage":0.0,"enemies":"3 Louse","floor":14.0,"turns":2.0},{"damage":35.0,"enemies":"Fading Forest","floor":16.0,"turns":11.0},{"damage":5.0,"enemies":"Chosen","floor":18.0,"turns":3.0},{"damage":0.0,"enemies":"2 Thieves","floor":19.0,"turns":1.0},{"damage":30.0,"enemies":"Snake Plant","floor":20.0,"turns":4.0},{"damage":18.0,"enemies":"Gremlin Leader","floor":23.0,"turns":5.0},{"damage":2.0,"enemies":"Snecko","floor":24.0,"turns":2.0},{"damage":27.0,"enemies":"Book of Stabbing","floor":25.0,"turns":4.0},{"damage":5.0,"enemies":"Shelled Parasite and Fungi","floor":28.0,"turns":3.0},{"damage":0.0,"enemies":"Centurion and Healer","floor":32.0,"turns":1.0},{"damage":10.0,"enemies":"3 Cultists","floor":33.0,"turns":3.0},{"damage":0.0,"enemies":"Pondfish","floor":35.0,"turns":7.0},{"damage":0.0,"enemies":"Orb Walker","floor":37.0,"turns":1.0},{"damage":1.0,"enemies":"3 Shapes","floor":38.0,"turns":1.0},{"damage":39.0,"enemies":"3 Darklings","floor":40.0,"turns":3.0},{"damage":2.0,"enemies":"4 Shapes","floor":41.0,"turns":1.0},{"damage":80.0,"enemies":"Reptomancer","floor":42.0,"turns":4.0},{"damage":20.0,"enemies":"Jaw Worm Horde","floor":43.0,"turns":3.0},{"damage":32.0,"enemies":"Writhing Mass","floor":46.0,"turns":5.0},{"damage":133.0,"enemies":"Nemesis","floor":49.0,"turns":10.0},{"damage":85.0,"enemies":"Maw","floor":50.0,"turns":6.0},{"damage":405.0,"enemies":"Time Eater","floor":52.0,"turns":8.0},{"damage":74.0,"enemies":"Shield and Spear","floor":56.0,"turns":4.0},{"damage":178,"enemies":"The Heart","floor":57,"turns":6}],"seed_played":"-8617946576821568812","potions_obtained":[{"floor":2.0,"key":"BlessingOfTheForge"},{"floor":7.0,"key":"SpeedPotion"},{"floor":8.0,"key":"Flashbang"},{"floor":19.0,"key":"Regen Potion"},{"floor":23.0,"key":"Explosive Potion"},{"floor":32.0,"key":"Venom Potion"},{"floor":35.0,"key":"PowerPotion"},{"floor":40.0,"key":"BottledMiracle"}],"is_trial":false,"path_per_floor":["M","M","M","?","M","R","E","M","T","?","?","M","R","M","R","B",null,"?","?","?","T","?","E","?","E","T","T","?","PTL","PTL","T","?","?","T","B",null,"?","?","?","?","?","E","?","T","T","?","T","T","E","?","T","B",null,"T","T","E","B"],"character_chosen":"WATCHER","items_purchased":["Pet Ghost","Lizard Tail","Replay:AtTheReady","ColorlessPotion"],"campfire_rested":2,"item_purchase_floors":[21,44,55,55],"current_hp_per_floor":[72,63,61,61,52,52,52,28,42,42,21,18,43,43,43,86,86,86,86,62,62,62,56,60,51,51,56,81,81,81,81,91,88,88,91,91,91,91,91,85,91,35,55,55,55,89,89,89,38,51,78,91,91,91,91,72,0,0],"gold":52,"neow_bonus":"","is_daily":false,"chose_seed":false,"campfire_upgraded":5,"win_rate":0.0,"timestamp":1611984187,"path_taken":["M","M","M","?","M","R","E","M","T","?","?","?","R","M","R","BOSS","?","?","?","T","?","E","?","E","T","?","?","PTL","PTL","T","?","?","T","BOSS","?","?","?","?","?","E","?","T","T","?","T","?","E","?","T","BOSS","T","T","E","BOSS"],"items_purchased_type":["Relic","Relic","Card","Potion"],"build_version":"2020-11-17","purchased_purges":3,"victory":false,"max_hp_per_floor":[72,72,72,72,72,72,72,72,86,86,86,86,86,86,86,86,86,86,86,86,86,86,86,86,86,86,91,91,91,91,91,91,91,91,91,91,91,91,91,91,91,91,91,91,91,91,91,91,91,91,91,91,91,91,91,91,91,91],"card_choices":[{"not_picked":["CrushJoints","ReachHeaven"],"picked":"Tantrum","floor":1.0},{"not_picked":["Freischutz","Alriune"],"picked":"WallGazer","floor":1.0},{"not_picked":["Replay:ManipulateFuture","Tantrum"],"picked":"SandsOfTime","floor":2.0},{"not_picked":["UniverseFragment","BlackSwan"],"picked":"ShyLook","floor":2.0},{"not_picked":["Pray","Halt"],"picked":"Conclude","floor":3.0},{"not_picked":["Wellcheers","BeautyBeast"],"picked":"Scorched","floor":3.0},{"not_picked":["Halt","Tantrum"],"picked":"ClearTheMind","floor":5.0},{"not_picked":["Consecrate","PathToVictory"],"picked":"Replay:ManipulateFuture","floor":7.0},{"not_picked":["OSAHOGD","CherryBlossoms"],"picked":"FieryBird","floor":7.0},{"not_picked":["CarveReality","Evaluate"],"picked":"EmptyFist","floor":8.0},{"not_picked":["OSAHOGD","LaLuna"],"picked":"UniverseFragment","floor":8.0},{"not_picked":["FairyFestival","SpiderBud","WhitesApple"],"picked":"Singing Bowl","floor":12.0},{"not_picked":["Murderer","HeroicMonk"],"picked":"CherryBlossoms","floor":12.0},{"not_picked":["Alpha","Evaluate"],"picked":"SandsOfTime","floor":12.0},{"not_picked":["CutThroughFate","Evaluate"],"picked":"FlurryOfBlows","floor":14.0},{"not_picked":["BlackSwan","MeatLantern"],"picked":"Woodsman","floor":14.0},{"not_picked":["PunishingBird","SpiderBud","LaLuna"],"picked":"Singing Bowl","floor":16.0},{"not_picked":["Murderer","Laetitia"],"picked":"Porccubus","floor":16.0},{"not_picked":["RedShoes","MeatLantern"],"picked":"Scarecrow","floor":18.0},{"not_picked":["Replay:BluntJabs","Conclude+1","EmptyFist+1"],"picked":"SKIP","floor":18.0},{"not_picked":["Consecrate","FlyingSleeves"],"picked":"FearNoEvil","floor":19.0},{"not_picked":["BehaviorAdjustmentRelic","ResearcherNoteRelic","HellTrainRelic"],"picked":"Singing Bowl","floor":19.0},{"not_picked":["Bloodbath","Murderer","Variant"],"picked":"Singing Bowl","floor":20.0},{"not_picked":["SingingMachine","GalaxyChild"],"picked":"QueenOfHatred","floor":20.0},{"not_picked":["JustLucky","Pray+1","EmptyBody"],"picked":"SKIP","floor":20.0},{"not_picked":["Prostrate","WaveOfTheHand"],"picked":"Tantrum+1","floor":23.0},{"not_picked":["Variant","HeroicMonk","Rudolta"],"picked":"Singing Bowl","floor":23.0},{"not_picked":["LikeWater","Replay:BluntJabs"],"picked":"InnerPeace+1","floor":24.0},{"not_picked":["Freischutz","NakedNest"],"picked":"Wellcheers","floor":24.0},{"not_picked":["PunishingBird","QueenBee"],"picked":"GreedKing","floor":25.0},{"not_picked":["Replay:AllIn","Evaluate","LessonLearned"],"picked":"SKIP","floor":25.0},{"not_picked":["BigBird","Laetitia","HeroicMonk"],"picked":"Singing Bowl","floor":28.0},{"not_picked":["EmptyFist+1","FlurryOfBlows","SashWhip+1"],"picked":"SKIP","floor":28.0},{"not_picked":["SnowQueen","RedShoes"],"picked":"SilentOrchestra","floor":32.0},{"not_picked":["Consecrate","BowlingBash","Brilliance"],"picked":"SKIP","floor":32.0},{"not_picked":["VoidDream","Variant"],"picked":"MeltingLove","floor":33.0},{"not_picked":["SashWhip","Fasting2+1","Prostrate"],"picked":"SKIP","floor":33.0},{"not_picked":["Alpha","LessonLearned"],"picked":"SpiritShield","floor":35.0},{"not_picked":["CrumblingArmor","PunishingBird","Rudolta"],"picked":"Singing Bowl","floor":35.0},{"not_picked":["JustLucky+1","Evaluate","MentalFortress+1"],"picked":"SKIP","floor":37.0},{"not_picked":["SingingMachine","LaLuna","WhitesApple"],"picked":"Singing Bowl","floor":38.0},{"not_picked":["VoidDream","Freischutz"],"picked":"NothingThere","floor":38.0},{"not_picked":["Swivel+1","Worship","WindmillStrike"],"picked":"SKIP","floor":38.0},{"not_picked":["CrushJoints+1","FollowUp","EmptyBody+1"],"picked":"SKIP","floor":40.0},{"not_picked":["RedShoes","VoidDream","OldLady"],"picked":"Singing Bowl","floor":41.0},{"not_picked":["PathToVictory+1","CrushJoints","Evaluate"],"picked":"SKIP","floor":41.0},{"not_picked":["Consecrate","BowlingBash","Prostrate"],"picked":"SKIP","floor":42.0},{"not_picked":["InnerPeace","LikeWater+1"],"picked":"Sanctity+1","floor":43.0},{"not_picked":["Judgement","Crescendo"],"picked":"Evaluate+1","floor":46.0},{"not_picked":["BowlingBash","PathToVictory"],"picked":"Study+1","floor":49.0},{"not_picked":["Evaluate","WindmillStrike"],"picked":"ThirdEye+1","floor":50.0},{"not_picked":["Replay:BluntJabs+1","CutThroughFate+1"],"picked":"Replay:Anticipation","floor":56}],"player_experience":163554,"relics_obtained":[{"floor":7.0,"key":"Bag of Marbles"},{"floor":9.0,"key":"Mango"},{"floor":10.0,"key":"Ring of Greed"},{"floor":10.0,"key":"Ring of Fury"},{"floor":10.0,"key":"Tiny Chest"},{"floor":10.0,"key":"Smiling Mask"},{"floor":23.0,"key":"Du-Vu Doll"},{"floor":25.0,"key":"Frozen Egg 2"},{"floor":26.0,"key":"Kunai"},{"floor":27.0,"key":"Durian"},{"floor":28.0,"key":"AtMidnight"},{"floor":42.0,"key":"ReplayTheSpireMod:TigerMarble"},{"floor":48.0,"key":"Boot"},{"floor":49.0,"key":"Bag of Preparation"},{"floor":56,"key":"Divine Protection"}],"event_choices":[{"cards_removed":["Strike_P"],"damage_healed":0.0,"max_hp_gain":0.0,"max_hp_loss":0.0,"gold_gain":0.0,"event_name":"The Cleric","player_choice":"Card Removal","floor":4.0,"gold_loss":50.0,"damage_taken":0.0},{"damage_healed":0.0,"max_hp_gain":0.0,"max_hp_loss":0.0,"gold_gain":0.0,"event_name":"Golden Idol","player_choice":"Take Damage","floor":11.0,"gold_loss":0.0,"damage_taken":21.0,"relics_obtained":["Golden Idol"]},{"damage_healed":0.0,"max_hp_gain":0.0,"max_hp_loss":0.0,"gold_gain":0.0,"event_name":"Addict","player_choice":"Obtained Relic","floor":22.0,"gold_loss":85.0,"damage_taken":0.0,"relics_obtained":["Counterbalance"]},{"cards_removed":["Normality"],"damage_healed":0.0,"max_hp_gain":0.0,"max_hp_loss":0.0,"gold_gain":0.0,"event_name":"Designer","player_choice":"Upgrade and Remove","floor":39.0,"gold_loss":90.0,"damage_taken":0.0,"cards_upgraded":["FearNoEvil"]}],"is_beta":true,"boss_relics":[{"not_picked":["Velvet Choker","Replay:Drink Me"],"picked":"Painkiller Herb"},{"not_picked":["Snecko Eye","SlaversCollar"],"picked":"Replay:Bronze Core"}],"items_purged_floors":[21,44,55],"is_endless":false,"potions_floor_spawned":[2,7,8,19,23,32,35,40,41,42,43],"killed_by":"The Heart","ascension_level":0}}