{"host":"pnjthw6sukprvbcr","time":1611965230,"event":{"mods":["AchievementEnabler","BaseMod","Block Reminder","Highlight Path","Minty Spire (QoL Compilation)","Relic Stats"],"gold_per_floor":[109,119,138,36,51,51,5,5,5,25,25,25,37,71,71,169,169,186,186,210,226,196,228,265,0,0,0,0,40,77,41,41,41,41],"floor_reached":33,"language":"ENG","playtime":7551,"items_purged":[],"score":292,"play_id":"6e66cac2-f52c-4625-98ed-da4d82556d48","local_time":"20210129190710","is_ascension_mode":false,"campfire_choices":[{"floor":6,"key":"RECALL"},{"data":"Tantrum","floor":15,"key":"SMITH"},{"data":"Crescendo","floor":27,"key":"SMITH"},{"floor":32,"key":"REST"}],"circlet_count":0,"master_deck":["Strike_P","Strike_P","Strike_P","Defend_P","Defend_P","Eruption","Vigilance","Meditate","Tantrum+1","Crescendo+1","MentalFortress","Halt","FlurryOfBlows","Protect","FlurryOfBlows","Adaptation","Blasphemy","Wish","Prostrate","ThirdEye","ClearTheMind","TalkToTheHand+1","SandsOfTime"],"relics":["Runic Dome","Tiny Chest","Matryoshka","Philosopher\u0027s Stone","InkBottle","Bronze Scales","Mercury Hourglass","PreservedInsect","Gremlin Horn"],"acts_visited":["Exordium","TheCity"],"potions_floor_usage":[14,16,33],"damage_taken":[{"damage":0,"enemies":"Cultist","floor":1,"turns":3},{"damage":7,"enemies":"Small Slimes","floor":2,"turns":3},{"damage":7,"enemies":"2 Louse","floor":3,"turns":2},{"damage":0,"enemies":"Large Slime","floor":5,"turns":5},{"damage":0,"enemies":"2 Fungi Beasts","floor":10,"turns":3},{"damage":4,"enemies":"Blue Slaver","floor":13,"turns":3},{"damage":11,"enemies":"3 Sentries","floor":14,"turns":5},{"damage":14,"enemies":"Hexaghost","floor":16,"turns":7},{"damage":0,"enemies":"Chosen","floor":18,"turns":4},{"damage":10,"enemies":"Shell Parasite","floor":21,"turns":3},{"damage":0,"enemies":"Book of Stabbing","floor":23,"turns":4},{"damage":12,"enemies":"Shelled Parasite and Fungi","floor":24,"turns":5},{"damage":0,"enemies":"Centurion and Healer","floor":29,"turns":5},{"damage":9,"enemies":"Snecko","floor":30,"turns":4},{"damage":93,"enemies":"Automaton","floor":33,"turns":6}],"seed_played":"1748505654044054064","potions_obtained":[{"floor":2,"key":"Energy Potion"},{"floor":5,"key":"PowerPotion"},{"floor":13,"key":"Explosive Potion"},{"floor":16,"key":"Block Potion"},{"floor":22,"key":"DistilledChaos"},{"floor":22,"key":"Energy Potion"},{"floor":24,"key":"SteroidPotion"},{"floor":29,"key":"BlessingOfTheForge"}],"is_trial":false,"path_per_floor":["M","M","M","$","M","R","$","?","T","M","$","?","M","E","R","B",null,"M","?","T","M","?","E","M","?","T","R","T","M","M","$","R","B"],"character_chosen":"WATCHER","items_purchased":["MentalFortress","Halt","Protect","SandsOfTime"],"campfire_rested":1,"item_purchase_floors":[4,4,7,31],"current_hp_per_floor":[72,65,58,58,58,58,58,58,58,58,58,58,54,43,43,29,72,72,72,72,62,62,62,50,50,50,50,50,50,41,41,62,0,0],"gold":41,"neow_bonus":"BOSS_RELIC","is_daily":false,"chose_seed":false,"campfire_upgraded":2,"win_rate":0.0,"timestamp":1611965230,"path_taken":["M","?","M","$","M","R","?","?","T","?","$","?","M","E","R","BOSS","M","?","?","M","?","E","?","?","T","R","?","?","M","$","R","BOSS"],"items_purchased_type":["Card","Card","Card","Card"],"build_version":"2020-12-22","purchased_purges":0,"victory":false,"max_hp_per_floor":[72,72,72,72,72,72,72,72,72,72,72,72,72,72,72,72,72,72,72,72,72,72,72,72,72,72,72,72,72,72,72,72,72,72],"relic_stats":{"Gremlin Horn":[3,3],"counters":[15,62],"Bronze Scales":[94],"Tiny Chest":2,"PreservedInsect":0,"obtain_stats":[{"Runic Dome":0,"Matryoshka":14,"Gremlin Horn":28,"Bronze Scales":20,"Tiny Chest":9,"Philosopher\u0027s Stone":17,"PreservedInsect":26,"PureWater":0,"InkBottle":20,"Mercury Hourglass":23},{"Runic Dome":0,"Matryoshka":7,"Gremlin Horn":12,"Bronze Scales":9,"Tiny Chest":4,"Philosopher\u0027s Stone":8,"PreservedInsect":12,"PureWater":0,"InkBottle":9,"Mercury Hourglass":11},{"Runic Dome":0,"Matryoshka":24,"Gremlin Horn":47,"Bronze Scales":35,"Tiny Chest":13,"Philosopher\u0027s Stone":31,"PreservedInsect":47,"PureWater":0,"InkBottle":35,"Mercury Hourglass":42}],"InkBottle":[15],"Mercury Hourglass":[72]},"card_choices":[{"not_picked":["Consecrate","BattleHymn"],"picked":"Meditate","floor":1},{"not_picked":["WindmillStrike","CutThroughFate"],"picked":"Tantrum","floor":2},{"not_picked":["Prostrate","ReachHeaven"],"picked":"Crescendo","floor":3},{"not_picked":["ReachHeaven","Consecrate"],"picked":"FlurryOfBlows","floor":5},{"not_picked":["Crescendo","PathToVictory","Perseverance"],"picked":"SKIP","floor":10},{"not_picked":["BowlingBash","Perseverance"],"picked":"FlurryOfBlows","floor":13},{"not_picked":["Wallop","FlyingSleeves"],"picked":"Adaptation","floor":14},{"not_picked":["Establishment","Brilliance"],"picked":"Blasphemy","floor":16},{"not_picked":["FollowUp","JustLucky","Collect+1"],"picked":"SKIP","floor":18},{"not_picked":["Collect","JustLucky"],"picked":"ThirdEye","floor":21},{"not_picked":["PathToVictory","Sanctity"],"picked":"ClearTheMind","floor":23},{"not_picked":["Alpha","FollowUp","PathToVictory"],"picked":"SKIP","floor":24},{"not_picked":["BowlingBash","Consecrate"],"picked":"TalkToTheHand+1","floor":29},{"not_picked":["Meditate+1","MentalFortress","SashWhip"],"picked":"SKIP","floor":30}],"player_experience":168080,"relics_obtained":[{"floor":9,"key":"Tiny Chest"},{"floor":14,"key":"Matryoshka"},{"floor":20,"key":"InkBottle"},{"floor":20,"key":"Bronze Scales"},{"floor":23,"key":"Mercury Hourglass"},{"floor":26,"key":"PreservedInsect"},{"floor":28,"key":"Gremlin Horn"}],"event_choices":[{"cards_removed":["Defend_P"],"damage_healed":0,"gold_gain":0,"player_choice":"Card Removal","damage_taken":0,"max_hp_gain":0,"max_hp_loss":0,"event_name":"Wheel of Change","floor":8,"gold_loss":0},{"damage_healed":0,"gold_gain":0,"player_choice":"Ignored","damage_taken":0,"max_hp_gain":0,"max_hp_loss":0,"event_name":"Liars Game","floor":12,"gold_loss":0},{"damage_healed":0,"gold_gain":0,"cards_transformed":["Strike_P","Defend_P"],"player_choice":"Became Test Subject","damage_taken":0,"max_hp_gain":0,"max_hp_loss":0,"event_name":"Drug Dealer","floor":19,"gold_loss":0,"cards_obtained":["Wish","Prostrate"]},{"damage_healed":0,"gold_gain":0,"player_choice":"Bought 2 Potions","damage_taken":0,"max_hp_gain":0,"max_hp_loss":0,"event_name":"The Woman in Blue","floor":22,"gold_loss":0},{"damage_healed":0,"gold_gain":0,"player_choice":"Paid Fearfully","damage_taken":0,"max_hp_gain":0,"max_hp_loss":0,"event_name":"Masked Bandits","floor":25,"gold_loss":265}],"is_beta":false,"boss_relics":[{"not_picked":["Fusion Hammer","Coffee Dripper"],"picked":"Philosopher\u0027s Stone"}],"items_purged_floors":[],"is_endless":false,"potions_floor_spawned":[2,5,13,16,24,29],"killed_by":"Automaton","ascension_level":0}}