{"host":"bht7q8dqip9du99t","time":1611975252,"event":{"mods":["AchievementEnabler","BaseMod","Colored Map","Colored Powertips","Highlight Path","Minty Spire (QoL Compilation)","Permanent Neow","Quick Restart","StSLib"],"gold_per_floor":[115,40,40,53,103,103,118,118,118,129,149,160,160,173,173,173,173],"floor_reached":16,"language":"ENG","playtime":473,"items_purged":[],"score":188,"play_id":"7a4d3b79-edae-481b-a676-d636a8794f51","local_time":"20210129215412","is_ascension_mode":true,"campfire_choices":[{"data":"Eruption","floor":6.0,"key":"SMITH"},{"data":"Judgement","floor":8.0,"key":"SMITH"},{"data":"Secret Technique","floor":13,"key":"SMITH"},{"floor":15,"key":"REST"}],"circlet_count":0,"master_deck":["AscendersBane","Strike_P","Strike_P","Strike_P","Defend_P","Defend_P","Defend_P","Defend_P","Eruption+1","Vigilance","Secret Technique+1","Protect","Judgement+1"],"relics":["PureWater","Anchor"],"acts_visited":["Exordium"],"potions_floor_usage":[12,16],"damage_taken":[{"damage":15.0,"enemies":"Jaw Worm","floor":1.0,"turns":5.0},{"damage":0.0,"enemies":"2 Louse","floor":4.0,"turns":2.0},{"damage":0.0,"enemies":"Cultist","floor":7.0,"turns":3.0},{"damage":0.0,"enemies":"Blue Slaver","floor":10.0,"turns":4.0},{"damage":0.0,"enemies":"Red Slaver","floor":11.0,"turns":2.0},{"damage":0,"enemies":"3 Louse","floor":12,"turns":3},{"damage":0,"enemies":"2 Fungi Beasts","floor":14,"turns":2},{"damage":63,"enemies":"The Guardian","floor":16,"turns":7}],"seed_played":"3933211965865970157","potions_obtained":[{"floor":4.0,"key":"AttackPotion"},{"floor":10.0,"key":"SmokeBomb"},{"floor":14,"key":"SneckoOil"}],"is_trial":false,"path_per_floor":["M","?","?","M","?","R","M","R","T","M","M","M","R","M","R","B"],"character_chosen":"WATCHER","items_purchased":[],"campfire_rested":1,"item_purchase_floors":[],"current_hp_per_floor":[46,46,37,37,37,37,37,37,37,37,37,37,37,37,55,0,0],"gold":173,"neow_bonus":"RANDOM_COLORLESS_2","is_daily":false,"chose_seed":false,"campfire_upgraded":3,"win_rate":0.0,"timestamp":1611975252,"path_taken":["M","?","?","?","?","R","M","R","T","M","M","M","R","M","R","BOSS"],"items_purchased_type":[],"build_version":"2020-12-22","purchased_purges":0,"victory":false,"max_hp_per_floor":[62,62,62,62,62,62,62,62,62,62,62,62,62,62,62,62,62],"card_choices":[{"not_picked":["Master of Strategy","Panache"],"picked":"Secret Technique","floor":0.0},{"not_picked":["BattleHymn","SashWhip","FollowUp"],"picked":"SKIP","floor":1.0},{"not_picked":["ThirdEye","Crescendo"],"picked":"Protect","floor":4.0},{"not_picked":["EmptyMind","CrushJoints"],"picked":"Judgement","floor":7.0},{"not_picked":["ThirdEye","Prostrate","JustLucky"],"picked":"SKIP","floor":10.0},{"not_picked":["EmptyMind","Nirvana","Protect"],"picked":"SKIP","floor":11.0},{"not_picked":["Consecrate","Wallop","Vengeance"],"picked":"SKIP","floor":12},{"not_picked":["TalkToTheHand","ReachHeaven","Fasting2"],"picked":"SKIP","floor":14}],"player_experience":691989,"relics_obtained":[{"floor":9.0,"key":"Anchor"}],"event_choices":[{"cards_removed":["Strike_P"],"damage_healed":0.0,"max_hp_gain":0.0,"max_hp_loss":0.0,"gold_gain":0.0,"event_name":"The Cleric","player_choice":"Card Removal","floor":2.0,"gold_loss":75.0,"damage_taken":0.0},{"damage_healed":0.0,"max_hp_gain":0.0,"max_hp_loss":0.0,"gold_gain":0.0,"event_name":"Wheel of Change","player_choice":"Damaged","floor":3.0,"gold_loss":0.0,"damage_taken":9.0},{"damage_healed":0.0,"max_hp_gain":0.0,"max_hp_loss":0.0,"gold_gain":50.0,"event_name":"Golden Shrine","player_choice":"Pray","floor":5.0,"gold_loss":0.0,"damage_taken":0.0}],"is_beta":false,"boss_relics":[],"items_purged_floors":[],"is_endless":false,"potions_floor_spawned":[4,10,14],"killed_by":"The Guardian","ascension_level":20}}