{"host":"7k2a2omxz3voj5ax","time":1611988710,"event":{"mods":["BaseMod","Marisa£¨ìFÓê¡¡Ä§ÀíÉ³£©","Minty Spire (QoL Compilation)","Quick Restart","Spicy Shops","StSLib","Starting Relic: Pandora\u0027s Box","Yakumo Yukari mod","¡¾ÒÅÎï¿¨ÅÆ¡¿REMEMod","óô»ðÖ¸ÄÏ"],"gold_per_floor":[113,127,145,70,82,82,82,112,112,112,141,165,575,77,131,131,6,6,101,101,168,180,180,279,305,374,49,127,201,224,224,120,154,154,170,464,623,758,75,774,774,976,1179,839,1169,1786,1636,1485,2516,2616,2616,2616,2018,2340,2340,2744,2744,2744,3650,3650,3154,2643,2678,2678],"floor_reached":65,"language":"ZHS","playtime":2368,"items_purged":["LuminesStrike","MasterSpark","GrandCross","6A","UpSweep","DoubleSpark","MachineGunSpark","DoubleSpark","EventHorizon","SporeBomb","FinalSpark+1","Robbery"],"score":2220,"play_id":"d230fc9b-db2a-4370-8bee-a7e64e4836e7","local_time":"20210130153830","is_ascension_mode":true,"campfire_choices":[{"data":"FinalSpark","floor":7.0,"key":"SMITH"},{"data":"Power Through","floor":10.0,"key":"SMITH"},{"data":"REME_ShortnessOfBreath","floor":16.0,"key":"SMITH"},{"data":"Singularity","floor":18.0,"key":"SMITH"},{"floor":58.0,"key":"RECALL"}],"circlet_count":0,"master_deck":["Power Through+1","Parasite","Singularity+1","REME_ShortnessOfBreath+1","SatelliteIllusion","BlazeAway","Acceleration","Singularity+1","6A+1"],"relics":["MiniHakkero","REME_ComplimentaryCards","StoneCalendar","REME_HourglassOfDeath","Art of War","BigShroomBag","BigShroomBag","BigShroomBag","BigShroomBag","Odd Mushroom","BigShroomBag","BigShroomBag","Odd Mushroom","Odd Mushroom","BigShroomBag","BigShroomBag","Odd Mushroom","Odd Mushroom","Odd Mushroom","Medical Kit","Sundial","Pear","Coffee Dripper","Omamori","Blood Vial","Ancient Tea Set","Centennial Puzzle","BreadOfAWashokuLover","MealTicket","Membership Card","Singing Bowl","Chemical X","Torii","Calling Bell","Juzu Bracelet","Toxic Egg 2","Du-Vu Doll","PrismaticShard","Mango","ShroomBag","DollysMirror","Ice Cream","Gambling Chip","HornCleat","SimpleLauncher","Calipers","Orichalcum","Akabeko","Ginger","Spirit Poop","Incense Burner","Bag of Marbles","Thread and Needle","Mummified Hand","Bag of Preparation","Ornamental Fan","Whetstone","Oddly Smooth Stone","SproutingBranch"],"acts_visited":["Exordium","TheCity","TheBeyond","TheEnding"],"potions_floor_usage":[64,64,64,64,64,64],"damage_taken":[{"damage":0.0,"enemies":"Jaw Worm","floor":1.0,"turns":2.0},{"damage":0.0,"enemies":"Small Slimes","floor":2.0,"turns":2.0},{"damage":0.0,"enemies":"2 Louse","floor":3.0,"turns":1.0},{"damage":8.0,"enemies":"Blue Slaver","floor":5.0,"turns":2.0},{"damage":20.0,"enemies":"3 Sentries","floor":8.0,"turns":3.0},{"damage":4.0,"enemies":"Red Slaver","floor":11.0,"turns":3.0},{"damage":9.0,"enemies":"The Mushroom Lair","floor":13.0,"turns":2.0},{"damage":10.0,"enemies":"Gremlin Nob","floor":15.0,"turns":3.0},{"damage":0.0,"enemies":"Slime Boss","floor":19.0,"turns":3.0},{"damage":0.0,"enemies":"3 Byrds","floor":21.0,"turns":2.0},{"damage":22.0,"enemies":"2 Thieves","floor":22.0,"turns":2.0},{"damage":0.0,"enemies":"Gremlin Leader","floor":26.0,"turns":2.0},{"damage":0.0,"enemies":"3 Cultists","floor":28.0,"turns":2.0},{"damage":1.0,"enemies":"Sentry and Sphere","floor":29.0,"turns":3.0},{"damage":0.0,"enemies":"Slavers","floor":33.0,"turns":1.0},{"damage":0.0,"enemies":"Chosen and Byrds","floor":35.0,"turns":3.0},{"damage":0.0,"enemies":"Gremlin Leader","floor":36.0,"turns":2.0},{"damage":0.0,"enemies":"Snecko","floor":37.0,"turns":1.0},{"damage":0.0,"enemies":"Sentry and Sphere","floor":38.0,"turns":1.0},{"damage":0.0,"enemies":"Automaton","floor":40.0,"turns":1.0},{"damage":6.0,"enemies":"Orb Walker","floor":42.0,"turns":2.0},{"damage":0.0,"enemies":"3 Shapes","floor":43.0,"turns":1.0},{"damage":0.0,"enemies":"Mind Bloom Boss Battle","floor":45.0,"turns":1.0},{"damage":0.0,"enemies":"Maw","floor":46.0,"turns":1.0},{"damage":0.0,"enemies":"Giant Head","floor":49.0,"turns":1.0},{"damage":0.0,"enemies":"4 Shapes","floor":54.0,"turns":1.0},{"damage":0.0,"enemies":"Nemesis","floor":56.0,"turns":1.0},{"damage":0.0,"enemies":"Time Eater","floor":59.0,"turns":2.0},{"damage":0.0,"enemies":"Shield and Spear","floor":63.0,"turns":1.0},{"damage":0,"enemies":"The Heart","floor":64,"turns":4}],"seed_played":"2529161873012149346","potions_obtained":[{"floor":2.0,"key":"SkillPotion"},{"floor":13.0,"key":"Dexterity Potion"},{"floor":13.0,"key":"Dexterity Potion"},{"floor":13.0,"key":"SteroidPotion"},{"floor":28.0,"key":"SkillPotion"},{"floor":33.0,"key":"SpeedPotion"},{"floor":36.0,"key":"Swift Potion"},{"floor":45.0,"key":"Dexterity Potion"},{"floor":49.0,"key":"FearPotion"},{"floor":63.0,"key":"EntropicBrew"}],"is_trial":false,"path_per_floor":["M","M","M","$","M","?","R","E","T","R","M","T","?","$","E","R","$","R","B",null,"M","M","?","?","T","E","R","M","M","T","T","R","E","T","M","E","M","M","R","B",null,"M","M","$","?","M","$","R","E","?","T","T","R","M","?","E","?","R","B",null,"R","$","E","B",null],"character_chosen":"MARISA","items_purchased":["Medical Kit","Sundial","REME_ShortnessOfBreath","BlazeAway","Membership Card","Singing Bowl","Chemical X","Torii","PrismaticShard","ShroomBag","DollysMirror","SimpleLauncher","Calipers","Orichalcum","Akabeko","BottledSpark","Incense Burner","Bag of Marbles","Thread and Needle","Mummified Hand","Bag of Preparation","6A","Ornamental Fan","Whetstone","Oddly Smooth Stone"],"campfire_rested":0,"item_purchase_floors":[14,14,14,32,39,39,39,39,44,48,48,53,53,53,53,53,61,61,61,61,62,62,62,62,62],"current_hp_per_floor":[54,54,54,54,46,46,46,26,26,26,22,22,13,13,19,19,19,19,25,70,76,60,60,60,60,66,66,74,81,81,81,81,85,85,85,85,85,98,98,100,100,96,104,104,120,122,122,122,124,124,124,124,124,126,126,128,125,125,125,125,125,125,127,127],"gold":2678,"neow_bonus":"THREE_RARE_CARDS","is_daily":false,"chose_seed":false,"campfire_upgraded":4,"win_rate":0.0,"timestamp":1611988710,"path_taken":["M","M","M","$","M","?","R","E","?","R","M","T","?","$","E","R","$","R","BOSS","M","M","?","?","?","E","R","M","M","T","T","R","E","?","M","E","?","M","R","BOSS","M","M","$","?","M","$","R","E","?","T","T","R","M","?","E","?","R","BOSS","R","$","E","BOSS"],"items_purchased_type":["Relic","Relic","Card","Card","Relic","Relic","Relic","Relic","Relic","Relic","Relic","Relic","Relic","Relic","Relic","Potion","Relic","Relic","Relic","Relic","Relic","Card","Relic","Relic","Relic"],"build_version":"2020-12-22","purchased_purges":12,"victory":true,"max_hp_per_floor":[75,75,75,75,75,75,75,75,75,75,75,75,75,75,85,85,85,85,85,85,85,85,85,85,85,85,85,85,85,85,85,85,85,85,85,85,85,98,98,100,100,102,104,104,120,122,122,122,124,124,124,124,124,126,126,128,125,125,125,125,125,125,127,127],"card_choices":[{"not_picked":["BinaryStars","MaximisePower"],"picked":"FinalSpark","floor":0.0},{"not_picked":["PropBag","DarkMatter","OrrerysSun"],"picked":"SKIP","floor":1.0},{"not_picked":["GrandCross","6A"],"picked":"Robbery","floor":2.0},{"not_picked":["LuminesStrike","EnergyFlow","NonDirectionalLaser"],"picked":"SKIP","floor":3.0},{"not_picked":["SporeBomb","WitchOfGreed","StarBarrage"],"picked":"SKIP","floor":5.0},{"not_picked":["DarkSpark","ChargingUp","MysteriousBeam"],"picked":"SKIP","floor":8.0},{"not_picked":["OrrerysSun","GalacticHalo","EnergyRecoil"],"picked":"SKIP","floor":11.0},{"not_picked":["ChargeUpSpray","SuperPerseids"],"picked":"Singularity","floor":13.0},{"not_picked":["DC","ChargingUp","PowerUp"],"picked":"SKIP","floor":15.0},{"not_picked":["MillisecondPulsars","BigCrunch"],"picked":"SatelliteIllusion","floor":19.0},{"not_picked":["MagicChant","DoubleSpark","GrandCross+1"],"picked":"SKIP","floor":21.0},{"not_picked":["LuminesStrike","EnergyRecoil","ShootingEcho"],"picked":"SKIP","floor":22.0},{"not_picked":["DoubleSpark","OortCloud","MeteoricShower"],"picked":"SKIP","floor":26.0},{"not_picked":["PowerUp+1","ShootingEcho","WitchOfGreed"],"picked":"SKIP","floor":28.0},{"not_picked":["WitchLeyline+1","Robbery","MagicAbsorber"],"picked":"SKIP","floor":29.0},{"not_picked":["RefractionSpark","NonDirectionalLaser","SatelliteIllusion"],"picked":"SKIP","floor":33.0},{"not_picked":["Acceleration","WitchLeyline","AsteroidBelt"],"picked":"SKIP","floor":35.0},{"not_picked":["WitchLeyline","AsteroidBelt"],"picked":"Acceleration","floor":35.0},{"not_picked":["GalacticHalo","ChargeUpSpray","AbsoluteMagnitude"],"picked":"SKIP","floor":36.0},{"not_picked":["GrandCross","PowerUp","DoubleSpark"],"picked":"SKIP","floor":37.0},{"not_picked":["IllusionStar","UnstableBomb","PowerUp"],"picked":"SKIP","floor":38.0},{"not_picked":["MaximisePower","JA","StarDustReverie"],"picked":"Singing Bowl","floor":40.0},{"not_picked":["LuminesStrike","UnstableBomb","DoubleSpark"],"picked":"Singing Bowl","floor":42.0},{"not_picked":["MagicAbsorber+1","WitchLeyline+1","NonDirectionalLaser+1"],"picked":"Singing Bowl","floor":43.0},{"not_picked":["PulseMagic+1","Boundary_LightAndDark_purple+1","Body Slam+1"],"picked":"Singing Bowl","floor":45.0},{"not_picked":["Protect+1","AdvanceAttack_purple","MeetDecomposer_purple+1"],"picked":"Singing Bowl","floor":46.0},{"not_picked":["Compile Driver+1","AlicesGift+1","Line_surface_state_purple+1"],"picked":"Singing Bowl","floor":49.0},{"not_picked":["MeetDecomposer_purple+1","ShootingEcho+1","Dash+1"],"picked":"Singing Bowl","floor":54.0},{"not_picked":["Streamline","REME_ProfessionalPlagiarism+1","Iron Wave"],"picked":"Singing Bowl","floor":56.0},{"not_picked":["PathToVictory+1","ChargingUp+1","Flex+1"],"picked":"Singing Bowl","floor":63.0}],"player_experience":279569,"relics_obtained":[{"floor":8.0,"key":"StoneCalendar"},{"floor":9.0,"key":"REME_HourglassOfDeath"},{"floor":12.0,"key":"Art of War"},{"floor":13.0,"key":"ShroomBag"},{"floor":13.0,"key":"BigShroomBag"},{"floor":13.0,"key":"BigShroomBag"},{"floor":13.0,"key":"BigShroomBag"},{"floor":13.0,"key":"BigShroomBag"},{"floor":13.0,"key":"Odd Mushroom"},{"floor":13.0,"key":"BigShroomBag"},{"floor":13.0,"key":"BigShroomBag"},{"floor":13.0,"key":"Odd Mushroom"},{"floor":13.0,"key":"Odd Mushroom"},{"floor":13.0,"key":"BigShroomBag"},{"floor":13.0,"key":"BigShroomBag"},{"floor":13.0,"key":"Odd Mushroom"},{"floor":13.0,"key":"Odd Mushroom"},{"floor":13.0,"key":"Odd Mushroom"},{"floor":15.0,"key":"Pear"},{"floor":25.0,"key":"Omamori"},{"floor":26.0,"key":"Blood Vial"},{"floor":31.0,"key":"Ancient Tea Set"},{"floor":33.0,"key":"Centennial Puzzle"},{"floor":34.0,"key":"BreadOfAWashokuLover"},{"floor":36.0,"key":"MealTicket"},{"floor":41.0,"key":"Juzu Bracelet"},{"floor":41.0,"key":"Toxic Egg 2"},{"floor":41.0,"key":"Du-Vu Doll"},{"floor":45.0,"key":"Mango"},{"floor":49.0,"key":"Ice Cream"},{"floor":51.0,"key":"Gambling Chip"},{"floor":52.0,"key":"HornCleat"},{"floor":56.0,"key":"Ginger"},{"floor":63.0,"key":"SproutingBranch"}],"event_choices":[{"damage_healed":0.0,"max_hp_gain":0.0,"max_hp_loss":0.0,"gold_gain":0.0,"event_name":"Liars Game","player_choice":"Ignored","floor":6.0,"gold_loss":0.0,"damage_taken":0.0},{"damage_healed":0.0,"max_hp_gain":0.0,"max_hp_loss":0.0,"gold_gain":0.0,"event_name":"Mushrooms_MRS","player_choice":"Fought Mushrooms","floor":13.0,"gold_loss":0.0,"damage_taken":0.0},{"damage_healed":0.0,"max_hp_gain":0.0,"max_hp_loss":0.0,"gold_gain":0.0,"event_name":"Mushrooms_MRS","player_choice":"Fought Mushrooms","floor":13.0,"gold_loss":0.0,"damage_taken":0.0},{"damage_healed":0.0,"max_hp_gain":0.0,"max_hp_loss":0.0,"gold_gain":0.0,"event_name":"Mushrooms_MRS","player_choice":"Fought Mushrooms","floor":13.0,"gold_loss":0.0,"damage_taken":0.0},{"damage_healed":0.0,"max_hp_gain":0.0,"max_hp_loss":0.0,"gold_gain":0.0,"event_name":"Mushrooms_MRS","player_choice":"Fought Mushrooms","floor":13.0,"gold_loss":0.0,"damage_taken":0.0},{"damage_healed":0.0,"max_hp_gain":0.0,"max_hp_loss":0.0,"gold_gain":0.0,"event_name":"Mushrooms_MRS","player_choice":"Fought Mushrooms","floor":13.0,"gold_loss":0.0,"damage_taken":0.0},{"damage_healed":0.0,"max_hp_gain":0.0,"max_hp_loss":0.0,"gold_gain":0.0,"event_name":"Ghosts","player_choice":"Ignored","floor":23.0,"gold_loss":0.0,"damage_taken":0.0},{"damage_healed":0.0,"max_hp_gain":0.0,"max_hp_loss":0.0,"gold_gain":99.0,"event_name":"Nest","player_choice":"Stole From Cult","floor":24.0,"gold_loss":0.0,"damage_taken":0.0},{"damage_healed":0.0,"max_hp_gain":0.0,"max_hp_loss":0.0,"gold_gain":0.0,"event_name":"MindBloom","player_choice":"Fight","floor":45.0,"gold_loss":0.0,"damage_taken":0.0},{"damage_healed":0.0,"max_hp_gain":0.0,"max_hp_loss":0.0,"gold_gain":100.0,"event_name":"Golden Shrine","player_choice":"Pray","floor":50.0,"gold_loss":0.0,"damage_taken":0.0},{"damage_healed":0.0,"max_hp_gain":0.0,"max_hp_loss":0.0,"gold_gain":0.0,"event_name":"Fountain of Cleansing","player_choice":"Ignored","floor":55.0,"gold_loss":0.0,"damage_taken":0.0},{"cards_removed":["Parasite"],"damage_healed":0.0,"max_hp_gain":0.0,"max_hp_loss":0.0,"gold_gain":0.0,"event_name":"Bonfire Elementals","player_choice":"Offered Curse","floor":57.0,"gold_loss":0.0,"damage_taken":0.0,"relics_obtained":["Spirit Poop"]}],"is_beta":false,"boss_relics":[{"not_picked":["BewitchedHakkero","SacredBark"],"picked":"Coffee Dripper"},{"not_picked":["Snecko Eye","Busted Crown"],"picked":"Calling Bell"}],"items_purged_floors":[4,14,17,27,27,39,39,44,44,47,53,62],"is_endless":false,"potions_floor_spawned":[2,13,13,13,19,21,28,29,33,35,36,45,49,63],"ascension_level":5}}