{"host":"jfbo3eu2ui08ej1u","time":1611991056,"event":{"mods":["2.2 Compatiblity","AchievementEnabler","Act Like it!","Aspiration","BaseMod","Better Altar","Better Match","Better Note","Better Sensory Stone","Better Skull","Better Third Choice","Block Reminder","Colored Map","Colored Powertips","Conspire","DeckTracker","Displayed Cursed Tome","Energized Spire","Fox Events","GifTheSpireLib","Hubris","Infinite Spire","Marked Mod","Minty Spire (QoL Compilation)","Pale of the Ancients","Poor People Problems","Quick Restart","Relic Filter","Reliquary","Reorder Act Four","Replay The Spire","Shop Mod","Spicy Shops","Spire Arcade","StSLib","Stuff the Spire","The Blue Laboratory","The Disciple","The Forsaken","The Hierophant","The Marked","Uncapped","Unceasing Turn Reminder","Wandering Minibosses"],"gold_per_floor":[114,114,27,40,40,69,87,87,112,112,142,142,64,96,96,194,194,209,224,224,224,234,267,278,306,306,306,323,323,70,90,90,193,193,203,216,33,33,33,67,67,102,102,114,114,114,133,146,146,146,162,176,176,62,62,81,81,81,81,81],"floor_reached":61,"language":"ENG","playtime":4152,"items_purged":["theMarked:Strike","theMarked:Strike","Pride"],"score":1314,"play_id":"6954ff6c-1b64-49cb-9507-7d6b143c9844","local_time":"20210130021736","is_ascension_mode":false,"campfire_choices":[{"data":"theMarked:Vacuum","floor":10.0,"key":"SMITH"},{"data":"theMarked:Seal","floor":12.0,"key":"SMITH"},{"data":"theMarked:GodGivenPower","floor":15.0,"key":"SMITH"},{"floor":32.0,"key":"REST"},{"floor":41.0,"key":"REST"},{"floor":49.0,"key":"REST"},{"floor":55,"key":"REST"},{"data":"theMarked:Polarize","floor":57,"key":"SMITH"}],"circlet_count":0,"master_deck":["theMarked:Strike","theMarked:Strike","theMarked:Defend","theMarked:Defend","theMarked:Defend","theMarked:Defend","theMarked:SoldierOfQuellstein","theMarked:Seal+1","Bandage Up","theMarked:Electrify","theMarked:Vacuum+1","theMarked:BanishingStrike+1","Bandage Up","theMarked:GodGivenPower+1","theMarked:WardOff","theMarked:Levitate","theMarked:WardOff","theMarked:TwofoldDefense","theMarked:Determination+1","theMarked:FavorableWinds","theMarked:Friction","AbeCurse","theMarked:Polarize+1","theMarked:MysticalArsenal+1","theMarked:Toughness","theMarked:HeightenedSenses+1","infinitespire:Fortify","theMarked:TwofoldDefense","theMarked:Electrify+1","theMarked:EnhanceMovement","theMarked:EnhanceMovement"],"relics":["theMarked:ArtifactOfAir","theForsaken:Gavel","reliquary:RedPaperclip","aspiration:RitualStick","infinitespire:BottledMercury","StuffTheSpire:OldFever","Toy Ornithopter","Abe\u0027s Treasure","Pantograph","aspiration:FrozenJewel","Vajra","theMarked:Eyepatch","paleoftheancients:Timepiece","paleoftheancients:KeyRelic","Gremlin Horn","CultistMask","paleoftheancients:SoulOfTheWokeBloke","MerchantsRug","aspiration:HummingbirdHeart"],"acts_visited":["Exordium","TheCity","TheBeyond","paleoftheancients:PaleOfTheAncients"],"potions_floor_usage":[60,60],"damage_taken":[{"damage":2.0,"enemies":"2 Louse","floor":1.0,"turns":2.0},{"damage":9.0,"enemies":"infinitespire:Voidling","floor":4.0,"turns":6.0},{"damage":16.0,"enemies":"Lagavulin","floor":6.0,"turns":5.0},{"damage":2.0,"enemies":"conspire:RoseBush","floor":7.0,"turns":4.0},{"damage":26.0,"enemies":"Replay:BlueRogue","floor":11.0,"turns":3.0},{"damage":1.0,"enemies":"Lagavulin","floor":14.0,"turns":5.0},{"damage":19.0,"enemies":"The Guardian","floor":16.0,"turns":9.0},{"damage":9.0,"enemies":"Shell Parasite","floor":18.0,"turns":5.0},{"damage":20.0,"enemies":"2 Thieves","floor":19.0,"turns":4.0},{"damage":22.0,"enemies":"Centurion and Healer","floor":22.0,"turns":5.0},{"damage":37.0,"enemies":"Gremlin Leader","floor":23.0,"turns":8.0},{"damage":11.0,"enemies":"3 Cultists","floor":24.0,"turns":7.0},{"damage":24.0,"enemies":"conspire:SneckoGhost","floor":25.0,"turns":5.0},{"damage":5.0,"enemies":"Snake Plant","floor":28.0,"turns":2.0},{"damage":0.0,"enemies":"conspire:HollyBat","floor":31.0,"turns":5.0},{"damage":37.0,"enemies":"hubris:MusketHawk","floor":33.0,"turns":7.0},{"damage":1.0,"enemies":"Orb Walker","floor":35.0,"turns":3.0},{"damage":6.0,"enemies":"3 Shapes","floor":36.0,"turns":4.0},{"damage":47.0,"enemies":"Nightmare","floor":40.0,"turns":8.0},{"damage":39.0,"enemies":"Reptomancer","floor":42.0,"turns":5.0},{"damage":0.0,"enemies":"3 Darklings","floor":44.0,"turns":6.0},{"damage":14.0,"enemies":"Transient","floor":47.0,"turns":5.0},{"damage":6.0,"enemies":"Sphere and 2 Shapes","floor":48.0,"turns":4.0},{"damage":35.0,"enemies":"Donu and Deca","floor":50.0,"turns":8.0},{"damage":31.0,"enemies":"Donu and Deca","floor":51.0,"turns":8.0},{"damage":62,"enemies":"Donu and Deca","floor":52,"turns":8},{"damage":0,"enemies":"Donu and Deca","floor":56,"turns":6},{"damage":77,"enemies":"paleoftheancients:N","floor":60,"turns":10}],"seed_played":"-2538971161549613198","potions_obtained":[{"floor":6.0,"key":"Block Potion"},{"floor":7.0,"key":"blueLaboratory:ExaltedPotion"},{"floor":11.0,"key":"conspire:TimeTravelPotion"},{"floor":14.0,"key":"SkillPotion"},{"floor":23.0,"key":"SteroidPotion"},{"floor":25.0,"key":"AttackPotion"},{"floor":27.0,"key":"foxEvents:VialedCaress"},{"floor":42.0,"key":"Energy Potion"},{"floor":44.0,"key":"DuplicationPotion"},{"floor":47.0,"key":"blueLaboratory:AbyssPotion"},{"floor":52,"key":"blueLaboratory:HorrorPotion"},{"floor":56,"key":"Fire Potion"}],"is_trial":false,"path_per_floor":["M","?","$","M","$","E","M","?","T","R","E","R","$","E","R","B",null,"M","M","?","?","M","E","M","E","T","?","M","?","$","M","R","B",null,"M","M","$","$","?","NM","R","E","T","M","?","AVR","M","M","R","B","M","M","?","$","R","M","R","T","?","B",null],"character_chosen":"THE_DEFAULT","items_purchased":["Bandage Up","theMarked:GodGivenPower","theMarked:Friction","theMarked:Polarize","theMarked:MysticalArsenal","MerchantsRug","theMarked:EnhanceMovement"],"campfire_rested":4,"item_purchase_floors":[3,13,30,37,37,54,54],"current_hp_per_floor":[75,75,75,68,68,56,58,58,58,58,40,40,40,47,47,36,77,72,60,60,45,31,39,36,20,20,20,23,23,23,31,50,21,65,64,63,63,63,63,23,42,11,11,19,19,19,13,15,34,65,34,3,3,3,22,55,55,55,55,63],"gold":81,"neow_bonus":"TEN_PERCENT_HP_BONUS","is_daily":false,"chose_seed":false,"campfire_upgraded":4,"win_rate":0.0,"timestamp":1611991056,"path_taken":["M","?","$","?","$","E","M","?","T","R","E","R","$","E","R","BOSS","M","M","?","?","M","E","M","E","T","?","M","?","$","?","R","BOSS","M","M","?","$","?","NM","R","E","T","?","?","AVR","M","M","R","BOSS","M","M","?","$","R","M","R","T","?","BOSS"],"items_purchased_type":["Card","Card","Card","Card","Card","Relic","Card"],"build_version":"2020-12-22","purchased_purges":3,"victory":true,"max_hp_per_floor":[77,77,77,77,77,77,77,77,77,77,77,77,77,77,77,77,77,77,77,77,77,77,77,77,77,77,65,65,65,65,65,65,65,65,65,65,65,65,65,65,65,65,65,65,65,65,65,65,65,65,65,65,65,65,65,65,65,65,65,65],"card_choices":[{"not_picked":["theMarked:BanishingStrike","theMarked:Frustration"],"picked":"theMarked:Seal","floor":1.0},{"not_picked":["theMarked:Improvise","theMarked:WastefulAttack"],"picked":"theMarked:Electrify","floor":4.0},{"not_picked":["theMarked:Improvise","theMarked:SwordAndMagic"],"picked":"theMarked:Vacuum","floor":6.0},{"not_picked":["theMarked:ComboAttacks","theMarked:TakeCover"],"picked":"theMarked:BanishingStrike","floor":7.0},{"not_picked":["Good Instincts","Impatience"],"picked":"Bandage Up","floor":8.0},{"not_picked":["theMarked:KeepCalmAndFight","theMarked:HeightenedSenses","theMarked:ShockingTouch"],"picked":"SKIP","floor":11.0},{"not_picked":["theMarked:KeepCalmAndFight","theMarked:HeightenedSenses","theMarked:ShockingTouch"],"picked":"SKIP","floor":11.0},{"not_picked":["theMarked:Panic","theMarked:Improvise"],"picked":"theMarked:WardOff","floor":14.0},{"not_picked":["theMarked:Snap","theMarked:SuspiciousRaven"],"picked":"theMarked:Levitate","floor":16.0},{"not_picked":["theMarked:EmpowerWeapon","theMarked:Improvise+1"],"picked":"theMarked:WardOff","floor":18.0},{"not_picked":["theMarked:Generate","theMarked:SwordAndMagic","theMarked:Parry"],"picked":"SKIP","floor":19.0},{"not_picked":["theMarked:Aftermath","theMarked:Challenge"],"picked":"theMarked:TwofoldDefense","floor":22.0},{"not_picked":["theMarked:LightningStrikesTwice","theMarked:ContemptForTheProud","theMarked:OneWithTheBlade+1"],"picked":"SKIP","floor":23.0},{"not_picked":["theMarked:RepellingDischarge+1","theMarked:Friction"],"picked":"theMarked:Determination+1","floor":24.0},{"not_picked":["theMarked:TakeOffHeels","theMarked:OneWithTheBlade"],"picked":"theMarked:FavorableWinds","floor":25.0},{"not_picked":["theMarked:HeightenedSenses","theMarked:MuscleMemory","theMarked:Pokerface"],"picked":"SKIP","floor":28.0},{"not_picked":["theMarked:Parkour","theMarked:Frustration","theMarked:CreepingChasm"],"picked":"SKIP","floor":31.0},{"not_picked":["theMarked:ShockingTouch+1","theMarked:RepellingDischarge+1","theMarked:Reabsorb+1"],"picked":"SKIP","floor":35.0},{"not_picked":["theMarked:TakeCover","theMarked:Determination+1","theMarked:TwofoldDefense+1"],"picked":"SKIP","floor":36.0},{"not_picked":["theMarked:Parkour","theMarked:ParalyzingBlade+1"],"picked":"theMarked:Toughness","floor":40.0},{"not_picked":["theMarked:TakeCover+1","theMarked:Parry+1"],"picked":"theMarked:HeightenedSenses+1","floor":42.0},{"not_picked":["theMarked:Seal+1","theMarked:SwordAndMagic+1","theMarked:RogueSparks"],"picked":"SKIP","floor":44.0},{"not_picked":["theMarked:Overthink","theMarked:HeightenedSenses+1","theMarked:TwofoldDefense"],"picked":"SKIP","floor":47.0},{"not_picked":["theMarked:ChainLightning","theMarked:BanishingStrike","theMarked:ElectricStrings+1"],"picked":"SKIP","floor":48.0},{"not_picked":["theMarked:Frustration","theMarked:ShockingTouch"],"picked":"theMarked:TwofoldDefense","floor":51.0},{"not_picked":["theMarked:Memento","theMarked:ChainLightning"],"picked":"theMarked:Electrify+1","floor":52},{"not_picked":["theMarked:RepellingDischarge","theMarked:ChainLightning"],"picked":"theMarked:EnhanceMovement","floor":56}],"player_experience":1255022,"relics_obtained":[{"floor":6.0,"key":"Juzu Bracelet"},{"floor":9.0,"key":"Replay:Baseball"},{"floor":11.0,"key":"theForsaken:Gavel"},{"floor":14.0,"key":"conspire:InfiniteJournal"},{"floor":23.0,"key":"infinitespire:BottledMercury"},{"floor":25.0,"key":"StuffTheSpire:OldFever"},{"floor":26.0,"key":"Toy Ornithopter"},{"floor":40.0,"key":"Pantograph"},{"floor":42.0,"key":"reliquary:Buckler"},{"floor":43.0,"key":"aspiration:FrozenJewel"},{"floor":52,"key":"paleoftheancients:SoulOfTheWokeBloke"},{"floor":58,"key":"aspiration:HummingbirdHeart"}],"event_choices":[{"cards_removed":["theMarked:Strike"],"damage_healed":0.0,"max_hp_gain":0.0,"max_hp_loss":0.0,"gold_gain":0.0,"event_name":"Purifier","player_choice":"Purged","floor":2.0,"gold_loss":0.0,"damage_taken":0.0},{"damage_healed":0.0,"max_hp_gain":0.0,"max_hp_loss":0.0,"gold_gain":1.0,"event_name":"betterStone:BetterStone","player_choice":"1","floor":8.0,"gold_loss":0.0,"damage_taken":0.0},{"damage_healed":0.0,"max_hp_gain":0.0,"max_hp_loss":0.0,"gold_gain":0.0,"event_name":"betterNote:BetterNote","player_choice":"Ignored","floor":20.0,"gold_loss":0.0,"damage_taken":0.0,"cards_obtained":["ReplayUltimateDefense"]},{"damage_healed":0.0,"max_hp_gain":0.0,"max_hp_loss":0.0,"gold_gain":0.0,"event_name":"betterThird:BetterPortal","player_choice":"Ignored","floor":39.0,"gold_loss":0.0,"damage_taken":0.0}],"is_beta":false,"boss_relics":[{"not_picked":["ReplayTheSpireMod:SealedPack","hubris:Backtick"],"picked":"reliquary:RedPaperclip"},{"not_picked":["Velvet Choker","hubris:GrandSneckoEye"],"picked":"Abe\u0027s Treasure"}],"items_purged_floors":[30,30,46],"is_endless":false,"potions_floor_spawned":[6,7,11,14,23,25,28,36,42,44,47,52,56],"ascension_level":0}}