{"host":"5kuyqt569m09uheu","time":1611991159,"event":{"mods":["BaseMod","Downfall","Minty Spire (QoL Compilation)","StSLib"],"gold_per_floor":[99,116,116,132,152,180,180,194,194,228,228,262,262,275,292,292,292,292],"floor_reached":16,"language":"ENG","playtime":1050,"items_purged":[],"score":122,"play_id":"1af8ac8a-44e4-4f33-a0af-e7f62b093f42","local_time":"20210130081919","is_ascension_mode":false,"campfire_choices":[{"data":"champ:Execute","floor":1,"key":"SMITH"}],"circlet_count":0,"master_deck":["champ:Strike","champ:Strike","champ:Defend","champ:Defend+1","champ:Defend","champ:Execute+1","champ:Taunt","champ:PreciseThrust","champ:ShieldThrow+1","champ:PreemptiveStrike","downfall:Haunted","champ:IgnorePain","champ:CrownThrow","champ:IronFortress+1","champ:BerserkersShout+1","champ:StanceDance","champ:StanceDance+1","downfall:Malfunctioning","champ:FancyFootwork","champ:AdrenalArmor","champ:RisingSlash"],"relics":["champ:ChampionCrown","Singing Bowl","Gremlin Horn","champ:LiftRelic","Pen Nib","War Paint","Calipers"],"acts_visited":["Exordium"],"potions_floor_usage":[10,12],"damage_taken":[{"damage":10,"enemies":"2 Louse","floor":2,"turns":2},{"damage":10,"enemies":"Cultist","floor":4,"turns":3},{"damage":10,"enemies":"Small Slimes","floor":5,"turns":2},{"damage":18,"enemies":"Gremlin Nob","floor":6,"turns":4},{"damage":22,"enemies":"2 Fungi Beasts","floor":8,"turns":3},{"damage":42,"enemies":"3 Sentries","floor":10,"turns":7},{"damage":44,"enemies":"Gremlin Nob","floor":12,"turns":4},{"damage":5,"enemies":"Blue Slaver","floor":14,"turns":2},{"damage":25,"enemies":"Gremlin Gang","floor":15,"turns":3},{"damage":66,"enemies":"DF_ARCHETYPE_STREAMLINE","floor":16,"turns":8}],"seed_played":"-3354037403258782949","potions_obtained":[{"floor":2,"key":"Ancient Potion"},{"floor":4,"key":"Guardian:BlockOnCardUsePotion"},{"floor":10,"key":"PowerPotion"},{"floor":15,"key":"FairyPotion"}],"is_trial":false,"path_per_floor":["R","M","?","M","M","E","T","M","?","E","?","E","T","M","M","B"],"character_chosen":"THE_CHAMP","items_purchased":[],"campfire_rested":0,"item_purchase_floors":[],"current_hp_per_floor":[99,99,99,99,99,91,91,84,84,57,57,33,33,33,33,0,0,0],"gold":292,"neow_bonus":"TEN_PERCENT_HP_BONUS","is_daily":false,"chose_seed":false,"campfire_upgraded":1,"win_rate":0.0,"timestamp":1611991159,"path_taken":["R","M","?","?","M","E","T","M","?","E","?","E","?","M","M","BOSS"],"items_purchased_type":[],"build_version":"2020-12-22","purchased_purges":0,"victory":false,"max_hp_per_floor":[99,99,99,99,99,99,99,99,99,99,99,99,99,99,99,99,99,99],"card_choices":[{"not_picked":["champ:BerserkersShout","champ:HeartStrike"],"picked":"champ:PreciseThrust","floor":2},{"not_picked":["champ:Circumvent","champ:Haymaker"],"picked":"champ:CrownThrow","floor":4},{"not_picked":["champ:EnGarde","champ:RisingSlash"],"picked":"champ:IronFortress","floor":5},{"not_picked":["champ:FalseCounter","champ:ShieldSlam"],"picked":"champ:BerserkersShout","floor":6},{"not_picked":["champ:FlashCut","champ:DefensiveShout"],"picked":"champ:StanceDance","floor":8},{"not_picked":["champ:IgnorePain","champ:PreciseThrust"],"picked":"champ:StanceDance","floor":10},{"not_picked":["champ:PreciseThrust","champ:BladeFlurry"],"picked":"champ:FancyFootwork","floor":12},{"not_picked":["champ:EndlessRage","champ:FancyFootwork"],"picked":"champ:AdrenalArmor","floor":14},{"not_picked":["champ:Backstep","champ:FlashCut"],"picked":"champ:RisingSlash","floor":15}],"player_experience":3916680,"relics_obtained":[{"floor":6,"key":"Singing Bowl"},{"floor":7,"key":"Gremlin Horn"},{"floor":10,"key":"Pen Nib"},{"floor":12,"key":"War Paint"},{"floor":13,"key":"Calipers"}],"event_choices":[],"is_beta":false,"boss_relics":[],"items_purged_floors":[],"is_endless":false,"potions_floor_spawned":[2,4,10,15],"killed_by":"DF_ARCHETYPE_STREAMLINE","ascension_level":0}}