{"host":"fjyrzoy7zi2e08p3","time":1611987240,"event":{"mods":["Aspiration","BaseMod","BetterRewards","Colored Map","Colored Powertips","Dota2Spire","Downfall","Highlight Path","KinomotoSakuraMod(木之本樱)","Marisa（F雨　魔理沙）","Minty Spire (QoL Compilation)","Quick Restart","Remilia（蕾米莉亚）","Replay The Spire","RumiaBox-露米娅的神秘盒子","Spicy Shops","StSLib","SuperFastMode","Waifu the Spire","WarShipGirlsR/战舰少女R mod"],"gold_per_floor":[119,131,148,246,246,272,272,272,272],"floor_reached":8,"language":"ZHS","playtime":660,"items_purged":["downfall:Haunted"],"score":86,"play_id":"f200f7f5-2218-49d0-9f9e-d4236b8e6e95","local_time":"20210130141400","is_ascension_mode":true,"campfire_choices":[{"data":"rmod:garrisonisland","floor":7,"key":"SMITH"}],"circlet_count":0,"master_deck":["AscendersBane","rmod:strick","rmod:strick","rmod:strick","rmod:strick","rmod:defend","rmod:defend","rmod:defend","rmod:defend","rmod:basicallowance","rmod:maingunfire","rmod:highspeedmaneuver+1","rmod:fuelsupply+1","rmod:garrisonisland+1","Replay:Bootleg Shield Generator+1","rmod:overbreakdown+1","ReplayTheSpireMod:Splinters","rmod:royalracing+1","rmod:wife+1"],"relics":["rmod:firstchargereward","ReplayTheSpireMod:CursedCoin","Toxic Egg 2","MoreBug","Spirit Poop","Kunai"],"acts_visited":["Exordium"],"potions_floor_usage":[8],"damage_taken":[{"damage":4,"enemies":"Cultist","floor":1,"turns":5},{"damage":0,"enemies":"2 Louse","floor":2,"turns":2},{"damage":6,"enemies":"Small Slimes","floor":3,"turns":3},{"damage":6,"enemies":"3 Sentries","floor":6,"turns":9},{"damage":0,"enemies":"Lagavulin","floor":8,"turns":2}],"seed_played":"-5389532347008407162","potions_obtained":[{"floor":2,"key":"SpeedPotion"},{"floor":3,"key":"BlessingOfTheForge"}],"is_trial":false,"path_per_floor":["M","M","M","?","?","E","R","E"],"character_chosen":"PRAEFECT","items_purchased":["ReplayTheSpireMod:CursedCoin","Toxic Egg 2","MoreBug","rmod:highspeedmaneuver+1","rmod:fuelsupply+1","rmod:garrisonisland","Replay:Bootleg Shield Generator+1"],"campfire_rested":0,"item_purchase_floors":[0,0,0,0,0,0,0],"current_hp_per_floor":[37,37,31,31,31,25,25,25,25],"gold":272,"neow_bonus":"","is_daily":false,"chose_seed":false,"campfire_upgraded":1,"win_rate":0.0,"timestamp":1611987240,"path_taken":["M","M","?","?","?","E","R","E"],"items_purchased_type":["Relic","Relic","Relic","Card","Card","Card","Card"],"build_version":"2020-12-22","purchased_purges":1,"victory":false,"max_hp_per_floor":[75,75,75,75,75,75,75,75,75],"card_choices":[{"not_picked":["rmod:aviationdawn+1","rmod:unsinkable+1"],"picked":"rmod:overbreakdown+1","floor":1},{"not_picked":["rmod:ammunitionsupply+1","rmod:slowdown+1","rmod:luckystar"],"picked":"SKIP","floor":2},{"not_picked":["rmod:combined","rmod:ammunitionsupply+1","rmod:tearstotiara"],"picked":"SKIP","floor":3},{"not_picked":["rmod:wife+1","rmod:gendarmerie+1"],"picked":"rmod:royalracing+1","floor":4},{"not_picked":["rmod:aviationdawn+1","rmod:fletcherpendant"],"picked":"rmod:wife+1","floor":4},{"not_picked":["rmod:fuelsupply+1","rmod:aviationdawn+1","rmod:tearstotiara"],"picked":"SKIP","floor":6}],"player_experience":138161,"relics_obtained":[{"floor":6,"key":"Kunai"}],"event_choices":[{"cards_removed":["Decay"],"damage_healed":0,"gold_gain":0,"player_choice":"Offered Curse","damage_taken":0,"relics_obtained":["Spirit Poop"],"max_hp_gain":0,"max_hp_loss":0,"event_name":"Bonfire Elementals","floor":5,"gold_loss":0}],"is_beta":false,"boss_relics":[],"items_purged_floors":[0],"is_endless":false,"potions_floor_spawned":[2,3],"killed_by":"Lagavulin","ascension_level":11}}