{"host":"roto7j7840a50pxh","time":1611998280,"event":{"mods":["Act Like it!","BaseMod","Better Altar","Better Note","Better Sensory Stone","Better Skull","Better Third Choice","BetterRewards","Colored Map","Colored Powertips","Downfall","Hermit","Highlight Path","Hubris","Infinite Spire","Minty Spire (QoL Compilation)","Replay The Spire","Robot Space Explorer","Shade Mod","Spicy Shops","StSLib","The Construct","The Cursed","The Dragon Tamer","The Hierophant","The Necromancer","The Runesmith","The Servant 0.9.4","TheVacant"],"gold_per_floor":[99,116,116,136,152,164,188,188,275,294,321,321,321,348,358,463,513,513,532,532,551,570,570,641,641,691,707,707,734,747,757,771,876,876,876,893,907,1004,414,433,460,473,493,518,564,664,664,664,679,679],"floor_reached":51,"language":"ENG","playtime":9496,"items_purged":["champ:Strike"],"score":788,"play_id":"dd1f5592-611c-4eb2-ab80-3874acfd6791","local_time":"20210130041800","is_ascension_mode":false,"campfire_choices":[{"data":"champ:Taunt","floor":1.0,"key":"SMITH"},{"data":"champ:DeathBlow","floor":8.0,"key":"SMITH"},{"data":"1","floor":13.0,"key":"LIFT"},{"data":"2","floor":18.0,"key":"LIFT"},{"data":"champ:ArenaPreparation","floor":23.0,"key":"SMITH"},{"data":"champ:FanOfKnives","floor":28,"key":"SMITH"},{"data":"3","floor":35,"key":"LIFT"},{"data":"ReplayTheSpireMod:Black Plague","floor":47,"key":"SMITH"}],"circlet_count":0,"master_deck":["champ:Strike","champ:Strike","champ:Defend","champ:Defend","champ:Defend","champ:Defend","champ:Execute+1","champ:Taunt+1","champ:CrookedStrike","champ:DefensiveShout","champ:Endure","champ:DeathBlow+1","champ:FanOfKnives+1","champ:Haymaker","champ:GutPunch","champ:IronFortress+1","champ:ArenaPreparation+1","champ:Backstep","champ:ShieldWall","champ:GladiatorForm","champ:FlashCut+1","champ:IronFortress","champ:FlashCut+1","ReplayTheSpireMod:Black Plague+1","infinitespire:TheBestDefense","champ:IgnorePain+1","champ:Duel+1","champ:Lariat+1","champ:StanceDance","champ:BringItOn","champ:HeartStrike","champ:SteelEdge","champ:PreciseThrust","champ:BerserkersShout+1","champ:TornadoPunch","champ:Encircle","champ:ShieldWall","expansioncontent:Hexaburn","champ:BringItOn","champ:SetATrap","champ:CrookedStrike","champ:FlashCut+1","champ:StanceDance","champ:CrownThrow","champ:Lariat"],"relics":["champ:ChampionCrown","Girya","hubris:MobiusCoin","Painkiller Herb","Nloth\u0027s Gift","Sundial","infinitespire:Magic Flask","infinitespire:WardingShard","Philosopher\u0027s Stone","Calipers","hubris:HerbalPaste","PreservedInsect","Replay:Rubber Ducky","Blue Doll","Ginger","Simple Rune","infinitespire:CursedDice"],"acts_visited":["Exordium","TheCity","TheBeyond"],"potions_floor_usage":[38,38,44,50,50],"damage_taken":[{"damage":10.0,"enemies":"Cultist","floor":2.0,"turns":3.0},{"damage":13.0,"enemies":"infinitespire:Voidling","floor":4.0,"turns":4.0},{"damage":10.0,"enemies":"Small Slimes","floor":5.0,"turns":2.0},{"damage":3.0,"enemies":"Exordium Wildlife","floor":6.0,"turns":5.0},{"damage":29.0,"enemies":"Gremlin Gang","floor":10.0,"turns":4.0},{"damage":35.0,"enemies":"Lagavulin","floor":11.0,"turns":7.0},{"damage":38.0,"enemies":"Replay:BlueRogue","floor":14.0,"turns":4.0},{"damage":6.0,"enemies":"Exordium Wildlife","floor":15.0,"turns":5.0},{"damage":86.0,"enemies":"SI_SHIV_ARCHETYPE","floor":16.0,"turns":9.0},{"damage":22.0,"enemies":"Spheric Guardian","floor":19.0,"turns":4.0},{"damage":27.0,"enemies":"Shell Parasite","floor":21.0,"turns":4.0},{"damage":23.0,"enemies":"Cultist and Chosen","floor":22.0,"turns":6.0},{"damage":55,"enemies":"Shelled Parasite and Fungi","floor":27,"turns":4},{"damage":25,"enemies":"Replay:Snechameleon","floor":29,"turns":4},{"damage":10,"enemies":"Snecko","floor":30,"turns":3},{"damage":35,"enemies":"Cultist and Chosen","floor":31,"turns":4},{"damage":0,"enemies":"Snake Plant","floor":32,"turns":3},{"damage":45,"enemies":"WA_ARCHETYPE_CALM","floor":33,"turns":10},{"damage":79,"enemies":"3 Darklings","floor":36,"turns":7},{"damage":10,"enemies":"Orb Walker","floor":37,"turns":2},{"damage":20,"enemies":"2 Orb Walkers","floor":38,"turns":4},{"damage":55,"enemies":"downfall:FleeingMerchant","floor":39,"turns":4},{"damage":59,"enemies":"4 Shapes","floor":40,"turns":6},{"damage":32,"enemies":"Sphere and 2 Shapes","floor":42,"turns":4},{"damage":21,"enemies":"Maw","floor":43,"turns":6},{"damage":25,"enemies":"Giant Head","floor":44,"turns":5},{"damage":12,"enemies":"Giant Head","floor":46,"turns":6},{"damage":10,"enemies":"Spire Growth","floor":49,"turns":2},{"damage":60,"enemies":"IC_BLOCK_ARCHETYPE","floor":50,"turns":8}],"seed_played":"5495647238210003523","potions_obtained":[{"floor":4.0,"key":"SpeedPotion"},{"floor":6.0,"key":"Block Potion"},{"floor":11.0,"key":"DistilledChaos"},{"floor":21.0,"key":"FearPotion"},{"floor":27,"key":"Venom Potion"},{"floor":29,"key":"LifebloodPotion"},{"floor":32,"key":"Swift Potion"},{"floor":33,"key":"DistilledChaos"},{"floor":40,"key":"PowerPotion"},{"floor":43,"key":"ColorlessPotion"}],"is_trial":false,"path_per_floor":["R","M","?","M","M","M","T","R","?","M","E","?","R","E","M","B",null,"T","?","?","?","?","T","T","AVR","?","?","T","E","?","?","?","B",null,"T","?","?","?","T","?","T","?","?","E","T","?","T","?","?","B",null],"character_chosen":"THE_CHAMP","items_purchased":["hubris:HerbalPaste","champ:ShieldWall","expansioncontent:Hexaburn","PreservedInsect","Replay:Rubber Ducky","champ:BringItOn"],"campfire_rested":0,"item_purchase_floors":[39,39,39,39,39,39],"current_hp_per_floor":[99,99,99,96,96,93,93,93,93,89,84,84,84,81,80,59,99,99,87,87,85,77,77,77,77,77,72,72,62,62,62,62,62,99,99,75,75,75,75,67,67,71,76,92,92,96,96,88,91,87],"gold":679,"neow_bonus":"TEN_PERCENT_HP_BONUS","is_daily":false,"chose_seed":false,"campfire_upgraded":5,"win_rate":0.0,"timestamp":1611998280,"path_taken":["R","M","?","M","?","M","T","R","?","?","E","?","R","E","M","BOSS","T","?","?","?","?","T","T","AVR","?","?","T","E","?","?","?","BOSS","T","?","?","?","T","?","T","?","?","E","?","?","T","?","?","BOSS"],"items_purchased_type":["Relic","Card","Card","Relic","Relic","Card"],"build_version":"2020-12-22","purchased_purges":1,"victory":true,"max_hp_per_floor":[99,99,99,99,99,99,99,99,99,99,99,99,99,99,99,99,99,99,99,99,99,99,99,99,99,99,99,99,99,99,99,99,99,99,99,99,99,99,99,99,99,99,99,99,99,99,99,99,99,99],"card_choices":[{"not_picked":["champ:DefensiveShout","champ:AdrenalArmor"],"picked":"champ:CrookedStrike","floor":2.0},{"not_picked":["champ:FlashCut","champ:PerfectedStrike"],"picked":"champ:DefensiveShout","floor":4.0},{"not_picked":["champ:PreemptiveStrike","champ:FocusedDefense"],"picked":"champ:Endure","floor":5.0},{"not_picked":["champ:RapidStrikes","champ:BladeFlurry"],"picked":"champ:DeathBlow","floor":6.0},{"not_picked":["champ:Circumvent","champ:FlashCut"],"picked":"champ:FanOfKnives","floor":9.0},{"not_picked":["champ:CrownThrow","champ:Improvising"],"picked":"champ:Haymaker","floor":9.0},{"not_picked":["champ:SkillfulDodge","champ:Haymaker"],"picked":"champ:GutPunch","floor":9.0},{"not_picked":["champ:GutPunch","champ:BringItOn"],"picked":"champ:IronFortress","floor":10.0},{"not_picked":["champ:EnGarde","champ:BerserkersShout"],"picked":"champ:ArenaPreparation","floor":11.0},{"not_picked":["champ:FlashCut","champ:PreemptiveStrike"],"picked":"champ:Backstep","floor":14.0},{"not_picked":["champ:StanceDance","champ:TornadoPunch"],"picked":"champ:ShieldWall","floor":15.0},{"not_picked":["champ:Improvising","champ:LastStand"],"picked":"champ:GladiatorForm","floor":16.0},{"not_picked":["champ:BerserkersShout","champ:EnGarde"],"picked":"champ:FlashCut+1","floor":19.0},{"not_picked":["champ:Parry","champ:BerserkersShout"],"picked":"champ:IronFortress","floor":21.0},{"not_picked":["champ:GladiatorStyle","champ:RecklessLeap+1"],"picked":"champ:FlashCut","floor":22.0},{"not_picked":["champ:GladiatorStyle","champ:Devastate"],"picked":"champ:Duel+1","floor":27},{"not_picked":["champ:Devastate","champ:SetATrap"],"picked":"champ:Lariat+1","floor":29},{"not_picked":["champ:EnGarde","champ:RapidStrikes"],"picked":"champ:StanceDance","floor":30},{"not_picked":["champ:StanceDance","champ:GutPunch+1"],"picked":"champ:BringItOn","floor":31},{"not_picked":["champ:BerserkersShout","champ:AdrenalArmor"],"picked":"champ:HeartStrike","floor":32},{"not_picked":["champ:DancingMaster","champ:Improvising"],"picked":"champ:SteelEdge","floor":33},{"not_picked":["champ:DeathBlow+1","champ:BringItOn+1"],"picked":"champ:PreciseThrust","floor":36},{"not_picked":["champ:FanOfKnives","champ:RecklessLeap+1"],"picked":"champ:BerserkersShout+1","floor":37},{"not_picked":["champ:DefensiveShout+1","champ:Haymaker"],"picked":"champ:TornadoPunch","floor":38},{"not_picked":["champ:IronFortress","champ:StrikeOfGenius"],"picked":"champ:Encircle","floor":39},{"not_picked":["champ:BerserkersShout+1","champ:StanceDance"],"picked":"champ:SetATrap","floor":40},{"not_picked":["champ:RecklessLeap+1","champ:DancingMaster"],"picked":"champ:CrookedStrike","floor":42},{"not_picked":["champ:Circumvent","champ:Encircle+1"],"picked":"champ:FlashCut+1","floor":43},{"not_picked":["champ:Parry+1","champ:Circumvent"],"picked":"champ:StanceDance","floor":44},{"not_picked":["champ:FalseCounter+1","champ:SkillfulDodge"],"picked":"champ:CrownThrow","floor":46},{"not_picked":["champ:HeartStrike+1","champ:PerfectedStrike+1"],"picked":"champ:Lariat","floor":49}],"player_experience":1730971,"relics_obtained":[{"floor":7.0,"key":"Replay:Mystery Machine"},{"floor":11.0,"key":"Girya"},{"floor":14.0,"key":"hubris:MobiusCoin"},{"floor":24.0,"key":"Sundial"},{"floor":29,"key":"infinitespire:WardingShard"},{"floor":38,"key":"Calipers"},{"floor":41,"key":"Blue Doll"},{"floor":44,"key":"Ginger"},{"floor":45,"key":"Simple Rune"},{"floor":46,"key":"infinitespire:CursedDice"}],"event_choices":[{"damage_healed":0.0,"max_hp_gain":0.0,"max_hp_loss":0.0,"gold_gain":0.0,"event_name":"Accursed Blacksmith","player_choice":"Forge","floor":3.0,"gold_loss":0.0,"damage_taken":0.0,"cards_upgraded":["champ:Execute"]},{"damage_healed":0,"gold_gain":0,"player_choice":"Fight","damage_taken":0,"max_hp_gain":0,"max_hp_loss":0,"event_name":"Mysterious Sphere","floor":38,"gold_loss":0}],"is_beta":false,"boss_relics":[{"not_picked":["Snecko Eye","hubris:GrandSneckoEye"],"picked":"Painkiller Herb"},{"not_picked":["hubris:BlackHole","Abe\u0027s Treasure"],"picked":"Philosopher\u0027s Stone"}],"items_purged_floors":[25],"is_endless":false,"potions_floor_spawned":[4,6,11,14,21,27,29,32,33,36,37,40,43],"ascension_level":0}}