{"host":"jz4ul6vrcxqkcr33","time":1611974908,"event":{"mods":["BaseMod","Minty Spire (QoL Compilation)","StSLib"],"gold_per_floor":[117,117,134,146,146,181,200,200,227,246,261,295,306,317,317,415,415,396,396,396,409,89,89,89,89],"floor_reached":24,"language":"ENG","playtime":1146,"items_purged":["Decay"],"score":252,"play_id":"d30286ba-1737-48c5-863b-b0c1e426fefb","local_time":"20210129214828","is_ascension_mode":true,"campfire_choices":[{"floor":8,"key":"REST"},{"data":"Footwork","floor":15,"key":"SMITH"},{"floor":23,"key":"REST"}],"circlet_count":0,"master_deck":["Strike_G","Strike_G","Strike_G","Strike_G","Defend_G","Defend_G","Defend_G","Defend_G","Defend_G","Survivor","Neutralize","Underhanded Strike","Reflex","Noxious Fumes","Accuracy","Prepared","Blur","Footwork+1","Finisher","Flying Knee","Wraith Form v2","Predator+1","Noxious Fumes"],"relics":["HoveringKite","Strawberry","Lantern","Blood Vial","Peace Pipe","Fusion Hammer","Nilry\u0027s Codex","Molten Egg 2"],"acts_visited":["Exordium","TheCity"],"potions_floor_usage":[12,12,16,18,24],"damage_taken":[{"damage":0.0,"enemies":"Cultist","floor":1.0,"turns":4.0},{"damage":0,"enemies":"Small Slimes","floor":3,"turns":3},{"damage":8,"enemies":"Jaw Worm","floor":4,"turns":6},{"damage":39,"enemies":"Gremlin Nob","floor":6,"turns":5},{"damage":2,"enemies":"2 Fungi Beasts","floor":7,"turns":4},{"damage":5,"enemies":"Red Slaver","floor":10,"turns":5},{"damage":10,"enemies":"Large Slime","floor":11,"turns":8},{"damage":9,"enemies":"Lagavulin","floor":12,"turns":5},{"damage":3,"enemies":"Blue Slaver","floor":13,"turns":7},{"damage":0,"enemies":"Exordium Wildlife","floor":14,"turns":3},{"damage":20,"enemies":"The Guardian","floor":16,"turns":12},{"damage":21,"enemies":"2 Thieves","floor":18,"turns":4},{"damage":28,"enemies":"Shell Parasite","floor":21,"turns":6},{"damage":72,"enemies":"Gremlin Leader","floor":24,"turns":5}],"seed_played":"-5727105587976695523","potions_obtained":[{"floor":3,"key":"FairyPotion"},{"floor":6,"key":"FearPotion"},{"floor":7,"key":"CunningPotion"},{"floor":13,"key":"CunningPotion"},{"floor":16,"key":"ColorlessPotion"},{"floor":21,"key":"Strength Potion"}],"is_trial":false,"path_per_floor":["M","?","M","M","?","E","M","R","T","M","M","E","M","M","R","B",null,"M","?","?","M","$","R","E"],"character_chosen":"THE_SILENT","items_purchased":["Molten Egg 2"],"campfire_rested":2,"item_purchase_floors":[22],"current_hp_per_floor":[70,70,70,62,69,30,28,51,51,48,40,33,32,34,34,16,77,56,40,40,14,14,37,0,0],"gold":89,"neow_bonus":"BOSS_RELIC","is_daily":false,"chose_seed":false,"campfire_upgraded":1,"win_rate":0.0,"timestamp":1611974908,"path_taken":["M","?","?","M","?","E","?","R","T","M","M","E","M","M","R","BOSS","M","?","?","M","$","R","E"],"items_purchased_type":["Relic"],"build_version":"2020-12-13","purchased_purges":1,"victory":false,"max_hp_per_floor":[70,70,70,70,77,77,77,77,77,77,77,77,77,77,77,77,77,77,77,77,77,77,77,77,77],"card_choices":[{"not_picked":["PiercingWail","Expertise"],"picked":"Underhanded Strike","floor":1.0},{"not_picked":["Backstab","Finisher"],"picked":"Reflex","floor":3},{"not_picked":["Sucker Punch","Setup"],"picked":"Reflex","floor":4},{"not_picked":["Cloak And Dagger","Expertise"],"picked":"Noxious Fumes","floor":6},{"not_picked":["Backflip","Deflect"],"picked":"Accuracy","floor":7},{"not_picked":["Well Laid Plans","Grand Finale"],"picked":"Prepared","floor":10},{"not_picked":["Prepared","Flying Knee"],"picked":"Blur","floor":11},{"not_picked":["Dagger Spray","Outmaneuver"],"picked":"Footwork","floor":12},{"not_picked":["Escape Plan","Bouncing Flask"],"picked":"Finisher","floor":13},{"not_picked":["Choke","Deadly Poison"],"picked":"Flying Knee","floor":14},{"not_picked":["After Image","Night Terror"],"picked":"Wraith Form v2","floor":16},{"not_picked":["Poisoned Stab+1","Slice"],"picked":"Predator+1","floor":18},{"not_picked":["Outmaneuver","Blade Dance"],"picked":"Noxious Fumes","floor":21}],"player_experience":191917,"relics_obtained":[{"floor":6,"key":"Lantern"},{"floor":9,"key":"Blood Vial"},{"floor":12,"key":"Peace Pipe"},{"floor":19,"key":"Nilry\u0027s Codex"}],"event_choices":[{"cards_removed":["Strike_G"],"damage_healed":0,"gold_gain":0,"player_choice":"Offered Basic","damage_taken":0,"max_hp_gain":0,"max_hp_loss":0,"event_name":"Bonfire Elementals","floor":2,"gold_loss":0},{"cards_removed":["Reflex"],"damage_healed":0,"gold_gain":0,"player_choice":"Gave Card","damage_taken":0,"relics_obtained":["Strawberry"],"max_hp_gain":0,"max_hp_loss":0,"event_name":"WeMeetAgain","floor":5,"gold_loss":0},{"damage_healed":0,"gold_gain":0,"player_choice":"Obtained Book","damage_taken":16,"max_hp_gain":0,"max_hp_loss":0,"event_name":"Cursed Tome","floor":19,"gold_loss":0},{"damage_healed":0,"gold_gain":0,"player_choice":"Smashed Altar","damage_taken":0,"max_hp_gain":0,"max_hp_loss":0,"event_name":"Forgotten Altar","floor":20,"gold_loss":0,"cards_obtained":["Decay"]}],"is_beta":false,"boss_relics":[{"not_picked":["SacredBark","Velvet Choker"],"picked":"Fusion Hammer"}],"items_purged_floors":[22],"is_endless":false,"potions_floor_spawned":[3,6,7,11,13,16,21],"killed_by":"Gremlin Leader","ascension_level":4}}