{"host":"oeqgep2lwmjgysjb","time":1611976733,"event":{"mods":["AchievementEnabler","Aspiration","BaseMod","BetterRewards","Colored Powertips","Conspire","Custom Start","Downfall","Hubris","Infinite Spire","Minty Spire (QoL Compilation)","Quick Restart","Replay The Spire","Shop Mod","StSLib","The Hierophant","The Poker Player","The Runesmith"],"gold_per_floor":[117,128,148,73,23,23,58,158,158,31,31,46,46,62,62,157,157,173,188,188,207,224,224,236,236,308,319,319,64,76,111,111,213,213,240,240,266,266,294,17,32,32,32,32,64,88,128,154,154,154],"floor_reached":51,"language":"ENG","playtime":5682,"items_purged":["Strike_B","Strike_B","Static Discharge","Defend_B"],"score":906,"play_id":"8d3dcab4-78c3-42f6-b025-b995bda40940","local_time":"20210130141853","is_ascension_mode":false,"campfire_choices":[{"data":"Hologram","floor":6,"key":"SMITH"},{"floor":15,"key":"REST"},{"data":"Chill","floor":23,"key":"SMITH"},{"data":"Hologram","floor":25,"key":"SMITH"},{"data":"Multi-Cast","floor":32,"key":"SMITH"},{"data":"Mirror Shield","floor":44,"key":"SMITH"},{"data":"Double Energy","floor":49,"key":"SMITH"}],"circlet_count":0,"master_deck":["Doom and Gloom","BasicCrystalCard+1","Multi-Cast+1","Machine Learning+1","Capacitor+1","Defragment+1","Defragment+1","Heatsinks+1","Darkness+1","Darkness+1","Darkness+1","aspiration:Polymerization+1","Defend_B","Defend_B","Hologram+1","Chill+1","Conserve Battery","Cold Snap","Panic Button","Hologram+1","Conserve Battery+1","Creative AI","Redo+1","Coolheaded+1","Mirror Shield+1","Turbo+1","Capacitor+1","conspire:SharedLibrary+1","Defragment+1","ReplayTheSpireMod:Dual Polarity","Steam Power+1","Panic Button+1","Recycle+1","Mirror Shield","Double Energy+1"],"relics":["FrozenCore","Runic Capacitor","PokerPlayerMod:DeckCase","Bronze Scales","Matryoshka","hubris:BottledHeart","hubris:TenFootPole","InkBottle","Replay:Ringing Soul","Prayer Wheel","infinitespire:EvilPickle","hubris:TerracottaHorce","hubris:ToyBattleship","Centennial Puzzle","The Courier","Replay:Bottled Eggs","Runesmith:AutoHammer"],"acts_visited":["Exordium","TheCity","TheBeyond"],"potions_floor_usage":[7,16,16,16,33,33,41],"damage_taken":[{"damage":6,"enemies":"conspire:RoseBush","floor":1,"turns":4},{"damage":14,"enemies":"Small Slimes","floor":2,"turns":5},{"damage":5,"enemies":"2 Louse","floor":3,"turns":3},{"damage":34,"enemies":"3 Sentries","floor":7,"turns":8},{"damage":3,"enemies":"Exordium Wildlife","floor":12,"turns":4},{"damage":7,"enemies":"3 Louse","floor":14,"turns":2},{"damage":13,"enemies":"Fading Forest","floor":16,"turns":9},{"damage":0,"enemies":"conspire:FuzzyDice","floor":18,"turns":5},{"damage":0,"enemies":"Shell Parasite","floor":19,"turns":5},{"damage":0,"enemies":"Snake Plant","floor":21,"turns":4},{"damage":0,"enemies":"Cultist and Chosen","floor":22,"turns":6},{"damage":0,"enemies":"Snecko","floor":24,"turns":4},{"damage":0,"enemies":"Centurion and Healer","floor":27,"turns":6},{"damage":0,"enemies":"Chosen and Byrds","floor":30,"turns":5},{"damage":0,"enemies":"Replay:Snechameleon","floor":31,"turns":4},{"damage":0,"enemies":"Pondfish","floor":33,"turns":7},{"damage":0,"enemies":"Orb Walker","floor":35,"turns":5},{"damage":0,"enemies":"3 Shapes","floor":37,"turns":6},{"damage":0,"enemies":"Maw","floor":39,"turns":6},{"damage":0,"enemies":"Spire Growth","floor":41,"turns":6},{"damage":0,"enemies":"Reptomancer","floor":45,"turns":6},{"damage":0,"enemies":"3 Darklings","floor":46,"turns":4},{"damage":0,"enemies":"Nightmare","floor":47,"turns":8},{"damage":0,"enemies":"Maw","floor":48,"turns":7},{"damage":0,"enemies":"Awakened One","floor":50,"turns":7}],"seed_played":"9081052573078441401","potions_obtained":[{"floor":3,"key":"Weak Potion"},{"floor":14,"key":"EntropicBrew"},{"floor":21,"key":"Elixir"},{"floor":22,"key":"FocusPotion"},{"floor":27,"key":"Adrenaline Potion"},{"floor":33,"key":"Block Potion"},{"floor":36,"key":"Fire Potion"},{"floor":46,"key":"Elixir"}],"is_trial":true,"path_per_floor":["M","M","M","$","?","R","E","?","T","$","?","M","$","M","R","B",null,"M","M","?","M","M","R","M","R","T","M","?","$","M","E","R","B",null,"M","?","M","?","M","$","M","AVR","T","R","E","M","NM","M","R","B",null],"character_chosen":"DEFECT","items_purchased":["Cold Snap","Replay:Ringing Soul","hubris:ToyBattleship"],"campfire_rested":1,"item_purchase_floors":[10,29,40],"current_hp_per_floor":[69,55,50,50,50,50,16,16,16,16,38,35,35,28,50,47,75,75,75,1,1,1,1,1,1,1,1,1,1,1,1,1,1,1,1,1,1,1,1,1,1,1,1,1,1,1,1,1,1,1],"gold":154,"neow_bonus":"","is_daily":false,"chose_seed":false,"campfire_upgraded":6,"win_rate":0.0,"timestamp":1611976733,"path_taken":["M","M","M","$","?","R","E","?","T","$","?","M","?","M","R","BOSS","M","M","?","M","M","R","M","R","T","M","?","?","M","E","R","BOSS","M","?","?","?","M","$","M","AVR","T","R","E","M","NM","M","R","BOSS"],"items_purchased_type":["Card","Relic","Relic"],"build_version":"2020-12-22","purchased_purges":4,"victory":true,"max_hp_per_floor":[75,75,75,75,75,75,75,75,75,75,75,75,75,75,75,75,75,75,75,1,1,1,1,1,1,1,1,1,1,1,1,1,1,1,1,1,1,1,1,1,1,1,1,1,1,1,1,1,1,1],"card_choices":[{"not_picked":["Stack","Barrage","Leap"],"picked":"SKIP","floor":1},{"not_picked":["White Noise","Melter"],"picked":"Hologram","floor":2},{"not_picked":["Ball Lightning","Thunder Strike","Undo"],"picked":"SKIP","floor":3},{"not_picked":["Steam","FIFO Queue"],"picked":"Chill","floor":7},{"not_picked":["Compile Driver","Gash"],"picked":"Conserve Battery","floor":8},{"not_picked":["BasicCrystalCard","ReplayTheSpireMod:Reroute Power"],"picked":"Static Discharge","floor":8},{"not_picked":["Fusion","Sweeping Beam","Aggregate"],"picked":"SKIP","floor":12},{"not_picked":["Barrage","Darkness"],"picked":"Panic Button","floor":14},{"not_picked":["Cold Snap","Steam","Rebound"],"picked":"SKIP","floor":18},{"not_picked":["Coolheaded+1","Compile Driver+1"],"picked":"Hologram","floor":19},{"not_picked":["Turbo","Double Energy","Leap+1"],"picked":"SKIP","floor":21},{"not_picked":["BootSequence+1","conspire:SharedLibrary"],"picked":"Conserve Battery+1","floor":22},{"not_picked":["Redo","Rebound+1"],"picked":"Creative AI","floor":24},{"not_picked":["BasicCrystalCard+1","Doom and Gloom","Compile Driver"],"picked":"SKIP","floor":27},{"not_picked":["Panic Button+1","Beam Cell"],"picked":"Redo+1","floor":30},{"not_picked":["Skim","ReplayTheSpireMod:GoodbyeWorld"],"picked":"Coolheaded+1","floor":31},{"not_picked":["Buffer","Hyperbeam"],"picked":"Mirror Shield","floor":33},{"not_picked":["Ball Lightning+1","Streamline"],"picked":"Turbo+1","floor":35},{"not_picked":["Skim","Compile Driver+1","Barrage"],"picked":"SKIP","floor":35},{"not_picked":["Ball Lightning","Panic Button"],"picked":"Capacitor+1","floor":37},{"not_picked":["BasicCrystalCard","Skim"],"picked":"conspire:SharedLibrary+1","floor":37},{"not_picked":["ReplayTheSpireMod:System Scan+1","Undo"],"picked":"ReplayTheSpireMod:Dual Polarity","floor":39},{"not_picked":["Thunder Strike","Steam","Leap"],"picked":"SKIP","floor":39},{"not_picked":["Static Discharge","Heatsinks"],"picked":"Steam Power+1","floor":41},{"not_picked":["Beam Cell","Go for the Eyes"],"picked":"Panic Button+1","floor":41},{"not_picked":["Turbo","Leap+1","Hello World"],"picked":"SKIP","floor":45},{"not_picked":["FIFO Queue","Gash"],"picked":"Recycle+1","floor":46},{"not_picked":["Gash+1","Hello World+1"],"picked":"Mirror Shield","floor":46},{"not_picked":["Static Discharge","BasicCrystalCard","Barrage+1"],"picked":"SKIP","floor":47},{"not_picked":["Multi-Cast","Go for the Eyes"],"picked":"Double Energy","floor":48},{"not_picked":["Streamline+1","Conserve Battery+1","Leap"],"picked":"SKIP","floor":48}],"player_experience":402615,"relics_obtained":[{"floor":7,"key":"Bronze Scales"},{"floor":9,"key":"Matryoshka"},{"floor":26,"key":"hubris:TenFootPole"},{"floor":26,"key":"InkBottle"},{"floor":31,"key":"Prayer Wheel"},{"floor":43,"key":"Centennial Puzzle"},{"floor":43,"key":"The Courier"},{"floor":45,"key":"Replay:Bottled Eggs"},{"floor":47,"key":"Runesmith:AutoHammer"}],"event_choices":[{"cards_removed":["Strike_B"],"damage_healed":0,"gold_gain":0,"player_choice":"Card Removal","damage_taken":0,"max_hp_gain":0,"max_hp_loss":0,"event_name":"The Cleric","floor":5,"gold_loss":50},{"damage_healed":0,"gold_gain":0,"player_choice":"Ignored","damage_taken":0,"max_hp_gain":0,"max_hp_loss":0,"event_name":"The Mausoleum","floor":28,"gold_loss":0},{"damage_healed":0,"gold_gain":0,"player_choice":"Got Potions","damage_taken":0,"max_hp_gain":0,"max_hp_loss":0,"event_name":"Lab","floor":36,"gold_loss":0},{"damage_healed":0,"gold_gain":0,"player_choice":"Copied","damage_taken":0,"max_hp_gain":0,"max_hp_loss":0,"event_name":"Duplicator","floor":38,"gold_loss":0,"cards_obtained":["Defragment"]}],"is_beta":false,"boss_relics":[{"not_picked":["infinitespire:Cupcake","aspiration:RitualDagger"],"picked":"FrozenCore"},{"not_picked":["Runic Pyramid","Velvet Choker"],"picked":"hubris:TerracottaHorce"}],"items_purged_floors":[4,10,40,42],"is_endless":false,"potions_floor_spawned":[3,14,21,22,27,33,37,46,48],"ascension_level":0}}