{"host":"1p8eqzpvl5sxeu5t","time":1611972831,"event":{"mods":["BaseMod","Bestiary","Block Reminder","Colored Map","Colored Powertips","Curses Come First","Downfall","Highlight Path","Minty Spire (QoL Compilation)","Relic Stats","StSLib","The IronCluck","Waifu the Spire","everything is the same but u backflip on backflip","slay the spire mod where everything is the same but ironclad has a cowboy hat"],"gold_per_floor":[99,110,129,229,239,239,266,284,301,301,301,332,350,382,399,399,399,399],"floor_reached":16,"language":"ENG","playtime":851,"items_purged":[],"score":137,"play_id":"b1d497d7-188e-4084-a5f0-2f72436534f9","local_time":"20210130101351","is_ascension_mode":true,"campfire_choices":[{"data":"champ:Taunt","floor":1,"key":"SMITH"},{"data":"champ:EnchantSword","floor":11,"key":"SMITH"}],"circlet_count":0,"master_deck":["champ:Strike","champ:Strike","champ:Strike+1","champ:Strike","champ:Defend","champ:Defend","champ:Defend+1","champ:Defend","champ:Execute","champ:Taunt+1","Dark Shackles+1","champ:EnGarde","champ:BringItOn","downfall:Malfunctioning","champ:EnchantSword+1","champ:DefensiveShout+1","champ:ShieldSigil","champ:FanOfKnives","champ:GutPunch"],"relics":["champ:ChampionCrown","Ancient Tea Set","hexamod:CandleOfCauterizing","Pear"],"acts_visited":["Exordium"],"potions_floor_usage":[15,16,16,16],"damage_taken":[{"damage":23,"enemies":"Jaw Worm","floor":2,"turns":3},{"damage":10,"enemies":"Small Slimes","floor":3,"turns":4},{"damage":11,"enemies":"2 Louse","floor":5,"turns":2},{"damage":65,"enemies":"Exordium Thugs","floor":8,"turns":7},{"damage":18,"enemies":"Blue Slaver","floor":9,"turns":5},{"damage":34,"enemies":"Lagavulin","floor":12,"turns":10},{"damage":10,"enemies":"2 Fungi Beasts","floor":13,"turns":4},{"damage":28,"enemies":"Gremlin Nob","floor":14,"turns":5},{"damage":18,"enemies":"Exordium Thugs","floor":15,"turns":5},{"damage":96,"enemies":"WA_ARCHETYPE_RETAIN","floor":16,"turns":7}],"seed_played":"2716843779543100101","potions_obtained":[{"floor":5,"key":"Explosive Potion"},{"floor":9,"key":"Explosive Potion"},{"floor":12,"key":"Fire Potion"},{"floor":15,"key":"Dexterity Potion"}],"is_trial":false,"path_per_floor":["R","M","M","?","M","?","T","M","M","?","R","E","M","E","M","B"],"character_chosen":"THE_CHAMP","items_purchased":[],"campfire_rested":0,"item_purchase_floors":[],"current_hp_per_floor":[90,87,87,87,86,86,86,51,43,43,43,34,34,26,23,0,0,0],"gold":399,"neow_bonus":"RANDOM_COLORLESS","is_daily":false,"chose_seed":false,"campfire_upgraded":2,"win_rate":0.0,"timestamp":1611972831,"path_taken":["R","M","M","?","M","?","T","M","M","?","R","E","M","E","M","BOSS"],"items_purchased_type":[],"build_version":"2020-12-22","purchased_purges":0,"victory":false,"max_hp_per_floor":[90,90,90,90,90,90,90,90,90,90,90,90,90,100,100,100,100,100],"relic_stats":{"counters":[10,52],"obtain_stats":[{"hexamod:CandleOfCauterizing":12,"Pear":14,"champ:ChampionCrown":0,"Ancient Tea Set":7},{"hexamod:CandleOfCauterizing":6,"Pear":8,"champ:ChampionCrown":0,"Ancient Tea Set":3},{"hexamod:CandleOfCauterizing":31,"Pear":40,"champ:ChampionCrown":0,"Ancient Tea Set":9}]},"card_choices":[{"not_picked":["Trip","Panacea"],"picked":"Dark Shackles","floor":0},{"not_picked":["champ:ViciousMockery","champ:BladeFlurry"],"picked":"champ:EnGarde","floor":2},{"not_picked":["champ:CalledShot","champ:GutPunch"],"picked":"champ:BringItOn","floor":3},{"not_picked":["champ:StanceDance","champ:EnGarde","champ:Parry"],"picked":"SKIP","floor":5},{"not_picked":["champ:ViciousMockery","champ:CrownThrow"],"picked":"champ:EnchantSword","floor":8},{"not_picked":["champ:RapidStrikes","champ:SetATrap"],"picked":"champ:DefensiveShout","floor":9},{"not_picked":["champ:StanceDance","champ:GutPunch"],"picked":"champ:ShieldSigil","floor":12},{"not_picked":["champ:Backstep","champ:EndlessRage","champ:BladeFlurry"],"picked":"SKIP","floor":13},{"not_picked":["champ:StrikeOfGenius","champ:Encircle"],"picked":"champ:FanOfKnives","floor":14},{"not_picked":["champ:Circumvent","champ:CrownThrow"],"picked":"champ:GutPunch","floor":15}],"player_experience":872187,"relics_obtained":[{"floor":7,"key":"Ancient Tea Set"},{"floor":12,"key":"hexamod:CandleOfCauterizing"},{"floor":14,"key":"Pear"}],"event_choices":[],"is_beta":false,"boss_relics":[],"items_purged_floors":[],"is_endless":false,"potions_floor_spawned":[5,9,12,15],"killed_by":"WA_ARCHETYPE_RETAIN","ascension_level":4}}