{"host":"c97twqu0op5dg8i4","time":1611965761,"event":{"mods":["AchievementEnabler","BaseMod","Colored Map","Minty Spire (QoL Compilation)","Permanent Neow"],"gold_per_floor":[111,129,129,49,65,65,99,127,165,204,216,228,240,266,304,316,430,442,469,481,505,432,444,456,483,495,495],"floor_reached":26,"language":"ENG","playtime":1043,"items_purged":[],"score":386,"play_id":"28f7145f-48f2-420e-be9e-b777192b0022","local_time":"20210129191601","is_ascension_mode":true,"campfire_choices":[{"data":"Barricade","floor":6,"key":"SMITH"},{"data":"Entrench","floor":11,"key":"SMITH"},{"floor":13,"key":"REST"},{"data":"Armaments","floor":16,"key":"SMITH"},{"data":"True Grit","floor":24,"key":"SMITH"}],"circlet_count":0,"master_deck":["Strike_R","Strike_R","Defend_R","Defend_R","Defend_R","Defend_R","Bash","Barricade+1","Clothesline","Entrench+1","Ghostly Armor","True Grit+1","Iron Wave","Inflame","Armaments+1","Demon Form","Body Slam","Cleave"],"relics":["Burning Blood","MawBank","Strawberry","Potion Belt","Oddly Smooth Stone","Empty Cage","StrikeDummy"],"acts_visited":["Exordium","TheCity"],"potions_floor_usage":[8,15],"damage_taken":[{"damage":3,"enemies":"2 Louse","floor":1,"turns":3},{"damage":7,"enemies":"Small Slimes","floor":2,"turns":3},{"damage":2,"enemies":"Cultist","floor":5,"turns":4},{"damage":59,"enemies":"Gremlin Nob","floor":7,"turns":6},{"damage":12,"enemies":"3 Louse","floor":8,"turns":7},{"damage":12,"enemies":"Large Slime","floor":14,"turns":6},{"damage":20,"enemies":"3 Sentries","floor":15,"turns":12},{"damage":0,"enemies":"Slime Boss","floor":17,"turns":26},{"damage":25,"enemies":"Spheric Guardian","floor":19,"turns":20},{"damage":38,"enemies":"Chosen","floor":21,"turns":13},{"damage":24,"enemies":"Snecko","floor":25,"turns":7},{"damage":0,"enemies":"Gremlin Leader","floor":26,"turns":1}],"seed_played":"-7680134907863995038","potions_obtained":[{"floor":5,"key":"SpeedPotion"},{"floor":8,"key":"Fruit Juice"},{"floor":14,"key":"AttackPotion"},{"floor":15,"key":"Energy Potion"},{"floor":21,"key":"Strength Potion"}],"is_trial":false,"path_per_floor":["M","M","?","$","M","R","E","M","T","T","R","?","R","M","E","R","B",null,"M","?","M","?","?","R","M","E"],"character_chosen":"IRONCLAD","items_purchased":["Ghostly Armor"],"campfire_rested":1,"item_purchase_floors":[4],"current_hp_per_floor":[75,74,74,74,78,78,25,24,31,31,31,31,58,52,38,38,44,80,61,61,29,29,29,29,11,11,11],"gold":495,"neow_bonus":"ONE_RANDOM_RARE_CARD","is_daily":false,"chose_seed":false,"campfire_upgraded":4,"win_rate":0.0,"timestamp":1611965761,"path_taken":["M","M","?","$","M","R","E","M","T","T","R","?","R","M","E","R","BOSS","M","?","?","?","?","R","?","E"],"items_purchased_type":["Card"],"build_version":"2020-12-22","purchased_purges":0,"victory":false,"max_hp_per_floor":[80,80,80,80,80,80,80,85,92,92,92,92,92,92,92,92,92,92,92,92,92,92,92,92,92,92,92],"card_choices":[{"not_picked":["Pommel Strike","Spot Weakness"],"picked":"Clothesline","floor":1},{"not_picked":["Thunderclap","Sword Boomerang"],"picked":"Entrench","floor":2},{"not_picked":["Bludgeon","Twin Strike"],"picked":"True Grit","floor":5},{"not_picked":["Clothesline","Intimidate"],"picked":"Iron Wave","floor":7},{"not_picked":["Sentinel","Inflame","Havoc"],"picked":"SKIP","floor":8},{"not_picked":["Twin Strike","Clothesline"],"picked":"Inflame","floor":14},{"not_picked":["Heavy Blade","Pommel Strike"],"picked":"Armaments","floor":15},{"not_picked":["Reaper","Feed"],"picked":"Demon Form","floor":17},{"not_picked":["Heavy Blade+1","Rupture"],"picked":"Body Slam","floor":19},{"not_picked":["Perfected Strike","Dark Embrace"],"picked":"Cleave","floor":21},{"not_picked":["Cleave+1","Clash","Wild Strike"],"picked":"SKIP","floor":25}],"player_experience":327493,"relics_obtained":[{"floor":7,"key":"MawBank"},{"floor":9,"key":"Strawberry"},{"floor":10,"key":"Potion Belt"},{"floor":15,"key":"Oddly Smooth Stone"}],"event_choices":[{"damage_healed":0,"gold_gain":0,"player_choice":"Leave","damage_taken":0,"max_hp_gain":0,"max_hp_loss":0,"event_name":"The Cleric","floor":3,"gold_loss":0},{"damage_healed":0,"gold_gain":0,"player_choice":"Ignored","damage_taken":0,"max_hp_gain":0,"max_hp_loss":0,"event_name":"Golden Idol","floor":12,"gold_loss":0},{"damage_healed":0,"gold_gain":0,"player_choice":"0 cards matched","damage_taken":0,"max_hp_gain":0,"max_hp_loss":0,"event_name":"Match and Keep!","floor":20,"gold_loss":0,"cards_obtained":[]},{"damage_healed":0,"gold_gain":0,"player_choice":"Obtained Relic","damage_taken":0,"relics_obtained":["StrikeDummy"],"max_hp_gain":0,"max_hp_loss":0,"event_name":"Addict","floor":22,"gold_loss":85},{"cards_removed":["Strike_R"],"damage_healed":0,"gold_gain":0,"player_choice":"Purged","damage_taken":0,"max_hp_gain":0,"max_hp_loss":0,"event_name":"Purifier","floor":23,"gold_loss":0}],"is_beta":false,"boss_relics":[{"not_picked":["Black Blood","Velvet Choker"],"picked":"Empty Cage"}],"items_purged_floors":[],"is_endless":false,"potions_floor_spawned":[5,8,14,15,21],"killed_by":"Gremlin Leader","ascension_level":9}}