{"host":"rq7gz685gkaokql0","time":1611978003,"event":{"mods":["BaseMod","Hubris","Minty Spire (QoL Compilation)","Replay The Spire","StSLib"],"gold_per_floor":[112,112,62,77,77,105,168,202,229,229,263,263,263,280,280,355,355,374,40,53,68,68,195,195,225,225,140,157,157,157],"floor_reached":29,"language":"ENG","playtime":1701,"items_purged":[],"score":558,"play_id":"860a19cb-9cba-439b-97e7-d29a80baf093","local_time":"20210129174003","is_ascension_mode":true,"campfire_choices":[{"floor":10.0,"key":"REST"},{"data":"Immolate","floor":12.0,"key":"SMITH"},{"floor":15.0,"key":"DIG"},{"data":"infinitespire:Collect","floor":24.0,"key":"SMITH"}],"circlet_count":1,"master_deck":["AscendersBane","Strike_R","Strike_R","Strike_R","Defend_R","Defend_R","Defend_R","Defend_R","Bash","Immolate+1","Cleave","Cleave","Bloodletting","Shockwave","Perfected Strike","Power Through","Pummel","Double Tap","ReplayTheSpireMod:Limb From Limb+1","Dual Wield+1","Shockwave+1","ReplayTheSpireMod:Muscle Training","Thunderclap","Armaments","Madness+1","Anger","True Grit+1","Rage"],"relics":["Burning Blood","hubris:Icosahedron","hubris:Towel","ReplayTheSpireMod:Spearhead","Dream Catcher","hubris:TenFootPole","Anchor","PreservedInsect","Toy Ornithopter","Astrolabe","Vajra","Circlet","Orichalcum","Bronze Scales","Potion Belt","Shuriken"],"acts_visited":["Exordium","TheCity"],"potions_floor_usage":[28,29,29],"damage_taken":[{"damage":3.0,"enemies":"Small Slimes","floor":1.0,"turns":3.0},{"damage":0.0,"enemies":"2 Louse","floor":4.0,"turns":1.0},{"damage":12.0,"enemies":"Gremlin Nob","floor":6.0,"turns":3.0},{"damage":34.0,"enemies":"3 Sentries","floor":8.0,"turns":3.0},{"damage":11.0,"enemies":"Gremlin Nob","floor":11.0,"turns":3.0},{"damage":0.0,"enemies":"Cultist","floor":14.0,"turns":2.0},{"damage":22.0,"enemies":"Slime Boss","floor":16.0,"turns":10.0},{"damage":47.0,"enemies":"Spheric Guardian","floor":18.0,"turns":5.0},{"damage":7.0,"enemies":"Chosen","floor":20.0,"turns":4.0},{"damage":14.0,"enemies":"Snecko","floor":21.0,"turns":3.0},{"damage":15.0,"enemies":"Slavers","floor":23.0,"turns":3.0},{"damage":24.0,"enemies":"Book of Stabbing","floor":25.0,"turns":4.0},{"damage":5,"enemies":"3 Cultists","floor":28,"turns":4},{"damage":29,"enemies":"Slavers","floor":29,"turns":2}],"seed_played":"-959102384664022225","potions_obtained":[{"floor":4.0,"key":"Adrenaline Potion"},{"floor":6.0,"key":"ElixirPotion"},{"floor":14.0,"key":"BloodPotion"},{"floor":25.0,"key":"FearPotion"},{"floor":28,"key":"Ancient Potion"}],"is_trial":false,"path_per_floor":["M","?","$","M","?","E","?","E","T","R","E","R","T","M","R","B",null,"M","$","M","M","AVR","E","R","E","T","?","M","E"],"character_chosen":"IRONCLAD","items_purchased":["Cleave","Vajra","infinitespire:PuzzleCube"],"campfire_rested":1,"item_purchase_floors":[3,19,19],"current_hp_per_floor":[71,71,71,75,75,69,69,41,41,63,58,58,58,64,64,48,68,27,27,26,18,18,29,29,11,11,11,17,0,0],"gold":157,"neow_bonus":"ONE_RANDOM_RARE_CARD","is_daily":false,"chose_seed":false,"campfire_upgraded":2,"win_rate":0.0,"timestamp":1611978003,"path_taken":["M","?","$","M","?","E","?","E","T","R","E","R","?","?","R","BOSS","M","$","M","M","AVR","E","R","E","T","?","M","E"],"items_purchased_type":["Card","Relic","Undefined"],"build_version":"2020-12-22","purchased_purges":0,"victory":false,"max_hp_per_floor":[75,75,75,75,75,75,75,75,75,75,75,75,75,75,75,75,75,75,75,75,75,75,75,75,75,75,75,75,75,75],"card_choices":[{"not_picked":["Wild Strike","Shockwave"],"picked":"Cleave","floor":1.0},{"not_picked":["Havoc","Body Slam"],"picked":"Bloodletting","floor":4.0},{"not_picked":["Wild Strike","Flex"],"picked":"Shockwave","floor":6.0},{"not_picked":["Iron Wave","hubris:SharpeningStone"],"picked":"Perfected Strike","floor":8.0},{"not_picked":["Dark Embrace","Sever Soul"],"picked":"Heavy Blade","floor":10.0},{"not_picked":["Clash","Clothesline"],"picked":"Power Through","floor":11.0},{"not_picked":["hubris:ReadiedAction","Body Slam"],"picked":"Pummel","floor":14.0},{"not_picked":["Hemogenesis","Immolate"],"picked":"Double Tap","floor":16.0},{"not_picked":["ReplayTheSpireMod:Limb From Limb","Heavy Blade"],"picked":"ReplayTheSpireMod:Muscle Training","floor":18.0},{"not_picked":["Massacre+1","Offering"],"picked":"Thunderclap","floor":20.0},{"not_picked":["Warcry","Replay:Undeath\u0027s Touch"],"picked":"Armaments","floor":21.0},{"not_picked":["Massacre","Warcry"],"picked":"Anger","floor":23.0},{"not_picked":["Havoc+1","Shrug It Off"],"picked":"True Grit+1","floor":25.0},{"not_picked":["Pommel Strike","Shrug It Off"],"picked":"Rage","floor":28}],"player_experience":1219259,"relics_obtained":[{"floor":6.0,"key":"ReplayTheSpireMod:Spearhead"},{"floor":8.0,"key":"Dream Catcher"},{"floor":9.0,"key":"hubris:TenFootPole"},{"floor":11.0,"key":"Anchor"},{"floor":13.0,"key":"PreservedInsect"},{"floor":15.0,"key":"Toy Ornithopter"},{"floor":23.0,"key":"Orichalcum"},{"floor":25.0,"key":"Bronze Scales"},{"floor":26.0,"key":"Potion Belt"}],"event_choices":[{"damage_healed":0.0,"max_hp_gain":0.0,"max_hp_loss":0.0,"gold_gain":63.0,"event_name":"Golden Wing","player_choice":"Gained Gold","floor":7.0,"gold_loss":0.0,"damage_taken":0.0},{"damage_healed":0.0,"max_hp_gain":0.0,"max_hp_loss":0.0,"gold_gain":0.0,"event_name":"Addict","player_choice":"Obtained Relic","floor":27.0,"gold_loss":85.0,"damage_taken":0.0,"relics_obtained":["Shuriken"]}],"is_beta":false,"boss_relics":[{"not_picked":["Replay:Drink Me","Sozu"],"picked":"Astrolabe"}],"items_purged_floors":[],"is_endless":false,"potions_floor_spawned":[4,6,14,25,28],"killed_by":"Slavers","ascension_level":20}}