{"host":"xv6tnu9e6lzjd13s","time":1611991415,"event":{"mods":["BaseMod","Colored Powertips","Downfall","Googly Eyes","Hermit","Minty Spire (QoL Compilation)","StSLib","The Animator","The Cursed","The Servant 0.9.4"],"gold_per_floor":[111,111,124,124,45,45,88,88,88,112,112,135,148,148,148,268,268,291,291,291,305,319,319,344,344,392,416,33,33,54,78,78,199,199,212,226,226,226,226],"floor_reached":38,"language":"ENG","playtime":2222,"items_purged":[],"score":428,"play_id":"3443b865-6a88-4fb1-96b6-778a02a18a37","local_time":"20210130002335","is_ascension_mode":false,"campfire_choices":[{"data":"TheCursedMod:CleanUpWorkshop","floor":6,"key":"SMITH"},{"data":"TheCursedMod:Hemoplague","floor":11,"key":"SMITH"},{"floor":15,"key":"REST"},{"data":"TheCursedMod:ForbiddenAlchemy","floor":23,"key":"SMITH"},{"data":"TheCursedMod:CursedWand","floor":25,"key":"SMITH"},{"data":"TheCursedMod:ReleasedKnowledge","floor":29,"key":"SMITH"},{"data":"TheCursedMod:CursedRelics","floor":32,"key":"SMITH"}],"circlet_count":0,"master_deck":["TheCursedMod:Defend_TheCursed+1","TheCursedMod:Defend_TheCursed","TheCursedMod:Defend_TheCursed","TheCursedMod:Defend_TheCursed","TheCursedMod:CursedWand+1","TheCursedMod:CleanUpWorkshop+1","TheCursedMod:Dregs","TheCursedMod:Wield","TheCursedMod:SpitefulStrike","Injury","TheCursedMod:HellfireBreathing+1","TheCursedMod:FleshFromBone","TheCursedMod:Hemoplague+1","TheCursedMod:SurpriseAttack","TheCursedMod:CursedAmulet","TheCursedMod:ForbiddenAlchemy+1","TheCursedMod:CursedShiv","Bite","Bite","Bite","Bite","Bite","TheCursedMod:SpitefulStrike+1","TheCursedMod:CursedSpellbook","TheCursedMod:CursedRelics+1","TheCursedMod:ReleasedKnowledge+1","TheCursedMod:CursedBoomerang","TheCursedMod:HellfireBreathing","Master of Strategy","TheCursedMod:Torture+1","TheCursedMod:CircleOfFlame","TheCursedMod:CircleOfCorruption","TheCursedMod:ReleasedStrength","TheCursedMod:TroublousMinions"],"relics":["TheCursedMod:BlackMagicAdvanced","NeowsBlessing","Bag of Preparation","Golden Idol","Ancient Tea Set","Anchor","Pen Nib","bronze:MakeshiftBattery"],"acts_visited":["Exordium","TheCity","TheBeyond"],"potions_floor_usage":[16,18,18,21,22,22,22,22,33,33,33,33,33,33,33,38,38,38,38,38,38],"damage_taken":[{"damage":0,"enemies":"Small Slimes","floor":1,"turns":1},{"damage":0,"enemies":"Cultist","floor":3,"turns":1},{"damage":0,"enemies":"Gremlin Nob","floor":7,"turns":1},{"damage":0,"enemies":"Jaw Worm","floor":10,"turns":2},{"damage":1,"enemies":"2 Fungi Beasts","floor":12,"turns":3},{"damage":0,"enemies":"3 Louse","floor":13,"turns":3},{"damage":4,"enemies":"The Guardian","floor":16,"turns":10},{"damage":15,"enemies":"Shell Parasite","floor":18,"turns":7},{"damage":8,"enemies":"Spheric Guardian","floor":21,"turns":4},{"damage":1,"enemies":"Snake Plant","floor":22,"turns":4},{"damage":9,"enemies":"Snecko","floor":24,"turns":4},{"damage":8,"enemies":"Sentry and Sphere","floor":27,"turns":4},{"damage":2,"enemies":"Snake Plant","floor":30,"turns":3},{"damage":0,"enemies":"Snecko","floor":31,"turns":3},{"damage":67,"enemies":"Collector","floor":33,"turns":7},{"damage":0,"enemies":"3 Shapes","floor":35,"turns":3},{"damage":50,"enemies":"3 Darklings","floor":36,"turns":4},{"damage":12,"enemies":"Spire Growth","floor":38,"turns":2}],"seed_played":"409786095099674987","potions_obtained":[{"floor":1,"key":"SteroidPotion"},{"floor":12,"key":"Guardian:BlockOnCardUsePotion"},{"floor":20,"key":"FairyPotion"},{"floor":20,"key":"Strength Potion"},{"floor":20,"key":"BlessingOfTheForge"},{"floor":33,"key":"LiquidBronze"},{"floor":36,"key":"champ:CounterPotion"}],"is_trial":false,"path_per_floor":["M","?","M","?","$","R","E","?","T","M","R","M","M","?","R","B",null,"M","?","?","M","M","R","M","R","T","M","$","R","M","M","R","B",null,"M","M","?","M"],"character_chosen":"THE_CURSED","items_purchased":["TheCursedMod:HellfireBreathing","TheCursedMod:ReleasedKnowledge","TheCursedMod:CursedBoomerang","TheCursedMod:HellfireBreathing","Master of Strategy"],"campfire_rested":1,"item_purchase_floors":[5,28,28,28,28],"current_hp_per_floor":[75,75,75,75,75,75,75,60,60,60,60,59,59,59,75,71,75,60,52,52,49,52,52,47,47,47,50,50,50,50,52,52,12,52,52,4,4,0,0],"gold":226,"neow_bonus":"THREE_ENEMY_KILL","is_daily":false,"chose_seed":false,"campfire_upgraded":6,"win_rate":0.0,"timestamp":1611991415,"path_taken":["M","?","?","?","$","R","E","?","T","M","R","M","M","?","R","BOSS","M","?","?","?","M","R","M","R","T","M","?","R","M","M","R","BOSS","M","M","?","?"],"items_purchased_type":["Card","Card","Card","Card","Card"],"build_version":"2020-12-22","purchased_purges":0,"victory":false,"max_hp_per_floor":[75,75,75,75,75,75,75,75,75,75,75,75,75,75,75,75,75,75,52,52,52,52,52,52,52,52,52,52,52,52,52,52,52,52,52,52,52,52,52],"card_choices":[{"not_picked":["TheCursedMod:Torture","TheCursedMod:Stigma"],"picked":"TheCursedMod:Wield","floor":1},{"not_picked":["TheCursedMod:LuckyCharm","TheCursedMod:Mangle"],"picked":"TheCursedMod:SpitefulStrike","floor":3},{"not_picked":["TheCursedMod:BlessingInDisguise","TheCursedMod:CursedMace"],"picked":"TheCursedMod:FleshFromBone","floor":7},{"not_picked":["TheCursedMod:CircleOfFlame","TheCursedMod:SpitefulStrike"],"picked":"TheCursedMod:Hemoplague","floor":10},{"not_picked":["TheCursedMod:CircleOfFlame","TheCursedMod:CircleOfWindfury"],"picked":"TheCursedMod:SurpriseAttack","floor":12},{"not_picked":["TheCursedMod:AbyssShockwave","TheCursedMod:WearCloak"],"picked":"TheCursedMod:CursedAmulet","floor":13},{"not_picked":["TheCursedMod:CursedRelics","TheCursedMod:ParallelWorld"],"picked":"TheCursedMod:ForbiddenAlchemy","floor":16},{"not_picked":["TheCursedMod:CursedArmor","TheCursedMod:VitalStrike"],"picked":"TheCursedMod:CursedShiv","floor":18},{"not_picked":["TheCursedMod:VitalStrike","TheCursedMod:Stigma"],"picked":"TheCursedMod:SpitefulStrike+1","floor":21},{"not_picked":["TheCursedMod:AbyssShockwave","TheCursedMod:Obscuration+1","TheCursedMod:FleshFromBone"],"picked":"SKIP","floor":22},{"not_picked":["TheCursedMod:SoulReap","TheCursedMod:SpreadPlague"],"picked":"TheCursedMod:CursedSpellbook","floor":24},{"not_picked":["TheCursedMod:CursedArmor","TheCursedMod:RavingStaff+1"],"picked":"TheCursedMod:CursedRelics","floor":27},{"not_picked":["TheCursedMod:CursedAmulet","TheCursedMod:FleshFromBone"],"picked":"TheCursedMod:Torture+1","floor":30},{"not_picked":["TheCursedMod:Wield","TheCursedMod:TacticalStrike"],"picked":"TheCursedMod:CircleOfFlame","floor":31},{"not_picked":["TheCursedMod:UltimatePain","TheCursedMod:AntiAging"],"picked":"TheCursedMod:StunningStrike","floor":33},{"not_picked":["TheCursedMod:SmokeScreen+1","TheCursedMod:RapidMovement+1"],"picked":"TheCursedMod:CircleOfCorruption","floor":35},{"not_picked":["TheCursedMod:WearCloak+1","TheCursedMod:RapidMovement+1"],"picked":"TheCursedMod:ReleasedStrength","floor":36}],"player_experience":90441,"relics_obtained":[{"floor":2,"key":"Bag of Preparation"},{"floor":7,"key":"Ancient Tea Set"},{"floor":9,"key":"Anchor"},{"floor":26,"key":"Pen Nib"}],"event_choices":[{"damage_healed":0,"gold_gain":0,"player_choice":"Relic","damage_taken":0,"max_hp_gain":0,"max_hp_loss":0,"event_name":"Wheel of Change","floor":2,"gold_loss":0},{"damage_healed":0,"gold_gain":0,"player_choice":"Take Wound","damage_taken":0,"relics_obtained":["Golden Idol"],"max_hp_gain":0,"max_hp_loss":0,"event_name":"Golden Idol","floor":4,"gold_loss":0,"cards_obtained":["Injury"]},{"damage_healed":0,"gold_gain":0,"player_choice":"Entered Light","damage_taken":15,"max_hp_gain":0,"max_hp_loss":0,"event_name":"Shining Light","floor":8,"gold_loss":0,"cards_upgraded":["TheCursedMod:Strike_TheCursed","TheCursedMod:Defend_TheCursed"]},{"damage_healed":0,"gold_gain":0,"player_choice":"Grow","damage_taken":0,"max_hp_gain":0,"max_hp_loss":0,"event_name":"Living Wall","floor":14,"gold_loss":0,"cards_upgraded":["TheCursedMod:HellfireBreathing"]},{"damage_healed":0,"gold_gain":0,"player_choice":"Became a vampire","damage_taken":0,"max_hp_gain":0,"max_hp_loss":23,"event_name":"Vampires","floor":19,"gold_loss":0,"cards_obtained":["Bite","Bite","Bite","Bite","Bite"]},{"damage_healed":0,"gold_gain":0,"player_choice":"Got Potions","damage_taken":0,"max_hp_gain":0,"max_hp_loss":0,"event_name":"Lab","floor":20,"gold_loss":0},{"damage_healed":0,"gold_gain":0,"cards_transformed":["TheCursedMod:StunningStrike"],"player_choice":"Transformed","damage_taken":0,"max_hp_gain":0,"max_hp_loss":0,"event_name":"Transmorgrifier","floor":37,"gold_loss":0,"cards_obtained":["TheCursedMod:TroublousMinions"]}],"is_beta":false,"boss_relics":[{"not_picked":["SacredBark","Astrolabe"],"picked":"TheCursedMod:BlackMagicAdvanced"},{"not_picked":["Philosopher\u0027s Stone","Snecko Eye"],"picked":"bronze:MakeshiftBattery"}],"items_purged_floors":[],"is_endless":false,"potions_floor_spawned":[1,12,27,30,31,33,36],"killed_by":"Spire Growth","ascension_level":0}}