{"host":"sc0o2qwpf9j16a4i","time":1611994281,"event":{"mods":["AchievementEnabler","BaseMod","BetterRewards","Block Reminder","Colored Map","Colored Powertips","Custom Start","Highlight Path","Minty Spire (QoL Compilation)","Relic Stats"],"gold_per_floor":[112,287,46,64,64,97,97,118,142,175,193,193,224,260,260,390,390,403,403,403,403,403,403,441,47,115,155,155,194,24,24,24,149,149,167,167,183,203,203,203,222,222,222,266,266,266,300,615,615,615],"floor_reached":51,"language":"ENG","playtime":1530,"items_purged":[],"score":1125,"play_id":"ff02766d-5435-4213-91eb-e1c362f14853","local_time":"20210130101121","daily_mods":["Allstar","Vintage","Binary"],"is_ascension_mode":false,"campfire_choices":[{"data":"Discovery","floor":7,"key":"SMITH"},{"floor":15,"key":"REST"},{"data":"Adrenaline","floor":23,"key":"SMITH"},{"data":"Infinite Blades","floor":32,"key":"SMITH"},{"data":"A Thousand Cuts","floor":40,"key":"SMITH"},{"data":"Calculated Gamble","floor":42,"key":"SMITH"},{"data":"Calculated Gamble","floor":49,"key":"SMITH"}],"circlet_count":0,"master_deck":["Strike_G+1","Strike_G+1","Defend_G+1","Defend_G+1","Defend_G+1","Defend_G+1","Survivor","Neutralize","Panache+1","Metamorphosis","Jack Of All Trades","Jack Of All Trades","Discovery+1","Escape Plan","Dagger Throw","Dodge and Roll","Outmaneuver","Adrenaline+1","Heel Hook+1","Blade Dance+1","Phantasmal Killer+1","Necronomicurse","Calculated Gamble+1","Deflect","Panache+1","Calculated Gamble+1","Cloak And Dagger","Infinite Blades+1","Pain","A Thousand Cuts+1","Adrenaline+1","Parasite","Dark Shackles"],"relics":["Ring of the Snake","Omamori","Mummified Hand","WingedGreaves","Golden Idol","Lizard Tail","Akabeko","Bag of Marbles","Juzu Bracelet","Shuriken","Vajra","Odd Mushroom","Astrolabe","CaptainsWheel","Necronomicon","Orichalcum","Ninja Scroll","DollysMirror","Bottled Flame","Calipers","MutagenicStrength","Blue Candle","Membership Card","WarpedTongs","Cursed Key","Letter Opener","Snake Skull","Strawberry","Singing Bowl","Pocketwatch","Pen Nib","StrikeDummy","Old Coin"],"acts_visited":["Exordium","TheCity","TheBeyond"],"potions_floor_usage":[6,16,24,24,29,47,50,50,50],"damage_taken":[{"damage":5,"enemies":"Small Slimes","floor":1,"turns":3},{"damage":2,"enemies":"Jaw Worm","floor":4,"turns":3},{"damage":8,"enemies":"3 Sentries","floor":6,"turns":7},{"damage":0,"enemies":"2 Louse","floor":8,"turns":2},{"damage":16,"enemies":"Gremlin Nob","floor":10,"turns":3},{"damage":2,"enemies":"Blue Slaver","floor":11,"turns":3},{"damage":3,"enemies":"Lagavulin","floor":13,"turns":4},{"damage":0,"enemies":"The Mushroom Lair","floor":14,"turns":3},{"damage":14,"enemies":"The Guardian","floor":16,"turns":7},{"damage":0,"enemies":"Spheric Guardian","floor":18,"turns":3},{"damage":0,"enemies":"Book of Stabbing","floor":24,"turns":3},{"damage":0,"enemies":"Gremlin Leader","floor":27,"turns":3},{"damage":0,"enemies":"Slavers","floor":29,"turns":1},{"damage":1,"enemies":"Automaton","floor":33,"turns":4},{"damage":0,"enemies":"3 Shapes","floor":35,"turns":1},{"damage":1,"enemies":"3 Darklings","floor":37,"turns":3},{"damage":1,"enemies":"4 Shapes","floor":38,"turns":3},{"damage":1,"enemies":"Transient","floor":41,"turns":5},{"damage":1,"enemies":"Giant Head","floor":44,"turns":5},{"damage":1,"enemies":"Reptomancer","floor":47,"turns":4},{"damage":1,"enemies":"Maw","floor":48,"turns":2},{"damage":2,"enemies":"Donu and Deca","floor":50,"turns":3}],"seed_played":"3577459997460908033","potions_obtained":[{"floor":1,"key":"Fire Potion"},{"floor":10,"key":"Swift Potion"},{"floor":13,"key":"Ancient Potion"},{"floor":16,"key":"Swift Potion"},{"floor":18,"key":"Regen Potion"},{"floor":24,"key":"SteroidPotion"},{"floor":35,"key":"Ancient Potion"},{"floor":44,"key":"ColorlessPotion"},{"floor":48,"key":"ColorlessPotion"}],"is_trial":true,"path_per_floor":["M","?","$","M","?","E","R","M","T","E","M","?","E","?","R","B",null,"M","?","?","?","?","R","E","$","T","E","?","E","$","?","R","B",null,"M","?","M","M","?","R","M","R","T","E","?","?","E","M","R","B",null],"character_chosen":"THE_SILENT","items_purchased":["Mummified Hand","Ninja Scroll","DollysMirror","Membership Card","Infinite Blades"],"campfire_rested":1,"item_purchase_floors":[3,25,25,30,30],"current_hp_per_floor":[65,65,65,63,63,55,55,55,55,39,37,37,34,34,55,41,70,70,70,70,54,54,54,63,63,63,63,63,63,63,63,63,62,70,70,70,69,75,75,75,74,74,74,75,75,69,70,69,69,67],"gold":615,"neow_bonus":"","is_daily":false,"chose_seed":false,"campfire_upgraded":6,"win_rate":0.0,"timestamp":1611994281,"path_taken":["M","?","$","M","?","E","R","M","T","E","M","?","E","?","R","BOSS","M","?","?","?","?","R","E","$","T","E","?","E","$","?","R","BOSS","M","?","M","M","?","R","M","R","T","E","?","?","E","M","R","BOSS"],"items_purchased_type":["Relic","Relic","Relic","Relic","Card"],"build_version":"2020-12-22","purchased_purges":0,"victory":true,"max_hp_per_floor":[70,70,70,70,70,70,70,70,70,70,70,70,70,70,70,70,70,70,70,70,70,70,70,70,70,70,70,70,70,70,70,70,70,70,70,70,70,77,77,77,77,77,77,79,79,83,85,85,85,85],"relic_stats":{"Singing Bowl":8,"counters":[22,75],"Golden Idol":173,"Astrolabe":["Heel Hook","Blade Dance","Phantasmal Killer"],"Blue Candle":[8],"Snake Skull":[5],"Pen Nib":[3],"Juzu Bracelet":5,"Letter Opener":[238],"Orichalcum":[18],"Cursed Key":1,"WarpedTongs":[30],"Lizard Tail":0,"Mummified Hand":[55],"Shuriken":[35],"Necronomicon":[2],"obtain_stats":[{"Calipers":27,"Singing Bowl":41,"Vajra":13,"Snake Skull":37,"Juzu Bracelet":10,"Cursed Key":34,"Old Coin":48,"Lizard Tail":6,"Mummified Hand":3,"Ninja Scroll":25,"DollysMirror":25,"Strawberry":38,"WingedGreaves":4,"Necronomicon":21,"Ring of the Snake":0,"Golden Idol":5,"Astrolabe":17,"Blue Candle":29,"Pen Nib":44,"Omamori":1,"Letter Opener":35,"Odd Mushroom":14,"Orichalcum":24,"Akabeko":8,"WarpedTongs":31,"CaptainsWheel":18,"Bottled Flame":26,"Shuriken":11,"MutagenicStrength":28,"Bag of Marbles":9,"Membership Card":30,"StrikeDummy":47,"Pocketwatch":43},{"Calipers":12,"Singing Bowl":18,"Vajra":7,"Snake Skull":16,"Juzu Bracelet":5,"Cursed Key":14,"Old Coin":21,"Lizard Tail":3,"Mummified Hand":1,"Ninja Scroll":11,"DollysMirror":11,"Strawberry":17,"WingedGreaves":2,"Necronomicon":10,"Ring of the Snake":0,"Golden Idol":2,"Astrolabe":9,"Blue Candle":13,"Pen Nib":19,"Omamori":1,"Letter Opener":15,"Odd Mushroom":8,"Orichalcum":11,"Akabeko":4,"WarpedTongs":13,"CaptainsWheel":10,"Bottled Flame":11,"Shuriken":6,"MutagenicStrength":12,"Bag of Marbles":4,"Membership Card":13,"StrikeDummy":20,"Pocketwatch":18},{"Calipers":44,"Singing Bowl":61,"Vajra":25,"Snake Skull":53,"Juzu Bracelet":18,"Cursed Key":49,"Old Coin":72,"Lizard Tail":13,"Mummified Hand":3,"Ninja Scroll":41,"DollysMirror":41,"Strawberry":56,"WingedGreaves":6,"Necronomicon":38,"Ring of the Snake":0,"Golden Idol":6,"Astrolabe":35,"Blue Candle":45,"Pen Nib":66,"Omamori":3,"Letter Opener":50,"Odd Mushroom":28,"Orichalcum":41,"Akabeko":15,"WarpedTongs":45,"CaptainsWheel":38,"Bottled Flame":41,"Shuriken":21,"MutagenicStrength":44,"Bag of Marbles":15,"Membership Card":45,"StrikeDummy":70,"Pocketwatch":61}],"Ring of the Snake":[44],"Pocketwatch":[0]},"card_choices":[{"not_picked":["Poisoned Stab"],"picked":"Escape Plan","floor":6},{"not_picked":["Quick Slash"],"picked":"Dagger Throw","floor":10},{"not_picked":["Eviscerate"],"picked":"Dodge and Roll","floor":13},{"not_picked":["Backflip"],"picked":"Outmaneuver","floor":14},{"not_picked":["Burst"],"picked":"Adrenaline","floor":16},{"not_picked":["Blade Dance"],"picked":"Deflect","floor":24},{"not_picked":["Backstab"],"picked":"Calculated Gamble","floor":27},{"not_picked":["Prepared"],"picked":"Cloak And Dagger","floor":29},{"not_picked":["Bullet Time"],"picked":"A Thousand Cuts","floor":33},{"not_picked":["Catalyst","Poisoned Stab"],"picked":"Singing Bowl","floor":44},{"not_picked":["Impatience","PanicButton"],"picked":"Singing Bowl","floor":46},{"not_picked":["Impatience","Bandage Up"],"picked":"Singing Bowl","floor":46},{"not_picked":["Secret Weapon"],"picked":"Dark Shackles","floor":46},{"not_picked":["Expertise","Slice"],"picked":"Singing Bowl","floor":47}],"player_experience":1067369,"relics_obtained":[{"floor":1,"key":"Omamori"},{"floor":4,"key":"WingedGreaves"},{"floor":6,"key":"Lizard Tail"},{"floor":8,"key":"Akabeko"},{"floor":9,"key":"Bag of Marbles"},{"floor":10,"key":"Juzu Bracelet"},{"floor":11,"key":"Shuriken"},{"floor":13,"key":"Vajra"},{"floor":14,"key":"Odd Mushroom"},{"floor":18,"key":"CaptainsWheel"},{"floor":21,"key":"Necronomicon"},{"floor":24,"key":"Orichalcum"},{"floor":26,"key":"Bottled Flame"},{"floor":27,"key":"Calipers"},{"floor":29,"key":"Blue Candle"},{"floor":35,"key":"Letter Opener"},{"floor":37,"key":"Snake Skull"},{"floor":38,"key":"Strawberry"},{"floor":41,"key":"Singing Bowl"},{"floor":43,"key":"Pocketwatch"},{"floor":44,"key":"Pen Nib"},{"floor":47,"key":"StrikeDummy"},{"floor":48,"key":"Old Coin"}],"event_choices":[{"damage_healed":0,"gold_gain":175,"player_choice":"AGREE","damage_taken":0,"max_hp_gain":0,"max_hp_loss":0,"event_name":"Liars Game","floor":2,"gold_loss":0,"cards_obtained":["Doubt"]},{"damage_healed":0,"gold_gain":0,"player_choice":"Take Wound","damage_taken":0,"relics_obtained":["Golden Idol"],"max_hp_gain":0,"max_hp_loss":0,"event_name":"Golden Idol","floor":5,"gold_loss":0,"cards_obtained":["Injury"]},{"damage_healed":0,"gold_gain":0,"player_choice":"Upgraded","damage_taken":0,"max_hp_gain":0,"max_hp_loss":0,"event_name":"Upgrade Shrine","floor":12,"gold_loss":0,"cards_upgraded":["Panache"]},{"damage_healed":0,"gold_gain":0,"player_choice":"Fought Mushrooms","damage_taken":0,"max_hp_gain":0,"max_hp_loss":0,"event_name":"Mushrooms","floor":14,"gold_loss":0},{"cards_removed":["Strike_G"],"damage_healed":0,"gold_gain":0,"player_choice":"Purged","damage_taken":0,"max_hp_gain":0,"max_hp_loss":0,"event_name":"Purifier","floor":19,"gold_loss":0},{"damage_healed":0,"gold_gain":0,"player_choice":"Simplicity","damage_taken":0,"max_hp_gain":0,"max_hp_loss":0,"event_name":"Back to Basics","floor":20,"gold_loss":0,"cards_upgraded":["Strike_G","Strike_G","Defend_G","Defend_G","Defend_G","Defend_G"]},{"damage_healed":0,"gold_gain":0,"player_choice":"Obtained Book","damage_taken":16,"max_hp_gain":0,"max_hp_loss":0,"event_name":"Cursed Tome","floor":21,"gold_loss":0},{"damage_healed":0,"gold_gain":0,"player_choice":"Read","damage_taken":0,"max_hp_gain":0,"max_hp_loss":0,"event_name":"The Library","floor":22,"gold_loss":0,"cards_obtained":["Calculated Gamble"]},{"damage_healed":0,"gold_gain":0,"player_choice":"Inject Mutagens","damage_taken":0,"relics_obtained":["MutagenicStrength"],"max_hp_gain":0,"max_hp_loss":0,"event_name":"Drug Dealer","floor":28,"gold_loss":0},{"damage_healed":0,"gold_gain":0,"player_choice":"Rummage","damage_taken":0,"relics_obtained":["WarpedTongs"],"max_hp_gain":0,"max_hp_loss":0,"event_name":"Accursed Blacksmith","floor":31,"gold_loss":0,"cards_obtained":["Pain"]},{"damage_healed":0,"gold_gain":0,"player_choice":"Copied","damage_taken":0,"max_hp_gain":0,"max_hp_loss":0,"event_name":"Duplicator","floor":36,"gold_loss":0,"cards_obtained":["Adrenaline"]},{"damage_healed":0,"gold_gain":0,"player_choice":"Ignored","damage_taken":0,"max_hp_gain":0,"max_hp_loss":0,"event_name":"NoteForYourself","floor":39,"gold_loss":0},{"damage_healed":0,"gold_gain":0,"player_choice":"Ignored","damage_taken":0,"max_hp_gain":0,"max_hp_loss":0,"event_name":"Tomb of Lord Red Mask","floor":45,"gold_loss":0},{"damage_healed":0,"gold_gain":0,"player_choice":"Memory 3","damage_taken":10,"max_hp_gain":0,"max_hp_loss":0,"event_name":"SensoryStone","floor":46,"gold_loss":0}],"is_beta":false,"boss_relics":[{"not_picked":["HoveringKite","Busted Crown"],"picked":"Astrolabe"},{"not_picked":["Runic Pyramid","SlaversCollar"],"picked":"Cursed Key"}],"items_purged_floors":[],"is_endless":false,"potions_floor_spawned":[1,10,13,16,18,24,35,44,48],"ascension_level":0}}