{"host":"yx5rao87132cy5xq","time":1611983657,"event":{"mods":["2.2 Compatiblity","AchievementEnabler","BaseMod","Bestiary","Colored Map","Colored Powertips","Minty Spire (QoL Compilation)","Quick Restart","Relic Stats","Slay-I","SuperFastMode"],"gold_per_floor":[214,118,118,131,143,75,103,103,128,176,203,253,263,280,295,295,367,367,380,390,390,390],"floor_reached":20,"language":"ENG","playtime":1356,"items_purged":[],"score":343,"play_id":"4074e510-e864-4770-b722-ec5deaafa2bb","local_time":"20210130061417","is_ascension_mode":true,"campfire_choices":[{"floor":15,"key":"REST"}],"circlet_count":0,"master_deck":["AscendersBane","Strike_R","Strike_R","Strike_R","Strike_R","Strike_R","Defend_R","Defend_R","Defend_R","Defend_R","Bash","Fiend Fire","Iron Wave","Shrug It Off","Anger","Whirlwind","Infernal Blade","Armaments","Inflame","Power Through","Barricade","Shockwave","Demon Form","Shrug It Off","Flame Barrier"],"relics":["Burning Blood","Letter Opener","Blood Vial","Smiling Mask","White Beast Statue","Mark of Pain"],"acts_visited":["Exordium","TheCity"],"potions_floor_usage":[6,13,16],"damage_taken":[{"damage":13,"enemies":"Jaw Worm","floor":1,"turns":4},{"damage":1,"enemies":"Cultist","floor":3,"turns":3},{"damage":3,"enemies":"2 Louse","floor":4,"turns":3},{"damage":52,"enemies":"Lagavulin","floor":6,"turns":7},{"damage":27,"enemies":"Gremlin Nob","floor":8,"turns":4},{"damage":5,"enemies":"3 Sentries","floor":10,"turns":3},{"damage":28,"enemies":"Gremlin Gang","floor":12,"turns":4},{"damage":13,"enemies":"Exordium Thugs","floor":13,"turns":5},{"damage":0,"enemies":"Exordium Wildlife","floor":14,"turns":3},{"damage":65,"enemies":"Slime Boss","floor":16,"turns":16},{"damage":12,"enemies":"Chosen","floor":18,"turns":5},{"damage":29,"enemies":"2 Thieves","floor":19,"turns":4},{"damage":43,"enemies":"Centurion and Healer","floor":20,"turns":5}],"seed_played":"7222007818025268962","potions_obtained":[{"floor":1,"key":"Block Potion"},{"floor":8,"key":"Regen Potion"},{"floor":12,"key":"GamblersBrew"},{"floor":13,"key":"Regen Potion"},{"floor":16,"key":"BlessingOfTheForge"},{"floor":19,"key":"Energy Potion"}],"is_trial":false,"path_per_floor":["M","?","M","M","$","E","?","E","T","E","?","M","M","M","R","B",null,"M","M","M"],"character_chosen":"IRONCLAD","items_purchased":["Whirlwind"],"campfire_rested":1,"item_purchase_floors":[5],"current_hp_per_floor":[11,61,61,66,69,69,23,48,27,27,30,30,10,19,27,49,7,58,54,33,0,0],"gold":390,"neow_bonus":"ONE_RANDOM_RARE_CARD","is_daily":false,"chose_seed":false,"campfire_upgraded":0,"win_rate":0.0,"timestamp":1611983657,"path_taken":["M","?","M","?","$","E","?","E","T","E","?","M","?","M","R","BOSS","M","M","M"],"items_purchased_type":["Card"],"build_version":"2020-12-22","purchased_purges":0,"victory":false,"max_hp_per_floor":[72,75,75,75,75,75,75,75,75,75,75,75,75,75,75,75,75,75,75,75,75,75],"relic_stats":{"Blood Vial":16,"counters":[13,66],"Letter Opener":[45],"Smiling Mask":0,"obtain_stats":[{"Blood Vial":8,"Mark of Pain":17,"Letter Opener":6,"Smiling Mask":9,"Burning Blood":0,"White Beast Statue":10},{"Blood Vial":5,"Mark of Pain":10,"Letter Opener":4,"Smiling Mask":5,"Burning Blood":0,"White Beast Statue":6},{"Blood Vial":21,"Mark of Pain":52,"Letter Opener":17,"Smiling Mask":21,"Burning Blood":0,"White Beast Statue":24}],"Burning Blood":72},"card_choices":[{"not_picked":["Perfected Strike","Clash"],"picked":"Iron Wave","floor":1},{"not_picked":["Entrench","Body Slam"],"picked":"Shrug It Off","floor":3},{"not_picked":["Blood for Blood","Armaments"],"picked":"Anger","floor":4},{"not_picked":["Second Wind","Combust"],"picked":"Infernal Blade","floor":6},{"not_picked":["Bloodletting","Seeing Red"],"picked":"Armaments","floor":8},{"not_picked":["Twin Strike","Warcry"],"picked":"Inflame","floor":10},{"not_picked":["Seeing Red","Pummel"],"picked":"Power Through","floor":12},{"not_picked":["Thunderclap","Armaments"],"picked":"Barricade","floor":13},{"not_picked":["Searing Blow","Flex"],"picked":"Shockwave","floor":14},{"not_picked":["Barricade","Feed"],"picked":"Demon Form","floor":16},{"not_picked":["Flex","Pummel"],"picked":"Shrug It Off","floor":18},{"not_picked":["Thunderclap+1","Flex"],"picked":"Flame Barrier","floor":19}],"player_experience":908628,"relics_obtained":[{"floor":6,"key":"Letter Opener"},{"floor":8,"key":"Blood Vial"},{"floor":9,"key":"Smiling Mask"},{"floor":10,"key":"White Beast Statue"}],"event_choices":[{"damage_healed":0,"gold_gain":0,"player_choice":"Ignored","damage_taken":0,"max_hp_gain":0,"max_hp_loss":0,"event_name":"Purifier","floor":2,"gold_loss":0},{"damage_healed":25,"gold_gain":0,"player_choice":"Banana","damage_taken":0,"max_hp_gain":0,"max_hp_loss":0,"event_name":"Big Fish","floor":7,"gold_loss":0},{"damage_healed":0,"gold_gain":50,"player_choice":"Pray","damage_taken":0,"max_hp_gain":0,"max_hp_loss":0,"event_name":"Golden Shrine","floor":11,"gold_loss":0}],"is_beta":false,"boss_relics":[{"not_picked":["Cursed Key","Philosopher\u0027s Stone"],"picked":"Mark of Pain"}],"items_purged_floors":[],"is_endless":false,"potions_floor_spawned":[1,8,12,13,14,16,18,19],"killed_by":"Centurion and Healer","ascension_level":15}}