{"host":"bbvmu6yleqps41w7","time":1611986880,"event":{"mods":["BaseMod","Colored Map","Colored Powertips","Downfall","Hermit","Marisa????????","Minty Spire (QoL Compilation)","StSLib","The Bug Knight","The Cursed","The Servant 0.9.4"],"gold_per_floor":[99,119,119,119,133,165,191,208,208,224,399,419,419,419,431,431,431,431],"floor_reached":16,"language":"ENG","playtime":821,"items_purged":[],"score":102,"play_id":"11f10bd4-cc32-4083-98bd-1813d5488d87","local_time":"20210129230800","is_ascension_mode":false,"campfire_choices":[{"data":"sneckomod:WideSting","floor":9,"key":"SMITH"}],"circlet_count":0,"master_deck":["sneckomod:Strike+1","sneckomod:Strike","sneckomod:Defend+1","sneckomod:Defend","sneckomod:Defend","sneckomod:TailWhip","sneckomod:SnekBite","sneckomod:Unknown","hexamod:NightmareGuise+1","sneckomod:UnknownUncommonSkill","sneckomod:UnknownCommonAttack+1","sneckomod:Unknown0Cost+1","sneckomod:WideSting+1","sneckomod:SoulExchange","Doubt","sneckomod:UnknownStrike+1","downfall:Malfunctioning","sneckomod:UnknownUncommonSkill+1"],"relics":["sneckomod:SneckoSoul","sneckomod:UnknownEgg","Blood Vial","Juzu Bracelet","Ornamental Fan"],"acts_visited":["Exordium"],"potions_floor_usage":[16],"damage_taken":[{"damage":8,"enemies":"Jaw Worm","floor":2,"turns":3},{"damage":0,"enemies":"2 Louse","floor":5,"turns":2},{"damage":10,"enemies":"Gremlin Nob","floor":6,"turns":4},{"damage":0,"enemies":"Small Slimes","floor":8,"turns":2},{"damage":0,"enemies":"2 Fungi Beasts","floor":10,"turns":3},{"damage":18,"enemies":"Large Slime","floor":12,"turns":4},{"damage":9,"enemies":"2 Fungi Beasts","floor":15,"turns":4},{"damage":71,"enemies":"SI_SHIV_ARCHETYPE","floor":16,"turns":8}],"seed_played":"8422089943085575328","potions_obtained":[{"floor":5,"key":"SteroidPotion"},{"floor":6,"key":"CultistPotion"},{"floor":12,"key":"sneckomod:OffclassReductionPotion"}],"is_trial":false,"path_per_floor":["R","M","?","?","M","E","T","M","R","M","?","M","T","?","M","B"],"character_chosen":"THE_SNECKO","items_purchased":[],"campfire_rested":0,"item_purchase_floors":[],"current_hp_per_floor":[99,91,91,91,91,81,81,83,83,85,85,69,69,69,62,0,0,0],"gold":431,"neow_bonus":"TEN_PERCENT_HP_BONUS","is_daily":false,"chose_seed":false,"campfire_upgraded":1,"win_rate":0.0,"timestamp":1611986880,"path_taken":["R","M","?","?","M","E","T","M","R","M","?","M","?","?","M","BOSS"],"items_purchased_type":[],"build_version":"2020-12-22","purchased_purges":0,"victory":false,"max_hp_per_floor":[99,99,99,99,99,99,99,99,99,99,99,99,99,99,99,99,99,99],"card_choices":[{"not_picked":["sneckomod:UnknownDraw","sneckomod:SoulDraw"],"picked":"sneckomod:UnknownUncommonSkill","floor":2},{"not_picked":["sneckomod:WideSting","sneckomod:DiceBlock"],"picked":"sneckomod:UnknownCommonAttack+1","floor":5},{"not_picked":["sneckomod:UnknownDraw+1","sneckomod:DiceBoulder"],"picked":"sneckomod:Unknown0Cost+1","floor":6},{"not_picked":["sneckomod:MasterEye","sneckomod:DefensiveFlair"],"picked":"sneckomod:WideSting","floor":8},{"not_picked":["sneckomod:QuickBite","sneckomod:QuickMove"],"picked":"sneckomod:SoulExchange","floor":10},{"not_picked":["sneckomod:IronFang","sneckomod:UnknownWeak+1"],"picked":"sneckomod:UnknownStrike+1","floor":12},{"not_picked":["sneckomod:SoulRoll","sneckomod:SoulDraw"],"picked":"sneckomod:UnknownUncommonSkill+1","floor":15}],"player_experience":614904,"relics_obtained":[{"floor":6,"key":"Blood Vial"},{"floor":7,"key":"Juzu Bracelet"},{"floor":13,"key":"Ornamental Fan"}],"event_choices":[{"cards_removed":["sneckomod:Strike"],"damage_healed":0,"gold_gain":0,"player_choice":"Card Removal","damage_taken":0,"max_hp_gain":0,"max_hp_loss":0,"event_name":"The Cleric","floor":3,"gold_loss":0}],"is_beta":false,"boss_relics":[],"items_purged_floors":[],"is_endless":false,"potions_floor_spawned":[5,6,12],"killed_by":"SI_SHIV_ARCHETYPE","ascension_level":0}}