{"host":"tkinv8gv6hgcc58b","time":1611966677,"event":{"mods":["AchievementEnabler","BaseMod","BetterRewards","Colored Map","Downfall","Googly Eyes","Hermit","Minty Spire (QoL Compilation)","Rare Cards Sparkle","Relic Filter","StSLib","The Cursed","The Disciple"],"gold_per_floor":[117,186,198,373,385,92,92,92,141,95,125,125,125,125,125,125,125],"floor_reached":16,"language":"ENG","playtime":654,"items_purged":[],"score":150,"play_id":"96b0a8c1-04e8-466a-a9b1-241019d17f29","local_time":"20210129193117","is_ascension_mode":true,"campfire_choices":[{"floor":7,"key":"DIG"},{"floor":13,"key":"DIG"},{"floor":15,"key":"REST"}],"circlet_count":0,"master_deck":["Strike_R","Strike_R","Strike_R","Strike_R","Strike_R","Defend_R","Defend_R","Defend_R","Defend_R","Bash","Spot Weakness","Feed","Dual Wield","Twin Strike","Doubt","Exhume","Carnage"],"relics":["Burning Blood","Shovel","Champion Belt","Du-Vu Doll","Guardian:GemstoneGun","Tiny Chest","Juzu Bracelet","Odd Mushroom","Turnip","Gambling Chip"],"acts_visited":["Exordium"],"potions_floor_usage":[16,16,16],"damage_taken":[{"damage":0,"enemies":"2 Louse","floor":1,"turns":4},{"damage":29,"enemies":"Small Slimes","floor":3,"turns":5},{"damage":12,"enemies":"Jaw Worm","floor":5,"turns":4},{"damage":13,"enemies":"The Mushroom Lair","floor":11,"turns":4},{"damage":72,"enemies":"Hexaghost","floor":16,"turns":10}],"seed_played":"-3785046755393712708","potions_obtained":[{"floor":1,"key":"Weak Potion"},{"floor":3,"key":"hexamod:SoulburnPotion"},{"floor":11,"key":"BloodPotion"}],"is_trial":false,"path_per_floor":["M","?","M","?","M","$","R","$","T","?","?","$","R","T","R","B"],"character_chosen":"IRONCLAD","items_purchased":["Shovel","Champion Belt","Spot Weakness","Feed","Guardian:GemstoneGun"],"campfire_rested":1,"item_purchase_floors":[0,0,0,0,6],"current_hp_per_floor":[45,45,28,28,25,25,25,25,25,25,24,24,24,24,53,0,0],"gold":125,"neow_bonus":"","is_daily":false,"chose_seed":false,"campfire_upgraded":0,"win_rate":0.0,"timestamp":1611966677,"path_taken":["M","?","M","?","M","?","R","?","T","?","?","$","R","?","R","BOSS"],"items_purchased_type":["Relic","Relic","Card","Card","Relic"],"build_version":"2020-12-22","purchased_purges":0,"victory":false,"max_hp_per_floor":[83,83,89,89,92,92,92,92,92,92,98,98,98,98,98,98,98],"card_choices":[{"not_picked":["Anger","True Grit"],"picked":"Dual Wield","floor":1},{"not_picked":["Clothesline","Sword Boomerang"],"picked":"Twin Strike","floor":3},{"not_picked":["True Grit","Shrug It Off"],"picked":"Exhume","floor":5},{"not_picked":["Whirlwind","Flex"],"picked":"Carnage","floor":11}],"player_experience":1090841,"relics_obtained":[{"floor":7,"key":"Tiny Chest"},{"floor":9,"key":"Juzu Bracelet"},{"floor":11,"key":"Odd Mushroom"},{"floor":13,"key":"Turnip"},{"floor":14,"key":"Gambling Chip"}],"event_choices":[{"damage_healed":0,"gold_gain":69,"player_choice":"Gained Gold","damage_taken":0,"max_hp_gain":0,"max_hp_loss":0,"event_name":"Golden Wing","floor":2,"gold_loss":0},{"damage_healed":0,"gold_gain":175,"player_choice":"AGREE","damage_taken":0,"max_hp_gain":0,"max_hp_loss":0,"event_name":"Liars Game","floor":4,"gold_loss":0,"cards_obtained":["Doubt"]},{"damage_healed":0,"gold_gain":0,"player_choice":"Left Gold","damage_taken":0,"max_hp_gain":0,"max_hp_loss":0,"event_name":"World of Goop","floor":10,"gold_loss":46},{"damage_healed":0,"gold_gain":0,"player_choice":"Fought Mushrooms","damage_taken":0,"max_hp_gain":0,"max_hp_loss":0,"event_name":"Mushrooms","floor":11,"gold_loss":0}],"is_beta":false,"boss_relics":[],"items_purged_floors":[],"is_endless":false,"potions_floor_spawned":[1,3,11],"killed_by":"Hexaghost","ascension_level":9}}