{"host":"1a9bbjeis3rg03b1","time":1611997956,"event":{"mods":["BaseMod","FTL Soundtrack","Googly Eyes","Mimic Mod","Minty Spire (QoL Compilation)","Reliquary","Robot Space Explorer","StSLib","The Jungle","The Poker Player","everything is the same but u backflip on backflip"],"gold_per_floor":[109,109,122,122,122,156,7,7,7,7,7,42,57,82,82,177,177,190,190,204,214,231,262,262,297,297,297,331,351,351,94,94,193,193,204,223,31,31,31,31,31,42,88,118,131,156,170,187,187,187,187,187,76,105,105,105,105],"floor_reached":55,"language":"ENG","playtime":9388,"items_purged":[],"score":918,"play_id":"1f2b56f2-94d1-4679-85a9-0c55bd728019","local_time":"20210130021236","is_ascension_mode":false,"metric_token":722,"campfire_choices":[{"data":"PokerPlayerMod:Mulligan","floor":8,"key":"SMITH"},{"floor":11,"key":"RECALL"},{"data":"PokerPlayerMod:StackedDeck","floor":15,"key":"SMITH"},{"data":"PokerPlayerMod:Configure","floor":24,"key":"SMITH"},{"data":"PokerPlayerMod:FillThePot","floor":27,"key":"SMITH"},{"data":"Mind Blast","floor":32,"key":"SMITH"},{"floor":41,"key":"REST"},{"floor":49,"key":"REST"},{"floor":52,"key":"REST"}],"circlet_count":0,"master_deck":["PokerPlayerMod:Diamond1","PokerPlayerMod:Diamond2","PokerPlayerMod:Diamond3","PokerPlayerMod:Diamond4","PokerPlayerMod:Spade1","PokerPlayerMod:Spade2","PokerPlayerMod:Spade3","PokerPlayerMod:Spade4","PokerPlayerMod:Club1","PokerPlayerMod:Club2","PokerPlayerMod:Heart2","PokerPlayerMod:TrumpStrike","PokerPlayerMod:BadJoker","PokerPlayerMod:Mulligan+1","PokerPlayerMod:Configure+1","PokerPlayerMod:MagicTrick","PokerPlayerMod:Diamond1","PokerPlayerMod:Club2","PokerPlayerMod:Club3","PokerPlayerMod:Club4","PokerPlayerMod:Club5","PokerPlayerMod:Club6","PokerPlayerMod:Configure+1","PokerPlayerMod:FillThePot+1","PokerPlayerMod:Diamond1","PokerPlayerMod:ClubStrike","PokerPlayerMod:Club2","PokerPlayerMod:HeartStrike","PokerPlayerMod:StackedDeck+1","PokerPlayerMod:ChangeRules","PokerPlayerMod:Club2","PokerPlayerMod:Diamond6","PokerPlayerMod:ClubStrike","PokerPlayerMod:HeartStrike+1","PokerPlayerMod:Club3","PokerPlayerMod:Diamond2","PokerPlayerMod:DartThrow","PokerPlayerMod:Club1","Mind Blast+1","PokerPlayerMod:Diamond2","PokerPlayerMod:WasteCollection","PokerPlayerMod:Club3","PokerPlayerMod:Diamond1","PokerPlayerMod:HiddenCard","Flash of Steel","PokerPlayerMod:Heart1","PokerPlayerMod:Diamond1","PokerPlayerMod:Heart3"],"relics":["PokerPlayerMod:DeckCase","NeowsBlessing","PokerPlayerMod:Splitter","PokerPlayerMod:FairLicense","MealTicket","PokerPlayerMod:AceCard","HornCleat","reliquary:PartyBalloon","reliquary:BallBearing","reliquary:PurpleTingedLeaf","Lantern","Fusion Hammer","PokerPlayerMod:PendantOfEscape","Du-Vu Doll","PreservedInsect","Singing Bowl","Bronze Scales","Nunchaku"],"acts_visited":["Exordium","TheCity","TheBeyond","TheEnding"],"potions_floor_usage":[6,21,23,29,33,33,48,50,55],"damage_taken":[{"damage":0,"enemies":"Jaw Worm","floor":1,"turns":1},{"damage":0,"enemies":"Cultist","floor":3,"turns":1},{"damage":0,"enemies":"Gremlin Nob","floor":6,"turns":1},{"damage":4,"enemies":"2 Louse","floor":12,"turns":5},{"damage":0,"enemies":"2 Louse","floor":13,"turns":1},{"damage":14,"enemies":"Lagavulin","floor":14,"turns":3},{"damage":44,"enemies":"The Guardian","floor":16,"turns":9},{"damage":0,"enemies":"3 Byrds","floor":18,"turns":2},{"damage":3,"enemies":"Spheric Guardian","floor":20,"turns":3},{"damage":0,"enemies":"Centurion and Healer","floor":21,"turns":2},{"damage":0,"enemies":"3 Cultists","floor":22,"turns":2},{"damage":17,"enemies":"Gremlin Leader","floor":23,"turns":4},{"damage":21,"enemies":"Slavers","floor":25,"turns":2},{"damage":19,"enemies":"Book of Stabbing","floor":28,"turns":3},{"damage":10,"enemies":"Chosen and Byrds","floor":29,"turns":3},{"damage":60,"enemies":"Champ","floor":33,"turns":8},{"damage":0,"enemies":"3 Darklings","floor":35,"turns":2},{"damage":15,"enemies":"3 Shapes","floor":36,"turns":2},{"damage":24,"enemies":"Maw","floor":42,"turns":5},{"damage":0,"enemies":"Reptomancer","floor":44,"turns":2},{"damage":23,"enemies":"Transient","floor":45,"turns":5},{"damage":0,"enemies":"Nemesis","floor":46,"turns":1},{"damage":0,"enemies":"Jaw Worm Horde","floor":47,"turns":2},{"damage":11,"enemies":"Writhing Mass","floor":48,"turns":4},{"damage":28,"enemies":"Donu and Deca","floor":50,"turns":5},{"damage":0,"enemies":"Shield and Spear","floor":54,"turns":2},{"damage":74,"enemies":"The Heart","floor":55,"turns":3}],"seed_played":"-1003772933533465206","potions_obtained":[{"floor":6,"key":"Fruit Juice"},{"floor":13,"key":"Strength Potion"},{"floor":20,"key":"Explosive Potion"},{"floor":21,"key":"Strength Potion"},{"floor":22,"key":"Energy Potion"},{"floor":28,"key":"SkillPotion"},{"floor":29,"key":"Regen Potion"},{"floor":44,"key":"GamblersBrew"},{"floor":45,"key":"GamblersBrew"},{"floor":48,"key":"Explosive Potion"}],"is_trial":false,"path_per_floor":["M","?","M","$","?","E","$","R","T","?","R","MIM","M","E","R","B",null,"M","?","M","M","M","E","R","E","T","R","E","M","?","$","R","B",null,"M","M","$","?","?","T","R","M","T","E","M","E","M","M","R","B",null,"R","$","E","B"],"character_chosen":"THE_POKER_PLAYER","items_purchased":["PokerPlayerMod:FillThePot","PokerPlayerMod:Diamond1","PokerPlayerMod:ClubStrike","Mind Blast","Lantern","PokerPlayerMod:Diamond2","PokerPlayerMod:PendantOfEscape","PokerPlayerMod:HiddenCard","PokerPlayerMod:Heart3","Strength Potion"],"campfire_rested":3,"item_purchase_floors":[7,7,7,31,31,31,37,37,53,53],"current_hp_per_floor":[52,52,52,52,52,57,57,57,57,57,57,57,57,50,50,17,57,57,57,57,57,57,47,47,33,33,33,17,9,28,43,43,11,57,57,43,57,52,52,52,54,30,30,47,35,52,56,51,62,35,62,62,62,64,0,0,0],"gold":105,"neow_bonus":"THREE_ENEMY_KILL","is_daily":false,"chose_seed":false,"campfire_upgraded":5,"win_rate":0.0,"timestamp":1611997956,"path_taken":["M","?","?","$","?","E","$","R","T","?","R","?","?","E","R","BOSS","M","?","M","M","M","E","R","E","T","R","E","?","?","?","R","BOSS","M","M","$","?","?","?","R","M","T","E","M","E","M","?","R","BOSS","R","$","E","BOSS"],"items_purchased_type":["Card","Card","Card","Card","Relic","Card","Relic","Card","Card","Potion"],"build_version":"2020-12-22","purchased_purges":0,"victory":false,"max_hp_per_floor":[52,52,52,52,52,57,57,57,57,57,57,57,57,57,57,57,57,57,57,57,57,57,57,57,57,57,57,57,57,57,57,57,57,57,57,57,57,57,54,54,54,54,54,56,58,60,60,62,62,62,62,62,62,64,64,64,64],"card_choices":[{"not_picked":["PokerPlayerMod:Diamond4","PokerPlayerMod:Diamond1"],"picked":"PokerPlayerMod:Configure","floor":1},{"not_picked":["PokerPlayerMod:Harden","PokerPlayerMod:Fold"],"picked":"PokerPlayerMod:Diamond1","floor":3},{"not_picked":["PokerPlayerMod:ClubShade","PokerPlayerMod:Club5"],"picked":"PokerPlayerMod:Configure","floor":6},{"not_picked":["PokerPlayerMod:Spade2","PokerPlayerMod:FillThePot"],"picked":"PokerPlayerMod:Club2","floor":12},{"not_picked":["PokerPlayerMod:ClubShade","PokerPlayerMod:Diamond1"],"picked":"PokerPlayerMod:HeartStrike","floor":13},{"not_picked":["PokerPlayerMod:Raise","PokerPlayerMod:Club2"],"picked":"PokerPlayerMod:StackedDeck","floor":14},{"not_picked":["PokerPlayerMod:Heart8","PokerPlayerMod:Spade7"],"picked":"PokerPlayerMod:ChangeRules","floor":16},{"not_picked":["PokerPlayerMod:Diamond4","PokerPlayerMod:Diamond3"],"picked":"PokerPlayerMod:Club2","floor":18},{"not_picked":["PokerPlayerMod:Diamond5","PokerPlayerMod:Raise"],"picked":"PokerPlayerMod:Diamond6","floor":20},{"not_picked":["PokerPlayerMod:SecondChance+1","PokerPlayerMod:CloakAndDiamond"],"picked":"PokerPlayerMod:ClubStrike","floor":21},{"not_picked":["PokerPlayerMod:Diamond4","PokerPlayerMod:CardBurn+1"],"picked":"PokerPlayerMod:HeartStrike+1","floor":22},{"not_picked":["PokerPlayerMod:Club8","PokerPlayerMod:Diamond2"],"picked":"PokerPlayerMod:Club3","floor":23},{"not_picked":["PokerPlayerMod:FlyingCard+1","PokerPlayerMod:RoyalStrike"],"picked":"PokerPlayerMod:Diamond2","floor":25},{"not_picked":["PokerPlayerMod:Club4","PokerPlayerMod:FlyingCard"],"picked":"PokerPlayerMod:DartThrow","floor":28},{"not_picked":["PokerPlayerMod:Club3","PokerPlayerMod:MagicTrick"],"picked":"PokerPlayerMod:Club1","floor":29},{"not_picked":["PokerPlayerMod:Diamond9","PokerPlayerMod:Spade8"],"picked":"PokerPlayerMod:WasteCollection","floor":33},{"not_picked":["PokerPlayerMod:Diamond4","PokerPlayerMod:Raise+1"],"picked":"PokerPlayerMod:Club3","floor":35},{"not_picked":["PokerPlayerMod:DartThrow","PokerPlayerMod:Fold+1"],"picked":"PokerPlayerMod:Diamond1","floor":36},{"not_picked":["Metamorphosis","Transmutation"],"picked":"Flash of Steel","floor":38},{"not_picked":["PokerPlayerMod:SpadeStrike","PokerPlayerMod:DartThrow"],"picked":"PokerPlayerMod:Heart1","floor":42},{"not_picked":["PokerPlayerMod:TheDieIsCast","PokerPlayerMod:CardBurn+1","PokerPlayerMod:CloakAndDiamond"],"picked":"Singing Bowl","floor":44},{"not_picked":["PokerPlayerMod:Club5","PokerPlayerMod:CardBurn","PokerPlayerMod:Diamond9"],"picked":"Singing Bowl","floor":45},{"not_picked":["PokerPlayerMod:Diamond7","PokerPlayerMod:ClubShade+1","PokerPlayerMod:Heart4"],"picked":"Singing Bowl","floor":46},{"not_picked":["PokerPlayerMod:Diamond5","PokerPlayerMod:SpadeStrike+1"],"picked":"PokerPlayerMod:Diamond1","floor":47},{"not_picked":["PokerPlayerMod:Spade5","PokerPlayerMod:HotShotCut","PokerPlayerMod:FlyingCard"],"picked":"Singing Bowl","floor":48},{"not_picked":["PokerPlayerMod:DiamondStrike+1","PokerPlayerMod:Diamond10+","PokerPlayerMod:SpadeStrike+1"],"picked":"Singing Bowl","floor":54}],"player_experience":648174,"relics_obtained":[{"floor":6,"key":"PokerPlayerMod:Splitter"},{"floor":9,"key":"PokerPlayerMod:FairLicense"},{"floor":14,"key":"MealTicket"},{"floor":23,"key":"HornCleat"},{"floor":25,"key":"reliquary:PartyBalloon"},{"floor":26,"key":"reliquary:BallBearing"},{"floor":28,"key":"reliquary:PurpleTingedLeaf"},{"floor":40,"key":"Du-Vu Doll"},{"floor":43,"key":"PreservedInsect"},{"floor":44,"key":"Singing Bowl"},{"floor":46,"key":"Bronze Scales"},{"floor":54,"key":"Nunchaku"}],"event_choices":[{"damage_healed":0,"gold_gain":0,"cards_transformed":["PokerPlayerMod:Diamond5"],"player_choice":"Transformed","damage_taken":0,"max_hp_gain":0,"max_hp_loss":0,"event_name":"Transmorgrifier","floor":2,"gold_loss":0,"cards_obtained":["PokerPlayerMod:MagicTrick"]},{"damage_healed":0,"gold_gain":0,"player_choice":"Jackpot","damage_taken":0,"max_hp_gain":0,"max_hp_loss":0,"event_name":"PokerPlayerMod:ExordiumClub","floor":5,"gold_loss":0,"cards_obtained":["PokerPlayerMod:Club2","PokerPlayerMod:Club3","PokerPlayerMod:Club4","PokerPlayerMod:Club5","PokerPlayerMod:Club6"]},{"damage_healed":0,"gold_gain":0,"player_choice":"Jackpot","damage_taken":0,"max_hp_gain":0,"max_hp_loss":0,"event_name":"PokerPlayerMod:ExordiumClub","floor":5,"gold_loss":0,"cards_obtained":["PokerPlayerMod:Club2","PokerPlayerMod:Club3","PokerPlayerMod:Club4","PokerPlayerMod:Club5","PokerPlayerMod:Club6"]},{"damage_healed":0,"gold_gain":0,"player_choice":"Jackpot","damage_taken":0,"max_hp_gain":0,"max_hp_loss":0,"event_name":"PokerPlayerMod:ExordiumClub","floor":5,"gold_loss":0,"cards_obtained":["PokerPlayerMod:Club2","PokerPlayerMod:Club3","PokerPlayerMod:Club4","PokerPlayerMod:Club5","PokerPlayerMod:Club6"]},{"damage_healed":0,"gold_gain":0,"player_choice":"Jackpot","damage_taken":0,"max_hp_gain":0,"max_hp_loss":0,"event_name":"PokerPlayerMod:ExordiumClub","floor":5,"gold_loss":0,"cards_obtained":["PokerPlayerMod:Club2","PokerPlayerMod:Club3","PokerPlayerMod:Club4","PokerPlayerMod:Club5","PokerPlayerMod:Club6"]},{"damage_healed":0,"gold_gain":0,"player_choice":"Jackpot","damage_taken":0,"max_hp_gain":0,"max_hp_loss":0,"event_name":"PokerPlayerMod:ExordiumClub","floor":5,"gold_loss":0,"cards_obtained":["PokerPlayerMod:Club2","PokerPlayerMod:Club3","PokerPlayerMod:Club4","PokerPlayerMod:Club5","PokerPlayerMod:Club6"]},{"damage_healed":0,"gold_gain":0,"player_choice":"Grow","damage_taken":0,"max_hp_gain":0,"max_hp_loss":0,"event_name":"Living Wall","floor":10,"gold_loss":0,"cards_upgraded":["PokerPlayerMod:Configure"]},{"damage_healed":0,"gold_gain":0,"player_choice":"Ignored","damage_taken":0,"max_hp_gain":0,"max_hp_loss":0,"event_name":"Purifier","floor":19,"gold_loss":0},{"damage_healed":19,"gold_gain":0,"player_choice":"Heal","damage_taken":0,"max_hp_gain":0,"max_hp_loss":0,"event_name":"The Library","floor":30,"gold_loss":0},{"damage_healed":0,"gold_gain":0,"player_choice":"Memory 2","damage_taken":5,"max_hp_gain":0,"max_hp_loss":0,"event_name":"SensoryStone","floor":38,"gold_loss":0},{"damage_healed":0,"gold_gain":0,"player_choice":"Max HP","damage_taken":0,"max_hp_gain":0,"max_hp_loss":3,"event_name":"Winding Halls","floor":39,"gold_loss":0}],"is_beta":false,"boss_relics":[{"not_picked":["Black Star","reliquary:KinkedSpring"],"picked":"PokerPlayerMod:AceCard"},{"not_picked":["Philosopher\u0027s Stone","Velvet Choker"],"picked":"Fusion Hammer"}],"items_purged_floors":[],"is_endless":false,"potions_floor_spawned":[6,13,20,21,22,28,29,44,45,48],"killed_by":"The Heart","ascension_level":0}}