{"host":"aqym1xxr3lb31d9m","time":1611977857,"event":{"mods":["BaseMod","Block Reminder","Colored Map","Colored Powertips","DeckTracker","Highlight Path","Minty Spire (QoL Compilation)","Quick Restart","Random Character Button","StSLib","SuperFastMode","UnlockEverythingMod"],"gold_per_floor":[118,118,118,118,132,170,193,193,216,216,240,270,308,308,308,407,407,425,315,240,240,95,129,129,147,147,90,90,120,120,220,220,220,220],"floor_reached":33,"language":"JPN","playtime":2134,"items_purged":[],"score":624,"play_id":"7540917c-ac3b-4879-ab0d-fadf7f191faf","local_time":"20210130123737","is_ascension_mode":true,"campfire_choices":[{"data":"Zap","floor":8,"key":"SMITH"},{"data":"Hologram","floor":10,"key":"SMITH"},{"data":"Beam Cell","floor":15,"key":"SMITH"},{"data":"Fission","floor":24,"key":"SMITH"},{"data":"Ghostly","floor":32,"key":"SMITH"}],"circlet_count":0,"master_deck":["AscendersBane","Strike_B+1","Strike_B","Defend_B","Defend_B+1","Defend_B","Defend_B+1","Zap+1","Dualcast","Melter","Hologram+1","BootSequence","Sweeping Beam+1","Ball Lightning","Beam Cell+1","Thunder Strike+1","Fission+1","Tempest","Static Discharge","Hologram","Static Discharge","Ball Lightning+1","Go for the Eyes+1","White Noise","Ghostly+1","Ghostly","Ghostly"],"relics":["FrozenCore","NeowsBlessing","Bloody Idol","Juzu Bracelet","Art of War","Vajra","Happy Flower","Bag of Marbles","Bottled Tornado","Whetstone","Dead Branch","Matryoshka"],"acts_visited":["Exordium","TheCity"],"potions_floor_usage":[13,16,23,29,29,29,33],"damage_taken":[{"damage":0,"enemies":"2 Louse","floor":1,"turns":1},{"damage":0,"enemies":"Small Slimes","floor":5,"turns":1},{"damage":0,"enemies":"Gremlin Nob","floor":6,"turns":1},{"damage":0,"enemies":"Cultist","floor":7,"turns":3},{"damage":0,"enemies":"3 Louse","floor":11,"turns":2},{"damage":7,"enemies":"Lagavulin","floor":13,"turns":5},{"damage":3,"enemies":"Hexaghost","floor":16,"turns":6},{"damage":0,"enemies":"Spheric Guardian","floor":18,"turns":2},{"damage":9,"enemies":"Book of Stabbing","floor":23,"turns":5},{"damage":2,"enemies":"3 Byrds","floor":25,"turns":3},{"damage":31,"enemies":"Gremlin Leader","floor":29,"turns":6},{"damage":6,"enemies":"Colosseum Slavers","floor":31,"turns":6},{"damage":7,"enemies":"Colosseum Nobs","floor":31,"turns":6},{"damage":40,"enemies":"Champ","floor":33,"turns":7}],"seed_played":"-3224330960620115607","potions_obtained":[{"floor":5,"key":"ColorlessPotion"},{"floor":6,"key":"Energy Potion"},{"floor":7,"key":"EntropicBrew"},{"floor":13,"key":"Block Potion"},{"floor":18,"key":"Block Potion"},{"floor":25,"key":"SpeedPotion"},{"floor":31,"key":"ColorlessPotion"}],"is_trial":false,"path_per_floor":["M","?","?","?","M","E","M","R","T","R","M","?","E","?","R","B",null,"M","?","?","?","$","E","R","M","T","$","?","E","?","?","R","B"],"character_chosen":"DEFECT","items_purchased":["Static Discharge","Hologram","Go for the Eyes"],"campfire_rested":0,"item_purchase_floors":[22,22,27],"current_hp_per_floor":[64,43,43,43,43,43,43,43,43,43,43,43,36,36,36,33,56,56,56,56,56,56,52,52,55,55,55,55,29,29,21,21,0,0],"gold":220,"neow_bonus":"THREE_ENEMY_KILL","is_daily":false,"chose_seed":false,"campfire_upgraded":5,"win_rate":0.0,"timestamp":1611977857,"path_taken":["M","?","?","?","M","E","M","R","T","R","M","?","E","?","R","BOSS","M","?","?","?","$","E","R","M","T","$","?","E","?","?","R","BOSS"],"items_purchased_type":["Card","Card","Card"],"build_version":"2020-12-22","purchased_purges":0,"victory":false,"max_hp_per_floor":[71,71,64,64,64,64,64,64,64,64,64,64,64,64,64,64,64,64,64,64,64,64,64,64,64,64,64,64,64,32,32,32,32,32],"card_choices":[{"not_picked":["Gash","Tempest"],"picked":"Melter","floor":1},{"not_picked":["Capacitor","Reprogram"],"picked":"BootSequence","floor":5},{"not_picked":["Consume","Rebound"],"picked":"Sweeping Beam","floor":6},{"not_picked":["Beam Cell","Darkness"],"picked":"Ball Lightning","floor":7},{"not_picked":["Turbo","Coolheaded"],"picked":"Beam Cell","floor":11},{"not_picked":["Genetic Algorithm","Self Repair"],"picked":"Thunder Strike","floor":13},{"not_picked":["Multi-Cast","Thunder Strike"],"picked":"Fission","floor":16},{"not_picked":["Auto Shields","Compile Driver"],"picked":"Tempest","floor":18},{"not_picked":["Gash","Conserve Battery"],"picked":"Static Discharge","floor":23},{"not_picked":["Stack","Self Repair"],"picked":"Ball Lightning+1","floor":25},{"not_picked":["Streamline","Cold Snap"],"picked":"White Noise","floor":29}],"player_experience":4127178,"relics_obtained":[{"floor":6,"key":"Juzu Bracelet"},{"floor":9,"key":"Art of War"},{"floor":13,"key":"Happy Flower"},{"floor":23,"key":"Bag of Marbles"},{"floor":26,"key":"Bottled Tornado"},{"floor":29,"key":"Whetstone"},{"floor":31,"key":"Dead Branch"},{"floor":31,"key":"Matryoshka"}],"event_choices":[{"damage_healed":0,"gold_gain":0,"player_choice":"Entered Light","damage_taken":21,"max_hp_gain":0,"max_hp_loss":0,"event_name":"Shining Light","floor":2,"gold_loss":0,"cards_upgraded":["Defend_B","Strike_B"]},{"damage_healed":0,"gold_gain":0,"player_choice":"Lose Max HP","damage_taken":0,"relics_obtained":["Golden Idol"],"max_hp_gain":0,"max_hp_loss":7,"event_name":"Golden Idol","floor":3,"gold_loss":0},{"damage_healed":0,"gold_gain":0,"player_choice":"1 cards matched","damage_taken":0,"max_hp_gain":0,"max_hp_loss":0,"event_name":"Match and Keep!","floor":4,"gold_loss":0,"cards_obtained":["Hologram"]},{"damage_healed":0,"gold_gain":30,"player_choice":"Searched \u00272\u0027 times","damage_taken":0,"relics_obtained":["Vajra"],"max_hp_gain":0,"max_hp_loss":0,"event_name":"Dead Adventurer","floor":12,"gold_loss":0},{"damage_healed":0,"gold_gain":0,"player_choice":"Grow","damage_taken":0,"max_hp_gain":0,"max_hp_loss":0,"event_name":"Living Wall","floor":14,"gold_loss":0,"cards_upgraded":["Thunder Strike"]},{"cards_removed":["Strike_B"],"damage_healed":0,"gold_gain":0,"player_choice":"Upgrade and Remove","damage_taken":0,"max_hp_gain":0,"max_hp_loss":0,"event_name":"Designer","floor":19,"gold_loss":110,"cards_upgraded":["Defend_B"]},{"cards_removed":["Strike_B"],"damage_healed":0,"gold_gain":0,"player_choice":"Gave Gold","damage_taken":0,"max_hp_gain":0,"max_hp_loss":0,"event_name":"Beggar","floor":20,"gold_loss":75},{"damage_healed":0,"gold_gain":0,"player_choice":"Gave Idol","damage_taken":0,"relics_obtained":["Bloody Idol"],"max_hp_gain":0,"max_hp_loss":0,"event_name":"Forgotten Altar","floor":21,"relics_lost":["Golden Idol"],"gold_loss":0},{"damage_healed":0,"gold_gain":0,"player_choice":"Ignored","damage_taken":0,"max_hp_gain":0,"max_hp_loss":0,"event_name":"The Mausoleum","floor":28,"gold_loss":0},{"damage_healed":0,"gold_gain":0,"player_choice":"Became a Ghost","damage_taken":0,"max_hp_gain":0,"max_hp_loss":32,"event_name":"Ghosts","floor":30,"gold_loss":0,"cards_obtained":["Ghostly","Ghostly","Ghostly"]},{"damage_healed":0,"gold_gain":0,"player_choice":"Fight","damage_taken":0,"max_hp_gain":0,"max_hp_loss":0,"event_name":"Colosseum","floor":31,"gold_loss":0},{"damage_healed":0,"gold_gain":0,"player_choice":"Fought Nobs","damage_taken":0,"max_hp_gain":0,"max_hp_loss":0,"event_name":"Colosseum","floor":31,"gold_loss":0}],"is_beta":false,"boss_relics":[{"not_picked":["SlaversCollar","Coffee Dripper"],"picked":"FrozenCore"}],"items_purged_floors":[],"is_endless":false,"potions_floor_spawned":[5,6,7,13,18,25,31,31],"killed_by":"Champ","ascension_level":20}}