{"host":"6azrrw3tf7wb0f4b","time":1611997080,"event":{"mods":["BaseMod","DeckTracker","Minty Spire (QoL Compilation)","SuperFastMode"],"gold_per_floor":[117,117,117,135,148,148,148,159,159,109,136,136,136,153,153,153,153],"floor_reached":16,"language":"KOR","playtime":188,"items_purged":[],"score":206,"play_id":"513b51ad-c542-427f-bacb-d3043889f79f","local_time":"20210130175800","is_ascension_mode":true,"campfire_choices":[{"data":"Eruption","floor":6,"key":"SMITH"},{"floor":13,"key":"DIG"},{"floor":15,"key":"DIG"}],"circlet_count":0,"master_deck":["AscendersBane","Strike_P","Strike_P","Defend_P","Defend_P","Defend_P","Defend_P","Eruption+1","Vigilance","ConjureBlade+1","Protect","BowlingBash","Prostrate+1","Ragnarok","FlurryOfBlows"],"relics":["PureWater","Incense Burner","Shovel","Omamori","Bottled Lightning","Nunchaku"],"acts_visited":["Exordium"],"potions_floor_usage":[11,16],"damage_taken":[{"damage":13,"enemies":"Small Slimes","floor":1,"turns":3},{"damage":2,"enemies":"2 Louse","floor":4,"turns":3},{"damage":4,"enemies":"Jaw Worm","floor":5,"turns":4},{"damage":5,"enemies":"Blue Slaver","floor":8,"turns":5},{"damage":0,"enemies":"Lagavulin","floor":11,"turns":3},{"damage":13,"enemies":"3 Louse","floor":14,"turns":3},{"damage":15,"enemies":"The Guardian","floor":16,"turns":2}],"seed_played":"-6060154025712581857","potions_obtained":[{"floor":5,"key":"Ancient Potion"},{"floor":8,"key":"BottledMiracle"},{"floor":11,"key":"DistilledChaos"}],"is_trial":false,"path_per_floor":["M","?","?","M","M","R","?","M","T","?","E","?","R","M","R","B"],"character_chosen":"WATCHER","items_purchased":[],"campfire_rested":0,"item_purchase_floors":[],"current_hp_per_floor":[52,52,57,55,51,51,48,43,43,43,43,28,28,15,15,0,0],"gold":153,"neow_bonus":"ONE_RANDOM_RARE_CARD","is_daily":false,"chose_seed":false,"campfire_upgraded":1,"win_rate":0.0,"timestamp":1611997080,"path_taken":["M","?","?","M","M","R","?","?","T","?","E","?","R","M","R","BOSS"],"items_purchased_type":[],"build_version":"2020-12-22","purchased_purges":0,"victory":false,"max_hp_per_floor":[72,72,77,77,77,77,77,77,77,77,77,77,77,77,77,77,77],"card_choices":[{"not_picked":["Sanctity","ThirdEye"],"picked":"Protect","floor":1},{"not_picked":["Study","Halt"],"picked":"Prostrate","floor":4},{"not_picked":["Evaluate","BowlingBash"],"picked":"Ragnarok","floor":5},{"not_picked":["WindmillStrike","ThirdEye"],"picked":"FlurryOfBlows","floor":8},{"not_picked":["SashWhip","ClearTheMind","Evaluate"],"picked":"SKIP","floor":11},{"not_picked":["Collect","Consecrate","EmptyMind"],"picked":"SKIP","floor":14}],"player_experience":743962,"relics_obtained":[{"floor":9,"key":"Shovel"},{"floor":11,"key":"Omamori"},{"floor":13,"key":"Bottled Lightning"},{"floor":15,"key":"Nunchaku"}],"event_choices":[{"damage_healed":0,"gold_gain":0,"cards_transformed":["Strike_P"],"player_choice":"Change","damage_taken":0,"max_hp_gain":0,"max_hp_loss":0,"event_name":"Living Wall","floor":2,"gold_loss":0,"cards_obtained":["BowlingBash"]},{"damage_healed":0,"gold_gain":0,"player_choice":"Donut","damage_taken":0,"max_hp_gain":5,"max_hp_loss":0,"event_name":"Big Fish","floor":3,"gold_loss":0},{"damage_healed":0,"gold_gain":0,"player_choice":"Success","damage_taken":3,"relics_obtained":["Incense Burner"],"max_hp_gain":0,"max_hp_loss":0,"event_name":"Scrap Ooze","floor":7,"gold_loss":0},{"cards_removed":["Strike_P"],"damage_healed":0,"gold_gain":0,"player_choice":"Card Removal","damage_taken":0,"max_hp_gain":0,"max_hp_loss":0,"event_name":"The Cleric","floor":10,"gold_loss":50},{"damage_healed":0,"gold_gain":0,"player_choice":"Entered Light","damage_taken":15,"max_hp_gain":0,"max_hp_loss":0,"event_name":"Shining Light","floor":12,"gold_loss":0,"cards_upgraded":["Prostrate","ConjureBlade"]}],"is_beta":false,"boss_relics":[],"items_purged_floors":[],"is_endless":false,"potions_floor_spawned":[5,8,11],"killed_by":"The Guardian","ascension_level":13}}