{"host":"hpn0uxah5qjr7pa6","time":1611969632,"event":{"mods":["Act Like it!","BaseMod","BetterRewards","Colored Powertips","Conspire","Downfall","Hallownest","Hermit","Hubris","Infinite Spire","Minty Spire (QoL Compilation)","Quick Restart","Replay The Spire","StSLib","The Jungle"],"gold_per_floor":[116,116,133,143,243,243,263,289,289,289,307,307,137,153,153,249,249,268,268,268,287,300,328,328,328,328,346,121,121,121,133,133,231,231,243,243,262,262,262,262,22,22,45,65,79,79,90,15,15,15],"floor_reached":51,"language":"ENG","playtime":2912,"items_purged":["Madness","Madness"],"score":515,"play_id":"f2e8589f-d813-4aa2-bf9c-d2628fbda756","local_time":"20210129172032","is_ascension_mode":true,"campfire_choices":[{"data":"All Out Attack","floor":6,"key":"SMITH"},{"floor":10,"key":"REST"},{"data":"Blur","floor":12,"key":"SMITH"},{"data":"Sucker Punch","floor":15,"key":"SMITH"},{"floor":25,"key":"REST"},{"floor":29,"key":"REST"},{"data":"Jack Of All Trades","floor":32,"key":"SMITH"},{"floor":40,"key":"REST"},{"floor":46,"key":"REST"}],"circlet_count":0,"master_deck":["Strike_G","Strike_G","Strike_G","Strike_G","Strike_G","Defend_G","Defend_G","Defend_G","Defend_G","Defend_G","Survivor","Neutralize","Poisoned Stab","All Out Attack+1","Blur+1","Sucker Punch+1","Dodge and Roll","Poisoned Stab","Corpse Explosion","hubris:Fate","Noxious Fumes","Jack Of All Trades+1","Atom Bomb","Deadly Poison","conspire:Banana","Deadly Poison+1","Catalyst"],"relics":["Sizzling Blood","Ancient Tea Set","Replay:Baseball","ClockworkSouvenir","hubris:HollowSoul","Nunchaku","Blood Vial","infinitespire:FocusingShard","MutagenicStrength","BargainBundle","hubris:Towel","TwistedFunnel","infinitespire:Beetle Shell","infinitespire:PuzzleCube"],"acts_visited":["Exordium","TheCity","TheBeyond"],"potions_floor_usage":[8,16,22,27,44,47,47,47,50,50],"damage_taken":[{"damage":1,"enemies":"conspire:RoseBush","floor":1,"turns":3},{"damage":0,"enemies":"2 Louse","floor":3,"turns":4},{"damage":0,"enemies":"Cultist","floor":4,"turns":3},{"damage":8,"enemies":"3 Louse","floor":7,"turns":3},{"damage":22,"enemies":"Gremlin Nob","floor":8,"turns":4},{"damage":4,"enemies":"Blue Slaver","floor":11,"turns":3},{"damage":2,"enemies":"Exordium Wildlife","floor":14,"turns":5},{"damage":24,"enemies":"The Guardian","floor":16,"turns":13},{"damage":24,"enemies":"2 Thieves","floor":18,"turns":4},{"damage":16,"enemies":"Chosen","floor":21,"turns":5},{"damage":11,"enemies":"Snake Plant","floor":22,"turns":7},{"damage":23,"enemies":"Slavers","floor":23,"turns":3},{"damage":3,"enemies":"Snecko","floor":27,"turns":3},{"damage":12,"enemies":"Centurion and Healer","floor":31,"turns":4},{"damage":0,"enemies":"Automaton","floor":33,"turns":1},{"damage":9,"enemies":"3 Shapes","floor":35,"turns":2},{"damage":15,"enemies":"Orb Walker","floor":37,"turns":4},{"damage":0,"enemies":"Jaw Worm Horde","floor":44,"turns":1},{"damage":37,"enemies":"Sphere and 2 Shapes","floor":45,"turns":5},{"damage":18,"enemies":"Transient","floor":47,"turns":5},{"damage":60,"enemies":"infinitespire:MassOfShapes","floor":50,"turns":10}],"seed_played":"6767116834812849759","potions_obtained":[{"floor":3,"key":"Fire Potion"},{"floor":8,"key":"Weak Potion"},{"floor":14,"key":"SneckoOil"},{"floor":21,"key":"DuplicationPotion"},{"floor":22,"key":"SteroidPotion"},{"floor":31,"key":"SmokeBomb"},{"floor":33,"key":"Elixir"},{"floor":44,"key":"Poison Potion"},{"floor":45,"key":"Adrenaline Potion"},{"floor":49,"key":"conspire:TimeTravelPotion"},{"floor":49,"key":"Ancient Potion"}],"is_trial":false,"path_per_floor":["M","?","M","M","?","R","M","E","T","R","M","R","$","M","R","B",null,"M","?","AVR","M","M","E","?","R","T","M","$","R","?","M","R","B",null,"M","?","M","AVR","?","R","$","?","T","M","M","R","M","$","R","B",null],"character_chosen":"THE_SILENT","items_purchased":["Poisoned Stab","ClockworkSouvenir","Jack Of All Trades","Atom Bomb","TwistedFunnel","conspire:Banana"],"campfire_rested":5,"item_purchase_floors":[13,13,28,28,41,41],"current_hp_per_floor":[74,78,79,79,79,79,75,57,57,79,79,79,79,79,79,59,79,59,59,59,62,55,36,36,59,59,62,62,79,79,71,71,77,79,74,64,55,55,55,78,78,78,78,79,47,71,60,60,60,17],"gold":15,"neow_bonus":"RANDOM_EVENT","is_daily":false,"chose_seed":false,"campfire_upgraded":4,"win_rate":0.0,"timestamp":1611969632,"path_taken":["M","?","M","M","?","R","M","E","T","R","M","R","$","?","R","BOSS","M","?","AVR","M","M","E","?","R","T","M","?","R","?","M","R","BOSS","M","?","M","AVR","?","R","?","?","T","M","M","R","?","$","R","BOSS"],"items_purchased_type":["Card","Relic","Card","Card","Relic","Card"],"build_version":"2020-12-22","purchased_purges":2,"victory":true,"max_hp_per_floor":[75,79,79,79,79,79,79,79,79,79,79,79,79,79,79,79,79,79,79,79,79,79,79,79,79,79,79,79,79,79,79,79,79,79,79,79,79,79,79,79,79,79,79,79,80,80,81,81,81,82],"card_choices":[{"not_picked":["Deflect","Sneak Up"],"picked":"Poisoned Stab","floor":1},{"not_picked":["Bouncing Flask","Fluid Movement"],"picked":"All Out Attack","floor":3},{"not_picked":["Tactician","Backflip","Acrobatics"],"picked":"SKIP","floor":4},{"not_picked":["Deflect","hubris:SlightOfHand"],"picked":"Blur","floor":7},{"not_picked":["Eviscerate","Caltrops"],"picked":"Sucker Punch","floor":8},{"not_picked":["Footwork","Dagger Throw"],"picked":"Dodge and Roll","floor":11},{"not_picked":["ReplayTheSpireMod:Scrap Shanks","Choke","Prepared"],"picked":"SKIP","floor":14},{"not_picked":["Doppelganger","Venomology"],"picked":"Corpse Explosion","floor":16},{"not_picked":["Reflex","Blade Dance","Outmaneuver+1"],"picked":"SKIP","floor":18},{"not_picked":["Footwork","ReplayTheSpireMod:Tripwire","Dodge and Roll"],"picked":"SKIP","floor":21},{"not_picked":["Dash","Distraction+1","Backflip+1"],"picked":"SKIP","floor":22},{"not_picked":["Backflip","Cloak And Dagger"],"picked":"Noxious Fumes","floor":23},{"not_picked":["Cloak And Dagger","Acrobatics+1","Escape Plan"],"picked":"SKIP","floor":27},{"not_picked":["Cloak And Dagger+1","Dagger Throw","Sucker Punch+1"],"picked":"SKIP","floor":31},{"not_picked":["Acrobatics","Dodge and Roll+1"],"picked":"Deadly Poison","floor":35},{"not_picked":["Backflip","hubris:SlightOfHand","Bane"],"picked":"SKIP","floor":37},{"not_picked":["Bane+1","Deflect"],"picked":"Deadly Poison+1","floor":44},{"not_picked":["Slice","Flying Knee+1","Dagger Throw"],"picked":"SKIP","floor":45},{"not_picked":["PiercingWail","Underhanded Strike"],"picked":"Catalyst","floor":47}],"player_experience":123777,"relics_obtained":[{"floor":8,"key":"Ancient Tea Set"},{"floor":9,"key":"Replay:Baseball"},{"floor":23,"key":"Blood Vial"},{"floor":26,"key":"infinitespire:FocusingShard"},{"floor":42,"key":"infinitespire:Beetle Shell"},{"floor":43,"key":"infinitespire:PuzzleCube"}],"event_choices":[{"damage_healed":0,"gold_gain":0,"player_choice":"Donut","damage_taken":0,"max_hp_gain":5,"max_hp_loss":0,"event_name":"Big Fish","floor":0,"gold_loss":0},{"damage_healed":0,"gold_gain":100,"player_choice":"Pray","damage_taken":0,"max_hp_gain":0,"max_hp_loss":0,"event_name":"Golden Shrine","floor":5,"gold_loss":0},{"damage_healed":0,"gold_gain":0,"player_choice":"Inject Mutagens","damage_taken":0,"relics_obtained":["MutagenicStrength"],"max_hp_gain":0,"max_hp_loss":0,"event_name":"Drug Dealer","floor":30,"gold_loss":0},{"damage_healed":0,"gold_gain":0,"player_choice":"Embrace Madness","damage_taken":10,"max_hp_gain":0,"max_hp_loss":0,"event_name":"Winding Halls","floor":36,"gold_loss":0,"cards_obtained":["Madness","Madness"]},{"damage_healed":0,"gold_gain":0,"player_choice":"Relic","damage_taken":0,"max_hp_gain":0,"max_hp_loss":0,"event_name":"Wheel of Change","floor":42,"gold_loss":0}],"is_beta":false,"boss_relics":[{"not_picked":["Honey Jar","ReplayTheSpireMod:DimensionalGlitch"],"picked":"hubris:HollowSoul"},{"not_picked":["Snecko Eye","Replay:Ancient Bell","Kintsugi"]}],"items_purged_floors":[38,48],"is_endless":false,"potions_floor_spawned":[3,8,14,21,22,31,33,44,45],"ascension_level":1}}