{"host":"290egjt91b2tngam","time":1611978804,"event":{"mods":["BaseMod","Colored Map","Colored Powertips","Downfall","Hubris","Infinite Spire","Marisa????????","Minty Spire (QoL Compilation)","Replay The Spire","StSLib","The Bug Knight","The Cursed","The Servant 0.9.4"],"gold_per_floor":[99,115,107,133,149,180,180,180,93,108,123,123,151,1,21,126,126,126,142,210,210,210,244,316,216,235,245,105,118,118,143,162,162,162,162],"floor_reached":33,"language":"ENG","playtime":2536,"items_purged":["downfall:Aged"],"score":329,"play_id":"2299d6d1-2f87-42e5-9523-b91d063b47a0","local_time":"20210130105324","is_ascension_mode":false,"campfire_choices":[{"floor":1.0,"key":"DIG"},{"data":"hexamod:PhantomFireball","floor":8.0,"key":"SMITH"},{"data":"hexamod:SpectersWail","floor":12.0,"key":"SMITH"},{"data":"hexamod:ForkedFlame","floor":18.0,"key":"SMITH"},{"data":"hexamod:SecondSeal","floor":25,"key":"PURGE"},{"data":"hexamod:GhostflameInferno","floor":30,"key":"SMITH"}],"circlet_count":0,"master_deck":["hexamod:Sear","hexamod:Float","hexamod:RadiantFlame","hexamod:FirstSeal","hexamod:Firestarter+1","hexamod:NightmareStrike","hexamod:PhantomFireball+1","hexamod:TimeWarp+1","hexamod:SpectralAdrenaline","hexamod:SpectersWail+1","hexamod:Haunt","hexamod:HexaLevel","hexamod:AdvancingGuard","hexamod:FifthSeal","hexamod:Incineration","hexamod:HeatCrush","hexamod:NightmareStrike","hexamod:FastForward","hexamod:HeatMetal","hexamod:TurnItUp","hexamod:ForkedFlame+1","hexamod:NightmareGuise","hexamod:SixthSeal","hexamod:BurningTouch","hexamod:FourthSeal","hexamod:WildfireWeapon","hexamod:ShieldOfDarkness+1","hexamod:AdvancingGuard+1","hexamod:SwordOfDarkness+1","hexamod:GhostShield+1","hexamod:GhostflameInferno+1","expansioncontent:DashGenerateEvil","hexamod:SecondSeal","hexamod:BacktrackSmack","hexamod:ThermalTransfer+1"],"relics":["hexamod:SpiritBrand","Replay:Kaleidoscope","hubris:SlimyHat","Pocketwatch","Durian","Pandora\u0027s Box","ReplayTheSpireMod:CursedCoin","hubris:BottledHeart","hubris:Reverence","Peace Pipe","infinitespire:ShieldingShard","downfall:HeartBlessingGreen","Lee\u0027s Waffle"],"acts_visited":["Exordium","TheCity"],"potions_floor_usage":[23,23,28,31,33],"damage_taken":[{"damage":0.0,"enemies":"Small Slimes","floor":2.0,"turns":3.0},{"damage":1.0,"enemies":"2 Louse","floor":4.0,"turns":3.0},{"damage":0.0,"enemies":"Cultist","floor":5.0,"turns":3.0},{"damage":39.0,"enemies":"3 Sentries","floor":6.0,"turns":11.0},{"damage":0.0,"enemies":"downfall:FleeingMerchant","floor":9.0,"turns":4.0},{"damage":5.0,"enemies":"Large Slime","floor":10.0,"turns":4.0},{"damage":10.0,"enemies":"2 Fungi Beasts","floor":11.0,"turns":4.0},{"damage":8.0,"enemies":"Gremlin Nob","floor":13.0,"turns":3.0},{"damage":1.0,"enemies":"Blue Slaver","floor":15.0,"turns":3.0},{"damage":22.0,"enemies":"IC_STATUS_ARCHETYPE","floor":16.0,"turns":5.0},{"damage":6.0,"enemies":"Spheric Guardian","floor":19.0,"turns":4.0},{"damage":10,"enemies":"downfall:FleeingMerchant","floor":20,"turns":4},{"damage":0,"enemies":"Nightmare","floor":23,"turns":7},{"damage":0,"enemies":"3 Byrds","floor":26,"turns":3},{"damage":0,"enemies":"Centurion and Healer","floor":27,"turns":3},{"damage":0,"enemies":"downfall:FleeingMerchant","floor":28,"turns":5},{"damage":0,"enemies":"Shelled Parasite and Fungi","floor":29,"turns":3},{"damage":0,"enemies":"Snake Plant","floor":31,"turns":3},{"damage":0,"enemies":"Centurion and Healer","floor":32,"turns":5},{"damage":3,"enemies":"DF_ARCHETYPE_CLAW","floor":33,"turns":8}],"seed_played":"882381917486994201","potions_obtained":[{"floor":4.0,"key":"FearPotion"},{"floor":6.0,"key":"LiquidBronze"},{"floor":13.0,"key":"Dexterity Potion"},{"floor":15.0,"key":"Languid Potion"},{"floor":23,"key":"Flashbang"},{"floor":23,"key":"CultistPotion"},{"floor":29,"key":"Toxic Potion"},{"floor":31,"key":"SteroidPotion"}],"is_trial":false,"path_per_floor":["R_BF","M","?","M","M","E","T","R","$","M","M","R","E","?","M","B",null,"R","M","$","?","?","NM","T","R","M","M","$","M","R","M","M","B"],"character_chosen":"THE_SPIRIT","items_purchased":["hexamod:SpectralAdrenaline","ReplayTheSpireMod:CursedCoin","Lee\u0027s Waffle","hexamod:GhostflameInferno","expansioncontent:DashGenerateEvil"],"campfire_rested":0,"item_purchase_floors":[9,20,28,28,28],"current_hp_per_floor":[77,77,70,76,76,44,44,44,51,53,50,50,54,92,91,69,92,92,86,83,1,1,1,1,1,1,1,1,1,1,1,1,0,0,0],"gold":162,"neow_bonus":"TEN_PERCENT_HP_BONUS","is_daily":false,"chose_seed":false,"campfire_upgraded":4,"win_rate":0.0,"timestamp":1611978804,"path_taken":["R_BF","M","?","M","M","E","T","R","$","M","M","R","E","?","M","BOSS","R","M","?","?","?","NM","T","R","M","M","?","M","R","M","M","BOSS"],"items_purchased_type":["Card","Relic","Relic","Card","Card"],"build_version":"2020-12-22","purchased_purges":1,"victory":false,"max_hp_per_floor":[77,77,77,77,77,77,77,77,77,77,77,77,82,92,92,92,92,92,92,92,1,1,1,1,1,1,1,1,1,1,1,1,1,1,1],"card_choices":[{"not_picked":["hexamod:ThermalTransfer","hexamod:Hexaguard"],"picked":"hexamod:RadiantFlame","floor":2.0},{"not_picked":["hexamod:BurningTouch","hexamod:GhostShield"],"picked":"hexamod:Firestarter","floor":4.0},{"not_picked":["hexamod:EmpoweredFlame","hexamod:SwordOfDarkness"],"picked":"hexamod:NightmareStrike","floor":5.0},{"not_picked":["hexamod:NecessarySacrifice","hexamod:HeatMetal"],"picked":"hexamod:PhantomFireball","floor":6.0},{"not_picked":["hexamod:PhantomCloak","hexamod:Hexaguard"],"picked":"hexamod:TimeWarp","floor":9.0},{"not_picked":["hexamod:RadiantFlame","hexamod:HeatMetal"],"picked":"hexamod:SpectersWail","floor":10.0},{"not_picked":["hexamod:Firestarter","hexamod:PhantomFireball"],"picked":"hexamod:Haunt","floor":11.0},{"not_picked":["hexamod:PhantomCloak","hexamod:NightmareStrike"],"picked":"hexamod:HexaLevel","floor":13.0},{"not_picked":["hexamod:Firestarter","hexamod:HeatShield"],"picked":"hexamod:AdvancingGuard","floor":15.0},{"not_picked":["hexamod:TimeWarp","hexamod:TurnItUp"],"picked":"hexamod:FifthSeal","floor":16.0},{"not_picked":["hexamod:FirstSeal","hexamod:FourthSeal"],"picked":"hexamod:SixthSeal","floor":19},{"not_picked":["hexamod:BacktrackSmack","hexamod:GhostLash"],"picked":"hexamod:BurningTouch","floor":19},{"not_picked":["hexamod:ThirdSeal","hexamod:FirstSeal"],"picked":"hexamod:FourthSeal","floor":20},{"not_picked":["hexamod:ThermalTransfer+1","hexamod:AdvancingGuard+1"],"picked":"hexamod:WildfireWeapon","floor":20},{"not_picked":["hexamod:NightmareGuise+1","hexamod:BurningTouch"],"picked":"hexamod:ShieldOfDarkness+1","floor":23},{"not_picked":["hexamod:BacktrackSmack","hexamod:DynamicBlow"],"picked":"hexamod:AdvancingGuard+1","floor":26},{"not_picked":["hexamod:NightmareGuise+1","hexamod:HexaLevel"],"picked":"hexamod:SwordOfDarkness","floor":27},{"not_picked":["hexamod:BurningTouch","hexamod:InspiringFlames"],"picked":"hexamod:GhostShield+1","floor":28},{"not_picked":["hexamod:SwordOfDarkness","hexamod:PhantomFireball"],"picked":"hexamod:SecondSeal","floor":29},{"not_picked":["hexamod:Firestarter","hexamod:NightmareGuise"],"picked":"hexamod:BacktrackSmack","floor":31},{"not_picked":["hexamod:BurningTouch","hexamod:SecondSeal"],"picked":"hexamod:ThermalTransfer+1","floor":32}],"player_experience":743014,"relics_obtained":[{"floor":1.0,"key":"Replay:Kaleidoscope"},{"floor":6.0,"key":"hubris:SlimyHat"},{"floor":7.0,"key":"Pocketwatch"},{"floor":13.0,"key":"Durian"},{"floor":23,"key":"Peace Pipe"},{"floor":24,"key":"infinitespire:ShieldingShard"}],"event_choices":[],"is_beta":false,"boss_relics":[{"not_picked":["Fusion Hammer","Kintsugi"],"picked":"Pandora\u0027s Box"}],"items_purged_floors":[20],"is_endless":true,"potions_floor_spawned":[4,6,13,15,23,26,27],"killed_by":"DF_ARCHETYPE_CLAW","ascension_level":0}}