{"host":"6zxkll9nensv7d24","time":1611969322,"event":{"mods":["2.2 Compatiblity","AchievementEnabler","Act Like it!","Bard","BaseMod","Better Match","Better Note","Better Third Choice","Better Vampires","BetterRewards","Conspire","Curses Come First","Displayed Cursed Tome","Downfall","Duelist Mod","Hallownest","Hubris","Hyrulean Relics","Infinite Spire","Minty Spire (QoL Compilation)","Replay The Spire","Small Relic Pack","StSLib","The Bug Knight","Transform Curses"],"gold_per_floor":[211,230,230,230,248,248,262,262,262,297,104,104,197,208,208,208,208],"floor_reached":16,"language":"ENG","playtime":1148,"items_purged":["Burn"],"score":100,"play_id":"de621f28-b277-41cd-b1df-1f001d2a543d","local_time":"20210129191522","is_ascension_mode":false,"campfire_choices":[{"data":"HollowMod:DoubleDash","floor":6,"key":"SMITH"},{"floor":8,"key":"REST"},{"floor":12,"key":"REST"},{"floor":15,"key":"REST"}],"circlet_count":0,"master_deck":["HollowMod:NailStrikeStart","HollowMod:NailStrikeStart","HollowMod:NailStrikeStart+1","HollowMod:NailStrikeStart","HollowMod:QuickDashStart","HollowMod:QuickDashStart","HollowMod:QuickDashStart","HollowMod:QuickDashStart","HollowMod:FocusHealStart","HollowMod:PogoStrike","HollowMod:DoubleDash+1","HollowMod:HuntersJournal","HollowMod:MonarchWings","HollowMod:AbyssShriek","HollowMod:DescendingDark","HollowMod:SoulStrike","HollowMod:BaldurShell","HollowMod:VengefulSpirit","HollowMod:FallenFury","HollowMod:CrystalDash","HollowMod:CloakDash"],"relics":["HollowMod:VesselMask","Replay:Bottled Flurry","CaptainsWheel"],"acts_visited":["Exordium"],"potions_floor_usage":[10],"damage_taken":[{"damage":0,"enemies":"Cultist","floor":1,"turns":4},{"damage":2,"enemies":"2 Louse","floor":2,"turns":3},{"damage":1,"enemies":"Jaw Worm","floor":5,"turns":3},{"damage":11,"enemies":"3 Louse","floor":7,"turns":4},{"damage":52,"enemies":"Gremlin Nob","floor":10,"turns":6},{"damage":13,"enemies":"Exordium Thugs","floor":14,"turns":3},{"damage":46,"enemies":"HollowMod:FalseKnight","floor":16,"turns":15}],"seed_played":"8504922229501638118","potions_obtained":[{"floor":1,"key":"bronze:BurnAndBuffPotion"}],"is_trial":false,"path_per_floor":["M","M","?","?","M","R","M","R","T","E","$","R","?","M","R","B"],"character_chosen":"THE_BUGKNIGHT","items_purchased":["HollowMod:SoulStrike","HollowMod:BaldurShell"],"campfire_rested":3,"item_purchase_floors":[11,11],"current_hp_per_floor":[75,73,73,73,72,72,61,75,75,29,29,51,21,8,30,0,0],"gold":208,"neow_bonus":"HUNDRED_GOLD","is_daily":false,"chose_seed":false,"campfire_upgraded":1,"win_rate":0.0,"timestamp":1611969322,"path_taken":["M","M","?","?","M","R","M","R","T","E","$","R","?","?","R","BOSS"],"items_purchased_type":["Card","Card"],"build_version":"2020-12-22","purchased_purges":1,"victory":false,"max_hp_per_floor":[75,75,75,75,75,75,75,75,75,75,75,75,75,75,75,75,75],"card_choices":[{"not_picked":["HollowMod:SoulShaman","HollowMod:ChannelNail"],"picked":"HollowMod:DoubleDash","floor":1},{"not_picked":["HollowMod:SoulVessel","HollowMod:HowlingWraiths"],"picked":"HollowMod:HuntersJournal","floor":2},{"not_picked":["HollowMod:DescendingDark","HollowMod:DoubleDash"],"picked":"HollowMod:MonarchWings","floor":5},{"not_picked":["HollowMod:TaintedHusks","HollowMod:CornifersMapStart"],"picked":"HollowMod:AbyssShriek","floor":7},{"not_picked":["HollowMod:NewInfectedGuardian","HollowMod:SoulSplash"],"picked":"HollowMod:DescendingDark","floor":10},{"not_picked":["HollowMod:HowlingWraiths","HollowMod:SiblingsShadow"],"picked":"HollowMod:VengefulSpirit","floor":13},{"not_picked":["HollowMod:HuntersJournal","HollowMod:DreamGate"],"picked":"HollowMod:FallenFury","floor":13},{"not_picked":["HollowMod:SoulStrike","HollowMod:DungDefenderAura"],"picked":"HollowMod:CrystalDash","floor":13},{"not_picked":["HollowMod:GreatSlash","HollowMod:CrystalDash"],"picked":"HollowMod:CloakDash","floor":14}],"player_experience":109486,"relics_obtained":[{"floor":9,"key":"Replay:Bottled Flurry"},{"floor":10,"key":"CaptainsWheel"}],"event_choices":[{"damage_healed":73,"gold_gain":0,"player_choice":"Embrace Burn","damage_taken":0,"max_hp_gain":0,"max_hp_loss":75,"event_name":"betterThird:BetterShining","floor":4,"gold_loss":0}],"is_beta":false,"boss_relics":[],"items_purged_floors":[11],"is_endless":false,"potions_floor_spawned":[1],"killed_by":"HollowMod:FalseKnight","ascension_level":0}}