{"host":"nwd160me4iqdtr8u","time":1611988774,"event":{"mods":["AchievementEnabler","Act Like it!","BaseMod","Colored Map","DeckTracker","Keyboard Shortcuts","Minty Spire (QoL Compilation)","Quick Restart","Rare Cards Sparkle","StSLib","SuperFastMode","everything is the same but u backflip on backflip"],"gold_per_floor":[111,128,143,159,334,364,364,364,414,426,426,436,436,25,25,130,130,140,15,15,15,15,31,31,43,120,120,153,184,184,197,197,293,293,305,124,142,152,165,165,165,165,239,52,82,82,92,110,110,110],"floor_reached":51,"language":"KOR","playtime":2392,"items_purged":["Doubt","Reprogram+1"],"score":916,"play_id":"1b5b3689-b681-4bf1-80f8-7357bc5e8a00","local_time":"20210130153934","is_ascension_mode":true,"campfire_choices":[{"data":"Dualcast","floor":7.0,"key":"SMITH"},{"data":"Zap","floor":11.0,"key":"SMITH"},{"data":"Glacier","floor":15.0,"key":"SMITH"},{"data":"Defragment","floor":24.0,"key":"SMITH"},{"data":"Skim","floor":27.0,"key":"SMITH"},{"data":"Defragment","floor":30.0,"key":"SMITH"},{"data":"Core Surge","floor":32.0,"key":"SMITH"},{"data":"Loop","floor":40.0,"key":"SMITH"},{"data":"Sweeping Beam","floor":42.0,"key":"SMITH"},{"data":"Sweeping Beam","floor":46,"key":"PURGE"},{"floor":49,"key":"REST"}],"circlet_count":0,"master_deck":["Zap+1","Dualcast+1","Skim+1","Ball Lightning","Glacier+1","BootSequence+1","Reboot+1","Darkness+1","Cold Snap","Good Instincts+1","Turbo+1","Rainbow+1","Coolheaded+1","Core Surge+1","Sweeping Beam+1","Chaos+1","Amplify+1","Coolheaded+1","Rainbow+1","Defragment+1","Chaos+1","Steam+1","Redo+1","Conserve Battery+1","Hologram+1","Stack+1","Defragment+1","Lockon+1","Loop+1","Chill+1","Capacitor","Aggregate+1","Undo+1"],"relics":["Cracked Core","Pen Nib","Toxic Egg 2","Omamori","Membership Card","Gambling Chip","Pandora\u0027s Box","Bronze Scales","Centennial Puzzle","Molten Egg 2","Red Mask","Boot","Bottled Tornado","Peace Pipe","StoneCalendar"],"acts_visited":["Exordium","TheCity","TheBeyond"],"potions_floor_usage":[50,50,50],"damage_taken":[{"damage":1.0,"enemies":"Cultist","floor":1.0,"turns":4.0},{"damage":5.0,"enemies":"2 Louse","floor":2.0,"turns":2.0},{"damage":7.0,"enemies":"Small Slimes","floor":3.0,"turns":2.0},{"damage":4.0,"enemies":"Red Slaver","floor":4.0,"turns":3.0},{"damage":14.0,"enemies":"Gremlin Nob","floor":6.0,"turns":4.0},{"damage":0.0,"enemies":"2 Fungi Beasts","floor":10.0,"turns":2.0},{"damage":0.0,"enemies":"Looter","floor":12.0,"turns":2.0},{"damage":0.0,"enemies":"Slime Boss","floor":16.0,"turns":4.0},{"damage":0.0,"enemies":"Spheric Guardian","floor":18.0,"turns":3.0},{"damage":0.0,"enemies":"Chosen","floor":23.0,"turns":4.0},{"damage":2.0,"enemies":"Centurion and Healer","floor":25.0,"turns":6.0},{"damage":2.0,"enemies":"Masked Bandits","floor":28.0,"turns":4.0},{"damage":0.0,"enemies":"Slavers","floor":29.0,"turns":4.0},{"damage":0.0,"enemies":"Snake Plant","floor":31.0,"turns":3.0},{"damage":41.0,"enemies":"Collector","floor":33.0,"turns":7.0},{"damage":4.0,"enemies":"Orb Walker","floor":35.0,"turns":3.0},{"damage":0.0,"enemies":"3 Shapes","floor":37.0,"turns":4.0},{"damage":28.0,"enemies":"Transient","floor":38.0,"turns":5.0},{"damage":0.0,"enemies":"Maw","floor":39.0,"turns":7.0},{"damage":15.0,"enemies":"Giant Head","floor":45.0,"turns":7.0},{"damage":0,"enemies":"Jaw Worm Horde","floor":47,"turns":4},{"damage":17,"enemies":"Writhing Mass","floor":48,"turns":5},{"damage":43,"enemies":"Time Eater","floor":50,"turns":11}],"seed_played":"570830685305323681","potions_obtained":[{"floor":1.0,"key":"Ancient Potion"},{"floor":2.0,"key":"FearPotion"},{"floor":4.0,"key":"Ancient Potion"},{"floor":6.0,"key":"EssenceOfDarkness"},{"floor":16.0,"key":"BlessingOfTheForge"},{"floor":18.0,"key":"EssenceOfSteel"},{"floor":31.0,"key":"FocusPotion"},{"floor":35.0,"key":"SteroidPotion"},{"floor":47,"key":"Dexterity Potion"}],"is_trial":false,"path_per_floor":["M","M","M","M","?","E","R","?","T","M","R","M","?","$","R","B",null,"M","$","?","?","?","M","R","M","T","R","?","E","R","M","R","B",null,"M","$","M","M","M","R","?","R","T","$","E","R","M","M","R","B",null],"character_chosen":"DEFECT","items_purchased":["Membership Card","Gambling Chip","Coolheaded+1","Redo+1","Bronze Scales","Conserve Battery+1","Chill+1","Capacitor","Fruit Juice","Peace Pipe","DistilledChaos"],"campfire_rested":1,"item_purchase_floors":[14,14,14,19,19,19,36,36,36,44,44],"current_hp_per_floor":[74,69,62,58,58,44,44,44,44,44,44,44,49,49,49,49,80,80,80,80,80,80,80,80,78,78,78,76,76,76,76,76,35,80,76,81,81,53,53,53,53,53,53,53,38,38,38,21,46,3],"gold":110,"neow_bonus":"RANDOM_COMMON_RELIC","is_daily":false,"chose_seed":false,"campfire_upgraded":9,"win_rate":0.0,"timestamp":1611988774,"path_taken":["M","?","M","M","?","E","R","?","T","?","R","M","?","$","R","BOSS","M","$","?","?","?","M","R","M","T","R","?","E","R","M","R","BOSS","M","$","M","M","M","R","?","R","T","$","E","R","M","?","R","BOSS"],"items_purchased_type":["Relic","Relic","Card","Card","Relic","Card","Card","Card","Potion","Relic","Potion"],"build_version":"2020-12-22","purchased_purges":2,"victory":true,"max_hp_per_floor":[75,75,75,75,75,75,75,75,75,75,75,75,80,80,80,80,80,80,80,80,80,80,80,80,80,80,80,80,80,80,80,80,80,80,80,85,85,85,85,85,85,85,85,85,85,85,85,85,85,85],"card_choices":[{"not_picked":["Beam Cell","Go for the Eyes"],"picked":"Skim","floor":1.0},{"not_picked":["Gash","Reinforced Body"],"picked":"Ball Lightning","floor":2.0},{"not_picked":["Reinforced Body","Ball Lightning"],"picked":"Sweeping Beam","floor":3.0},{"not_picked":["Melter","Rebound"],"picked":"Glacier","floor":4.0},{"not_picked":["Auto Shields+1","Aggregate+1"],"picked":"BootSequence+1","floor":6.0},{"not_picked":["Reprogram+1","Heatsinks"],"picked":"Turbo+1","floor":10.0},{"not_picked":["Turbo+1","Fusion+1"],"picked":"Rainbow+1","floor":12.0},{"not_picked":["Creative AI","Fission+1"],"picked":"Core Surge","floor":16.0},{"not_picked":["Glacier+1","Rebound"],"picked":"Steam+1","floor":18.0},{"not_picked":["Cold Snap","Sweeping Beam","Hologram+1"],"picked":"SKIP","floor":23.0},{"not_picked":["Go for the Eyes","Cold Snap"],"picked":"Stack+1","floor":25.0},{"not_picked":["Go for the Eyes+1","Coolheaded+1"],"picked":"Defragment","floor":29.0},{"not_picked":["Scrape+1","Conserve Battery+1"],"picked":"Lockon+1","floor":31.0},{"not_picked":["Beam Cell+1","Conserve Battery+1"],"picked":"Loop","floor":35.0},{"not_picked":["Coolheaded+1","Gash+1","Glacier+1"],"picked":"SKIP","floor":37.0},{"not_picked":["Leap+1","Cold Snap+1","Steam+1"],"picked":"SKIP","floor":38.0},{"not_picked":["Tempest+1","Gash+1"],"picked":"Aggregate+1","floor":39.0},{"not_picked":["Gash+1","Chaos+1"],"picked":"Undo+1","floor":45.0},{"not_picked":["Double Energy+1","FTL+1","Ball Lightning+1"],"picked":"SKIP","floor":47},{"not_picked":["Storm+1","Gash+1","Amplify+1"],"picked":"SKIP","floor":48}],"player_experience":327950,"relics_obtained":[{"floor":6.0,"key":"Toxic Egg 2"},{"floor":9.0,"key":"Omamori"},{"floor":26.0,"key":"Molten Egg 2"},{"floor":28.0,"key":"Red Mask"},{"floor":29.0,"key":"Boot"},{"floor":43.0,"key":"Bottled Tornado"},{"floor":45.0,"key":"StoneCalendar"}],"event_choices":[{"damage_healed":0.0,"max_hp_gain":0.0,"max_hp_loss":0.0,"gold_gain":175.0,"event_name":"Liars Game","player_choice":"AGREE","floor":5.0,"gold_loss":0.0,"damage_taken":0.0,"cards_obtained":["Doubt"]},{"damage_healed":0.0,"max_hp_gain":0.0,"max_hp_loss":0.0,"gold_gain":0.0,"event_name":"Match and Keep!","player_choice":"4 cards matched","floor":8.0,"gold_loss":0.0,"damage_taken":0.0,"cards_obtained":["Reboot","Darkness","Cold Snap","Good Instincts"]},{"damage_healed":0.0,"max_hp_gain":0.0,"max_hp_loss":0.0,"gold_gain":0.0,"event_name":"Match and Keep!","player_choice":"4 cards matched","floor":8.0,"gold_loss":0.0,"damage_taken":0.0,"cards_obtained":["Reboot","Darkness","Cold Snap","Good Instincts"]},{"damage_healed":0.0,"max_hp_gain":5.0,"max_hp_loss":0.0,"gold_gain":0.0,"event_name":"Big Fish","player_choice":"Donut","floor":13.0,"gold_loss":0.0,"damage_taken":0.0},{"damage_healed":0.0,"max_hp_gain":0.0,"max_hp_loss":0.0,"gold_gain":0.0,"event_name":"The Library","player_choice":"Read","floor":20.0,"gold_loss":0.0,"damage_taken":0.0,"cards_obtained":["Hologram"]},{"damage_healed":0.0,"max_hp_gain":0.0,"max_hp_loss":0.0,"gold_gain":0.0,"event_name":"Vampires","player_choice":"Ignored","floor":21.0,"gold_loss":0.0,"damage_taken":0.0},{"damage_healed":0.0,"max_hp_gain":0.0,"max_hp_loss":0.0,"gold_gain":0.0,"event_name":"The Mausoleum","player_choice":"Opened","floor":22.0,"gold_loss":0.0,"damage_taken":0.0,"relics_obtained":["Centennial Puzzle"],"cards_obtained":["Writhe"]},{"damage_healed":0.0,"max_hp_gain":0.0,"max_hp_loss":0.0,"gold_gain":0.0,"event_name":"Masked Bandits","player_choice":"Fought Bandits","floor":28.0,"gold_loss":0.0,"damage_taken":0.0},{"damage_healed":0.0,"max_hp_gain":0.0,"max_hp_loss":0.0,"gold_gain":0.0,"event_name":"Wheel of Change","player_choice":"Cursed","floor":41.0,"gold_loss":0.0,"damage_taken":0.0,"cards_obtained":["Decay"]}],"is_beta":false,"boss_relics":[{"not_picked":["Astrolabe","Nuclear Battery"],"picked":"Pandora\u0027s Box"},{"not_picked":["Runic Dome","Inserter","Snecko Eye"]}],"items_purged_floors":[14,36],"is_endless":false,"potions_floor_spawned":[1,2,4,6,16,18,28,31,35,47,48],"ascension_level":4}}