{"host":"zig6x0mxqzam82fb","time":1611980649,"event":{"mods":["BaseMod","Block Reminder","Colored Map","Colored Powertips","Marisa????????","Minty Spire (QoL Compilation)","Relic Stats","StSLib","The Cursed","The Marked","Waifu the Spire"],"gold_per_floor":[16,16,16,30,46,87,87,100,100,134,159,172,193,213,213,342,342,362,362,385,399,415,415,448,723,723,736,757,757,772,797,797,916,916,939,420,420,444,512,559,191,220,220,220,553,553,16,30,30,30],"floor_reached":51,"language":"ENG","playtime":5876,"items_purged":["TheCursedMod:PrepareRite"],"score":878,"play_id":"b56471b4-8477-4229-9196-48f56a67a5f8","local_time":"20210129232409","is_ascension_mode":true,"campfire_choices":[{"data":"TheCursedMod:HellsGateOpen","floor":7,"key":"SMITH"},{"data":"TheCursedMod:HellfireBreathing","floor":15,"key":"SMITH"},{"data":"TheCursedMod:ReleasedKnowledge","floor":23,"key":"SMITH"},{"floor":29,"key":"REST"},{"floor":32,"key":"REST"},{"floor":44,"key":"REST"},{"floor":46,"key":"REST"},{"data":"TheCursedMod:VoidForm","floor":49,"key":"SMITH"}],"circlet_count":0,"master_deck":["TheCursedMod:CursedWand","TheCursedMod:Dregs","TheCursedMod:CursedBoomerang","TheCursedMod:CircleOfAbyss","TheCursedMod:BlessingInDisguise","Injury","TheCursedMod:CircleOfCorruption","TheCursedMod:HellsGateOpen+1","TheCursedMod:BlessingInDisguise","TheCursedMod:RapidMovement","TheCursedMod:CursedBlade","TheCursedMod:HellfireBreathing+1","TheCursedMod:CircleOfCorruption","TheCursedMod:CursedBoomerang","TheCursedMod:VoidForm+1","TheCursedMod:Obscuration+1","TheCursedMod:ReleasedKnowledge+1","TheCursedMod:CursedAmulet+1","TheCursedMod:WearCloak+1","Regret","TheCursedMod:Obscuration+1","TheCursedMod:FleshFromBone+1","TheCursedMod:AbyssShockwave","TheCursedMod:CursedMace+1","TheCursedMod:NeowsMight+1","TheCursedMod:TroublousMinions+1","TheCursedMod:ReleasedKnowledge+1","TheCursedMod:Neurasthenia+1","TheCursedMod:Torture+1","TheCursedMod:OutForBlood","TheCursedMod:Stigma","TheCursedMod:CursedSpellbook+1","Conserve Battery+1","TheCursedMod:CursedAmulet+1","TheCursedMod:SurpriseAttack","Finesse+1"],"relics":["TheCursedMod:BlackMagic101","Nunchaku","Happy Flower","StrikeDummy","Philosopher\u0027s Stone","TheCursedMod:Tack","Toxic Egg 2","Calipers","Pandora\u0027s Box","Strawberry","Vajra","PrismaticShard","CatCart","CeramicFish","Bag of Marbles","Frozen Eye","Darkstone Periapt","Mango","Medical Kit"],"acts_visited":["Exordium","TheCity","TheBeyond"],"potions_floor_usage":[10,12,24,24,38,40,50,50,50],"damage_taken":[{"damage":1,"enemies":"Cultist","floor":1,"turns":3},{"damage":4,"enemies":"Jaw Worm","floor":4,"turns":4},{"damage":1,"enemies":"2 Louse","floor":5,"turns":2},{"damage":12,"enemies":"3 Sentries","floor":6,"turns":8},{"damage":5,"enemies":"Lots of Slimes","floor":8,"turns":3},{"damage":0,"enemies":"Gremlin Nob","floor":10,"turns":3},{"damage":4,"enemies":"Large Slime","floor":11,"turns":6},{"damage":0,"enemies":"3 Louse","floor":12,"turns":2},{"damage":0,"enemies":"2 Fungi Beasts","floor":13,"turns":2},{"damage":2,"enemies":"Looter","floor":14,"turns":2},{"damage":29,"enemies":"The Guardian","floor":16,"turns":10},{"damage":7,"enemies":"Shell Parasite","floor":18,"turns":4},{"damage":5,"enemies":"Chosen","floor":20,"turns":4},{"damage":10,"enemies":"Shelled Parasite and Fungi","floor":21,"turns":3},{"damage":3,"enemies":"Sentry and Sphere","floor":22,"turns":4},{"damage":0,"enemies":"Gremlin Leader","floor":24,"turns":4},{"damage":18,"enemies":"Cultist and Chosen","floor":27,"turns":5},{"damage":1,"enemies":"Chosen and Byrds","floor":28,"turns":7},{"damage":6,"enemies":"3 Cultists","floor":30,"turns":5},{"damage":0,"enemies":"Snake Plant","floor":31,"turns":3},{"damage":14,"enemies":"Automaton","floor":33,"turns":8},{"damage":11,"enemies":"Orb Walker","floor":35,"turns":3},{"damage":15,"enemies":"3 Shapes","floor":38,"turns":5},{"damage":7,"enemies":"Orin","floor":39,"turns":7},{"damage":10,"enemies":"Reptomancer","floor":40,"turns":6},{"damage":30,"enemies":"Transient","floor":42,"turns":5},{"damage":6,"enemies":"4 Shapes","floor":48,"turns":1},{"damage":35,"enemies":"Awakened One","floor":50,"turns":9}],"seed_played":"2388387151355494837","potions_obtained":[{"floor":1,"key":"Ancient Potion"},{"floor":4,"key":"DistilledChaos"},{"floor":6,"key":"Swift Potion"},{"floor":11,"key":"AttackPotion"},{"floor":16,"key":"Explosive Potion"},{"floor":27,"key":"Strength Potion"},{"floor":28,"key":"TheCursedMod:DregsPotion"},{"floor":33,"key":"Energy Potion"},{"floor":38,"key":"Regen Potion"},{"floor":40,"key":"LiquidBronze"}],"is_trial":false,"path_per_floor":["M","?","$","M","M","E","R","M","T","E","M","M","M","M","R","B",null,"M","?","M","M","M","R","E","?","T","M","M","R","M","M","R","B",null,"M","$","?","M","?","E","$","M","T","R","?","R","$","M","R","B",null],"character_chosen":"THE_CURSED","items_purchased":["Strawberry","Vajra","PrismaticShard","Bag of Marbles","Frozen Eye","TheCursedMod:CursedAmulet+1","TheCursedMod:SurpriseAttack","Mango","DistilledChaos","Medical Kit"],"campfire_rested":4,"item_purchase_floors":[36,36,36,41,41,41,41,47,47,47],"current_hp_per_floor":[74,74,74,70,69,57,57,52,52,52,48,48,48,46,46,17,75,68,68,63,53,50,50,50,50,50,32,31,53,47,47,69,55,75,64,71,71,56,49,54,54,24,24,48,48,72,86,80,80,45],"gold":30,"neow_bonus":"TRANSFORM_TWO_CARDS","is_daily":false,"chose_seed":false,"campfire_upgraded":4,"win_rate":0.0,"timestamp":1611980649,"path_taken":["M","?","$","M","M","E","R","M","T","E","M","M","M","M","R","BOSS","M","?","M","M","M","R","E","?","T","?","M","R","M","M","R","BOSS","M","$","?","M","?","E","$","M","T","R","?","R","?","M","R","BOSS"],"items_purchased_type":["Relic","Relic","Relic","Relic","Relic","Card","Card","Relic","Potion","Relic"],"build_version":"2020-12-22","purchased_purges":1,"victory":true,"max_hp_per_floor":[75,75,75,75,75,75,75,75,75,75,75,75,75,75,75,75,75,75,75,75,75,75,75,75,75,75,75,75,75,75,75,75,75,75,75,82,82,82,82,82,82,82,82,82,82,82,96,96,96,96],"relic_stats":{"Darkstone Periapt":0,"Nunchaku":[19],"Happy Flower":[36],"counters":[28,127],"CeramicFish":36,"Pandora\u0027s Box":["TheCursedMod:TroublousMinions","TheCursedMod:ReleasedKnowledge","TheCursedMod:Neurasthenia","TheCursedMod:Torture","TheCursedMod:OutForBlood","TheCursedMod:Stigma"],"Medical Kit":[0],"obtain_stats":[{"Darkstone Periapt":43,"TheCursedMod:BlackMagic101":0,"Calipers":26,"Happy Flower":9,"Golden Idol":2,"TheCursedMod:Tack":19,"CeramicFish":40,"Vajra":36,"Mango":47,"PrismaticShard":36,"Medical Kit":47,"Frozen Eye":41,"Nunchaku":6,"Strawberry":36,"Philosopher\u0027s Stone":17,"Pandora\u0027s Box":34,"Bag of Marbles":41,"Toxic Egg 2":24,"CatCart":39,"StrikeDummy":10},{"Darkstone Periapt":26,"TheCursedMod:BlackMagic101":0,"Calipers":16,"Happy Flower":5,"Golden Idol":1,"TheCursedMod:Tack":12,"CeramicFish":25,"Vajra":22,"Mango":26,"PrismaticShard":22,"Medical Kit":26,"Frozen Eye":25,"Nunchaku":4,"Strawberry":22,"Philosopher\u0027s Stone":11,"Pandora\u0027s Box":21,"Bag of Marbles":25,"Toxic Egg 2":16,"CatCart":24,"StrikeDummy":6},{"Darkstone Periapt":117,"TheCursedMod:BlackMagic101":0,"Calipers":63,"Happy Flower":20,"Golden Idol":3,"TheCursedMod:Tack":48,"CeramicFish":112,"Vajra":94,"Mango":117,"PrismaticShard":94,"Medical Kit":117,"Frozen Eye":112,"Nunchaku":17,"Strawberry":94,"Philosopher\u0027s Stone":44,"Pandora\u0027s Box":91,"Bag of Marbles":112,"Toxic Egg 2":63,"CatCart":106,"StrikeDummy":23}]},"card_choices":[{"not_picked":["TheCursedMod:Hemoplague","TheCursedMod:SoulCrush"],"picked":"TheCursedMod:BlessingInDisguise","floor":1},{"not_picked":["TheCursedMod:ManaBullet","TheCursedMod:CursedBlade"],"picked":"TheCursedMod:CircleOfCorruption","floor":4},{"not_picked":["TheCursedMod:FuryStrike","TheCursedMod:TacticalStrike"],"picked":"TheCursedMod:HellsGateOpen","floor":5},{"not_picked":["TheCursedMod:Evocation","TheCursedMod:SoulCrush"],"picked":"TheCursedMod:BlessingInDisguise","floor":6},{"not_picked":["TheCursedMod:CursedMace","TheCursedMod:BlessingInDisguise"],"picked":"TheCursedMod:RapidMovement","floor":8},{"not_picked":["TheCursedMod:CursedSpellbook","TheCursedMod:CircleOfWindfury"],"picked":"TheCursedMod:CursedBlade","floor":10},{"not_picked":["TheCursedMod:FuryStrike","TheCursedMod:Stretching"],"picked":"TheCursedMod:HellfireBreathing","floor":11},{"not_picked":["TheCursedMod:CursedAmulet","TheCursedMod:FuryStrike"],"picked":"TheCursedMod:CircleOfCorruption","floor":12},{"not_picked":["TheCursedMod:BloodBarrier","TheCursedMod:HellsGateOpen"],"picked":"TheCursedMod:PrepareRite","floor":13},{"not_picked":["TheCursedMod:CircleOfAmplification","TheCursedMod:SmokeScreen"],"picked":"TheCursedMod:CursedBoomerang","floor":14},{"not_picked":["TheCursedMod:OutForBlood","TheCursedMod:StunningStrike"],"picked":"TheCursedMod:VoidForm","floor":16},{"not_picked":["TheCursedMod:CursedStaff","TheCursedMod:Hemoplague"],"picked":"TheCursedMod:Obscuration+1","floor":18},{"not_picked":["TheCursedMod:Stigma+1","TheCursedMod:RavingStaff"],"picked":"TheCursedMod:ReleasedKnowledge","floor":20},{"not_picked":["TheCursedMod:CursedBlade","TheCursedMod:Torture","TheCursedMod:FuryStrike"],"picked":"SKIP","floor":21},{"not_picked":["TheCursedMod:CursedShiv","TheCursedMod:Stretching"],"picked":"TheCursedMod:CursedAmulet+1","floor":22},{"not_picked":["TheCursedMod:CursedBoomerang","TheCursedMod:CircleOfFlame+1"],"picked":"TheCursedMod:WearCloak+1","floor":24},{"not_picked":["TheCursedMod:RavingStaff","TheCursedMod:VitalStrike"],"picked":"TheCursedMod:Obscuration+1","floor":27},{"not_picked":["TheCursedMod:Wield","TheCursedMod:AbyssShockwave"],"picked":"TheCursedMod:FleshFromBone+1","floor":28},{"not_picked":["TheCursedMod:CircleOfFocus+1","TheCursedMod:SoulCrush"],"picked":"TheCursedMod:AbyssShockwave","floor":30},{"not_picked":["TheCursedMod:AbyssShockwave+1","TheCursedMod:ShockAndAwe"],"picked":"TheCursedMod:CursedMace+1","floor":31},{"not_picked":["TheCursedMod:ManaCirculation","TheCursedMod:DemonSword"],"picked":"TheCursedMod:NeowsMight+1","floor":33},{"not_picked":["TheCursedMod:SpitefulStrike","TheCursedMod:RavingStaff+1"],"picked":"TheCursedMod:CursedSpellbook+1","floor":35},{"not_picked":["Heel Hook","Barrage","Slice+1"],"picked":"SKIP","floor":38},{"not_picked":["Spot Weakness+1","WitchOfGreed+1"],"picked":"Conserve Battery+1","floor":40},{"not_picked":["Sucker Punch+1","theMarked:ElectricStrings+1"],"picked":"Finesse+1","floor":42},{"not_picked":["WitchOfGreed","OpenUniverse+1","theMarked:Opportunist+1"],"picked":"SKIP","floor":48}],"player_experience":495910,"relics_obtained":[{"floor":6,"key":"Nunchaku"},{"floor":9,"key":"Happy Flower"},{"floor":10,"key":"StrikeDummy"},{"floor":24,"key":"Toxic Egg 2"},{"floor":26,"key":"Calipers"},{"floor":39,"key":"CatCart"},{"floor":40,"key":"CeramicFish"},{"floor":43,"key":"Darkstone Periapt"}],"event_choices":[{"damage_healed":0,"gold_gain":0,"player_choice":"Take Wound","damage_taken":0,"relics_obtained":["Golden Idol"],"max_hp_gain":0,"max_hp_loss":0,"event_name":"Golden Idol","floor":2,"gold_loss":0,"cards_obtained":["Injury"]},{"damage_healed":0,"gold_gain":0,"player_choice":"Opened","damage_taken":0,"relics_obtained":["TheCursedMod:Tack"],"max_hp_gain":0,"max_hp_loss":0,"event_name":"The Mausoleum","floor":19,"gold_loss":0},{"damage_healed":0,"gold_gain":275,"player_choice":"Desecrate","damage_taken":0,"max_hp_gain":0,"max_hp_loss":0,"event_name":"Golden Shrine","floor":25,"gold_loss":0,"cards_obtained":["Regret"]},{"cards_removed":["TheCursedMod:CleanUpWorkshop"],"damage_healed":0,"gold_gain":0,"player_choice":"Removed Skill","damage_taken":0,"max_hp_gain":0,"max_hp_loss":0,"event_name":"Falling","floor":37,"gold_loss":0},{"damage_healed":0,"gold_gain":0,"player_choice":"Fight","damage_taken":0,"max_hp_gain":0,"max_hp_loss":0,"event_name":"OrinTheCat","floor":39,"gold_loss":0},{"damage_healed":0,"gold_gain":333,"player_choice":"Gave Idol","damage_taken":0,"max_hp_gain":0,"max_hp_loss":0,"event_name":"The Moai Head","floor":45,"relics_lost":["Golden Idol"],"gold_loss":0}],"is_beta":false,"boss_relics":[{"not_picked":["Astrolabe","Runic Dome"],"picked":"Philosopher\u0027s Stone"},{"not_picked":["Tiny House","Runic Pyramid"],"picked":"Pandora\u0027s Box"}],"items_purged_floors":[36],"is_endless":false,"potions_floor_spawned":[1,4,6,11,16,20,22,27,28,33,38,40,42],"ascension_level":1}}