{"host":"oeddu058k4r8wzo0","time":1611994569,"event":{"mods":["BaseMod","Colored Map","Colored Powertips","Highlight Path","Minty Spire (QoL Compilation)","Quick Restart","StSLib","Wandering Minibosses"],"gold_per_floor":[114,114,114,129,229,229,259,274,324,324,354,369,19,49,49,149,149,164,164,179,194,194,224,6,6,31,31,31,31],"floor_reached":28,"language":"ENG","playtime":1760,"items_purged":["Defend_R","Bite"],"score":404,"play_id":"05d3b084-d5f0-4491-aa02-43403d9656b1","local_time":"20210130001609","daily_mods":["Specialized","Colorless Cards","Terminal"],"is_ascension_mode":false,"campfire_choices":[{"data":"Bash","floor":6.0,"key":"SMITH"},{"data":"Thinking Ahead","floor":10.0,"key":"SMITH"},{"floor":15.0,"key":"DIG"},{"data":"Whirlwind","floor":25,"key":"SMITH"},{"data":"Searing Blow+1","floor":27,"key":"SMITH"}],"circlet_count":0,"master_deck":["Defend_R","Defend_R","Defend_R","Bash+1","Flame Barrier","Flame Barrier","Flame Barrier","Flame Barrier","Flex","Pummel","Thinking Ahead+1","Dramatic Entrance","Madness","Evolve","Hemokinesis","The Bomb","Inflame","Bite","Bite","Bite","Bite","Searing Blow+2","Whirlwind+1","Necronomicurse","Whirlwind+1","Ghostly Armor"],"relics":["Burning Blood","Potion Belt","Smiling Mask","Juzu Bracelet","HornCleat","Shovel","PreservedInsect","Charon\u0027s Ashes","Coffee Dripper","Necronomicon","Pear","Membership Card","Bag of Preparation"],"acts_visited":["Exordium","TheCity"],"potions_floor_usage":[21,21],"damage_taken":[{"damage":0.0,"enemies":"Cultist","floor":1.0,"turns":4.0},{"damage":4.0,"enemies":"Jaw Worm","floor":4.0,"turns":5.0},{"damage":0.0,"enemies":"3 Sentries","floor":7.0,"turns":11.0},{"damage":0.0,"enemies":"Small Slimes","floor":8.0,"turns":3.0},{"damage":30.0,"enemies":"Lagavulin","floor":11.0,"turns":9.0},{"damage":6.0,"enemies":"Exordium Wildlife","floor":12.0,"turns":4.0},{"damage":4.0,"enemies":"Gremlin Nob","floor":14.0,"turns":4.0},{"damage":4.0,"enemies":"Hexaghost","floor":16.0,"turns":9.0},{"damage":13.0,"enemies":"3 Byrds","floor":18.0,"turns":3.0},{"damage":2.0,"enemies":"Shell Parasite","floor":20.0,"turns":4.0},{"damage":13,"enemies":"Centurion and Healer","floor":21,"turns":5},{"damage":0,"enemies":"Book of Stabbing","floor":23,"turns":4},{"damage":1,"enemies":"Gremlin Leader","floor":28,"turns":2}],"seed_played":"-828330817948855686","potions_obtained":[{"floor":4.0,"key":"AttackPotion"},{"floor":11.0,"key":"CultistPotion"},{"floor":12.0,"key":"EntropicBrew"},{"floor":14.0,"key":"SteroidPotion"},{"floor":16.0,"key":"PowerPotion"}],"is_trial":false,"path_per_floor":["M","?","?","M","?","R","E","M","T","R","E","M","$","E","R","B",null,"M","?","M","M","?","E","$","R","T","R","E"],"character_chosen":"IRONCLAD","items_purchased":["Shovel","Membership Card","Ghostly Armor"],"campfire_rested":0,"item_purchase_floors":[13,24,24],"current_hp_per_floor":[78,82,81,80,79,78,77,76,75,74,50,50,50,52,52,54,67,60,45,44,43,27,47,47,47,47,47,46,46],"gold":31,"neow_bonus":"","is_daily":true,"chose_seed":false,"campfire_upgraded":4,"win_rate":0.0,"timestamp":1611994569,"path_taken":["M","?","?","?","?","R","E","?","T","R","E","M","?","E","R","BOSS","M","?","M","M","?","E","?","R","T","R","E"],"items_purchased_type":["Relic","Relic","Card"],"build_version":"2020-12-22","purchased_purges":2,"victory":false,"max_hp_per_floor":[78,82,81,80,79,78,77,76,75,74,73,72,71,70,69,68,67,66,45,44,43,42,51,50,49,48,47,47,47],"card_choices":[{"not_picked":["Pommel Strike","Uppercut"],"picked":"Flex","floor":1.0},{"not_picked":["Clothesline","Searing Blow"],"picked":"Pummel","floor":4.0},{"not_picked":["Flame Barrier","Headbutt"],"picked":"Thinking Ahead","floor":7.0},{"not_picked":["Bloodletting","Wild Strike"],"picked":"Dramatic Entrance","floor":8.0},{"not_picked":["Body Slam","Clothesline"],"picked":"Madness","floor":11.0},{"not_picked":["Perfected Strike","Sword Boomerang"],"picked":"Evolve","floor":12.0},{"not_picked":["True Grit","Shrug It Off"],"picked":"Hemokinesis","floor":14.0},{"not_picked":["Master of Strategy","Corruption"],"picked":"The Bomb","floor":16.0},{"not_picked":["Warcry","Clothesline"],"picked":"Inflame","floor":18.0},{"not_picked":["Clash","Clothesline"],"picked":"Searing Blow+1","floor":20.0},{"not_picked":["Heavy Blade","Armaments"],"picked":"Whirlwind","floor":21},{"not_picked":["Juggernaut","Uppercut+1"],"picked":"Whirlwind+1","floor":23}],"player_experience":1351001,"relics_obtained":[{"floor":7.0,"key":"Smiling Mask"},{"floor":9.0,"key":"Juzu Bracelet"},{"floor":11.0,"key":"HornCleat"},{"floor":14.0,"key":"PreservedInsect"},{"floor":15.0,"key":"Charon\u0027s Ashes"},{"floor":22,"key":"Necronomicon"},{"floor":23,"key":"Pear"},{"floor":26,"key":"Bag of Preparation"}],"event_choices":[{"damage_healed":0.0,"max_hp_gain":5.0,"max_hp_loss":0.0,"gold_gain":0.0,"event_name":"Big Fish","player_choice":"Donut","floor":2.0,"gold_loss":0.0,"damage_taken":0.0},{"cards_removed":["Flame Barrier"],"damage_healed":0.0,"max_hp_gain":0.0,"max_hp_loss":0.0,"gold_gain":0.0,"event_name":"WeMeetAgain","player_choice":"Gave Card","floor":3.0,"gold_loss":0.0,"damage_taken":0.0,"relics_obtained":["Potion Belt"]},{"damage_healed":0.0,"max_hp_gain":0.0,"max_hp_loss":0.0,"gold_gain":100.0,"event_name":"Golden Shrine","player_choice":"Pray","floor":5.0,"gold_loss":0.0,"damage_taken":0.0},{"damage_healed":0.0,"max_hp_gain":0.0,"max_hp_loss":20.0,"gold_gain":0.0,"event_name":"Vampires","player_choice":"Became a vampire","floor":19.0,"gold_loss":0.0,"damage_taken":0.0,"cards_obtained":["Bite","Bite","Bite","Bite","Bite"]},{"damage_healed":0,"gold_gain":0,"player_choice":"Obtained Book","damage_taken":16,"max_hp_gain":0,"max_hp_loss":0,"event_name":"Cursed Tome","floor":22,"gold_loss":0}],"is_beta":false,"boss_relics":[{"not_picked":["Calling Bell","Runic Dome"],"picked":"Coffee Dripper"}],"items_purged_floors":[13,24],"is_endless":false,"potions_floor_spawned":[4,11,12,14,16],"killed_by":"Gremlin Leader","ascension_level":0}}