{"host":"c52z9ixzgdjttcmx","time":1611975862,"event":{"mods":["BaseMod","Colored Powertips","Downfall","Filter the Spire","Minty Spire (QoL Compilation)","Rare Cards Sparkle","Relic Stats","StSLib"],"gold_per_floor":[99,99,99,274,199,149,199,5,35,35,35,66,89,74,74,169,169,19,34,52,152,252,102,102,130,143,93,109,94,120,134,151,251,251,201,216,215,235,289,319,319,346,41,58,12,26,26,52,64,64],"floor_reached":51,"language":"ENG","playtime":4264,"items_purged":["Slimebound:Strike_Slimebound","Slimebound:Strike_Slimebound"],"score":866,"play_id":"b932a585-cc40-4c3f-8e3a-4ecd552db274","local_time":"20210129210422","is_ascension_mode":true,"campfire_choices":[{"data":"Slimebound:Split","floor":1,"key":"SMITH"},{"data":"Slimebound:SplitBruiser","floor":6,"key":"SMITH"},{"floor":10,"key":"RECALL"},{"data":"expansioncontent:YouAreMine","floor":18,"key":"SMITH"},{"data":"Slimebound:LevelUp","floor":23,"key":"SMITH"},{"data":"Slimebound:Teamwork","floor":27,"key":"SMITH"},{"data":"Slimebound:RallyTheTroops","floor":35,"key":"SMITH"},{"data":"expansioncontent:DashGenerateEvil","floor":47,"key":"SMITH"}],"circlet_count":0,"master_deck":["Slimebound:Strike_Slimebound","Slimebound:Tackle","Slimebound:Defend_Slimebound","Slimebound:Defend_Slimebound","Slimebound:Defend_Slimebound","Slimebound:Defend_Slimebound","Slimebound:Split+1","Slimebound:CorrosiveSpit","Slimebound:LivingWall","Slimebound:SplitBruiser+1","Doubt","Slimebound:MegaLick","expansioncontent:YouAreMine+1","Slimebound:Prepare","Slimebound:SplitSpecialist","Slimebound:LivingWall+1","Slimebound:LeechingTouch","Slimebound:Teamwork+1","Slimebound:FinishingTackle","Slimebound:HauntingLick+1","Slimebound:LevelUp+1","Slimebound:SlimeTap","Slimebound:GoopSpray","Slimebound:DivideAndConquer+1","Slimebound:Nibble","Slimebound:Equalize","Slimebound:Schlurp+1","Slimebound:SlimeBrawl+1","Slimebound:RallyTheTroops+1","Slimebound:Dissolve","Slimebound:HauntingLick+1","expansioncontent:DashGenerateEvil+1","Slimebound:LeadByExample","expansioncontent:Chronoboost","Slimebound:RejuvenatingLick","Slimebound:SlimeSpikes","Slimebound:Schlurp+1","Slimebound:LivingWall","Slimebound:SplitMire","Slimebound:SplitAcid","Slimebound:LevelUp","Slimebound:SlimeBarrage","expansioncontent:LastStand","Slimebound:LeechEnergy","expansioncontent:Hexaburn","Slimebound:FirmFortitude","Slimebound:Repurpose+1","Slimebound:ForwardTackle+1"],"relics":["Slimebound:AbsorbEndCombatUpgraded","downfall:HeartsMalice","Slimebound:GreedOozeRelic","Orichalcum","Membership Card","Omamori","Toy Ornithopter","Bronze Scales","bronze:MakeshiftBattery","downfall:HeartBlessingRed","Dead Branch","Mercury Hourglass","downfall:HeartBlessingGreen","Slimebound:SlimedTailRelic","Boot","Ice Cream","Bag of Marbles","Calipers","Oddly Smooth Stone","Mummified Hand","Medical Kit","War Paint","Slimebound:PotencyRelic"],"acts_visited":["Exordium","TheCity","TheBeyond"],"potions_floor_usage":[],"damage_taken":[{"damage":0,"enemies":"Jaw Worm","floor":2,"turns":1},{"damage":0,"enemies":"2 Louse","floor":3,"turns":1},{"damage":0,"enemies":"downfall:FleeingMerchant","floor":8,"turns":1},{"damage":13,"enemies":"Lagavulin","floor":9,"turns":7},{"damage":13,"enemies":"Gremlin Nob","floor":12,"turns":5},{"damage":0,"enemies":"downfall:FleeingMerchant","floor":14,"turns":4},{"damage":0,"enemies":"Cultist","floor":15,"turns":1},{"damage":15,"enemies":"SI_SHIV_ARCHETYPE","floor":16,"turns":9},{"damage":0,"enemies":"Chosen","floor":19,"turns":4},{"damage":0,"enemies":"Spheric Guardian","floor":20,"turns":2},{"damage":22,"enemies":"DF_ARCHETYPE_STREAMLINE","floor":21,"turns":9},{"damage":1,"enemies":"Gremlin Leader","floor":25,"turns":6},{"damage":7,"enemies":"Snake Plant","floor":26,"turns":3},{"damage":0,"enemies":"3 Cultists","floor":28,"turns":4},{"damage":18,"enemies":"downfall:FleeingMerchant","floor":29,"turns":4},{"damage":6,"enemies":"Slavers","floor":30,"turns":4},{"damage":5,"enemies":"Snecko","floor":31,"turns":4},{"damage":0,"enemies":"Chosen and Byrds","floor":32,"turns":3},{"damage":0,"enemies":"WA_ARCHETYPE_CALM","floor":33,"turns":7},{"damage":0,"enemies":"Orb Walker","floor":36,"turns":2},{"damage":6,"enemies":"downfall:FleeingMerchant","floor":37,"turns":3},{"damage":4,"enemies":"3 Darklings","floor":38,"turns":3},{"damage":12,"enemies":"2 Orb Walkers","floor":39,"turns":3},{"damage":6,"enemies":"Giant Head","floor":40,"turns":7},{"damage":4,"enemies":"Reptomancer","floor":42,"turns":4},{"damage":14,"enemies":"Sphere and 2 Shapes","floor":44,"turns":3},{"damage":0,"enemies":"Jaw Worm Horde","floor":46,"turns":3},{"damage":24,"enemies":"Nemesis","floor":48,"turns":7},{"damage":9,"enemies":"Writhing Mass","floor":49,"turns":3},{"damage":7,"enemies":"DF_ARCHETYPE_ORBS","floor":50,"turns":5}],"seed_played":"624603292785770975","potions_obtained":[{"floor":12,"key":"Slimebound:SlimedPotion"},{"floor":16,"key":"DuplicationPotion"},{"floor":21,"key":"Dexterity Potion"},{"floor":40,"key":"GamblersBrew"}],"is_trial":false,"path_per_floor":["R","M","M","?","?","R","T","$","E","R","?","E","T","$","M","B",null,"R","M","M","?","?","R","T","E","M","R","M","$","E","M","M","B",null,"R","M","$","M","?","E","T","E","?","M","$","M","R","E","M","B",null],"character_chosen":"SLIMEBOUND","items_purchased":["Membership Card","expansioncontent:YouAreMine","Bag of Marbles","expansioncontent:DashGenerateEvil","Slimebound:LeadByExample","expansioncontent:Chronoboost","Slimebound:RejuvenatingLick","Slimebound:SlimeSpikes","Medical Kit","Slimebound:LevelUp","Slimebound:SlimeBarrage","War Paint","expansioncontent:LastStand","expansioncontent:Hexaburn"],"campfire_rested":0,"item_purchase_floors":[8,8,37,37,37,37,37,37,43,43,43,43,43,45],"current_hp_per_floor":[65,65,65,65,65,65,65,65,56,56,56,47,47,51,51,44,65,65,65,65,47,47,47,47,54,51,51,55,58,52,49,57,65,65,65,65,62,64,56,65,65,61,61,53,53,65,65,53,59,62],"gold":64,"neow_bonus":"THREE_ENEMY_KILL","is_daily":false,"chose_seed":false,"campfire_upgraded":7,"win_rate":0.0,"timestamp":1611975862,"path_taken":["R","M","M","?","?","R","T","$","E","R","?","E","?","$","M","BOSS","R","M","M","?","?","R","T","E","M","R","M","?","E","M","M","BOSS","R","M","$","?","?","E","T","E","?","M","$","M","R","E","M","BOSS"],"items_purchased_type":["Relic","Card","Relic","Card","Card","Card","Card","Card","Relic","Card","Card","Relic","Card","Card"],"build_version":"2020-12-22","purchased_purges":2,"victory":true,"max_hp_per_floor":[65,65,65,65,65,65,65,65,65,65,65,65,65,65,65,65,65,65,65,65,65,65,65,65,65,65,65,65,65,65,65,65,65,65,65,65,65,65,65,65,65,65,65,65,65,65,65,65,65,65],"relic_stats":{"counters":[30,113],"Mummified Hand":[33],"Bronze Scales":[266],"Dead Branch":[241],"Orichalcum":[84],"War Paint":["Slimebound:HauntingLick","Slimebound:LivingWall"],"Boot":[19],"Medical Kit":[0],"obtain_stats":[{"Ice Cream":30,"Calipers":39,"downfall:HeartBlessingGreen":23,"Boot":25,"downfall:BrokenWingStatue":11,"Mummified Hand":42,"downfall:HeartBlessingRed":18,"Dead Branch":21,"Oddly Smooth Stone":40,"downfall:HeartsMalice":0,"Omamori":9,"Orichalcum":7,"War Paint":43,"Medical Kit":43,"Mercury Hourglass":21,"Slimebound:PotencyRelic":48,"Slimebound:GreedOozeRelic":5,"Bronze Scales":13,"Slimebound:AbsorbEndCombat":0,"Bag of Marbles":37,"Membership Card":8,"Slimebound:AbsorbEndCombatUpgraded":34,"Toy Ornithopter":12,"bronze:MakeshiftBattery":17,"Slimebound:SlimedTailRelic":24},{"Ice Cream":16,"Calipers":23,"downfall:HeartBlessingGreen":11,"Boot":12,"downfall:BrokenWingStatue":4,"Mummified Hand":25,"downfall:HeartBlessingRed":8,"Dead Branch":11,"Oddly Smooth Stone":24,"downfall:HeartsMalice":0,"Omamori":4,"Orichalcum":2,"War Paint":25,"Medical Kit":25,"Mercury Hourglass":11,"Slimebound:PotencyRelic":28,"Slimebound:GreedOozeRelic":2,"Bronze Scales":5,"Slimebound:AbsorbEndCombat":0,"Bag of Marbles":21,"Membership Card":3,"Slimebound:AbsorbEndCombatUpgraded":19,"Toy Ornithopter":5,"bronze:MakeshiftBattery":8,"Slimebound:SlimedTailRelic":11},{"Ice Cream":59,"Calipers":83,"downfall:HeartBlessingGreen":39,"Boot":45,"downfall:BrokenWingStatue":7,"Mummified Hand":93,"downfall:HeartBlessingRed":25,"Dead Branch":39,"Oddly Smooth Stone":90,"downfall:HeartsMalice":0,"Omamori":7,"Orichalcum":0,"War Paint":93,"Medical Kit":93,"Mercury Hourglass":39,"Slimebound:PotencyRelic":105,"Slimebound:GreedOozeRelic":0,"Bronze Scales":11,"Slimebound:AbsorbEndCombat":0,"Bag of Marbles":77,"Membership Card":0,"Slimebound:AbsorbEndCombatUpgraded":72,"Toy Ornithopter":11,"bronze:MakeshiftBattery":25,"Slimebound:SlimedTailRelic":39}],"Toy Ornithopter":0,"Mercury Hourglass":[267]},"card_choices":[{"not_picked":["Slimebound:HauntingLick","Slimebound:BestDefense"],"picked":"Slimebound:LivingWall","floor":2},{"not_picked":["Slimebound:Replication","Slimebound:FormOfPuddle"],"picked":"Slimebound:SplitBruiser","floor":3},{"not_picked":["Slimebound:Nibble","Slimebound:Recycling"],"picked":"Slimebound:MegaLick","floor":8},{"not_picked":["Slimebound:SlimeSpikes","Slimebound:Replication"],"picked":"Slimebound:Prepare","floor":9},{"not_picked":["Slimebound:GoopTackle","Slimebound:Prepare"],"picked":"Slimebound:SplitSpecialist","floor":12},{"not_picked":["Slimebound:Recollect","Slimebound:RainOfGoop"],"picked":"Slimebound:LivingWall","floor":14},{"not_picked":["Slimebound:SplitLeeching","Slimebound:HauntingLick"],"picked":"Slimebound:LeechingTouch","floor":15},{"not_picked":["Slimebound:OozeBath","Slimebound:DuplicatedForm"],"picked":"Slimebound:Teamwork","floor":16},{"not_picked":["Slimebound:Grow","Slimebound:FlameTackle"],"picked":"Slimebound:FinishingTackle","floor":19},{"not_picked":["Slimebound:Grow+1","Slimebound:ItLooksTasty"],"picked":"Slimebound:HauntingLick+1","floor":20},{"not_picked":["Slimebound:RollThrough","Slimebound:LeechEnergy"],"picked":"Slimebound:LevelUp","floor":21},{"not_picked":["Slimebound:SplitLeeching","Slimebound:SplitMire"],"picked":"Slimebound:SlimeTap","floor":25},{"not_picked":["Slimebound:Replication","Slimebound:GrowthPunch+1"],"picked":"Slimebound:GoopSpray","floor":26},{"not_picked":["Slimebound:Replication","Slimebound:RollThrough"],"picked":"Slimebound:DivideAndConquer+1","floor":28},{"not_picked":["Slimebound:Replication","Slimebound:LeechEnergy+1"],"picked":"Slimebound:Nibble","floor":29},{"not_picked":["Slimebound:Darklings","Slimebound:FlameTackle"],"picked":"Slimebound:Equalize","floor":30},{"not_picked":["Slimebound:ItLooksTasty","Slimebound:RainOfGoop"],"picked":"Slimebound:Schlurp+1","floor":31},{"not_picked":["Slimebound:SplitBruiser","Slimebound:SamplingLick"],"picked":"Slimebound:SlimeBrawl+1","floor":32},{"not_picked":["Slimebound:Overexert","Slimebound:OneTwoCombo"],"picked":"Slimebound:RallyTheTroops","floor":33},{"not_picked":["Slimebound:DivideAndConquer","Slimebound:Repurpose"],"picked":"Slimebound:Dissolve","floor":36},{"not_picked":["Slimebound:SlimeSpikes+1","Slimebound:SpikyOuterGoop"],"picked":"Slimebound:HauntingLick","floor":37},{"not_picked":["Slimebound:PressTheAttack","Slimebound:SplitBruiser+1"],"picked":"Slimebound:Schlurp+1","floor":38},{"not_picked":["Slimebound:Gluttony","Slimebound:LevelUp"],"picked":"Slimebound:LivingWall","floor":39},{"not_picked":["Slimebound:ViciousTackle+1","Slimebound:LeechEnergy+1"],"picked":"Slimebound:SplitMire","floor":40},{"not_picked":["Slimebound:FinishingTackle","Slimebound:LeechEnergy+1"],"picked":"Slimebound:SplitAcid","floor":42},{"not_picked":["Slimebound:FinishingTackle+1","Slimebound:SplitMire"],"picked":"Slimebound:LeechEnergy","floor":44},{"not_picked":["Slimebound:DisruptingSlam+1","Slimebound:SplitMire+1"],"picked":"Slimebound:FirmFortitude","floor":46},{"not_picked":["Slimebound:ComboTackle","Slimebound:SelfFormingGoo"],"picked":"Slimebound:Repurpose+1","floor":48},{"not_picked":["Slimebound:SamplingLick","Slimebound:MegaLick+1"],"picked":"Slimebound:ForwardTackle+1","floor":49}],"player_experience":3398716,"relics_obtained":[{"floor":7,"key":"Orichalcum"},{"floor":9,"key":"Omamori"},{"floor":12,"key":"Toy Ornithopter"},{"floor":13,"key":"Bronze Scales"},{"floor":21,"key":"Dead Branch"},{"floor":21,"key":"Mercury Hourglass"},{"floor":24,"key":"Slimebound:SlimedTailRelic"},{"floor":25,"key":"Boot"},{"floor":30,"key":"Ice Cream"},{"floor":39,"key":"Calipers"},{"floor":40,"key":"Oddly Smooth Stone"},{"floor":42,"key":"Mummified Hand"},{"floor":48,"key":"Slimebound:PotencyRelic"}],"event_choices":[{"damage_healed":0,"gold_gain":0,"player_choice":"Fight","damage_taken":0,"max_hp_gain":0,"max_hp_loss":0,"event_name":"Mysterious Sphere","floor":39,"gold_loss":0}],"is_beta":false,"boss_relics":[{"not_picked":["Empty Cage","Slimebound:TarBlob"],"picked":"bronze:MakeshiftBattery"},{"not_picked":["Cursed Key","Runic Pyramid"],"picked":"Slimebound:AbsorbEndCombatUpgraded"}],"items_purged_floors":[37,43],"is_endless":false,"potions_floor_spawned":[12,16,21,25,28,30,31,38,40,42,49],"ascension_level":1}}