{"host":"dn6kke80v5f7isus","time":1611991594,"event":{"mods":["AchievementEnabler","Act Like it!","BaseMod","Colored Powertips","Custom Start","Defuse TimeMaze Blight","Gremlin Skip","Highlight Path","Hubris","Infinite Spire","Marisa????????","Minty Spire (QoL Compilation)","Rare Cards Sparkle","Replay The Spire","StSLib","The Servant 0.9.4","Uncapped","Unceasing Turn Reminder"],"gold_per_floor":[117,127,52,144,144,144,155,186,213,213,225,237,237,52,52,8952,8952,8968,8454,8469,8469,8480,8480,8497,8523,8523,8523,8523,8523,8210,8227,8227,8326,8326,8342,8359,8411,8411,8411,8411],"floor_reached":39,"language":"ENG","playtime":1729,"items_purged":["Strike_MRS"],"score":445,"play_id":"2a9b1134-783a-4d02-8094-f8c184c75bcd","local_time":"20210130022634","is_ascension_mode":true,"campfire_choices":[{"floor":6.0,"key":"REST"},{"floor":10.0,"key":"REST"},{"floor":15.0,"key":"REST"},{"data":"Defend_MRS","floor":23.0,"key":"SMITH"},{"data":"Defend_MRS","floor":29.0,"key":"SMITH"},{"floor":32.0,"key":"DIG"}],"circlet_count":0,"master_deck":["Strike_MRS+1","Defend_MRS+1","MasterSpark+1","UpSweep+1","DoubleSpark+1","EarthLightRay+1","DoubleSpark+1","EnergyRecoil+1","PulseMagic+1","PropBag+1","RefractionSpark+1","Parasite","Acceleration+1","ChargingUp+1","DoubleSpark+1","ChargingUp+1","Madness","Madness"],"relics":["BewitchedHakkero","Black Star","infinitespire:Satchel","infinitespire:Eraser","Question Card","Simple Rune","hubris:SlimyHat","Coffee Dripper","Replay:Wax Seal","hubris:64BitClover","Sling","Pet Ghost","ReplayTheSpireMod:Lightbulb","infinitespire:BottledMercury","hubris:Icosahedron","Cauldron","Lantern","Potion Belt","Replay:Bronze Core","Juzu Bracelet","CatCart"],"acts_visited":["Exordium","TheCity","TheBeyond"],"potions_floor_usage":[],"damage_taken":[{"damage":12.0,"enemies":"Jaw Worm","floor":1.0,"turns":7.0},{"damage":6.0,"enemies":"Cultist","floor":2.0,"turns":3.0},{"damage":5.0,"enemies":"Small Slimes","floor":7.0,"turns":4.0},{"damage":32.0,"enemies":"3 Sentries","floor":8.0,"turns":6.0},{"damage":19.0,"enemies":"Blue Slaver","floor":11.0,"turns":3.0},{"damage":25.0,"enemies":"Gremlin Gang","floor":12.0,"turns":4.0},{"damage":100.0,"enemies":"The Guardian","floor":16.0,"turns":13.0},{"damage":28.0,"enemies":"Shell Parasite","floor":18.0,"turns":7.0},{"damage":16.0,"enemies":"3 Byrds","floor":20.0,"turns":6.0},{"damage":37.0,"enemies":"Centurion and Healer","floor":22.0,"turns":6.0},{"damage":21.0,"enemies":"Snake Plant","floor":24.0,"turns":3.0},{"damage":15.0,"enemies":"Slavers","floor":25.0,"turns":3.0},{"damage":10.0,"enemies":"Shelled Parasite and Fungi","floor":31.0,"turns":3.0},{"damage":21.0,"enemies":"Automaton","floor":33.0,"turns":6.0},{"damage":0.0,"enemies":"Orb Walker","floor":35.0,"turns":3.0},{"damage":14,"enemies":"3 Shapes","floor":36,"turns":3},{"damage":0,"enemies":"Orin","floor":37,"turns":3},{"damage":0,"enemies":"Writhing Mass","floor":39,"turns":1}],"seed_played":"5436357998411281396","potions_obtained":[{"floor":1.0,"key":"BlessingOfTheForge"},{"floor":8.0,"key":"LiquidMemories"},{"floor":11.0,"key":"Ancient Potion"},{"floor":18.0,"key":"Ancient Potion"},{"floor":22.0,"key":"CultistPotion"},{"floor":30.0,"key":"LifebloodPotion"},{"floor":30.0,"key":"ShroomBrew"},{"floor":30.0,"key":"DistilledChaos"},{"floor":36,"key":"CultistPotion"}],"is_trial":false,"path_per_floor":["M","M","$","?","T","R","M","E","T","R","M","M","?","$","R","B",null,"M","$","M","?","M","R","M","E","T","?","?","R","$","M","R","B",null,"M","M","?","?","M"],"character_chosen":"MARISA","items_purchased":["EarthLightRay","RefractionSpark","FairyPotion","Replay:Wax Seal","hubris:64BitClover","Sling","Cauldron","Lantern"],"campfire_rested":3,"item_purchase_floors":[3,14,14,19,19,19,30,30],"current_hp_per_floor":[63,57,57,39,39,61,60,32,32,54,39,18,3,3,25,8,75,51,51,39,39,6,75,60,51,51,51,51,51,51,47,47,32,75,75,61,61,52,52,52],"gold":8411,"neow_bonus":"NONE","is_daily":false,"chose_seed":false,"campfire_upgraded":2,"win_rate":0.0,"timestamp":1611991594,"path_taken":["M","M","$","?","?","R","M","E","T","R","M","?","?","$","R","BOSS","M","$","M","?","?","R","M","E","T","?","?","R","$","M","R","BOSS","M","M","?","?","M"],"items_purchased_type":["Card","Card","Potion","Relic","Relic","Relic","Relic","Relic"],"build_version":"2020-12-22","purchased_purges":1,"victory":false,"max_hp_per_floor":[75,75,75,75,75,75,75,75,75,75,75,75,75,75,75,75,75,75,75,75,75,75,75,75,75,75,75,75,75,75,75,75,75,75,75,75,75,75,75,75],"card_choices":[{"not_picked":["ShootingEcho","OpenUniverse"],"picked":"DoubleSpark","floor":1.0},{"not_picked":["GravityBeat","IllusionStar","LuminesStrike"],"picked":"SKIP","floor":2.0},{"not_picked":["StarBarrage","IllusionStar"],"picked":"DoubleSpark","floor":4.0},{"not_picked":["TreasureHunter","PropBag"],"picked":"EnergyRecoil","floor":4.0},{"not_picked":["LuminesStrike","AsteroidBelt"],"picked":"PulseMagic","floor":7.0},{"not_picked":["MachineGunSpark","GrandCross","BlazingStar"],"picked":"SKIP","floor":8.0},{"not_picked":["DarkMatter","GrandCross","MysteriousBeam","6A"],"picked":"SKIP","floor":11.0},{"not_picked":["SprinkleStarSeal","LuminesStrike","PowerUp"],"picked":"PropBag","floor":12.0},{"not_picked":["AsteroidBelt+1","ManaConvection","PowerUp","ShootingEcho"],"picked":"SKIP","floor":18.0},{"not_picked":["GrandCross","MilkyWay+1","WitchLeyline+1","GasGiant"],"picked":"SKIP","floor":20.0},{"not_picked":["BlazeAway","Singularity","AbsoluteMagnitude"],"picked":"Acceleration","floor":22.0},{"not_picked":["Acceleration","WitchLeyline+1","BlazeAway+1"],"picked":"ChargingUp+1","floor":24.0},{"not_picked":["UnstableBomb","LuminesStrike","MeteoricShower","DarkMatter"],"picked":"SKIP","floor":25.0},{"not_picked":["ShootingEcho","UnstableBomb","ChargeUpSpray","StarBarrage"],"picked":"SKIP","floor":31.0},{"not_picked":["OpenUniverse+1","MysteriousBeam+1","SporeBomb+1"],"picked":"DoubleSpark+1","floor":35.0},{"not_picked":["Robbery+1","MysteriousBeam","DragonMeteor+1"],"picked":"ChargingUp+1","floor":36}],"player_experience":403407,"relics_obtained":[{"floor":4.0,"key":"infinitespire:Satchel"},{"floor":5.0,"key":"infinitespire:Eraser"},{"floor":8.0,"key":"Question Card"},{"floor":8.0,"key":"Simple Rune"},{"floor":9.0,"key":"hubris:SlimyHat"},{"floor":25.0,"key":"Pet Ghost"},{"floor":25.0,"key":"ReplayTheSpireMod:Lightbulb"},{"floor":26.0,"key":"infinitespire:BottledMercury"},{"floor":32.0,"key":"Potion Belt"},{"floor":36,"key":"Juzu Bracelet"},{"floor":37,"key":"CatCart"}],"event_choices":[{"damage_healed":0.0,"max_hp_gain":0.0,"max_hp_loss":0.0,"gold_gain":0.0,"event_name":"Shining Light","player_choice":"Entered Light","floor":13.0,"gold_loss":0.0,"damage_taken":15.0,"cards_upgraded":["EnergyRecoil","Defend_MRS"]},{"damage_healed":0.0,"max_hp_gain":0.0,"max_hp_loss":0.0,"gold_gain":0.0,"event_name":"Match and Keep!","player_choice":"1 cards matched","floor":21.0,"gold_loss":0.0,"damage_taken":0.0,"cards_obtained":["Parasite"]},{"damage_healed":0.0,"max_hp_gain":0.0,"max_hp_loss":0.0,"gold_gain":0.0,"event_name":"Back to Basics","player_choice":"Simplicity","floor":28.0,"gold_loss":0.0,"damage_taken":0.0,"cards_upgraded":["Strike_MRS","Defend_MRS"]},{"damage_healed":0,"gold_gain":0,"player_choice":"Fight","damage_taken":0,"max_hp_gain":0,"max_hp_loss":0,"event_name":"OrinTheCat","floor":37,"gold_loss":0},{"damage_healed":0,"gold_gain":0,"player_choice":"Embrace Madness","damage_taken":9,"max_hp_gain":0,"max_hp_loss":0,"event_name":"Winding Halls","floor":38,"gold_loss":0,"cards_obtained":["Madness","Madness"]}],"is_beta":false,"boss_relics":[{"not_picked":["hubris:GrandSneckoEye","Snecko Eye"],"picked":"Coffee Dripper"},{"not_picked":["Runic Dome","Sozu"],"picked":"Replay:Bronze Core"}],"items_purged_floors":[19],"is_endless":false,"potions_floor_spawned":[1,8,11,18,22,24,31,36],"killed_by":"Writhing Mass","ascension_level":1}}