{"host":"q206iib20se9i6w7","time":1611986590,"event":{"mods":["AchievementEnabler","BaseMod","Bestiary","Block Reminder","Colored Map","Colored Powertips","Curses Come First","Highlight Path","Key Reminder","Minty Spire (QoL Compilation)","Quick Restart","Random Character Button","Relic Stats","StSLib","SuperFastMode","Unceasing Turn Reminder"],"gold_per_floor":[19,33,48,68,68,68,100,120,195,195,195,251,251,264,264,368,368,358,377,377,389,162,190,190,190,190],"floor_reached":25,"language":"ENG","playtime":1172,"items_purged":["Strike_P"],"score":357,"play_id":"943246a5-3380-4309-8088-14f22a507d16","local_time":"20210130000310","is_ascension_mode":true,"campfire_choices":[{"data":"Judgement","floor":6,"key":"SMITH"},{"floor":11,"key":"REST"},{"floor":13,"key":"REST"},{"data":"TalkToTheHand","floor":15,"key":"SMITH"},{"floor":24,"key":"REST"}],"circlet_count":0,"master_deck":["AscendersBane","Strike_P","Defend_P+1","Defend_P","Defend_P","Defend_P","Eruption","Vigilance","Judgement+1","CrushJoints","Tantrum+1","Sanctity","Nirvana","TalkToTheHand+1","JustLucky","EmptyBody","SashWhip","Omniscience","Protect","Wallop","Sanctity","Wireheading+1","TalkToTheHand+1","Study+1"],"relics":["PureWater","Bag of Marbles","Frozen Egg 2","Mango","SlaversCollar","DollysMirror","Orichalcum"],"acts_visited":["Exordium","TheCity"],"potions_floor_usage":[7,16,19,23,23],"damage_taken":[{"damage":0,"enemies":"Cultist","floor":1,"turns":2},{"damage":0,"enemies":"2 Louse","floor":2,"turns":2},{"damage":5,"enemies":"Small Slimes","floor":3,"turns":2},{"damage":2,"enemies":"Blue Slaver","floor":4,"turns":2},{"damage":13,"enemies":"Gremlin Nob","floor":7,"turns":3},{"damage":3,"enemies":"3 Louse","floor":8,"turns":3},{"damage":37,"enemies":"Gremlin Nob","floor":12,"turns":4},{"damage":4,"enemies":"Lots of Slimes","floor":14,"turns":4},{"damage":43,"enemies":"Slime Boss","floor":16,"turns":7},{"damage":18,"enemies":"2 Thieves","floor":18,"turns":4},{"damage":8,"enemies":"Shell Parasite","floor":19,"turns":5},{"damage":10,"enemies":"Snecko","floor":21,"turns":7},{"damage":14,"enemies":"Slavers","floor":23,"turns":5},{"damage":58,"enemies":"Gremlin Leader","floor":25,"turns":6}],"seed_played":"1403147957210602723","potions_obtained":[{"floor":3,"key":"BlessingOfTheForge"},{"floor":4,"key":"SmokeBomb"},{"floor":12,"key":"Weak Potion"},{"floor":14,"key":"DuplicationPotion"},{"floor":16,"key":"DuplicationPotion"},{"floor":19,"key":"Fire Potion"}],"is_trial":false,"path_per_floor":["M","M","M","M","?","R","E","M","T","?","R","?","R","M","R","B",null,"M","M","?","M","$","E","R","E"],"character_chosen":"WATCHER","items_purchased":["DollysMirror"],"campfire_rested":3,"item_purchase_floors":[22],"current_hp_per_floor":[65,65,60,58,58,58,45,42,42,28,49,26,51,47,47,4,66,48,40,40,30,30,16,41,0,0],"gold":190,"neow_bonus":"THREE_RARE_CARDS","is_daily":false,"chose_seed":false,"campfire_upgraded":2,"win_rate":0.0,"timestamp":1611986590,"path_taken":["M","M","?","M","?","R","E","?","T","?","R","?","R","M","R","BOSS","M","M","?","?","$","E","R","E"],"items_purchased_type":["Relic"],"build_version":"2020-12-22","purchased_purges":1,"victory":false,"max_hp_per_floor":[72,72,72,72,72,72,72,72,72,72,72,86,86,86,86,86,86,86,86,86,86,86,86,86,86,86],"relic_stats":{"counters":[14,56],"Orichalcum":[6],"obtain_stats":[{"SlaversCollar":17,"DollysMirror":22,"Mango":12,"Bag of Marbles":7,"PureWater":0,"Frozen Egg 2":9,"Orichalcum":23},{"SlaversCollar":9,"DollysMirror":12,"Mango":7,"Bag of Marbles":5,"PureWater":0,"Frozen Egg 2":6,"Orichalcum":13},{"SlaversCollar":29,"DollysMirror":45,"Mango":18,"Bag of Marbles":11,"PureWater":0,"Frozen Egg 2":14,"Orichalcum":50}]},"card_choices":[{"not_picked":["Vault","Alpha"],"picked":"Judgement","floor":0},{"not_picked":["WreathOfFlame","ReachHeaven"],"picked":"CrushJoints","floor":1},{"not_picked":["Halt","PathToVictory"],"picked":"Tantrum","floor":2},{"not_picked":["WaveOfTheHand","SignatureMove"],"picked":"Sanctity","floor":3},{"not_picked":["MentalFortress","Fasting2"],"picked":"Nirvana","floor":4},{"not_picked":["Pray","CutThroughFate"],"picked":"TalkToTheHand","floor":7},{"not_picked":["Vengeance","Worship"],"picked":"JustLucky","floor":8},{"not_picked":["FollowUp","SashWhip"],"picked":"EmptyBody","floor":12},{"not_picked":["BattleHymn+1","CrushJoints"],"picked":"SashWhip","floor":14},{"not_picked":["SpiritShield","Vault"],"picked":"Omniscience","floor":16},{"not_picked":["EmptyBody","ForeignInfluence"],"picked":"Protect","floor":18},{"not_picked":["Indignation","Crescendo"],"picked":"Wallop","floor":19},{"not_picked":["Halt+1","SashWhip"],"picked":"Wireheading+1","floor":21},{"not_picked":["Pray","CutThroughFate"],"picked":"Study+1","floor":23}],"player_experience":296318,"relics_obtained":[{"floor":7,"key":"Bag of Marbles"},{"floor":9,"key":"Frozen Egg 2"},{"floor":12,"key":"Mango"},{"floor":23,"key":"Orichalcum"}],"event_choices":[{"cards_removed":["Strike_P"],"damage_healed":0,"gold_gain":0,"player_choice":"Purged","damage_taken":0,"max_hp_gain":0,"max_hp_loss":0,"event_name":"Purifier","floor":5,"gold_loss":0},{"damage_healed":0,"gold_gain":0,"player_choice":"Entered Light","damage_taken":14,"max_hp_gain":0,"max_hp_loss":0,"event_name":"Shining Light","floor":10,"gold_loss":0,"cards_upgraded":["Defend_P","Tantrum"]},{"damage_healed":0,"gold_gain":0,"player_choice":"Searched \u00271\u0027 times","damage_taken":0,"max_hp_gain":0,"max_hp_loss":0,"event_name":"Dead Adventurer","floor":12,"gold_loss":0},{"damage_healed":0,"gold_gain":0,"cards_transformed":["Strike_P"],"player_choice":"Transformed","damage_taken":0,"max_hp_gain":0,"max_hp_loss":0,"event_name":"Transmorgrifier","floor":20,"gold_loss":0,"cards_obtained":["Sanctity"]}],"is_beta":false,"boss_relics":[{"not_picked":["Velvet Choker","Black Star"],"picked":"SlaversCollar"}],"items_purged_floors":[22],"is_endless":false,"potions_floor_spawned":[3,4,12,14,16,18,19],"killed_by":"Gremlin Leader","ascension_level":12}}