{"host":"vumwfieg2b2mnrfl","time":1611979875,"event":{"mods":["AchievementEnabler","BaseMod","Minty Spire (QoL Compilation)","Rare Cards Sparkle","Relic Stats"],"gold_per_floor":[119,135,212,212,224,258,258,290,315,315,348,348,378,378,378,378,378],"floor_reached":16,"language":"ENG","playtime":500,"items_purged":[],"score":232,"play_id":"498ccf82-693f-4022-8bde-4afa0fd2af07","local_time":"20210129221115","is_ascension_mode":true,"campfire_choices":[{"floor":7.0,"key":"REST"},{"floor":10.0,"key":"REST"},{"data":"Noxious Fumes","floor":12.0,"key":"SMITH"},{"data":"Underhanded Strike","floor":15,"key":"SMITH"}],"circlet_count":0,"master_deck":["AscendersBane","Strike_G","Strike_G","Strike_G","Strike_G","Defend_G","Defend_G","Defend_G","Defend_G","Defend_G","Survivor","Neutralize","Underhanded Strike+1","Skewer","Unload","Riddle With Holes","Noxious Fumes+1"],"relics":["Snecko Eye","Question Card","Turnip","InkBottle","Happy Flower","Bag of Preparation"],"acts_visited":["Exordium"],"potions_floor_usage":[16],"damage_taken":[{"damage":7.0,"enemies":"Cultist","floor":1.0,"turns":4.0},{"damage":0.0,"enemies":"Jaw Worm","floor":2.0,"turns":4.0},{"damage":7.0,"enemies":"2 Louse","floor":5.0,"turns":3.0},{"damage":15.0,"enemies":"Lagavulin","floor":6.0,"turns":6.0},{"damage":32.0,"enemies":"Gremlin Nob","floor":8.0,"turns":4.0},{"damage":33.0,"enemies":"Lagavulin","floor":11.0,"turns":8.0},{"damage":43,"enemies":"Hexaghost","floor":16,"turns":9}],"seed_played":"1462771764715921119","potions_obtained":[{"floor":2.0,"key":"EntropicBrew"},{"floor":6.0,"key":"SteroidPotion"},{"floor":8.0,"key":"Regen Potion"}],"is_trial":false,"path_per_floor":["M","M","T","?","M","E","R","E","T","R","E","R","?","?","R","B"],"character_chosen":"THE_SILENT","items_purchased":[],"campfire_rested":2,"item_purchase_floors":[],"current_hp_per_floor":[52,52,52,52,45,30,49,17,17,36,18,18,18,40,40,0,0],"gold":378,"neow_bonus":"BOSS_RELIC","is_daily":false,"chose_seed":false,"campfire_upgraded":2,"win_rate":0.0,"timestamp":1611979875,"path_taken":["M","M","?","?","?","E","R","E","T","R","E","R","?","?","R","BOSS"],"items_purchased_type":[],"build_version":"2020-12-22","purchased_purges":0,"victory":false,"max_hp_per_floor":[66,66,66,66,66,66,66,66,66,66,66,66,66,66,66,66,66],"relic_stats":{"Happy Flower":[5],"counters":[7,38],"Snecko Eye":[58,65,64,58],"Turnip":[0],"Bag of Preparation":[2],"Question Card":4,"obtain_stats":[{"Happy Flower":9,"Snecko Eye":0,"Turnip":6,"Bag of Preparation":11,"Question Card":3,"InkBottle":8,"Ring of the Snake":0},{"Happy Flower":5,"Snecko Eye":0,"Turnip":4,"Bag of Preparation":6,"Question Card":2,"InkBottle":5,"Ring of the Snake":0},{"Happy Flower":21,"Snecko Eye":0,"Turnip":17,"Bag of Preparation":29,"Question Card":8,"InkBottle":21,"Ring of the Snake":0}],"InkBottle":[4]},"card_choices":[{"not_picked":["Dodge and Roll","Outmaneuver","Underhanded Strike"],"picked":"SKIP","floor":1.0},{"not_picked":["Dodge and Roll","Outmaneuver"],"picked":"Underhanded Strike","floor":1.0},{"not_picked":["Acrobatics","Expertise"],"picked":"Skewer","floor":2.0},{"not_picked":["Bane","Accuracy","Slice","Dagger Throw"],"picked":"SKIP","floor":5.0},{"not_picked":["Sucker Punch","Outmaneuver","Dagger Spray"],"picked":"Unload","floor":6.0},{"not_picked":["Cloak And Dagger","PiercingWail","Poisoned Stab"],"picked":"Riddle With Holes","floor":8.0},{"not_picked":["Sucker Punch","PiercingWail","Expertise"],"picked":"Noxious Fumes","floor":11.0}],"player_experience":499221,"relics_obtained":[{"floor":3.0,"key":"Question Card"},{"floor":6.0,"key":"Turnip"},{"floor":8.0,"key":"InkBottle"},{"floor":9.0,"key":"Happy Flower"},{"floor":11.0,"key":"Bag of Preparation"}],"event_choices":[{"cards_removed":["Strike_G"],"damage_healed":0.0,"max_hp_gain":0.0,"max_hp_loss":0.0,"gold_gain":0.0,"event_name":"Bonfire Elementals","player_choice":"Offered Basic","floor":4.0,"gold_loss":0.0,"damage_taken":0.0},{"damage_healed":0,"gold_gain":30,"player_choice":"Searched \u00271\u0027 times","damage_taken":0,"max_hp_gain":0,"max_hp_loss":0,"event_name":"Dead Adventurer","floor":13,"gold_loss":0},{"damage_healed":22,"gold_gain":0,"player_choice":"Banana","damage_taken":0,"max_hp_gain":0,"max_hp_loss":0,"event_name":"Big Fish","floor":14,"gold_loss":0}],"is_beta":false,"boss_relics":[],"items_purged_floors":[],"is_endless":false,"potions_floor_spawned":[2,6,8],"killed_by":"Hexaghost","ascension_level":20}}