{"host":"3vgzk5mhz751jdrj","time":1611977245,"event":{"mods":["2.2 Compatiblity","AchievementEnabler","Act Like it!","Aspiration","BaseMod","Better Altar","Better Match","Better Note","Better Sensory Stone","Better Skull","Better Third Choice","Block Reminder","Colored Map","Conspire","Curses Come First","Dark Map","Displayed Cursed Tome","Downfall","Friendly Minions","GifTheSpireLib","Halation","Hubris","Marked Mod","Mimic Mod","Minty Spire (QoL Compilation)","Quick Restart","Rare Cards Sparkle","Replay The Spire","Shop Mod","Spicy Shops","Spikes Relics","StSLib","Stuff the Spire","TheSurvivalist","Trackpad"],"gold_per_floor":[113,113,147,174,174,178,178],"floor_reached":6,"language":"ENG","playtime":545,"items_purged":[],"score":34,"play_id":"05867e15-71e7-4946-8e2d-7f98cc607cac","local_time":"20210129222725","is_ascension_mode":false,"campfire_choices":[],"circlet_count":0,"master_deck":["survmod:Strike","survmod:Strike","survmod:Strike","survmod:Strike","survmod:Defend","survmod:Defend","survmod:Defend","survmod:Defend","survmod:VersatileOffense","survmod:Sprint","survmod:AcidTrap","survmod:PenetratingShot"],"relics":["StuffTheSpire:OccultApparatus","SnailShell","Replay:Bandana","aspiration:BabyByrd"],"acts_visited":["Exordium"],"potions_floor_usage":[],"damage_taken":[{"damage":0,"enemies":"2 Louse","floor":1,"turns":3},{"damage":2,"enemies":"Jaw Worm","floor":3,"turns":22},{"damage":0,"enemies":"Jaw Worm","floor":4,"turns":6},{"damage":33,"enemies":"Gremlin Nob","floor":6,"turns":8}],"seed_played":"-152135805955698155","potions_obtained":[],"is_trial":false,"path_per_floor":["M","?","MIM","M","?","E"],"character_chosen":"THE_SURVIVOR","items_purchased":[],"campfire_rested":0,"item_purchase_floors":[],"current_hp_per_floor":[50,50,48,48,48,15,15],"gold":178,"neow_bonus":"RANDOM_COMMON_RELIC","is_daily":false,"chose_seed":false,"campfire_upgraded":0,"win_rate":0.0,"timestamp":1611977245,"path_taken":["M","?","?","M","?","E"],"items_purchased_type":[],"build_version":"2020-12-22","purchased_purges":0,"victory":false,"max_hp_per_floor":[50,50,50,50,50,50,50],"card_choices":[{"not_picked":["survmod:FindCover","survmod:MarkedShot"],"picked":"survmod:AcidTrap","floor":1},{"not_picked":["survmod:DuckAndFlare","survmod:MarkedShot"],"picked":"survmod:PenetratingShot","floor":3},{"not_picked":["survmod:MarkedShot","survmod:Hawkeye","survmod:MarkTrap"],"picked":"SKIP","floor":4}],"player_experience":415543,"relics_obtained":[{"floor":3,"key":"Replay:Bandana"}],"event_choices":[],"is_beta":false,"boss_relics":[],"items_purged_floors":[],"is_endless":false,"potions_floor_spawned":[],"killed_by":"Gremlin Nob","ascension_level":0}}