{"host":"ymmeoa1x24ihslbm","time":1611965364,"event":{"mods":["AchievementEnabler","BaseMod","Colored Map","Colored Powertips","Defuse TimeMaze Blight","Minty Spire (QoL Compilation)","Permanent Neow","Quick Restart","Rare Cards Sparkle","StSLib","Unceasing Turn Reminder"],"gold_per_floor":[117,192,192,211,211,211,239,239,239,239,261,34,76,51,51,51,51],"floor_reached":16,"language":"ENG","playtime":469,"items_purged":["Defend_G"],"score":162,"play_id":"639b22c6-542b-4041-bdcf-5dc7c259b4ec","local_time":"20210130010924","is_ascension_mode":true,"campfire_choices":[{"data":"Survivor","floor":6,"key":"SMITH"},{"data":"Blade Dance","floor":8,"key":"SMITH"},{"data":"Sucker Punch","floor":15,"key":"SMITH"}],"circlet_count":0,"master_deck":["AscendersBane","Strike_G+1","Strike_G","Strike_G+1","Strike_G","Defend_G+1","Defend_G","Defend_G+1","Defend_G","Survivor+1","Neutralize+1","Slice","Blade Dance+1","Sucker Punch+1","Deadly Poison","Accuracy"],"relics":["Ring of the Snake","CeramicFish","StrikeDummy","HandDrill","War Paint"],"acts_visited":["Exordium"],"potions_floor_usage":[13,16],"damage_taken":[{"damage":2,"enemies":"Jaw Worm","floor":1,"turns":8},{"damage":0,"enemies":"2 Louse","floor":4,"turns":3},{"damage":0,"enemies":"Small Slimes","floor":7,"turns":4},{"damage":0,"enemies":"2 Fungi Beasts","floor":11,"turns":3},{"damage":12,"enemies":"3 Sentries","floor":13,"turns":7},{"damage":20,"enemies":"Slime Boss","floor":16,"turns":3}],"seed_played":"1751319990074671353","potions_obtained":[{"floor":4,"key":"SteroidPotion"},{"floor":11,"key":"BlessingOfTheForge"}],"is_trial":false,"path_per_floor":["M","?","?","M","?","R","M","R","T","?","M","$","E","$","R","B"],"character_chosen":"THE_SILENT","items_purchased":["HandDrill","Accuracy"],"campfire_rested":0,"item_purchase_floors":[12,14],"current_hp_per_floor":[61,50,43,43,36,36,36,36,36,22,22,22,10,10,10,0,0],"gold":51,"neow_bonus":"UPGRADE_CARD","is_daily":false,"chose_seed":false,"campfire_upgraded":3,"win_rate":0.0,"timestamp":1611965364,"path_taken":["M","?","?","M","?","R","M","R","T","?","M","$","E","?","R","BOSS"],"items_purchased_type":["Relic","Card"],"build_version":"2020-12-22","purchased_purges":1,"victory":false,"max_hp_per_floor":[70,70,70,70,70,70,70,70,70,70,70,70,70,70,70,70,70],"card_choices":[{"not_picked":["Outmaneuver","Terror","Deflect"],"picked":"SKIP","floor":1},{"not_picked":["Underhanded Strike","Setup"],"picked":"Slice","floor":4},{"not_picked":["Bane","Flying Knee"],"picked":"Blade Dance","floor":7},{"not_picked":["Flying Knee","Backflip"],"picked":"Sucker Punch","floor":11},{"not_picked":["Endless Agony","Backflip"],"picked":"Deadly Poison","floor":13}],"player_experience":579014,"relics_obtained":[{"floor":9,"key":"StrikeDummy"},{"floor":13,"key":"War Paint"}],"event_choices":[{"damage_healed":0,"gold_gain":75,"player_choice":"Gather Gold","damage_taken":11,"max_hp_gain":0,"max_hp_loss":0,"event_name":"World of Goop","floor":2,"gold_loss":0},{"damage_healed":0,"gold_gain":0,"player_choice":"Success","damage_taken":7,"relics_obtained":["CeramicFish"],"max_hp_gain":0,"max_hp_loss":0,"event_name":"Scrap Ooze","floor":3,"gold_loss":0},{"cards_removed":["Strike_G"],"damage_healed":0,"gold_gain":0,"player_choice":"Card Removal","damage_taken":7,"max_hp_gain":0,"max_hp_loss":0,"event_name":"Golden Wing","floor":5,"gold_loss":0},{"damage_healed":0,"gold_gain":0,"player_choice":"Entered Light","damage_taken":14,"max_hp_gain":0,"max_hp_loss":0,"event_name":"Shining Light","floor":10,"gold_loss":0,"cards_upgraded":["Strike_G","Strike_G"]}],"is_beta":false,"boss_relics":[],"items_purged_floors":[12],"is_endless":false,"potions_floor_spawned":[4,11],"killed_by":"Slime Boss","ascension_level":13}}