{"host":"Stephanie","time":1611974386,"event":{"mods":["BaseMod","Colored Powertips","Minty Spire (QoL Compilation)","Rare Cards Sparkle","Relic Stats","StSLib","The Marked"],"gold_per_floor":[116,32,52,52,52,86,11,45,45,66,102,102,176,220,220,345,345,365,384,408,8,27,27,63,162,162,94,133,133,151,192,192,322,322,340,340,363,363,363,396,35,60,60,60,81,115,115,149,149,149,149],"floor_reached":50,"language":"ENG","playtime":3559,"items_purged":["theMarked:Strike","theMarked:Strike","theMarked:Defend"],"score":696,"play_id":"e269a65c-d56a-473b-84de-03897ff0582b","local_time":"20210129213946","is_ascension_mode":true,"campfire_choices":[{"data":"theMarked:EmpowerWeapon","floor":12,"key":"SMITH"},{"data":"theMarked:WardOff","floor":15,"key":"SMITH"},{"floor":23,"key":"REST"},{"floor":29,"key":"REST"},{"data":"theMarked:ParalyzingBlade","floor":32,"key":"SMITH"},{"floor":44,"key":"REST"},{"floor":47,"key":"REST"},{"floor":49,"key":"RECALL"}],"circlet_count":0,"master_deck":["theMarked:Strike","theMarked:Strike","theMarked:Defend","theMarked:Defend","theMarked:Defend","theMarked:SoldierOfQuellstein","theMarked:BanishingStrike","theMarked:Heritage","theMarked:EmpowerWeapon+1","theMarked:Frustration","theMarked:Levitate","theMarked:WardOff+1","theMarked:MysticalArsenal","theMarked:ChannelForce","theMarked:EmpowerWeapon","theMarked:ResourceFulStrike","theMarked:EternalStudent","theMarked:ComboAttacks","theMarked:ParalyzingBlade+1","theMarked:DispelDoubt","theMarked:Toughness","Master of Strategy","Master of Strategy","theMarked:BanishingWave","theMarked:Friction","theMarked:Standoff","theMarked:Indomitable+1","theMarked:BindingBlade"],"relics":["theMarked:ArtifactOfAir","NeowsBlessing","Golden Idol","Gambling Chip","Vajra","Bird Faced Urn","Blood Vial","Centennial Puzzle","Pen Nib","theMarked:Eyepatch","Sling","Lantern","Dream Catcher","InkBottle","theMarked:DemonDagger","theMarked:NailFile","Calipers","Fusion Hammer","Bronze Scales","Omamori","Shovel","Oddly Smooth Stone"],"acts_visited":["Exordium","TheCity","TheBeyond"],"potions_floor_usage":[20,24,24,31,42,48,50],"damage_taken":[{"damage":0.0,"enemies":"Cultist","floor":1.0,"turns":1.0},{"damage":0.0,"enemies":"Small Slimes","floor":3.0,"turns":1.0},{"damage":0.0,"enemies":"Gremlin Nob","floor":6.0,"turns":1.0},{"damage":16.0,"enemies":"Lagavulin","floor":8.0,"turns":5.0},{"damage":0.0,"enemies":"Jaw Worm","floor":10.0,"turns":2.0},{"damage":17,"enemies":"3 Sentries","floor":11,"turns":10},{"damage":15,"enemies":"3 Sentries","floor":13,"turns":10},{"damage":11,"enemies":"Lagavulin","floor":14,"turns":7},{"damage":7,"enemies":"Hexaghost","floor":16,"turns":8},{"damage":0,"enemies":"Spheric Guardian","floor":18,"turns":3},{"damage":37,"enemies":"2 Thieves","floor":19,"turns":5},{"damage":10,"enemies":"Shelled Parasite and Fungi","floor":20,"turns":4},{"damage":8,"enemies":"3 Cultists","floor":22,"turns":5},{"damage":34,"enemies":"Gremlin Leader","floor":24,"turns":6},{"damage":9,"enemies":"Book of Stabbing","floor":28,"turns":4},{"damage":0,"enemies":"Centurion and Healer","floor":30,"turns":7},{"damage":19,"enemies":"Slavers","floor":31,"turns":4},{"damage":30,"enemies":"Champ","floor":33,"turns":8},{"damage":21,"enemies":"3 Darklings","floor":35,"turns":7},{"damage":6,"enemies":"Orb Walker","floor":37,"turns":4},{"damage":16,"enemies":"Giant Head","floor":40,"turns":7},{"damage":29,"enemies":"Spire Growth","floor":42,"turns":4},{"damage":14,"enemies":"Maw","floor":45,"turns":5},{"damage":14,"enemies":"Reptomancer","floor":46,"turns":4},{"damage":32,"enemies":"Nemesis","floor":48,"turns":5},{"damage":46,"enemies":"Time Eater","floor":50,"turns":4}],"seed_played":"-736958360947946499","potions_obtained":[{"floor":3.0,"key":"Weak Potion"},{"floor":10.0,"key":"FairyPotion"},{"floor":14,"key":"DistilledChaos"},{"floor":16,"key":"LiquidMemories"},{"floor":22,"key":"Energy Potion"},{"floor":28,"key":"FearPotion"},{"floor":30,"key":"Ancient Potion"},{"floor":37,"key":"Fire Potion"},{"floor":39,"key":"PowerPotion"},{"floor":39,"key":"DuplicationPotion"},{"floor":42,"key":"Block Potion"}],"is_trial":false,"path_per_floor":["M","$","M","?","?","E","$","E","T","M","E","R","?","E","R","B",null,"M","M","M","$","M","R","E","?","T","?","E","R","M","E","R","B",null,"M","?","M","?","?","E","$","M","T","R","M","E","R","E","R","B"],"character_chosen":"THE_DEFAULT","items_purchased":["theMarked:Heritage","theMarked:EmpowerWeapon","Sling","Lantern","Omamori","theMarked:Standoff"],"campfire_rested":4,"item_purchase_floors":[2,2,21,21,41,41],"current_hp_per_floor":[70,70,70,63,63,63,63,47,47,49,36,36,27,22,22,21,65,65,30,24,24,20,39,9,9,9,9,4,23,41,26,26,4,65,46,36,36,36,36,28,28,9,9,27,23,19,37,11,11,0,0],"gold":149,"neow_bonus":"THREE_ENEMY_KILL","is_daily":false,"chose_seed":false,"campfire_upgraded":3,"win_rate":0.0,"timestamp":1611974386,"path_taken":["M","$","M","?","?","E","?","E","T","M","E","R","?","E","R","BOSS","M","M","M","$","M","R","E","?","T","?","E","R","M","E","R","BOSS","M","?","M","?","?","E","$","M","T","R","?","E","R","E","R","BOSS"],"items_purchased_type":["Card","Card","Relic","Relic","Relic","Card"],"build_version":"2020-12-18","purchased_purges":3,"victory":false,"max_hp_per_floor":[70,70,70,70,65,65,65,65,65,65,65,65,65,65,65,65,65,65,65,65,65,65,65,65,65,65,65,65,65,65,65,65,65,65,65,65,65,62,62,62,62,62,62,62,62,62,62,62,62,62,62],"relic_stats":{"Blood Vial":34,"Centennial Puzzle":[54],"Dream Catcher":3,"Shovel":0,"counters":[26,131],"Golden Idol":190,"Gambling Chip":[57],"Bird Faced Urn":[90],"Bronze Scales":[43],"Pen Nib":[13],"obtain_stats":[{"theMarked:NailFile":28,"Lantern":21,"theMarked:DemonDagger":27,"Calipers":31,"NeowsBlessing":0,"Golden Idol":5,"Vajra":8,"Oddly Smooth Stone":48,"Pen Nib":14,"Omamori":41,"Sling":21,"Blood Vial":11,"theMarked:ArtifactOfAir":0,"Centennial Puzzle":13,"Dream Catcher":24,"Shovel":46,"Gambling Chip":6,"Bird Faced Urn":9,"Bronze Scales":40,"Fusion Hammer":34,"InkBottle":26,"theMarked:Eyepatch":17},{"theMarked:NailFile":15,"Lantern":12,"theMarked:DemonDagger":14,"Calipers":17,"NeowsBlessing":0,"Golden Idol":2,"Vajra":4,"Oddly Smooth Stone":25,"Pen Nib":8,"Omamori":21,"Sling":12,"Blood Vial":6,"theMarked:ArtifactOfAir":0,"Centennial Puzzle":6,"Dream Catcher":14,"Shovel":24,"Gambling Chip":3,"Bird Faced Urn":4,"Bronze Scales":21,"Fusion Hammer":18,"InkBottle":14,"theMarked:Eyepatch":9},{"theMarked:NailFile":72,"Lantern":57,"theMarked:DemonDagger":68,"Calipers":83,"NeowsBlessing":0,"Golden Idol":2,"Vajra":8,"Oddly Smooth Stone":127,"Pen Nib":37,"Omamori":109,"Sling":57,"Blood Vial":20,"theMarked:ArtifactOfAir":0,"Centennial Puzzle":20,"Dream Catcher":68,"Shovel":122,"Gambling Chip":3,"Bird Faced Urn":8,"Bronze Scales":109,"Fusion Hammer":91,"InkBottle":68,"theMarked:Eyepatch":45}],"InkBottle":[23]},"card_choices":[{"not_picked":["theMarked:Frustration","theMarked:ElectricStrings"],"picked":"theMarked:BanishingStrike","floor":1.0},{"not_picked":["theMarked:Improvise","theMarked:Aftermath"],"picked":"theMarked:Frustration","floor":3.0},{"not_picked":["theMarked:TwofoldDefense","theMarked:Memento"],"picked":"theMarked:Levitate","floor":6.0},{"not_picked":["theMarked:Improvise","theMarked:Aftermath"],"picked":"theMarked:WardOff","floor":8.0},{"not_picked":["theMarked:Heritage","theMarked:Improvise"],"picked":"theMarked:MysticalArsenal","floor":10.0},{"not_picked":["theMarked:SwordAndMagic","theMarked:Friction"],"picked":"theMarked:ChannelForce","floor":11},{"not_picked":["theMarked:ElectricStrings","theMarked:GodGivenPower"],"picked":"theMarked:EmpowerWeapon","floor":13},{"not_picked":["theMarked:TwofoldDefense","theMarked:ShockingTouch"],"picked":"theMarked:ResourceFulStrike","floor":14},{"not_picked":["theMarked:Toughness","theMarked:Challenge"],"picked":"theMarked:EternalStudent","floor":16},{"not_picked":["theMarked:Improvise","theMarked:ElectricStrings","theMarked:ChainLightning"],"picked":"SKIP","floor":18},{"not_picked":["theMarked:GodGivenPower","theMarked:Frustration","theMarked:ElectricStrings"],"picked":"SKIP","floor":19},{"not_picked":["theMarked:Frustration","theMarked:WastefulAttack"],"picked":"theMarked:ComboAttacks","floor":20},{"not_picked":["theMarked:WardOff","theMarked:ResourceFulStrike"],"picked":"theMarked:ParalyzingBlade","floor":22},{"not_picked":["theMarked:CreepingChasm","theMarked:Memento","theMarked:WardOff"],"picked":"SKIP","floor":24},{"not_picked":["theMarked:ComboAttacks","theMarked:ResourceFulStrike+1","theMarked:BanishingStrike+1"],"picked":"SKIP","floor":28},{"not_picked":["theMarked:WardOff","theMarked:RepellingDischarge","theMarked:TakeCover+1"],"picked":"SKIP","floor":30},{"not_picked":["theMarked:BanishingStrike","theMarked:ResourceFulStrike+1"],"picked":"theMarked:DispelDoubt","floor":31},{"not_picked":["theMarked:UnarmedFury","theMarked:Abjuration"],"picked":"theMarked:Toughness","floor":33},{"not_picked":["theMarked:TakeCover+1","theMarked:Improvise+1","theMarked:RepellingDischarge+1"],"picked":"SKIP","floor":35},{"not_picked":["Enlightenment","Swift Strike"],"picked":"Master of Strategy","floor":36},{"not_picked":["Transmutation","Madness"],"picked":"Master of Strategy","floor":36},{"not_picked":["theMarked:Memento","theMarked:RepellingDischarge+1"],"picked":"theMarked:BanishingWave","floor":37},{"not_picked":["theMarked:TakeCover","theMarked:TwofoldDefense+1"],"picked":"theMarked:Friction","floor":40},{"not_picked":["theMarked:Parkour","theMarked:BanishingStrike","theMarked:ChainLightning+1"],"picked":"SKIP","floor":42},{"not_picked":["theMarked:BanishingWave+1","theMarked:ResourceFulStrike"],"picked":"theMarked:Indomitable+1","floor":44},{"not_picked":["theMarked:WardOff","theMarked:ChannelForce","theMarked:Maelstrom"],"picked":"SKIP","floor":45},{"not_picked":["theMarked:CreepingChasm","theMarked:WardOff+1","theMarked:Memento"],"picked":"SKIP","floor":46},{"not_picked":["theMarked:SwordAndMagic","theMarked:Parkour"],"picked":"theMarked:BindingBlade","floor":47},{"not_picked":["theMarked:HeightenedSenses+1","theMarked:Frustration+1","theMarked:WardOff+1"],"picked":"SKIP","floor":48}],"player_experience":878076,"relics_obtained":[{"floor":6.0,"key":"Gambling Chip"},{"floor":8.0,"key":"Vajra"},{"floor":9.0,"key":"Bird Faced Urn"},{"floor":11,"key":"Blood Vial"},{"floor":14,"key":"Pen Nib"},{"floor":24,"key":"Dream Catcher"},{"floor":26,"key":"InkBottle"},{"floor":28,"key":"theMarked:NailFile"},{"floor":31,"key":"Calipers"},{"floor":40,"key":"Bronze Scales"},{"floor":46,"key":"Shovel"},{"floor":48,"key":"Oddly Smooth Stone"}],"event_choices":[{"cards_removed":["theMarked:Strike"],"damage_healed":0.0,"max_hp_gain":0.0,"max_hp_loss":0.0,"gold_gain":0.0,"event_name":"Golden Wing","player_choice":"Card Removal","floor":4.0,"gold_loss":0.0,"damage_taken":7.0},{"damage_healed":0.0,"max_hp_gain":0.0,"max_hp_loss":5.0,"gold_gain":0.0,"event_name":"Golden Idol","player_choice":"Lose Max HP","floor":5.0,"gold_loss":0.0,"damage_taken":0.0,"relics_obtained":["Golden Idol"]},{"damage_healed":0,"gold_gain":0,"player_choice":"Searched \u00272\u0027 times","damage_taken":0,"relics_obtained":["Centennial Puzzle"],"max_hp_gain":0,"max_hp_loss":0,"event_name":"Dead Adventurer","floor":13,"gold_loss":0},{"damage_healed":0,"gold_gain":99,"player_choice":"Stole From Cult","damage_taken":0,"max_hp_gain":0,"max_hp_loss":0,"event_name":"Nest","floor":25,"gold_loss":0},{"damage_healed":0,"gold_gain":0,"player_choice":"Paid Gold","damage_taken":0,"relics_obtained":["theMarked:DemonDagger"],"max_hp_gain":0,"max_hp_loss":0,"event_name":"WeMeetAgain","floor":27,"gold_loss":68},{"damage_healed":0,"gold_gain":0,"player_choice":"Memory 3","damage_taken":10,"max_hp_gain":0,"max_hp_loss":0,"event_name":"SensoryStone","floor":36,"gold_loss":0},{"damage_healed":0,"gold_gain":0,"player_choice":"Max HP","damage_taken":0,"max_hp_gain":0,"max_hp_loss":3,"event_name":"Winding Halls","floor":38,"gold_loss":0},{"damage_healed":0,"gold_gain":0,"player_choice":"Got Potions","damage_taken":0,"max_hp_gain":0,"max_hp_loss":0,"event_name":"Lab","floor":39,"gold_loss":0}],"is_beta":true,"boss_relics":[{"not_picked":["theMarked:BronzeBlade","Empty Cage"],"picked":"theMarked:Eyepatch"},{"not_picked":["Philosopher\u0027s Stone","Astrolabe"],"picked":"Fusion Hammer"}],"items_purged_floors":[7,21,41],"is_endless":false,"potions_floor_spawned":[3,10,14,16,22,28,30,37,42,45,46],"killed_by":"Time Eater","ascension_level":1}}