{"host":"zrwwt1jjq0fpdjej","time":1611966063,"event":{"mods":["AchievementEnabler","BaseMod","Colored Map","Minty Spire (QoL Compilation)","StSLib","SuperFastMode"],"gold_per_floor":[109,79,96,46,66,66,101,101,101,128,157,157,189,114,114,209,209,228,228,243,254,274,309,320,354,427,460,460,474,500,500,500,600,600,620,370,389,404,91,119,0,42,42,52,70,70,98,98,98,98,98,98,0,28,28],"floor_reached":56,"language":"KOR","playtime":3956,"items_purged":["Strike_P","Strike_P"],"score":1937,"play_id":"da431670-f513-4b40-bbaa-f21707af98be","local_time":"20210130092103","is_ascension_mode":true,"campfire_choices":[{"data":"Eruption","floor":6.0,"key":"SMITH"},{"data":"Judgement","floor":12.0,"key":"SMITH"},{"data":"Vigilance","floor":15.0,"key":"SMITH"},{"floor":28.0,"key":"RECALL"},{"floor":32.0,"key":"REST"},{"floor":46.0,"key":"REST"},{"floor":49.0,"key":"REST"},{"floor":52.0,"key":"REST"}],"circlet_count":0,"master_deck":["Strike_P+1","Strike_P+1","Defend_P+1","Defend_P","Defend_P+1","Eruption+1","Vigilance+1","SashWhip+1","Tantrum+1","SandsOfTime+1","Judgement+1","Consecrate+1","FlurryOfBlows+1","LessonLearned+1","Protect+1","TalkToTheHand+1","FearNoEvil+1","ThirdEye+1","DevaForm+1","TalkToTheHand+1","Omniscience+1","EmptyBody+1","RitualDagger","LessonLearned+1","FlurryOfBlows+1","Indignation+1","InnerPeace+1","Madness","Madness"],"relics":["PureWater","NeowsBlessing","Pear","Sundial","Pen Nib","PreservedInsect","Potion Belt","Fusion Hammer","Pantograph","Unceasing Top","Kunai","TungstenRod","Singing Bowl","Runic Pyramid","Lee\u0027s Waffle","Akabeko","Whetstone","MealTicket","Red Mask","CeramicFish","Dead Branch","Art of War"],"acts_visited":["Exordium","TheCity","TheBeyond","TheEnding"],"potions_floor_usage":[54,55,55,55,55,55,55,55,55],"damage_taken":[{"damage":0.0,"enemies":"Small Slimes","floor":1.0,"turns":1.0},{"damage":0.0,"enemies":"Cultist","floor":3.0,"turns":1.0},{"damage":0.0,"enemies":"2 Louse","floor":5.0,"turns":1.0},{"damage":12.0,"enemies":"Lagavulin","floor":7.0,"turns":3.0},{"damage":0.0,"enemies":"Gremlin Nob","floor":11.0,"turns":2.0},{"damage":0.0,"enemies":"3 Sentries","floor":13.0,"turns":2.0},{"damage":34.0,"enemies":"The Guardian","floor":16.0,"turns":9.0},{"damage":0.0,"enemies":"3 Byrds","floor":18.0,"turns":2.0},{"damage":0.0,"enemies":"Chosen","floor":20.0,"turns":4.0},{"damage":0.0,"enemies":"Snake Plant","floor":21.0,"turns":2.0},{"damage":15.0,"enemies":"Centurion and Healer","floor":22.0,"turns":4.0},{"damage":6.0,"enemies":"Book of Stabbing","floor":23.0,"turns":4.0},{"damage":0.0,"enemies":"Sentry and Sphere","floor":24.0,"turns":3.0},{"damage":0.0,"enemies":"Gremlin Leader","floor":25.0,"turns":2.0},{"damage":0.0,"enemies":"Book of Stabbing","floor":27.0,"turns":4.0},{"damage":7.0,"enemies":"Snecko","floor":29.0,"turns":5.0},{"damage":13.0,"enemies":"Slavers","floor":30.0,"turns":3.0},{"damage":31.0,"enemies":"Champ","floor":33.0,"turns":11.0},{"damage":0.0,"enemies":"Orb Walker","floor":35.0,"turns":2.0},{"damage":3.0,"enemies":"3 Shapes","floor":37.0,"turns":3.0},{"damage":28.0,"enemies":"Sphere and 2 Shapes","floor":38.0,"turns":4.0},{"damage":25.0,"enemies":"Reptomancer","floor":40.0,"turns":4.0},{"damage":0.0,"enemies":"Giant Head","floor":42.0,"turns":6.0},{"damage":0.0,"enemies":"Maw","floor":44.0,"turns":5.0},{"damage":0.0,"enemies":"Nemesis","floor":47.0,"turns":4.0},{"damage":44.0,"enemies":"Time Eater","floor":50.0,"turns":9.0},{"damage":5,"enemies":"Shield and Spear","floor":54,"turns":4},{"damage":0,"enemies":"The Heart","floor":55,"turns":6}],"seed_played":"4502831616214546018","potions_obtained":[{"floor":1.0,"key":"Regen Potion"},{"floor":2.0,"key":"Fire Potion"},{"floor":2.0,"key":"Explosive Potion"},{"floor":11.0,"key":"Strength Potion"},{"floor":13.0,"key":"Strength Potion"},{"floor":21.0,"key":"Block Potion"},{"floor":22.0,"key":"ColorlessPotion"},{"floor":25.0,"key":"Strength Potion"},{"floor":27.0,"key":"Block Potion"},{"floor":29.0,"key":"DuplicationPotion"},{"floor":35.0,"key":"Energy Potion"},{"floor":40.0,"key":"Fire Potion"}],"is_trial":false,"path_per_floor":["M","?","M","?","M","R","E","?","T","T","E","R","E","$","R","B",null,"M","?","M","M","M","E","M","E","T","E","R","M","E","?","R","B",null,"M","$","M","M","$","E","?","E","T","M","?","R","E","$","R","B",null,"R","$","E","B",null],"character_chosen":"WATCHER","items_purchased":["Lee\u0027s Waffle","Akabeko","Whetstone","EntropicBrew"],"campfire_rested":4,"item_purchase_floors":[36,39,39,53],"current_hp_per_floor":[65,65,65,65,65,65,63,63,63,63,63,63,63,63,63,29,69,69,69,69,69,54,60,60,60,60,60,60,53,42,37,62,53,76,76,91,90,64,64,39,39,39,39,41,30,59,61,76,99,55,88,99,99,96,101],"gold":28,"neow_bonus":"THREE_ENEMY_KILL","is_daily":false,"chose_seed":false,"campfire_upgraded":3,"win_rate":0.0,"timestamp":1611966063,"path_taken":["M","?","?","?","M","R","E","?","T","?","E","R","E","$","R","BOSS","M","?","M","?","M","E","M","E","T","E","R","?","E","?","R","BOSS","M","$","M","M","$","E","?","E","T","M","?","R","E","?","R","BOSS","R","$","E","BOSS"],"items_purchased_type":["Relic","Relic","Relic","Potion"],"build_version":"2020-12-22","purchased_purges":2,"victory":true,"max_hp_per_floor":[72,72,72,72,72,72,82,82,82,82,82,82,82,82,82,82,82,82,82,82,82,82,82,82,82,82,82,82,82,84,84,84,84,84,84,91,93,95,95,95,95,95,95,97,97,97,99,99,99,99,99,99,99,101,101],"card_choices":[{"not_picked":["Meditate","Prostrate"],"picked":"SashWhip","floor":1.0},{"not_picked":["EmptyBody","EmptyFist"],"picked":"Tantrum","floor":3.0},{"not_picked":["FlyingSleeves","Indignation"],"picked":"SandsOfTime","floor":5.0},{"not_picked":["SashWhip","Swivel"],"picked":"Judgement","floor":7.0},{"not_picked":["EmptyMind","Sanctity"],"picked":"Consecrate","floor":11.0},{"not_picked":["JustLucky","FlyingSleeves"],"picked":"FlurryOfBlows","floor":13.0},{"not_picked":["Scrawl","Establishment"],"picked":"LessonLearned","floor":16.0},{"not_picked":["Worship","ClearTheMind"],"picked":"Protect","floor":18.0},{"not_picked":["JustLucky+1","FlurryOfBlows"],"picked":"TalkToTheHand","floor":20.0},{"not_picked":["Prostrate","SashWhip+1"],"picked":"FearNoEvil+1","floor":21.0},{"not_picked":["Tantrum","FollowUp","FearNoEvil+1"],"picked":"SKIP","floor":22.0},{"not_picked":["Perseverance","ClearTheMind"],"picked":"ThirdEye+1","floor":23.0},{"not_picked":["BowlingBash","ForeignInfluence"],"picked":"DevaForm","floor":24.0},{"not_picked":["Meditate","Wallop+1"],"picked":"TalkToTheHand+1","floor":25.0},{"not_picked":["ConjureBlade","Protect"],"picked":"Omniscience","floor":27.0},{"not_picked":["FollowUp","Sanctity"],"picked":"EmptyBody","floor":29.0},{"not_picked":["CrushJoints","Conclude","Collect"],"picked":"Singing Bowl","floor":30.0},{"not_picked":["MasterReality","Brilliance"],"picked":"LessonLearned","floor":33.0},{"not_picked":["Consecrate","JustLucky"],"picked":"FlurryOfBlows+1","floor":35.0},{"not_picked":["CarveReality","CutThroughFate+1","JustLucky"],"picked":"Singing Bowl","floor":37.0},{"not_picked":["FlurryOfBlows","BattleHymn","Sanctity+1"],"picked":"Singing Bowl","floor":38.0},{"not_picked":["FollowUp+1","Crescendo+1"],"picked":"Indignation+1","floor":40.0},{"not_picked":["WreathOfFlame","CrushJoints"],"picked":"InnerPeace+1","floor":42.0},{"not_picked":["ClearTheMind+1","FollowUp+1","FlyingSleeves"],"picked":"Singing Bowl","floor":44.0},{"not_picked":["Vengeance","Collect","Wireheading+1"],"picked":"Singing Bowl","floor":47.0},{"not_picked":["Wireheading+1","EmptyBody","CrushJoints"],"picked":"Singing Bowl","floor":54}],"player_experience":239817,"relics_obtained":[{"floor":7.0,"key":"Pear"},{"floor":9.0,"key":"Sundial"},{"floor":10.0,"key":"Pen Nib"},{"floor":11.0,"key":"PreservedInsect"},{"floor":13.0,"key":"Potion Belt"},{"floor":23.0,"key":"Pantograph"},{"floor":25.0,"key":"Unceasing Top"},{"floor":26.0,"key":"Kunai"},{"floor":27.0,"key":"TungstenRod"},{"floor":30.0,"key":"Singing Bowl"},{"floor":40.0,"key":"MealTicket"},{"floor":42.0,"key":"CeramicFish"},{"floor":47.0,"key":"Dead Branch"},{"floor":54,"key":"Art of War"}],"event_choices":[{"damage_healed":0.0,"max_hp_gain":0.0,"max_hp_loss":0.0,"gold_gain":0.0,"event_name":"The Woman in Blue","player_choice":"Bought 2 Potions","floor":2.0,"gold_loss":0.0,"damage_taken":0.0},{"cards_removed":["Defend_P"],"damage_healed":0.0,"max_hp_gain":0.0,"max_hp_loss":0.0,"gold_gain":0.0,"event_name":"The Cleric","player_choice":"Card Removal","floor":4.0,"gold_loss":50.0,"damage_taken":0.0},{"damage_healed":0.0,"max_hp_gain":0.0,"max_hp_loss":0.0,"gold_gain":0.0,"event_name":"Liars Game","player_choice":"Ignored","floor":8.0,"gold_loss":0.0,"damage_taken":0.0},{"damage_healed":0.0,"max_hp_gain":0.0,"max_hp_loss":0.0,"gold_gain":0.0,"event_name":"Upgrade Shrine","player_choice":"Upgraded","floor":19.0,"gold_loss":0.0,"damage_taken":0.0,"cards_upgraded":["LessonLearned"]},{"damage_healed":0.0,"max_hp_gain":0.0,"max_hp_loss":0.0,"gold_gain":0.0,"event_name":"Nest","player_choice":"Joined the Cult","floor":31.0,"gold_loss":0.0,"damage_taken":6.0,"cards_obtained":["RitualDagger"]},{"damage_healed":0.0,"max_hp_gain":0.0,"max_hp_loss":0.0,"gold_gain":0.0,"event_name":"Tomb of Lord Red Mask","player_choice":"Paid","floor":41.0,"gold_loss":119.0,"damage_taken":0.0,"relics_obtained":["Red Mask"]},{"damage_healed":0.0,"max_hp_gain":0.0,"max_hp_loss":0.0,"gold_gain":0.0,"event_name":"Winding Halls","player_choice":"Embrace Madness","floor":45.0,"gold_loss":0.0,"damage_taken":12.0,"cards_obtained":["Madness","Madness"]}],"is_beta":false,"boss_relics":[{"not_picked":["Empty Cage","Tiny House"],"picked":"Fusion Hammer"},{"not_picked":["SacredBark","Snecko Eye"],"picked":"Runic Pyramid"}],"items_purged_floors":[14,36],"is_endless":false,"potions_floor_spawned":[1,11,13,21,22,25,27,29,35,40],"ascension_level":7}}