{"host":"9v3x998ddbx8o276","time":1611967994,"event":{"mods":["AchievementEnabler","BaseMod","Colored Map","Colored Powertips","Highlight Path","Minty Spire (QoL Compilation)","Quick Restart","Rare Cards Sparkle"],"gold_per_floor":[116,266,284,284,284,284,309,262,286,318,318,318,348,380,392,476,538,565,595,619,12,24,24,53,53,78,413,413,338,355,355,355],"floor_reached":31,"language":"ENG","playtime":891,"items_purged":["Doubt"],"score":632,"play_id":"054d8a25-23dd-49be-8009-616f990bfde5","local_time":"20210130112314","is_ascension_mode":true,"campfire_choices":[{"data":"Neutralize","floor":6,"key":"SMITH"},{"floor":11,"key":"REST"},{"floor":15,"key":"REST"},{"floor":23,"key":"REST"},{"data":"Wraith Form v2","floor":28,"key":"SMITH"}],"circlet_count":0,"master_deck":["AscendersBane","Strike_G","Strike_G","Strike_G+1","Strike_G","Defend_G","Defend_G","Defend_G","Defend_G","Defend_G","Survivor+1","Neutralize+1","Infinite Blades","Escape Plan","Dagger Spray+1","Predator","Leg Sweep","Accuracy+1","A Thousand Cuts","Terror","Dagger Throw","Heel Hook+1","Blade Dance","Discovery","Wraith Form v2+1","All Out Attack","Riddle With Holes+1","Ghostly","Ghostly","Ghostly","Blade Dance","Caltrops"],"relics":["Ring of the Snake","NeowsBlessing","Bag of Marbles","Lantern","StoneCalendar","MawBank","Tiny House","Lee\u0027s Waffle","Thread and Needle","Snake Skull","Old Coin"],"acts_visited":["Exordium","TheCity"],"potions_floor_usage":[10,10,16,16,20,24,30,30],"damage_taken":[{"damage":0,"enemies":"Jaw Worm","floor":1,"turns":1},{"damage":0,"enemies":"2 Louse","floor":3,"turns":1},{"damage":0,"enemies":"Gremlin Nob","floor":7,"turns":1},{"damage":19,"enemies":"Lagavulin","floor":10,"turns":4},{"damage":30,"enemies":"Gremlin Nob","floor":13,"turns":4},{"damage":0,"enemies":"Small Slimes","floor":14,"turns":1},{"damage":1,"enemies":"Hexaghost","floor":16,"turns":8},{"damage":12,"enemies":"Chosen","floor":18,"turns":5},{"damage":35,"enemies":"Spheric Guardian","floor":19,"turns":7},{"damage":6,"enemies":"Snake Plant","floor":20,"turns":4},{"damage":44,"enemies":"Shelled Parasite and Fungi","floor":22,"turns":5},{"damage":7,"enemies":"Slavers","floor":24,"turns":2},{"damage":7,"enemies":"Gremlin Leader","floor":27,"turns":7},{"damage":22,"enemies":"Centurion and Healer","floor":30,"turns":5},{"damage":10,"enemies":"Snecko","floor":31,"turns":5}],"seed_played":"-5541424638284539916","potions_obtained":[{"floor":1,"key":"FearPotion"},{"floor":7,"key":"Fire Potion"},{"floor":10,"key":"CultistPotion"},{"floor":14,"key":"ColorlessPotion"},{"floor":17,"key":"Fire Potion"},{"floor":18,"key":"BlessingOfTheForge"},{"floor":24,"key":"Explosive Potion"},{"floor":30,"key":"BlessingOfTheForge"}],"is_trial":false,"path_per_floor":["M","?","M","?","?","R","E","?","T","E","R","?","E","M","R","B",null,"M","M","M","$","M","R","E","?","T","E","R","?","M","M"],"character_chosen":"THE_SILENT","items_purchased":["Lee\u0027s Waffle","Blade Dance","Discovery","Fire Potion","Wraith Form v2"],"campfire_rested":3,"item_purchase_floors":[21,21,21,21,21],"current_hp_per_floor":[59,59,59,59,39,39,39,39,39,20,39,39,9,9,28,27,61,49,14,8,78,34,57,50,39,39,32,32,32,10,0,0],"gold":355,"neow_bonus":"THREE_ENEMY_KILL","is_daily":false,"chose_seed":false,"campfire_upgraded":2,"win_rate":0.0,"timestamp":1611967994,"path_taken":["M","?","M","?","?","R","E","?","T","E","R","?","E","M","R","BOSS","M","M","M","$","M","R","E","?","T","E","R","?","M","M"],"items_purchased_type":["Relic","Card","Card","Potion","Card"],"build_version":"2020-12-22","purchased_purges":1,"victory":false,"max_hp_per_floor":[66,66,66,66,66,66,66,66,66,66,66,66,66,66,66,66,71,71,71,71,78,78,78,78,39,39,39,39,39,39,39,39],"card_choices":[{"not_picked":["Skewer","Flechettes"],"picked":"Infinite Blades","floor":1},{"not_picked":["Outmaneuver","Flying Knee"],"picked":"Escape Plan","floor":3},{"not_picked":["Flying Knee","Choke"],"picked":"Dagger Spray","floor":7},{"not_picked":["Glass Knife","All Out Attack"],"picked":"Predator","floor":10},{"not_picked":["Dagger Throw","Slice"],"picked":"Leg Sweep","floor":13},{"not_picked":["Poisoned Stab","Slice"],"picked":"Accuracy","floor":14},{"not_picked":["Unload","Glass Knife"],"picked":"A Thousand Cuts","floor":16},{"not_picked":["Dagger Spray","Poisoned Stab"],"picked":"Terror","floor":17},{"not_picked":["Deflect","Sucker Punch"],"picked":"Dagger Throw","floor":18},{"not_picked":["Well Laid Plans","Sucker Punch"],"picked":"Heel Hook+1","floor":19},{"not_picked":["Dagger Throw","Bane","Poisoned Stab"],"picked":"SKIP","floor":20},{"not_picked":["Dagger Spray","Catalyst"],"picked":"All Out Attack","floor":22},{"not_picked":["Heel Hook+1","Deadly Poison"],"picked":"Riddle With Holes+1","floor":24},{"not_picked":["Outmaneuver","Acrobatics"],"picked":"Blade Dance","floor":27},{"not_picked":["Eviscerate","Bane"],"picked":"Caltrops","floor":30}],"player_experience":1725869,"relics_obtained":[{"floor":7,"key":"Bag of Marbles"},{"floor":9,"key":"Lantern"},{"floor":10,"key":"StoneCalendar"},{"floor":13,"key":"MawBank"},{"floor":24,"key":"Thread and Needle"},{"floor":26,"key":"Snake Skull"},{"floor":27,"key":"Old Coin"}],"event_choices":[{"damage_healed":0,"gold_gain":150,"player_choice":"AGREE","damage_taken":0,"max_hp_gain":0,"max_hp_loss":0,"event_name":"Liars Game","floor":2,"gold_loss":0,"cards_obtained":["Doubt"]},{"damage_healed":0,"gold_gain":0,"player_choice":"Ignored","damage_taken":0,"max_hp_gain":0,"max_hp_loss":0,"event_name":"Golden Wing","floor":4,"gold_loss":0},{"damage_healed":0,"gold_gain":0,"player_choice":"Entered Light","damage_taken":20,"max_hp_gain":0,"max_hp_loss":0,"event_name":"Shining Light","floor":5,"gold_loss":0,"cards_upgraded":["Survivor","Strike_G"]},{"damage_healed":0,"gold_gain":0,"player_choice":"Left Gold","damage_taken":0,"max_hp_gain":0,"max_hp_loss":0,"event_name":"World of Goop","floor":8,"gold_loss":47},{"damage_healed":0,"gold_gain":0,"player_choice":"Grow","damage_taken":0,"max_hp_gain":0,"max_hp_loss":0,"event_name":"Living Wall","floor":12,"gold_loss":0,"cards_upgraded":["Dagger Spray"]},{"damage_healed":0,"gold_gain":0,"player_choice":"Became a Ghost","damage_taken":0,"max_hp_gain":0,"max_hp_loss":39,"event_name":"Ghosts","floor":25,"gold_loss":0,"cards_obtained":["Ghostly","Ghostly","Ghostly"]},{"cards_removed":["Strike_G"],"damage_healed":0,"gold_gain":0,"player_choice":"Gave Gold","damage_taken":0,"max_hp_gain":0,"max_hp_loss":0,"event_name":"Beggar","floor":29,"gold_loss":75}],"is_beta":false,"boss_relics":[{"not_picked":["Coffee Dripper","Ring of the Serpent"],"picked":"Tiny House"}],"items_purged_floors":[21],"is_endless":false,"potions_floor_spawned":[1,7,10,14,18,22,24,30],"killed_by":"Snecko","ascension_level":20}}