{"host":"6qo42zgaknezulyg","time":1611971272,"event":{"mods":["2.2 Compatiblity","BaseMod","Faster Ascension Climbing","Keyboard Shortcuts","Minty Spire (QoL Compilation)","Permanent Neow","Quick Restart","StSLib","SuperFastMode","The Dragon Tamer"],"gold_per_floor":[119,119,119,133,153,187,187,147,147,162,189,216,255,283,295,383,395,367,269,299,327,351,363,388,413,425,454,466,488,529,560,572,658,670,701,726,738,763,157,157,192,192,217,237,237,253,278,1,1,1,1,1],"floor_reached":50,"language":"ENG","playtime":4034,"items_purged":["DTMod:Strike+1"],"score":1165,"play_id":"f0d84111-6469-4723-abbf-44e46aaf5d7b","local_time":"20210130104752","is_ascension_mode":true,"metric_token":659,"campfire_choices":[{"floor":7.0,"key":"REST"},{"data":"DTMod:DragonDance","floor":15.0,"key":"SMITH"},{"data":"DTMod:SealedStrike","floor":23.0,"key":"SMITH"},{"data":"DTMod:SealedStrike+1","floor":28.0,"key":"SMITH"},{"floor":32.0,"key":"REST"},{"floor":40.0,"key":"REST"},{"data":"Apotheosis","floor":42.0,"key":"SMITH"},{"floor":45.0,"key":"REST"},{"floor":49.0,"key":"REST"}],"dtmod_dragon_data":[23,54,1,0,12,0],"circlet_count":0,"master_deck":["AscendersBane","DTMod:DoubleHit","DTMod:TargetDefense","DTMod:TargetDefense+1","DTMod:TargetDefense","DTMod:TargetDefense","DTMod:SwitchingTactic","DTMod:HeatWave","DTMod:GhostSkin","DTMod:CleansingStrike","DTMod:BreakAttack","DTMod:ShieldDrain+1","DTMod:BlueScale","DTMod:MagiciansMark","DTMod:Hide","DTMod:DragonDance+1","DTMod:SealedStrike+2","CurseOfTheBell","DTMod:RecklessFlurry","DTMod:HeadStart","DTMod:BlueScale","DTMod:BurningEnergy","DTMod:Shift","DTMod:Training+1","DTMod:MagicField+1","DTMod:Multitask","DTMod:DragonDance","Apotheosis+1","DTMod:TriAttack","DTMod:ResonanceForm","DTMod:HeadStart","DTMod:Dissolve","DTMod:BurningForce"],"relics":["DTMod:PactStone","Letter Opener","DTMod:DragonFood","Kunai","MawBank","Odd Mushroom","Calling Bell","Boot","Blue Candle","CaptainsWheel","Juzu Bracelet","Red Mask","Runic Dome","DTMod:TacticalNote","Shuriken","Orichalcum","Happy Flower"],"acts_visited":["Exordium","TheCity","TheBeyond"],"potions_floor_usage":[50],"damage_taken":[{"damage":0.0,"enemies":"Small Slimes","floor":1.0,"turns":6.0},{"damage":0.0,"enemies":"2 Louse","floor":4.0,"turns":2.0},{"damage":0.0,"enemies":"Cultist","floor":5.0,"turns":4.0},{"damage":9.0,"enemies":"Lagavulin","floor":6.0,"turns":9.0},{"damage":7.0,"enemies":"Exordium Wildlife","floor":10.0,"turns":4.0},{"damage":0.0,"enemies":"3 Sentries","floor":11.0,"turns":6.0},{"damage":0.0,"enemies":"Large Slime","floor":12.0,"turns":8.0},{"damage":0.0,"enemies":"The Mushroom Lair","floor":13.0,"turns":5.0},{"damage":1.0,"enemies":"Looter","floor":14.0,"turns":3.0},{"damage":1.0,"enemies":"Hexaghost","floor":16.0,"turns":10.0},{"damage":0.0,"enemies":"2 Thieves","floor":18.0,"turns":5.0},{"damage":0.0,"enemies":"Spheric Guardian","floor":20.0,"turns":3.0},{"damage":0.0,"enemies":"Centurion and Healer","floor":21.0,"turns":10.0},{"damage":4.0,"enemies":"Snake Plant","floor":22.0,"turns":6.0},{"damage":17.0,"enemies":"Snecko","floor":24.0,"turns":6.0},{"damage":0.0,"enemies":"Centurion and Healer","floor":25.0,"turns":7.0},{"damage":0.0,"enemies":"Cultist and Chosen","floor":27.0,"turns":7.0},{"damage":0.0,"enemies":"Snake Plant","floor":29.0,"turns":3.0},{"damage":14.0,"enemies":"Masked Bandits","floor":30.0,"turns":5.0},{"damage":0.0,"enemies":"Snecko","floor":31.0,"turns":4.0},{"damage":13.0,"enemies":"Champ","floor":33.0,"turns":26.0},{"damage":0.0,"enemies":"3 Shapes","floor":35.0,"turns":4.0},{"damage":0.0,"enemies":"Orb Walker","floor":36.0,"turns":4.0},{"damage":9.0,"enemies":"Writhing Mass","floor":38.0,"turns":5.0},{"damage":3.0,"enemies":"Nemesis","floor":41.0,"turns":9.0},{"damage":4.0,"enemies":"4 Shapes","floor":44.0,"turns":3.0},{"damage":4.0,"enemies":"Sphere and 2 Shapes","floor":46.0,"turns":7.0},{"damage":16.0,"enemies":"Giant Head","floor":47.0,"turns":8.0},{"damage":0,"enemies":"Awakened One","floor":50,"turns":1}],"seed_played":"9127620933117506866","potions_obtained":[{"floor":4.0,"key":"SneckoOil"},{"floor":10.0,"key":"PowerPotion"},{"floor":12.0,"key":"Regen Potion"},{"floor":20.0,"key":"Energy Potion"},{"floor":25.0,"key":"Weak Potion"},{"floor":33.0,"key":"AttackPotion"},{"floor":41.0,"key":"Explosive Potion"},{"floor":46.0,"key":"Explosive Potion"},{"floor":47.0,"key":"ColorlessPotion"}],"is_trial":false,"path_per_floor":["M","?","?","M","M","E","R","?","T","M","E","M","?","M","R","B",null,"M","?","M","M","M","R","M","M","T","M","R","M","?","M","R","B",null,"M","M","?","M","$","R","E","R","T","M","R","M","E","$","R","B"],"character_chosen":"THE_DT","items_purchased":["DTMod:TacticalNote","DTMod:DragonDance","Apotheosis","DTMod:HeadStart","DTMod:Dissolve","DTMod:BurningForce"],"campfire_rested":5,"item_purchase_floors":[39,39,39,48,48,48],"current_hp_per_floor":[37,32,21,21,21,12,23,23,23,16,16,16,16,15,15,14,31,31,31,31,31,27,27,10,25,25,25,25,25,11,11,22,9,30,30,30,30,21,21,31,28,28,28,24,34,30,14,14,24,24,24,24],"gold":1,"neow_bonus":"REMOVE_TWO","is_daily":false,"chose_seed":false,"campfire_upgraded":4,"win_rate":0.0,"timestamp":1611971272,"path_taken":["M","?","?","M","M","E","R","?","T","M","E","M","?","M","R","BOSS","M","?","M","?","M","R","M","M","T","M","R","M","?","M","R","BOSS","M","M","?","M","$","R","E","R","T","M","R","M","E","$","R","BOSS"],"items_purchased_type":["Relic","Card","Card","Card","Card","Card"],"build_version":"2020-12-22","purchased_purges":1,"victory":false,"max_hp_per_floor":[37,37,37,37,37,37,37,37,37,37,37,37,37,37,37,37,37,37,37,37,37,37,37,37,37,37,37,37,37,37,37,37,37,37,37,37,35,35,35,35,35,35,35,35,35,35,35,35,35,35,35,35],"card_choices":[{"not_picked":["DTMod:Training","DTMod:Punisher"],"picked":"DTMod:HeatWave","floor":1.0},{"not_picked":["DTMod:DeepFocus","DTMod:BizarreTactic"],"picked":"DTMod:GhostSkin","floor":4.0},{"not_picked":["DTMod:Weaken","DTMod:QuickFly"],"picked":"DTMod:CleansingStrike","floor":5.0},{"not_picked":["DTMod:DeepFocus","DTMod:TauntingStrike"],"picked":"DTMod:BreakAttack","floor":6.0},{"not_picked":["DTMod:Punisher","DTMod:QuickFly"],"picked":"DTMod:ShieldDrain","floor":10.0},{"not_picked":["DTMod:LowKick","DTMod:ForkedFire"],"picked":"DTMod:BlueScale","floor":11.0},{"not_picked":["DTMod:Feint","DTMod:BlueScale"],"picked":"DTMod:MagiciansMark","floor":12.0},{"not_picked":["DTMod:Multitask","DTMod:BreakAttack"],"picked":"DTMod:Hide","floor":13.0},{"not_picked":["DTMod:ShieldDrain","DTMod:Haste"],"picked":"DTMod:DragonDance","floor":14.0},{"not_picked":["DTMod:StunTrap","DTMod:Outburst"],"picked":"DTMod:SealedStrike","floor":16.0},{"not_picked":["DTMod:BuildUp","DTMod:TauntingStrike"],"picked":"DTMod:RecklessFlurry","floor":18.0},{"not_picked":["DTMod:ComboAttack+1","DTMod:Haste","DTMod:BizarreTactic"],"picked":"SKIP","floor":20.0},{"not_picked":["DTMod:Astonish","DTMod:ShieldDrain"],"picked":"DTMod:HeadStart","floor":21.0},{"not_picked":["DTMod:CalculatedDefense","DTMod:MasterPlan"],"picked":"DTMod:BlueScale","floor":22.0},{"not_picked":["DTMod:CleansingStrike","DTMod:BreakAttack+1","DTMod:Punisher"],"picked":"SKIP","floor":24.0},{"not_picked":["DTMod:BizarreTactic","DTMod:MasterPlan"],"picked":"DTMod:BurningEnergy","floor":25.0},{"not_picked":["DTMod:BizarreTactic","DTMod:BlazingStrike"],"picked":"DTMod:Shift","floor":27.0},{"not_picked":["DTMod:InvisibleFlame","DTMod:ComboAttack"],"picked":"DTMod:Training+1","floor":29.0},{"not_picked":["DTMod:BurningEnergy","DTMod:CrossStep","DTMod:Cover"],"picked":"SKIP","floor":31.0},{"not_picked":["DTMod:BurningEnergy","DTMod:CrossStep"],"picked":"DTMod:MagicField+1","floor":35.0},{"not_picked":["DTMod:QuickFly","DTMod:BurningEnergy+1"],"picked":"DTMod:Multitask","floor":36.0},{"not_picked":["DTMod:Feint","DTMod:BurningEnergy","DTMod:ComboAttack"],"picked":"SKIP","floor":38.0},{"not_picked":["DTMod:Coolant+1","DTMod:HeatWave"],"picked":"DTMod:TriAttack","floor":41.0},{"not_picked":["DTMod:Haste","DTMod:BlazingStrike","DTMod:FlameSlash"],"picked":"SKIP","floor":44.0},{"not_picked":["DTMod:SneakAttack","DTMod:BizarreTactic","DTMod:Feint"],"picked":"SKIP","floor":46.0},{"not_picked":["DTMod:InvisibleFlame","DTMod:HeatWave"],"picked":"DTMod:ResonanceForm","floor":47.0}],"player_experience":734879,"relics_obtained":[{"floor":6.0,"key":"DTMod:DragonFood"},{"floor":9.0,"key":"Kunai"},{"floor":11.0,"key":"MawBank"},{"floor":13.0,"key":"Odd Mushroom"},{"floor":17.0,"key":"Boot"},{"floor":17.0,"key":"Blue Candle"},{"floor":17.0,"key":"CaptainsWheel"},{"floor":26.0,"key":"Juzu Bracelet"},{"floor":30.0,"key":"Red Mask"},{"floor":41.0,"key":"Shuriken"},{"floor":43.0,"key":"Orichalcum"},{"floor":47.0,"key":"Happy Flower"}],"event_choices":[{"damage_healed":0.0,"max_hp_gain":0.0,"max_hp_loss":0.0,"gold_gain":0.0,"event_name":"Scrap Ooze","player_choice":"Success","floor":2.0,"gold_loss":0.0,"damage_taken":5.0,"relics_obtained":["Letter Opener"]},{"damage_healed":0.0,"max_hp_gain":0.0,"max_hp_loss":0.0,"gold_gain":0.0,"event_name":"Shining Light","player_choice":"Entered Light","floor":3.0,"gold_loss":0.0,"damage_taken":11.0,"cards_upgraded":["DTMod:Strike","DTMod:TargetDefense"]},{"damage_healed":0.0,"max_hp_gain":0.0,"max_hp_loss":0.0,"gold_gain":0.0,"event_name":"World of Goop","player_choice":"Left Gold","floor":8.0,"gold_loss":40.0,"damage_taken":0.0},{"damage_healed":0.0,"max_hp_gain":0.0,"max_hp_loss":0.0,"gold_gain":0.0,"event_name":"Mushrooms","player_choice":"Fought Mushrooms","floor":13.0,"gold_loss":0.0,"damage_taken":0.0},{"cards_removed":["DTMod:Strike"],"damage_healed":0.0,"max_hp_gain":0.0,"max_hp_loss":0.0,"gold_gain":0.0,"event_name":"Designer","player_choice":"Upgrade and Remove","floor":19.0,"gold_loss":110.0,"damage_taken":0.0,"cards_upgraded":["DTMod:ShieldDrain"]},{"damage_healed":0.0,"max_hp_gain":0.0,"max_hp_loss":0.0,"gold_gain":0.0,"event_name":"Masked Bandits","player_choice":"Fought Bandits","floor":30.0,"gold_loss":0.0,"damage_taken":0.0},{"damage_healed":0.0,"max_hp_gain":0.0,"max_hp_loss":2.0,"gold_gain":0.0,"event_name":"Winding Halls","player_choice":"Max HP","floor":37.0,"gold_loss":0.0,"damage_taken":0.0}],"is_beta":false,"boss_relics":[{"not_picked":["Tiny House","SacredBark"],"picked":"Calling Bell"},{"not_picked":["Runic Pyramid","DTMod:TheChair"],"picked":"Runic Dome"}],"items_purged_floors":[39],"is_endless":false,"potions_floor_spawned":[4,10,12,14,20,21,25,31,33,35,41,46,47],"killed_by":"Awakened One","ascension_level":20}}