{"host":"2wp95sdfrgw3k439","time":1611998363,"event":{"mods":["BaseMod","Better Altar","Better Skull","Better Third Choice","Curses Come First","Minty Spire (QoL Compilation)","Permanent Neow","StSLib"],"gold_per_floor":[138,313,313,9,28,101,101,131,131,165,217,259,310,328,328,428,428,445,445,475,65,101,146,146,200,200,200,217,21,21,50,50,148,148,162,197,197,247,325,358,358,376,451,468,468,518,531,531,531],"floor_reached":48,"language":"ENG","playtime":2963,"items_purged":["Doubt"],"score":899,"play_id":"3377cf82-dc26-4532-8eaa-d44b447b0a75","local_time":"20210130021923","is_ascension_mode":true,"campfire_choices":[{"floor":7,"key":"REST"},{"floor":15,"key":"REST"},{"floor":24,"key":"REST"},{"data":"After Image","floor":27,"key":"SMITH"},{"data":"Footwork","floor":30,"key":"SMITH"},{"data":"Well Laid Plans","floor":32,"key":"SMITH"},{"floor":41,"key":"REST"},{"floor":45,"key":"REST"}],"circlet_count":0,"master_deck":["Survivor","Neutralize","HandOfGreed","Skewer","Infinite Blades","Noxious Fumes","Noxious Fumes","Dash","Dash","Caltrops","Crippling Poison","Well Laid Plans+1","After Image+1","Footwork+1","Backstab","Terror","Flying Knee","Outmaneuver+1","Doppelganger","Deflect","Eviscerate","Prepared","Bane","Caltrops","Deadly Poison","Distraction","Caltrops","Concentrate","Madness","Madness","Backflip+1","Parasite","Backflip+1","Sucker Punch+1","Die Die Die"],"relics":["Ring of the Snake","Strawberry","Toy Ornithopter","Pantograph","Happy Flower","Nunchaku","Odd Mushroom","Eternal Feather","Busted Crown","Lee\u0027s Waffle","Potion Belt","Tiny Chest","Snake Skull","The Courier","Shuriken","Gambling Chip","Pandora\u0027s Box","Peace Pipe","Blue Candle","Pear","Frozen Egg 2","Tough Bandages"],"acts_visited":["Exordium","TheCity","TheBeyond"],"potions_floor_usage":[6,11,12,16,20,22,25,31,35,47],"damage_taken":[{"damage":2,"enemies":"Small Slimes","floor":1,"turns":5},{"damage":4,"enemies":"Jaw Worm","floor":5,"turns":3},{"damage":25,"enemies":"3 Sentries","floor":6,"turns":10},{"damage":1,"enemies":"Cultist","floor":8,"turns":4},{"damage":1,"enemies":"2 Fungi Beasts","floor":10,"turns":4},{"damage":11,"enemies":"Lagavulin","floor":11,"turns":8},{"damage":5,"enemies":"The Mushroom Lair","floor":12,"turns":4},{"damage":10,"enemies":"3 Sentries","floor":13,"turns":6},{"damage":15,"enemies":"3 Louse","floor":14,"turns":3},{"damage":16,"enemies":"Hexaghost","floor":16,"turns":10},{"damage":12,"enemies":"3 Byrds","floor":18,"turns":4},{"damage":12,"enemies":"Chosen","floor":20,"turns":5},{"damage":18,"enemies":"3 Cultists","floor":22,"turns":5},{"damage":24,"enemies":"Book of Stabbing","floor":23,"turns":7},{"damage":41,"enemies":"Slavers","floor":25,"turns":5},{"damage":13,"enemies":"Snake Plant","floor":28,"turns":4},{"damage":11,"enemies":"Gremlin Leader","floor":31,"turns":7},{"damage":20,"enemies":"Champ","floor":33,"turns":9},{"damage":32,"enemies":"3 Darklings","floor":35,"turns":5},{"damage":0,"enemies":"3 Shapes","floor":36,"turns":4},{"damage":26,"enemies":"Mind Bloom Boss Battle","floor":38,"turns":6},{"damage":19,"enemies":"Nemesis","floor":40,"turns":7},{"damage":31,"enemies":"Writhing Mass","floor":42,"turns":6},{"damage":16,"enemies":"Sphere and 2 Shapes","floor":44,"turns":6},{"damage":25,"enemies":"Giant Head","floor":46,"turns":8},{"damage":44,"enemies":"Jaw Worm Horde","floor":47,"turns":4},{"damage":62,"enemies":"4 Shapes","floor":48,"turns":3}],"seed_played":"2900116431769411048","potions_obtained":[{"floor":5,"key":"SpeedPotion"},{"floor":6,"key":"EssenceOfSteel"},{"floor":11,"key":"AttackPotion"},{"floor":14,"key":"GhostInAJar"},{"floor":16,"key":"PowerPotion"},{"floor":18,"key":"Fire Potion"},{"floor":20,"key":"Fire Potion"},{"floor":25,"key":"SkillPotion"},{"floor":31,"key":"LiquidMemories"},{"floor":38,"key":"SpeedPotion"},{"floor":42,"key":"FairyPotion"},{"floor":46,"key":"ColorlessPotion"}],"is_trial":false,"path_per_floor":["M","?","?","$","M","E","R","M","T","M","E","?","E","M","R","B",null,"M","?","M","$","M","E","R","E","T","R","M","$","R","E","R","B",null,"M","M","?","?","T","E","R","M","T","M","R","E","M","M"],"character_chosen":"THE_SILENT","items_purchased":["Toy Ornithopter","Infinite Blades","Lee\u0027s Waffle","Potion Belt","Footwork","Backstab","Shuriken"],"campfire_rested":5,"item_purchase_floors":[4,4,21,21,21,21,29],"current_hp_per_floor":[43,43,47,47,43,23,46,45,45,44,38,38,28,13,48,61,73,61,61,54,84,66,42,82,46,46,61,48,48,63,57,72,64,79,52,52,41,40,40,31,77,46,46,30,76,51,12,0,0],"gold":531,"neow_bonus":"RANDOM_COLORLESS_2","is_daily":false,"chose_seed":false,"campfire_upgraded":3,"win_rate":0.0,"timestamp":1611998363,"path_taken":["M","?","?","?","M","E","R","M","T","?","E","?","E","M","R","BOSS","M","?","M","$","?","E","R","E","T","R","M","$","R","E","R","BOSS","M","?","?","?","?","E","R","M","T","?","R","E","M","M"],"items_purchased_type":["Relic","Card","Relic","Relic","Card","Card","Relic"],"build_version":"2020-12-22","purchased_purges":1,"victory":false,"max_hp_per_floor":[70,70,77,77,77,77,77,77,77,77,77,77,77,77,77,77,77,77,77,77,84,84,84,84,84,84,84,84,84,84,84,84,84,84,84,84,84,84,84,94,94,94,94,94,94,94,94,94,94],"card_choices":[{"not_picked":["Secret Technique","Mayhem"],"picked":"HandOfGreed","floor":0},{"not_picked":["Poisoned Stab","Prepared"],"picked":"Skewer","floor":1},{"not_picked":["Distraction","Bane","PiercingWail"],"picked":"SKIP","floor":5},{"not_picked":["Cloak And Dagger","Quick Slash"],"picked":"Noxious Fumes","floor":6},{"not_picked":["Masterful Stab","Slice"],"picked":"Noxious Fumes","floor":8},{"not_picked":["Deadly Poison","Outmaneuver"],"picked":"Dash","floor":10},{"not_picked":["Deadly Poison","Backflip"],"picked":"Dash","floor":11},{"not_picked":["Malaise","Bane"],"picked":"Caltrops","floor":12},{"not_picked":["Outmaneuver","Dagger Spray"],"picked":"Crippling Poison","floor":13},{"not_picked":["PiercingWail","Backflip"],"picked":"Well Laid Plans","floor":14},{"not_picked":["Grand Finale","Night Terror"],"picked":"After Image","floor":16},{"not_picked":["Blade Dance"],"picked":"SKIP","floor":18},{"not_picked":["Underhanded Strike"],"picked":"SKIP","floor":20},{"not_picked":["Slice"],"picked":"SKIP","floor":22},{"not_picked":[],"picked":"Terror","floor":23},{"not_picked":[],"picked":"Flying Knee","floor":25},{"not_picked":["Cloak And Dagger"],"picked":"SKIP","floor":28},{"not_picked":[],"picked":"Outmaneuver+1","floor":31},{"not_picked":[],"picked":"Doppelganger","floor":33},{"not_picked":["Poisoned Stab"],"picked":"SKIP","floor":35},{"not_picked":["Blade Dance"],"picked":"SKIP","floor":36},{"not_picked":[],"picked":"Backflip+1","floor":38},{"not_picked":["Doppelganger"],"picked":"SKIP","floor":40},{"not_picked":[],"picked":"Backflip+1","floor":42},{"not_picked":[],"picked":"Sucker Punch+1","floor":44},{"not_picked":[],"picked":"Die Die Die","floor":46},{"not_picked":["Flechettes"],"picked":"SKIP","floor":47}],"player_experience":522549,"relics_obtained":[{"floor":6,"key":"Pantograph"},{"floor":9,"key":"Happy Flower"},{"floor":11,"key":"Nunchaku"},{"floor":12,"key":"Odd Mushroom"},{"floor":13,"key":"Eternal Feather"},{"floor":23,"key":"Tiny Chest"},{"floor":25,"key":"Snake Skull"},{"floor":26,"key":"The Courier"},{"floor":31,"key":"Gambling Chip"},{"floor":38,"key":"Peace Pipe"},{"floor":39,"key":"Blue Candle"},{"floor":40,"key":"Pear"},{"floor":43,"key":"Frozen Egg 2"},{"floor":46,"key":"Tough Bandages"}],"event_choices":[{"damage_healed":0,"gold_gain":175,"player_choice":"AGREE","damage_taken":138,"max_hp_gain":0,"max_hp_loss":0,"event_name":"betterThird:BetterSerpent","floor":2,"gold_loss":0},{"damage_healed":0,"gold_gain":0,"player_choice":"Relic ","damage_taken":3,"max_hp_gain":0,"max_hp_loss":0,"event_name":"betterThird:BetterScrap","floor":3,"gold_loss":0,"cards_obtained":["SpiritShield"]},{"damage_healed":0,"gold_gain":0,"player_choice":"Fought Mushrooms","damage_taken":0,"max_hp_gain":0,"max_hp_loss":0,"event_name":"Mushrooms","floor":12,"gold_loss":0},{"cards_removed":["Strike_G"],"damage_healed":0,"gold_gain":0,"player_choice":"Offered Basic","damage_taken":0,"max_hp_gain":0,"max_hp_loss":0,"event_name":"Bonfire Elementals","floor":19,"gold_loss":0},{"damage_healed":0,"gold_gain":0,"player_choice":"Embrace Madness","damage_taken":11,"max_hp_gain":0,"max_hp_loss":0,"event_name":"Winding Halls","floor":37,"gold_loss":0,"cards_obtained":["Madness","Madness"]},{"damage_healed":0,"gold_gain":0,"player_choice":"Fight","damage_taken":0,"max_hp_gain":0,"max_hp_loss":0,"event_name":"MindBloom","floor":38,"gold_loss":0}],"is_beta":false,"boss_relics":[{"not_picked":["Calling Bell","Snecko Eye"],"picked":"Busted Crown"},{"not_picked":["Runic Dome","Black Star"],"picked":"Pandora\u0027s Box"}],"items_purged_floors":[4],"is_endless":false,"potions_floor_spawned":[5,6,11,14,16,18,20,25,31,38,42,46],"killed_by":"4 Shapes","ascension_level":9}}