{"host":"2e5gbsni44p3458r","time":1611967554,"event":{"mods":["BaseMod","Colored Map","Downfall","Hermit","Minty Spire (QoL Compilation)","Replay The Spire","StSLib","The Cursed"],"gold_per_floor":[99,99,99,99,99,274,300,329,366,394,406,418,430,442,465,477,477],"floor_reached":16,"language":"ENG","playtime":487,"items_purged":[],"score":103,"play_id":"fd9fef7d-a8c6-4a05-94e4-0546ad0d55e8","local_time":"20210130094554","is_ascension_mode":true,"campfire_choices":[{"data":"TheCursedMod:CursedWand","floor":1.0,"key":"SMITH"},{"floor":11.0,"key":"REST"}],"circlet_count":0,"master_deck":["TheCursedMod:Strike_TheCursed","TheCursedMod:Strike_TheCursed","TheCursedMod:Strike_TheCursed","TheCursedMod:Defend_TheCursed","TheCursedMod:Defend_TheCursed","TheCursedMod:Defend_TheCursed","TheCursedMod:Defend_TheCursed","TheCursedMod:CursedWand+1","TheCursedMod:CleanUpWorkshop","TheCursedMod:Dregs","TheCursedMod:ReleasedStrength","TheCursedMod:CursedBoomerang","Doubt","TheCursedMod:RavingStaff","TheCursedMod:FleshFromBone","TheCursedMod:CursedArmor","TheCursedMod:SpitefulPlan"],"relics":["TheCursedMod:BlackMagic101","downfall:HeartsMalice","ReplayFunnel","Oddly Smooth Stone","MawBank","Odd Mushroom","SsserpentHead"],"acts_visited":["Exordium"],"potions_floor_usage":[],"damage_taken":[{"damage":0.0,"enemies":"Cultist","floor":3.0,"turns":1.0},{"damage":0.0,"enemies":"2 Louse","floor":4.0,"turns":1.0},{"damage":0.0,"enemies":"Jaw Worm","floor":5.0,"turns":1.0},{"damage":21.0,"enemies":"Lagavulin","floor":8.0,"turns":6.0},{"damage":24.0,"enemies":"The Mushroom Lair","floor":9.0,"turns":3.0},{"damage":24.0,"enemies":"Exordium Wildlife","floor":10.0,"turns":4.0},{"damage":0,"enemies":"Large Slime","floor":15,"turns":3},{"damage":15,"enemies":"DF_ARCHETYPE_STREAMLINE","floor":16,"turns":6}],"seed_played":"7121866761863493224","potions_obtained":[{"floor":8.0,"key":"Explosive Potion"},{"floor":15,"key":"BlessingOfTheForge"}],"is_trial":false,"path_per_floor":["R","T","M","M","M","?","T","E","?","M","R","?","T","?","M","B"],"character_chosen":"THE_CURSED","items_purchased":[],"campfire_rested":1,"item_purchase_floors":[],"current_hp_per_floor":[75,75,75,75,75,75,75,54,30,6,28,28,28,28,28,13,13],"gold":477,"neow_bonus":"THREE_ENEMY_KILL","is_daily":false,"chose_seed":false,"campfire_upgraded":1,"win_rate":0.0,"timestamp":1611967554,"path_taken":["R","?","M","M","M","?","T","E","?","?","R","?","?","?","M","BOSS"],"items_purchased_type":[],"build_version":"2020-12-22","purchased_purges":0,"victory":false,"max_hp_per_floor":[75,75,75,75,75,75,75,75,75,75,75,75,75,75,75,75,75],"card_choices":[{"not_picked":["TheCursedMod:DoubleShield","TheCursedMod:StingEye"],"picked":"TheCursedMod:ReleasedStrength","floor":3.0},{"not_picked":["TheCursedMod:SoulReap","TheCursedMod:CursedMace","TheCursedMod:RapidMovement"],"picked":"SKIP","floor":4.0},{"not_picked":["TheCursedMod:CircleOfFlame","TheCursedMod:Obscuration"],"picked":"TheCursedMod:CursedBoomerang","floor":5.0},{"not_picked":["TheCursedMod:DarkBarrier","TheCursedMod:HellsGateOpen","TheCursedMod:CircleOfFocus"],"picked":"SKIP","floor":8.0},{"not_picked":["TheCursedMod:CursedShiv","TheCursedMod:ReleasedStrength"],"picked":"TheCursedMod:RavingStaff","floor":9.0},{"not_picked":["TheCursedMod:CursedBoomerang","TheCursedMod:CircleOfWindfury"],"picked":"TheCursedMod:FleshFromBone","floor":10.0},{"not_picked":["TheCursedMod:VitalStrike","TheCursedMod:RavingStaff"],"picked":"TheCursedMod:SpitefulPlan","floor":15}],"player_experience":773229,"relics_obtained":[{"floor":2.0,"key":"ReplayFunnel"},{"floor":7.0,"key":"Oddly Smooth Stone"},{"floor":8.0,"key":"MawBank"},{"floor":9.0,"key":"Odd Mushroom"}],"event_choices":[{"damage_healed":0.0,"max_hp_gain":0.0,"max_hp_loss":0.0,"gold_gain":0.0,"event_name":"Mushrooms","player_choice":"Fought Mushrooms","floor":9.0,"gold_loss":0.0,"damage_taken":0.0},{"damage_healed":0,"gold_gain":0,"cards_transformed":["TheCursedMod:Strike_TheCursed"],"player_choice":"Change","damage_taken":0,"max_hp_gain":0,"max_hp_loss":0,"event_name":"Living Wall","floor":12,"gold_loss":0,"cards_obtained":["TheCursedMod:CursedArmor"]},{"damage_healed":0,"gold_gain":0,"player_choice":"Trade","damage_taken":0,"relics_obtained":["SsserpentHead"],"max_hp_gain":0,"max_hp_loss":0,"event_name":"FaceTrader","floor":14,"gold_loss":0}],"is_beta":false,"boss_relics":[],"items_purged_floors":[],"is_endless":false,"potions_floor_spawned":[8,15],"killed_by":"DF_ARCHETYPE_STREAMLINE","ascension_level":2}}