{"host":"xkyjkr020mio9edy","time":1611974654,"event":{"mods":["AchievementEnabler","BaseMod","Block Reminder","Clockwork Mod","Colored Map","Colored Powertips","DeckTracker","Downfall","Glutton Mod","Gold Saver","Highlight Path","Hubris","Minty Spire (QoL Compilation)","Permanent Neow","Quick Restart","Rare Cards Sparkle","Replay The Spire","StSLib","The Blue Laboratory","The Bug Knight","The Jungle","The Necromancer","TheHeartMod","Wandering Minibosses"],"gold_per_floor":[790,790,259,272,295,376,376,376,401,401,416,416,416],"floor_reached":11,"language":"ENG","playtime":485,"items_purged":[],"score":82,"play_id":"522c36b7-fe12-4273-981b-15eb9e1d3f7f","local_time":"20210129214414","is_ascension_mode":true,"campfire_choices":[{"floor":7,"key":"RECALL"}],"circlet_count":0,"master_deck":["Slimebound:Strike_Slimebound","Slimebound:Strike_Slimebound","Slimebound:Strike_Slimebound","Slimebound:Tackle","Slimebound:Defend_Slimebound","Slimebound:Defend_Slimebound","Slimebound:Defend_Slimebound","Slimebound:Defend_Slimebound","Slimebound:Split","Slimebound:CorrosiveSpit","Slimebound:SplitMire","Slimebound:LevelUp","Slimebound:LeadByExample","Slimebound:LivingWall"],"relics":["Slimebound:AbsorbEndCombat","NeowsBlessing","hubris:OldNail","bronze:DonusWashers","hubris:TenFootPole","Replay:Bandana","Juzu Bracelet","hubris:Icosahedron","hubris:Towel"],"acts_visited":[],"potions_floor_usage":[6,6,11],"damage_taken":[{"damage":0.0,"enemies":"Small Slimes","floor":1.0,"turns":2.0},{"damage":0,"enemies":"Jaw Worm","floor":4,"turns":1},{"damage":3,"enemies":"2 Louse","floor":5,"turns":1},{"damage":24,"enemies":"HollowMod:MossKnight","floor":6,"turns":9},{"damage":52,"enemies":"Lagavulin","floor":11,"turns":5}],"seed_played":"7035935567353713466","potions_obtained":[{"floor":1,"key":"AttackPotion"},{"floor":4,"key":"Adrenaline Potion"},{"floor":5,"key":"Venom Potion"}],"is_trial":false,"path_per_floor":["M","?","$","M","M","E","R","?","T","?","E"],"character_chosen":"SLIMEBOUND","items_purchased":["Slimebound:LevelUp","bronze:DonusWashers","hubris:TenFootPole","Replay:Bandana"],"campfire_rested":0,"item_purchase_floors":[3,3,3,3],"current_hp_per_floor":[65,62,62,62,59,43,43,43,43,43,0,0,0],"gold":416,"neow_bonus":"THREE_ENEMY_KILL","is_daily":false,"chose_seed":false,"campfire_upgraded":0,"win_rate":0.0,"timestamp":1611974654,"path_taken":["M","?","$","M","M","E","R","?","T","?","E"],"items_purchased_type":["Card","Relic","Relic","Relic"],"build_version":"2020-12-22","purchased_purges":0,"victory":false,"max_hp_per_floor":[65,65,65,65,65,65,65,65,65,65,65,65,65],"card_choices":[{"not_picked":["Slimebound:BestDefense","Slimebound:GrowthPunch"],"picked":"Slimebound:SplitMire","floor":1},{"not_picked":["Slimebound:SplitAcid","Slimebound:SplitLeeching"],"picked":"Slimebound:LeadByExample","floor":4},{"not_picked":["Slimebound:FlameTackle","Slimebound:FinishingTackle","Slimebound:ComboTackle"],"picked":"SKIP","floor":5},{"not_picked":["Slimebound:SplitMire","Slimebound:HauntingLick"],"picked":"Slimebound:LivingWall","floor":6}],"player_experience":140292,"relics_obtained":[{"floor":6,"key":"Juzu Bracelet"}],"event_choices":[{"damage_healed":0,"gold_gain":0,"player_choice":"Success","damage_taken":3,"relics_obtained":["hubris:OldNail"],"max_hp_gain":0,"max_hp_loss":0,"event_name":"Scrap Ooze","floor":2,"gold_loss":0}],"is_beta":false,"boss_relics":[],"items_purged_floors":[],"is_endless":false,"potions_floor_spawned":[1,4,5],"killed_by":"Lagavulin","ascension_level":3}}