{"host":"1c52r9kaxdyo25eq","time":1611988500,"event":{"mods":["AchievementEnabler","BaseMod","DeckTracker","Minty Spire (QoL Compilation)","Rare Cards Sparkle","SuperFastMode","everything is the same but u backflip on backflip"],"gold_per_floor":[118,118,43,58,58,98,111,111,134,134,154,154,169,183,183,183,183],"floor_reached":16,"language":"KOR","playtime":267,"items_purged":[],"score":235,"play_id":"cbee4604-cbd2-4885-a07c-815028464d6a","local_time":"20210130153500","is_ascension_mode":true,"campfire_choices":[{"data":"Armaments","floor":8.0,"key":"SMITH"},{"data":"Feel No Pain","floor":10.0,"key":"SMITH"},{"data":"Fire Breathing","floor":15,"key":"SMITH"}],"circlet_count":0,"master_deck":["AscendersBane","Strike_R","Strike_R+1","Strike_R","Strike_R","Strike_R","Defend_R","Defend_R","Defend_R","Bash+1","Shrug It Off","Armaments+1","Feel No Pain+1","Dark Embrace","Fire Breathing+1"],"relics":["Burning Blood","NeowsBlessing","Golden Idol","Smiling Mask","Whetstone"],"acts_visited":["Exordium"],"potions_floor_usage":[14,16,16],"damage_taken":[{"damage":0.0,"enemies":"Small Slimes","floor":1.0,"turns":1.0},{"damage":0.0,"enemies":"Jaw Worm","floor":4.0,"turns":1.0},{"damage":0.0,"enemies":"Gremlin Nob","floor":6.0,"turns":1.0},{"damage":7.0,"enemies":"Cultist","floor":7.0,"turns":4.0},{"damage":15.0,"enemies":"Red Slaver","floor":11.0,"turns":5.0},{"damage":26.0,"enemies":"Exordium Wildlife","floor":13.0,"turns":6.0},{"damage":14,"enemies":"Exordium Thugs","floor":14,"turns":5},{"damage":33,"enemies":"Hexaghost","floor":16,"turns":11}],"seed_played":"-3233339647750208385","potions_obtained":[{"floor":7.0,"key":"BloodPotion"},{"floor":11.0,"key":"Strength Potion"},{"floor":14,"key":"EssenceOfSteel"}],"is_trial":false,"path_per_floor":["M","?","?","M","$","E","M","R","T","R","M","?","M","M","R","B"],"character_chosen":"IRONCLAD","items_purchased":[],"campfire_rested":0,"item_purchase_floors":[],"current_hp_per_floor":[74,48,48,54,54,60,59,59,59,59,50,55,35,27,27,10,10],"gold":183,"neow_bonus":"THREE_ENEMY_KILL","is_daily":false,"chose_seed":false,"campfire_upgraded":3,"win_rate":0.0,"timestamp":1611988500,"path_taken":["M","?","?","M","?","E","M","R","T","R","M","?","M","M","R","BOSS"],"items_purchased_type":[],"build_version":"2020-12-22","purchased_purges":0,"victory":false,"max_hp_per_floor":[75,75,75,75,75,75,75,75,75,75,75,80,80,80,80,80,80],"card_choices":[{"not_picked":["Sword Boomerang","Thunderclap","Flame Barrier"],"picked":"SKIP","floor":1.0},{"not_picked":["Wild Strike","Heavy Blade"],"picked":"Shrug It Off","floor":4.0},{"not_picked":["True Grit","Wild Strike"],"picked":"Armaments","floor":6.0},{"not_picked":["Iron Wave","Cleave"],"picked":"Feel No Pain","floor":7.0},{"not_picked":["Havoc","Sword Boomerang"],"picked":"Dark Embrace","floor":11.0},{"not_picked":["Clothesline","Heavy Blade"],"picked":"Fire Breathing","floor":13.0},{"not_picked":["Havoc","Infernal Blade","Juggernaut"],"picked":"SKIP","floor":14}],"player_experience":630339,"relics_obtained":[{"floor":6.0,"key":"Smiling Mask"},{"floor":9.0,"key":"Whetstone"}],"event_choices":[{"damage_healed":0.0,"max_hp_gain":0.0,"max_hp_loss":0.0,"gold_gain":0.0,"event_name":"Golden Idol","player_choice":"Take Damage","floor":2.0,"gold_loss":0.0,"damage_taken":26.0,"relics_obtained":["Golden Idol"]},{"cards_removed":["Defend_R"],"damage_healed":0.0,"max_hp_gain":0.0,"max_hp_loss":0.0,"gold_gain":0.0,"event_name":"The Cleric","player_choice":"Card Removal","floor":3.0,"gold_loss":75.0,"damage_taken":0.0},{"damage_healed":0.0,"max_hp_gain":5.0,"max_hp_loss":0.0,"gold_gain":0.0,"event_name":"Big Fish","player_choice":"Donut","floor":12.0,"gold_loss":0.0,"damage_taken":0.0}],"is_beta":false,"boss_relics":[],"items_purged_floors":[],"is_endless":false,"potions_floor_spawned":[7,11,14],"killed_by":"Hexaghost","ascension_level":17}}