{"host":"36zn1fhase90d3ns","time":1611999727,"event":{"mods":["2.2 Compatiblity","AchievementEnabler","Act Like it!","Aspiration","BaseMod","BetterRewards","Block Reminder","Colored Map","Colored Powertips","Conspire","Curses Come First","Custom Start","Dark Map","Energized Spire","Friendly Minions","Halation","Hermit","Hubris","Minty Spire (QoL Compilation)","Prisma Mod","Quick Restart","Relic Sorter","Reliquary","Remilia??????","Replay The Spire","Spicy Shops","StSLib","The Necromancer","Unceasing Turn Reminder","Yohane!","??????REMEMod"],"gold_per_floor":[135,15,27,27,80,132,132,183,206,242,286,286,286,461,461,610,610,651,277,187,310,115,115,253,475,475,104,104,217,267,411,411,545,545,572,323,394,548,120,120,284,284,309,354,446,503,503,575,575,693,693,693,259,301,472],"floor_reached":56,"language":"ENG","playtime":4408,"items_purged":["Strike_RM","Strike_RM","Pride","Strike_RM","Defend_RM","Defend_RM","Defend_RM","Defend_RM+1","hubris:Greed"],"score":1672,"play_id":"86738fba-720c-4e10-a0b3-94acdfc165e1","local_time":"20210130034207","is_ascension_mode":true,"campfire_choices":[{"data":"RedMoon","floor":7,"key":"SMITH"},{"data":"MillenniumVampire","floor":12,"key":"SMITH"},{"data":"Doubt","floor":15,"key":"SMITH"},{"data":"CurseOfVladTepes","floor":23,"key":"SMITH"},{"data":"ReplayTheSpireMod:Brewmster","floor":28,"key":"SMITH"},{"data":"CurseOfVladTepes+1","floor":32,"key":"SMITH"},{"data":"CurseOfVladTepes+2","floor":40,"key":"SMITH"},{"data":"CurseOfVladTepes+3","floor":42,"key":"SMITH"},{"data":"CurseOfVladTepes+4","floor":47,"key":"SMITH"},{"floor":49,"key":"RECALL"},{"data":"CurseOfVladTepes+5","floor":52,"key":"SMITH"}],"circlet_count":0,"master_deck":["RedMoon+1","ScarletShoot+1","FavorOfDestiny","RedNightlessCastle+1","FitfulNightmare","FavorOfDestiny+1","MillenniumVampire+1","DiffusionOfMisfortune+1","DiffusionOfMisfortune+1","BombardNight+1","BombardNight+2","CurseOfVladTepes+6","Ultimatum+1","FavorOfDestiny","REME_Flogging+1","FavorOfDestiny+1","Pot Of Greed+1","Pot Of Greed","ReincarnationDial+1","PrismaMod:IllyaGrail+1","FavorOfDestiny+1","MastersStateliness+1","Pot Of Greed+1","ReplayTheSpireMod:Brewmster+1","HeartBreak+1","MastersStateliness+1","UnstableMagic+1","MastersStateliness+1","DiffusionOfMisfortune+1"],"relics":["ScarletHat","REME_ComplimentaryCards","halation:AfternoonTea","RedBat","conspire:InfiniteJournal","Strange Spoon","Replay:Bottled Flurry","halation:PrussianBluePaint","Membership Card","hubris:Towel","Replay:Baseball","REME_LimitBreaker","Replay:Bandana","aspiration:FetidBarrel","halation:PinkSoulGem","halation:HeavySnake","FairyMaid","aspiration:FrozenJewel","Medical Kit","Grinning Jar","reliquary:BoilingFlask","aspiration:Nostalgia","Yohane:AngelWings","Whetstone","Replay:Multitool","aspiration:RitualDagger","halation:KoshaPiece","Potion Belt","hubris:SlimyHat","Guide Book","reliquary:Bookmark","Bag of Preparation","Ginger","Bronze Scales","Chemical X","reliquary:RoseTintedGlasses","halation:LettersToHer","REME_ArchaeologicalTools"],"acts_visited":["Exordium","TheCity","TheBeyond","TheEnding"],"potions_floor_usage":[5,6,6,10,10,10,16,16,18,24,25,27,30,37,38,38,38,41,44,44,44,44,45,46,46,50,50,50,50,50,50,50,50,50,50,55,55,55,55,55,55,55,55,55,55,55],"damage_taken":[{"damage":1,"enemies":"Jaw Worm","floor":1,"turns":6},{"damage":1,"enemies":"2 Louse","floor":3,"turns":4},{"damage":0,"enemies":"Cultist","floor":5,"turns":5},{"damage":21,"enemies":"Gremlin Nob","floor":6,"turns":6},{"damage":6,"enemies":"3 Sentries","floor":8,"turns":13},{"damage":8,"enemies":"Gremlin Nob","floor":10,"turns":5},{"damage":0,"enemies":"Red Slaver","floor":11,"turns":8},{"damage":1,"enemies":"Hexaghost","floor":16,"turns":14},{"damage":0,"enemies":"2 Thieves","floor":18,"turns":3},{"damage":1,"enemies":"Spheric Guardian","floor":21,"turns":4},{"damage":0,"enemies":"Slavers","floor":24,"turns":3},{"damage":5,"enemies":"Centurion and Healer","floor":25,"turns":14},{"damage":0,"enemies":"Gremlin Leader","floor":29,"turns":8},{"damage":7,"enemies":"Snake Plant","floor":30,"turns":2},{"damage":16,"enemies":"Shelled Parasite and Fungi","floor":31,"turns":8},{"damage":10,"enemies":"conspire:MysteriousRune","floor":33,"turns":7},{"damage":6,"enemies":"3 Shapes","floor":35,"turns":2},{"damage":15,"enemies":"3 Darklings","floor":37,"turns":3},{"damage":41,"enemies":"Maw","floor":38,"turns":9},{"damage":18,"enemies":"Sphere and 2 Shapes","floor":41,"turns":7},{"damage":72,"enemies":"conspire:MimicChest","floor":44,"turns":8},{"damage":11,"enemies":"Spire Growth","floor":45,"turns":4},{"damage":15,"enemies":"Transient","floor":46,"turns":5},{"damage":12,"enemies":"R_Hoarder","floor":48,"turns":4},{"damage":43,"enemies":"Awakened One","floor":50,"turns":10},{"damage":63,"enemies":"Shield and Spear","floor":54,"turns":8},{"damage":54,"enemies":"The Heart","floor":55,"turns":5}],"seed_played":"-1777336476213207358","potions_obtained":[{"floor":1,"key":"Elixir"},{"floor":3,"key":"AttackPotion"},{"floor":5,"key":"Venom Potion"},{"floor":8,"key":"LiquidMemories"},{"floor":8,"key":"DestinyDice"},{"floor":10,"key":"CultistPotion"},{"floor":10,"key":"REME_GoldPotion"},{"floor":10,"key":"conspire:TimeTravelPotion"},{"floor":11,"key":"EntropicBrew"},{"floor":16,"key":"SpeedPotion"},{"floor":16,"key":"LiquidMemories"},{"floor":18,"key":"PowerPotion"},{"floor":24,"key":"Flashbang"},{"floor":25,"key":"Dexterity Potion"},{"floor":29,"key":"Fire Potion"},{"floor":31,"key":"LiquidMemories"},{"floor":37,"key":"Adrenaline Potion"},{"floor":44,"key":"BlessingOfTheForge"},{"floor":44,"key":"SpeedPotion"},{"floor":45,"key":"DuplicationPotion"},{"floor":54,"key":"LifebloodPotion"}],"is_trial":false,"path_per_floor":["M","$","M","?","M","E","R","E","T","E","M","R","?","?","R","B",null,"M","$","?","M","$","R","E","M","T","$","R","E","M","M","R","B",null,"M","$","M","M","$","R","M","R","T","?","M","M","R","E","R","B",null,"R","$","E","B",null],"character_chosen":"REMILIA","items_purchased":["halation:AfternoonTea","FavorOfDestiny","RedBat","conspire:InfiniteJournal","RedNightlessCastle","FitfulNightmare","Strange Spoon","Replay:Bottled Flurry","halation:PrussianBluePaint","Membership Card","FairyMaid","FavorOfDestiny","REME_Flogging","aspiration:FrozenJewel","Medical Kit","MastersStateliness+1","aspiration:Nostalgia","Whetstone","ReplayTheSpireMod:Brewmster","Fruit Juice","halation:KoshaPiece","Potion Belt","hubris:SlimyHat","Guide Book","reliquary:Bookmark","Bronze Scales","Chemical X","reliquary:RoseTintedGlasses","halation:LettersToHer"],"campfire_rested":0,"item_purchase_floors":[0,0,0,0,0,0,0,0,0,2,19,19,19,22,22,27,27,27,27,27,36,39,39,39,39,53,53,53,53],"current_hp_per_floor":[29,29,30,30,36,23,23,23,23,24,27,27,27,27,27,46,75,75,75,75,74,74,74,74,70,70,75,75,78,75,63,63,53,80,74,74,62,25,25,25,14,14,14,44,41,39,39,42,42,42,80,80,80,36,39],"gold":472,"neow_bonus":"","is_daily":false,"chose_seed":false,"campfire_upgraded":10,"win_rate":0.0,"timestamp":1611999727,"path_taken":["M","$","M","?","M","E","R","E","T","E","M","R","?","?","R","BOSS","M","$","?","?","?","R","E","M","T","$","R","E","M","?","R","BOSS","M","$","M","M","$","R","M","R","T","?","M","M","R","E","R","BOSS","R","$","E","BOSS"],"items_purchased_type":["Relic","Card","Relic","Relic","Card","Card","Relic","Relic","Relic","Relic","Relic","Card","Card","Relic","Relic","Card","Relic","Relic","Card","Potion","Relic","Relic","Relic","Relic","Relic","Relic","Relic","Relic","Relic"],"build_version":"2020-12-22","purchased_purges":9,"victory":true,"max_hp_per_floor":[75,75,75,75,75,75,75,75,75,75,75,75,75,75,75,75,75,75,75,75,75,75,75,75,75,75,80,80,80,80,80,80,80,80,80,80,80,80,80,80,80,80,80,80,80,80,80,80,80,80,80,80,80,80,80],"card_choices":[{"not_picked":["EndlessAdversity","CharismaGuard","BloodHunter"],"picked":"SKIP","floor":1},{"not_picked":["BloodyCatastrophe","NightLord"],"picked":"FavorOfDestiny","floor":3},{"not_picked":["ChainGang","BombardNight"],"picked":"MillenniumVampire","floor":5},{"not_picked":["VampireClaw","ChainGang"],"picked":"DiffusionOfMisfortune","floor":6},{"not_picked":["VampireFantasy","Ultimatum"],"picked":"DiffusionOfMisfortune","floor":8},{"not_picked":["BadLadyScramble","ScarletDream"],"picked":"BombardNight","floor":10},{"not_picked":["Stigmanizer","CharismaGuard"],"picked":"BombardNight","floor":11},{"not_picked":["TransientEternity","BloodyHallows"],"picked":"CurseOfVladTepes","floor":16},{"not_picked":["ScarletDevil","ForbiddenFruit+1"],"picked":"Ultimatum+1","floor":18},{"not_picked":["RedMagic","MastersStateliness"],"picked":"FavorOfDestiny","floor":21},{"not_picked":["DevilSight","EndlessAdversity"],"picked":"ReincarnationDial","floor":24},{"not_picked":["BadLadyScramble","FitfulNightmare"],"picked":"FavorOfDestiny","floor":25},{"not_picked":["Ultimatum","TwelveNightmare+1","EndlessAdversity"],"picked":"SKIP","floor":29},{"not_picked":["UnstableMagic","ScarletDevilSign","UltimateOffering"],"picked":"SKIP","floor":30},{"not_picked":["HeartBreak","SuperhumanBloodyKnife","CharismaGuard+1"],"picked":"SKIP","floor":31},{"not_picked":["EquivalentExchange","QueenOfMidnight"],"picked":"HeartBreak","floor":33},{"not_picked":["VampireClaw","RedRainbow+1","BombardNight"],"picked":"SKIP","floor":35},{"not_picked":["VampirishNight+1","AfternoonTea","MillenniumVampire"],"picked":"SKIP","floor":37},{"not_picked":["Stigmanizer","UnstableMagic+1"],"picked":"MastersStateliness+1","floor":38},{"not_picked":["BloodHunter","FavorOfDestiny+1"],"picked":"UnstableMagic+1","floor":41},{"not_picked":["EndlessAdversity+1","DevilSight"],"picked":"MastersStateliness+1","floor":45},{"not_picked":["VampireKiss+1","BlasphemousPunishment","BombardNight+1"],"picked":"SKIP","floor":46},{"not_picked":["ScarletDevil+1","EquivalentExchange","ScarletDevilSign"],"picked":"SKIP","floor":48},{"not_picked":["Ultimatum","BombardNight"],"picked":"DiffusionOfMisfortune+1","floor":54}],"player_experience":492401,"relics_obtained":[{"floor":6,"key":"Replay:Baseball"},{"floor":8,"key":"REME_LimitBreaker"},{"floor":9,"key":"Replay:Bandana"},{"floor":10,"key":"aspiration:FetidBarrel"},{"floor":24,"key":"Grinning Jar"},{"floor":26,"key":"reliquary:BoilingFlask"},{"floor":29,"key":"Replay:Multitool"},{"floor":44,"key":"Bag of Preparation"},{"floor":48,"key":"Ginger"},{"floor":54,"key":"REME_ArchaeologicalTools"}],"event_choices":[{"damage_healed":0,"gold_gain":175,"player_choice":"AGREE","damage_taken":0,"max_hp_gain":0,"max_hp_loss":0,"event_name":"Liars Game","floor":14,"gold_loss":0,"cards_obtained":["Doubt"]},{"cards_removed":["Strike_RM"],"damage_healed":0,"gold_gain":0,"player_choice":"Upgrade and Remove","damage_taken":0,"max_hp_gain":0,"max_hp_loss":0,"event_name":"Designer","floor":20,"gold_loss":90,"cards_upgraded":["BombardNight"]}],"is_beta":false,"boss_relics":[{"not_picked":["energizedSpire:EnergizedDie","aspiration:SilentSkillbook"],"picked":"halation:HeavySnake"},{"not_picked":["aspiration:DefectSkillbook","halation:PinkAlligatorPlush"],"picked":"aspiration:RitualDagger"}],"items_purged_floors":[0,0,2,19,27,36,36,39,53],"is_endless":false,"potions_floor_spawned":[5,8,10,18,24,31,33,35,37,45,48,54],"ascension_level":1}}