{"host":"6azrrw3tf7wb0f4b","time":1611995349,"event":{"mods":["BaseMod","DeckTracker","Minty Spire (QoL Compilation)","SuperFastMode"],"gold_per_floor":[117,42,7,7,23,51,51,81,105,105,180,180,196,71,71,143,143,162,162,15,32,32,58,58,58],"floor_reached":24,"language":"KOR","playtime":795,"items_purged":["Strike_B","Strike_B"],"score":404,"play_id":"b91321a8-1a68-483b-9803-f56c2a814e89","local_time":"20210130172909","is_ascension_mode":true,"campfire_choices":[{"data":"Dualcast","floor":7.0,"key":"SMITH"},{"data":"Zap","floor":10.0,"key":"SMITH"},{"data":"Ball Lightning","floor":12.0,"key":"SMITH"},{"data":"Defragment","floor":15.0,"key":"SMITH"}],"circlet_count":0,"master_deck":["AscendersBane","Strike_B","Defend_B","Defend_B","Defend_B","Defend_B","Zap+1","Dualcast+1","Ball Lightning+1","Turbo","Ball Lightning","Defragment+1","Creative AI","Beam Cell","Coolheaded"],"relics":["Cracked Core","NeowsBlessing","Art of War","Smiling Mask","Anchor","Juzu Bracelet","Sozu","Lee\u0027s Waffle","Pantograph"],"acts_visited":["Exordium","TheCity"],"potions_floor_usage":[21,23],"damage_taken":[{"damage":0.0,"enemies":"Jaw Worm","floor":1.0,"turns":1.0},{"damage":0.0,"enemies":"Small Slimes","floor":5.0,"turns":1.0},{"damage":0.0,"enemies":"3 Sentries","floor":6.0,"turns":1.0},{"damage":33.0,"enemies":"Lagavulin","floor":8.0,"turns":7.0},{"damage":0.0,"enemies":"Cultist","floor":13.0,"turns":3.0},{"damage":26.0,"enemies":"Hexaghost","floor":16.0,"turns":8.0},{"damage":16.0,"enemies":"Spheric Guardian","floor":18.0,"turns":4.0},{"damage":23,"enemies":"2 Thieves","floor":21,"turns":4},{"damage":48,"enemies":"Slavers","floor":23,"turns":5},{"damage":13,"enemies":"Snake Plant","floor":24,"turns":2}],"seed_played":"4698823133636536214","potions_obtained":[{"floor":5.0,"key":"LiquidBronze"},{"floor":6.0,"key":"EssenceOfDarkness"},{"floor":8.0,"key":"Swift Potion"},{"floor":16.0,"key":"PowerPotion"}],"is_trial":false,"path_per_floor":["M","$","?","?","M","E","R","E","T","R","?","R","M","$","R","B",null,"M","?","$","M","?","E","M"],"character_chosen":"DEFECT","items_purchased":["Defragment","Lee\u0027s Waffle"],"campfire_rested":0,"item_purchase_floors":[14,20],"current_hp_per_floor":[68,68,75,72,72,72,72,39,39,39,32,32,32,32,32,6,58,42,42,82,59,59,11,0,0],"gold":58,"neow_bonus":"THREE_ENEMY_KILL","is_daily":false,"chose_seed":false,"campfire_upgraded":4,"win_rate":0.0,"timestamp":1611995349,"path_taken":["M","$","?","?","M","E","R","E","T","R","?","R","M","$","R","BOSS","M","?","$","M","?","E","M"],"items_purchased_type":["Card","Relic"],"build_version":"2020-12-22","purchased_purges":2,"victory":false,"max_hp_per_floor":[75,75,75,75,75,75,75,75,75,75,75,75,75,75,75,75,75,75,75,82,82,82,82,82,82],"card_choices":[{"not_picked":["Steam Power","Skim"],"picked":"Ball Lightning","floor":1.0},{"not_picked":["Fusion","Blizzard"],"picked":"Turbo","floor":5.0},{"not_picked":["Barrage","Sunder","Redo"],"picked":"SKIP","floor":6.0},{"not_picked":["Steam","Streamline","Rip and Tear"],"picked":"SKIP","floor":8.0},{"not_picked":["Hello World","Gash"],"picked":"Ball Lightning","floor":13.0},{"not_picked":["Core Surge","Reboot"],"picked":"Creative AI","floor":16.0},{"not_picked":["Blizzard","Streamline"],"picked":"Beam Cell","floor":18.0},{"not_picked":["Go for the Eyes","Streamline+1","Hyperbeam"],"picked":"SKIP","floor":21},{"not_picked":["Doom and Gloom","Compile Driver"],"picked":"Coolheaded","floor":23}],"player_experience":741648,"relics_obtained":[{"floor":6.0,"key":"Smiling Mask"},{"floor":8.0,"key":"Anchor"},{"floor":9.0,"key":"Juzu Bracelet"},{"floor":23,"key":"Pantograph"}],"event_choices":[{"damage_healed":18.0,"max_hp_gain":0.0,"max_hp_loss":0.0,"gold_gain":0.0,"event_name":"The Cleric","player_choice":"Healed","floor":3.0,"gold_loss":35.0,"damage_taken":0.0},{"damage_healed":0.0,"max_hp_gain":0.0,"max_hp_loss":0.0,"gold_gain":0.0,"event_name":"Scrap Ooze","player_choice":"Success","floor":4.0,"gold_loss":0.0,"damage_taken":3.0,"relics_obtained":["Art of War"]},{"damage_healed":0.0,"max_hp_gain":0.0,"max_hp_loss":0.0,"gold_gain":75.0,"event_name":"FaceTrader","player_choice":"Touch","floor":11.0,"gold_loss":0.0,"damage_taken":7.0},{"cards_removed":["Strike_B"],"damage_healed":0.0,"max_hp_gain":0.0,"max_hp_loss":0.0,"gold_gain":0.0,"event_name":"Bonfire Elementals","player_choice":"Offered Basic","floor":19.0,"gold_loss":0.0,"damage_taken":0.0},{"damage_healed":0,"gold_gain":0,"player_choice":"Got Potions","damage_taken":0,"max_hp_gain":0,"max_hp_loss":0,"event_name":"Lab","floor":22,"gold_loss":0}],"is_beta":false,"boss_relics":[{"not_picked":["Black Star","Philosopher\u0027s Stone"],"picked":"Sozu"}],"items_purged_floors":[2,14],"is_endless":false,"potions_floor_spawned":[5,6,8,16,21],"killed_by":"Snake Plant","ascension_level":13}}