{"host":"iittsup1ixgwip8e","time":1611970785,"event":{"mods":["A Magickal Journey","Aspiration","BaseMod","Challenge The Spire","Clockwork Mod","Colored Powertips","Conspire","Downfall","Energized Spire","Exacting","GifTheSpireLib","Halation","Hermit","Hubris","Infinite Spire","Mari Mod (Legacy)","Mari\u0027s V1 Patch","Marisa????????","Mimic Mod","Minty Spire (QoL Compilation)","Quick Restart","READ ME - Guardian Mod","Replay The Spire","Shop Mod","Spikes Relics","Spire Arcade","StSLib","Stuff the Spire","The Animator","The Cursed","The Disciple","The Jungle","The Marked","The Runesmith","The Servant 0.9.4","The Valiant","The Vixen"],"gold_per_floor":[111,111,122,135,149,181,181,192,217,234,234,234,234],"floor_reached":12,"language":"ENG","playtime":1561,"items_purged":[],"score":82,"play_id":"6ff36ea4-c117-4dbb-9343-b455976953e7","local_time":"20210129203945","is_ascension_mode":false,"campfire_choices":[{"floor":7,"key":"REST"}],"circlet_count":0,"master_deck":["hermit:Strike_Hermit","hermit:Strike_Hermit","hermit:Strike_Hermit","hermit:Strike_Hermit","hermit:Defend_Hermit","hermit:Defend_Hermit","hermit:Defend_Hermit","hermit:Defend_Hermit","hermit:Snapshot","hermit:Covet","hermit:GoldenBullet","hermit:WideOpen","hermit:CalledShot","hermit:Cheat","hermit:FatalDesire","hermit:Ricochet+1"],"relics":["hermit:Momento","NeowsBlessing","StuffTheSpire:EmeraldSignet","Bag of Preparation"],"acts_visited":["Exordium"],"potions_floor_usage":[6,10,12,12],"damage_taken":[{"damage":2,"enemies":"conspire:RoseBush","floor":1,"turns":1},{"damage":0,"enemies":"Cultist","floor":3,"turns":1},{"damage":0,"enemies":"Small Slimes","floor":4,"turns":1},{"damage":17,"enemies":"Exordium Wildlife","floor":5,"turns":3},{"damage":40,"enemies":"Lagavulin","floor":6,"turns":7},{"damage":4,"enemies":"Blue Slaver","floor":8,"turns":3},{"damage":21,"enemies":"Exordium Thugs","floor":10,"turns":3},{"damage":17,"enemies":"3 Sentries","floor":12,"turns":6}],"seed_played":"8907775347227711640","potions_obtained":[{"floor":5,"key":"Weak Potion"},{"floor":6,"key":"DuplicationPotion"},{"floor":8,"key":"SkillPotion"},{"floor":10,"key":"Guardian:BlockOnCardUsePotion"}],"is_trial":false,"path_per_floor":["M","?","M","M","M","E","R","M","T","M","?","E"],"character_chosen":"HERMIT","items_purchased":[],"campfire_rested":1,"item_purchase_floors":[],"current_hp_per_floor":[73,75,75,75,58,18,40,38,38,17,17,0,0],"gold":234,"neow_bonus":"THREE_ENEMY_KILL","is_daily":false,"chose_seed":false,"campfire_upgraded":0,"win_rate":0.0,"timestamp":1611970785,"path_taken":["M","?","M","?","M","E","R","M","T","M","?","E"],"items_purchased_type":[],"build_version":"2020-12-22","purchased_purges":0,"victory":false,"max_hp_per_floor":[75,75,75,75,75,75,75,75,75,75,75,75,75],"card_choices":[{"not_picked":["hermit:Desperado","hermit:Misfire"],"picked":"hermit:HighCaliber","floor":1},{"not_picked":["hermit:ItchyTrigger","hermit:Desperado"],"picked":"hermit:GoldenBullet","floor":3},{"not_picked":["hermit:Snipe","hermit:HighCaliber"],"picked":"hermit:WideOpen","floor":4},{"not_picked":["hermit:Misfire","hermit:TakeAim"],"picked":"hermit:CalledShot","floor":5},{"not_picked":["hermit:TakeAim","hermit:LowProfile"],"picked":"hermit:Cheat","floor":6},{"not_picked":["hermit:Desperado","hermit:SprayPray"],"picked":"hermit:FatalDesire","floor":8},{"not_picked":["hermit:Manifest","hermit:Desperado"],"picked":"hermit:Ricochet","floor":10}],"player_experience":105190,"relics_obtained":[{"floor":6,"key":"StuffTheSpire:EmeraldSignet"},{"floor":9,"key":"Bag of Preparation"}],"event_choices":[{"cards_removed":["hermit:HighCaliber"],"damage_healed":5,"gold_gain":0,"player_choice":"Offered Common","damage_taken":0,"max_hp_gain":0,"max_hp_loss":0,"event_name":"Bonfire Elementals","floor":2,"gold_loss":0},{"cards_removed":["hermit:HighCaliber"],"damage_healed":5,"gold_gain":0,"player_choice":"Offered Special","damage_taken":0,"max_hp_gain":0,"max_hp_loss":0,"event_name":"Bonfire Elementals","floor":2,"gold_loss":0},{"damage_healed":0,"gold_gain":0,"player_choice":"Grow","damage_taken":0,"max_hp_gain":0,"max_hp_loss":0,"event_name":"Living Wall","floor":11,"gold_loss":0,"cards_upgraded":["hermit:Ricochet"]}],"is_beta":false,"boss_relics":[],"items_purged_floors":[],"is_endless":false,"potions_floor_spawned":[5,6,8,10],"killed_by":"3 Sentries","ascension_level":0}}