{"host":"gp3usc0dpezjueuv","time":1611967335,"event":{"mods":["Act Like it!","BaseMod","BetterRewards","CapriCore","Colored Powertips","Dota2Spire","HololiveMod","Jedi Mod","Minty Spire (QoL Compilation)","Quick Restart","Remove Card Discount Mod","Replay The Spire","Spicy Shops","StSLib","Swap Starting Deck Mod","The Alterego","WarShipGirlsR/??少女R mod","Yakumo Yukari mod","Youmu（魂魄妖?）"],"gold_per_floor":[82,99,119,8,22,62,74,112,191,206,245,264,264,291,365,475,475,495,495,511,525,540,579,57,71,121,149,149,161,161,191,191,302,302,313,73,73,73,73,73,73,73,73,73,73,73,73,73,73,73],"floor_reached":51,"language":"ZHS","playtime":2731,"items_purged":["Hololive_Strike","Hololive_Strike","Hololive_CallAmaneKanata","Hololive_Defend","Hololive_SummonFox","Hololive_Breathe","Pain","Hololive_HuntDinosaur","Hololive_FlyingPonyTail"],"score":1668,"play_id":"d7acaa3b-9fe3-41b7-83e0-e815718de8f7","local_time":"20210130084215","is_ascension_mode":true,"campfire_choices":[{"data":"Hololive_CallUsadaPekora","floor":13,"key":"SMITH"},{"data":"Hololive_Spy","floor":30,"key":"SMITH"},{"data":"Hololive_Thief","floor":32,"key":"SMITH"},{"data":"Hololive_CallSpadeEcho","floor":41,"key":"SMITH"},{"data":"Hololive_Thief","floor":44,"key":"SMITH"},{"data":"Hololive_CallOzoraSubaru","floor":49,"key":"SMITH"}],"circlet_count":0,"master_deck":["Hololive_CallMinatoAqua","Hololive_CallUsadaPekora+1","Hololive_CallMurasakiShion","Hololive_CallShiranuiFlare","Hololive_CallSpadeEcho+1","Hololive_Breathe","Hololive_LuckPotion","Hololive_FlyingPonyTail","Hololive_CallUruhaRushia","Hololive_DurableLive","Hololive_FlyingPonyTail","Hololive_Thief+1","Hololive_FlyingPonyTail","Hololive_Spy+1","Hololive_Thief+1","Hololive_CallSakuraMiko","Hololive_CallNatsuiroMatsuri","Hololive_CallOzoraSubaru+1","Normality"],"relics":["Hololive_TheStar","InkBottle","Dota2Spire:BlackKingBar","Onion Ring","Bird Faced Urn","Dota2Spire:DrumOfEndurance","Sozu","Garlic","jedi:gremlinknob","Sling","ReplayTheSpireMod:Shallot","MealTicket","Replay:Ringing Soul","alterego_mod:SomeoneToFightFor","Vajra","jedi:hotpepper","Hololive_LightStick","jedi:ominousloannote","jedi:fakemustache","Dota2Spire:MonkeyKingBar","Dota2Spire:LotusOrb","Ornamental Fan","Darkstone Periapt","Snack Pack","Ring of Peace","Ring of Chaos"],"acts_visited":["Exordium","TheCity","TheBeyond"],"potions_floor_usage":[8,8,18],"damage_taken":[{"damage":0.0,"enemies":"2 Louse","floor":1.0,"turns":3.0},{"damage":0.0,"enemies":"Jaw Worm","floor":2.0,"turns":3.0},{"damage":0.0,"enemies":"Small Slimes","floor":3.0,"turns":3.0},{"damage":0.0,"enemies":"2 Fungi Beasts","floor":5.0,"turns":2.0},{"damage":0.0,"enemies":"3 Sentries","floor":6.0,"turns":5.0},{"damage":0,"enemies":"Blue Slaver","floor":7,"turns":2},{"damage":0,"enemies":"Lagavulin","floor":8,"turns":4},{"damage":0,"enemies":"Looter","floor":10,"turns":1},{"damage":0,"enemies":"3 Sentries","floor":11,"turns":3},{"damage":0,"enemies":"3 Louse","floor":12,"turns":2},{"damage":0,"enemies":"Gremlin Nob","floor":14,"turns":2},{"damage":0,"enemies":"Slime Boss","floor":16,"turns":6},{"damage":0,"enemies":"3 Byrds","floor":18,"turns":2},{"damage":0,"enemies":"Spheric Guardian","floor":20,"turns":2},{"damage":0,"enemies":"Shelled Parasite and Fungi","floor":21,"turns":2},{"damage":0,"enemies":"Snake Plant","floor":22,"turns":2},{"damage":0,"enemies":"Book of Stabbing","floor":23,"turns":3},{"damage":0,"enemies":"Snecko","floor":25,"turns":1},{"damage":0,"enemies":"Replay:Snechameleon","floor":27,"turns":1},{"damage":0,"enemies":"Shelled Parasite and Fungi","floor":29,"turns":1},{"damage":0,"enemies":"Gremlin Leader","floor":31,"turns":3},{"damage":0,"enemies":"Champ","floor":33,"turns":5},{"damage":0,"enemies":"3 Shapes","floor":35,"turns":1},{"damage":0,"enemies":"Orb Walker","floor":38,"turns":2},{"damage":0,"enemies":"Sphere and 2 Shapes","floor":39,"turns":2},{"damage":0,"enemies":"Reptomancer","floor":40,"turns":3},{"damage":0,"enemies":"Transient","floor":42,"turns":5},{"damage":0,"enemies":"R_Hoarder","floor":45,"turns":3},{"damage":0,"enemies":"Nemesis","floor":47,"turns":3},{"damage":0,"enemies":"Donu and Deca","floor":50,"turns":6}],"seed_played":"6806662790579729186","potions_obtained":[{"floor":1.0,"key":"SkillPotion"},{"floor":2.0,"key":"Energy Potion"},{"floor":5.0,"key":"SkillPotion"},{"floor":11,"key":"Venom Potion"},{"floor":16,"key":"Toxic Potion"}],"is_trial":false,"path_per_floor":["M","M","M","$","M","E","M","E","T","M","E","M","R","E","R","B",null,"M","?","M","M","M","E","$","M","T","E","?","M","R","E","R","B",null,"M","$","?","M","M","E","R","M","T","R","E","?","E","?","R","B",null],"character_chosen":"Hololive_HololiveCharacter","items_purchased":["Hololive_SoulCatcher+1","Hololive_FlyingPonyTail","jedi:gremlinknob","Sling","ReplayTheSpireMod:Shallot","Hololive_CallSakuraMiko","Hololive_LightStick","jedi:ominousloannote","jedi:fakemustache","Dota2Spire:MonkeyKingBar"],"campfire_rested":0,"item_purchase_floors":[4,4,24,24,24,36,36,36,36,36],"current_hp_per_floor":[35,35,35,35,35,35,35,35,35,35,35,35,35,35,35,35,35,35,35,35,35,35,35,35,35,35,35,35,38,38,38,38,41,30,30,32,32,32,32,32,32,32,32,32,34,34,36,41,41,41],"gold":73,"neow_bonus":"","is_daily":false,"chose_seed":false,"campfire_upgraded":6,"win_rate":0.0,"timestamp":1611967335,"path_taken":["M","M","M","$","M","E","M","E","T","M","E","M","R","E","R","BOSS","M","?","M","M","M","E","$","M","T","E","?","M","R","E","R","BOSS","M","$","?","M","M","E","R","M","T","R","E","?","E","?","R","BOSS"],"items_purchased_type":["Card","Card","Relic","Relic","Relic","Card","Relic","Relic","Relic","Relic"],"build_version":"2020-12-22","purchased_purges":9,"victory":true,"max_hp_per_floor":[35,35,35,35,35,35,35,35,35,35,35,35,35,35,35,35,35,35,35,35,35,35,35,35,35,35,35,35,38,38,38,38,41,30,30,32,32,32,32,32,32,32,32,32,34,34,36,41,41,41],"card_choices":[{"not_picked":["Hololive_Sequa","Hololive_HuntDinosaur","Hololive_LuckPotion"],"picked":"Hololive_CallAmaneKanata","floor":1.0},{"not_picked":["Hololive_CocoNews","Hololive_CallRoboco","Hololive_Breathe"],"picked":"Hololive_SummonFox","floor":2.0},{"not_picked":["Hololive_OvertimeWork","Hololive_CallMoonaHoshinova","Hololive_CallTokoyamiTowa"],"picked":"Hololive_LuckPotion","floor":3.0},{"not_picked":["Hololive_CallHoushouMarine","Hololive_CallTokoyamiTowa","Hololive_Watashimo"],"picked":"Hololive_CallUruhaRushia","floor":5.0},{"not_picked":["Hololive_HuntDinosaur","Hololive_CallMomosuzuNene","Hololive_OvertimeWork"],"picked":"Hololive_Breathe","floor":6},{"not_picked":["Hololive_StrengthChampion","Hololive_Breathe","Hololive_Rebound"],"picked":"Hololive_DurableLive","floor":7},{"not_picked":["Hololive_LuckPotion","Hololive_HuntDinosaur","Hololive_CallInugamiKorone"],"picked":"Hololive_FlyingPonyTail","floor":8},{"not_picked":["Hololive_Psychosis","Hololive_Breathe","Hololive_LuckPotion","Hololive_CallAmaneKanata"],"picked":"SKIP","floor":10},{"not_picked":["Hololive_CallTokinoSora","Hololive_Psychosis","Hololive_CallShirakamiFubuki","Hololive_OpenUp"],"picked":"SKIP","floor":11},{"not_picked":["Hololive_Breathe","Hololive_Rebound","Hololive_CallTokoyamiTowa","Hololive_StrengthChampion"],"picked":"SKIP","floor":12},{"not_picked":["Hololive_CallRosalyn","Hololive_LuckPotion","Hololive_Rebound"],"picked":"Hololive_HuntDinosaur","floor":14},{"not_picked":["Hololive_WolfAndLamb","Hololive_Recruit","Hololive_DDD"],"picked":"Hololive_Thief","floor":16},{"not_picked":["Hololive_LuckPotion","Hololive_Teleport+1","Hololive_StrengthChampion+1","Hololive_CallSpadeEcho"],"picked":"SKIP","floor":18},{"not_picked":["Hololive_Psychosis","Hololive_RevenueBasedLive","Hololive_Sequa","Hololive_CallShishiroBotan"],"picked":"SKIP","floor":20},{"not_picked":["Hololive_OvertimeWork+1","Hololive_Breathe","Hololive_CallTokinoSora","Hololive_Sequa"],"picked":"SKIP","floor":21},{"not_picked":["Hololive_Psychosis+1","Hololive_Breathe","Hololive_Sequa"],"picked":"Hololive_FlyingPonyTail","floor":22},{"not_picked":["Hololive_Breathe+1","Hololive_CallRoboco","Hololive_Rebirth"],"picked":"Hololive_FlyingPonyTail","floor":23},{"not_picked":["Hololive_Sequa","Hololive_CocoNews","Hololive_CallAyundaRisu","Hololive_Psychosis+1"],"picked":"SKIP","floor":25},{"not_picked":["Hololive_Teleport","Hololive_CallTokinoSora","Hololive_CallArtia","Hololive_OpenUp"],"picked":"SKIP","floor":27},{"not_picked":["Hololive_FlyingPonyTail","Hololive_Watashimo","Hololive_CocoNews+1"],"picked":"Hololive_Spy","floor":29},{"not_picked":["Hololive_Drill","Hololive_LuckPotion","Hololive_CallAZKi","Hololive_BringToTrial+1"],"picked":"SKIP","floor":31},{"not_picked":["Hololive_ScarfAndHalo","Hololive_Rebirth","Hololive_OpenUp"],"picked":"Hololive_Thief","floor":33},{"not_picked":["Hololive_Breathe+1","Hololive_OvertimeWork+1","Hololive_StrengthChampion+1","Hololive_Rebound+1"],"picked":"SKIP","floor":35},{"not_picked":["Hololive_Rebound","Hololive_SoulCatcher","Hololive_StrengthChampion","Hololive_CallMurasakiShion+1"],"picked":"SKIP","floor":38},{"not_picked":["Hololive_FlyingPonyTail","Hololive_Breathe+1","Hololive_Sequa+1","Hololive_Rebound"],"picked":"SKIP","floor":39},{"not_picked":["Hololive_Yoholoon+1","Hololive_CallOkamiMio","Hololive_Breathe","Hololive_CallSakuraMiko+1"],"picked":"SKIP","floor":40},{"not_picked":["Hololive_Drill","Hololive_StrengthChampion+1","Hololive_CallShishiroBotan","Hololive_ManjiGathering"],"picked":"SKIP","floor":42},{"not_picked":["Hololive_CallAiraniIofifteen+1","Hololive_CallAZKi+1","Hololive_CallTokoyamiTowa+1"],"picked":"Hololive_CallNatsuiroMatsuri","floor":45},{"not_picked":["Hololive_CallMoonaHoshinova+1","Hololive_StrengthChampion","Hololive_LuckPotion+1"],"picked":"Hololive_CallOzoraSubaru","floor":47}],"player_experience":510355,"relics_obtained":[{"floor":6,"key":"InkBottle"},{"floor":8,"key":"Dota2Spire:BlackKingBar"},{"floor":9,"key":"Onion Ring"},{"floor":11,"key":"Bird Faced Urn"},{"floor":14,"key":"Dota2Spire:DrumOfEndurance"},{"floor":23,"key":"Garlic"},{"floor":26,"key":"MealTicket"},{"floor":27,"key":"Replay:Ringing Soul"},{"floor":31,"key":"Vajra"},{"floor":40,"key":"Dota2Spire:LotusOrb"},{"floor":43,"key":"Ornamental Fan"},{"floor":45,"key":"Darkstone Periapt"},{"floor":47,"key":"Snack Pack"},{"floor":48,"key":"Ring of Peace"},{"floor":48,"key":"Ring of Chaos"}],"event_choices":[{"cards_removed":["Hololive_Defend"],"damage_healed":0,"gold_gain":0,"player_choice":"Elegance","damage_taken":0,"max_hp_gain":0,"max_hp_loss":0,"event_name":"Back to Basics","floor":19,"gold_loss":0},{"damage_healed":0,"gold_gain":0,"player_choice":"Choice 2","damage_taken":0,"relics_obtained":["alterego_mod:SomeoneToFightFor"],"max_hp_gain":0,"max_hp_loss":0,"event_name":"?的神圣花?","floor":28,"gold_loss":0},{"cards_removed":["Hololive_SoulCatcher"],"damage_healed":0,"gold_gain":0,"player_choice":"Removed Attack","damage_taken":0,"max_hp_gain":0,"max_hp_loss":0,"event_name":"Falling","floor":37,"gold_loss":0}],"is_beta":false,"boss_relics":[{"not_picked":["Ring of Chaos","Hololive_TopUpMoneyS"],"picked":"Sozu"},{"not_picked":["Replay:Grab Bag","Empty Cage"],"picked":"jedi:hotpepper"}],"items_purged_floors":[0,0,4,4,4,24,24,24,36],"is_endless":false,"potions_floor_spawned":[1,2,5,11,16,18,20,29,31,33,35,42,45,47],"ascension_level":5}}