{"host":"l9d4bclu8pwa3q15","time":1611994490,"event":{"mods":["Act Like it!","BaseMod","Better Altar","Better Match","Better Note","Better Sensory Stone","Better Skull","BetterRewards","Colored Map","Colored Powertips","Downfall","Emptier Cage","Gensokyo","GifTheSpireLib","Keyboard Shortcuts","Koishi","KomeijiMod","Lobotomy","LobotomyExtend","Minty Spire (QoL Compilation)","Quick Restart","Rare Cards Sparkle","Relic Sorter","Remilia_Scarlet Moed（蕾米莉亚・斯卡雷特）3.3.5","Replay The Spire","Spicy Shops","StSLib","The Alterego","UnlockEverythingMod","Waifu the Spire","WarShipGirlsR/战舰少女R mod","Yakumo Yukari mod","Youmu（魂魄妖梦）","Yuyuko"],"gold_per_floor":[118,118,83,101,101,101,139,139,139,154,172,172,186,199,224,224,224,262,262,262,262,75,108,108,108,108],"floor_reached":13,"language":"ZHS","playtime":2187,"items_purged":[],"score":134,"play_id":"d8caf576-cf27-452e-9c59-4b42cce3c005","local_time":"20210130161450","is_ascension_mode":false,"campfire_choices":[{"floor":6,"key":"RECALL"},{"data":"Offering","floor":12,"key":"SMITH"},{"data":"Heavy Blade","floor":8,"key":"SMITH"}],"circlet_count":0,"master_deck":["Strike_R","Strike_R","Strike_R","Strike_R","Defend_R","Defend_R","Defend_R","Bash","Wellcheers","Barricade","VoidDream","ReplayTheSpireMod:Corrosion Curse","Self Repair+1","RedShoes","Offering+1","BigBadWolf","Shockwave","LongBird","Body Slam","LittlePrince","SpiderBud","Exhume","ReplayTheSpireMod:Strike From Hell","Variant","Heavy Blade+1","Murderer","Feel No Pain","Double Tap+1","Laetitia"],"relics":["CogitoBucket","Golden Idol","Iron Core","Sundial","Mummified Hand","MagicBullet_r","LetterFromLob","BackwardClock","WarpedTongs","Orichalcum","Toxic Egg 2","Torii","StoneCalendar","Dream Catcher"],"acts_visited":["Exordium"],"potions_floor_usage":[1,3,11],"damage_taken":[{"damage":5,"enemies":"Small Slimes","floor":1,"turns":4},{"damage":13,"enemies":"Jaw Worm","floor":4,"turns":4},{"damage":65,"enemies":"3 Sentries","floor":7,"turns":15},{"damage":6,"enemies":"Cultist","floor":10,"turns":5},{"damage":42,"enemies":"Blue Slaver","floor":11,"turns":7},{"damage":25,"enemies":"2 Louse","floor":1,"turns":8},{"damage":6,"enemies":"Cultist","floor":2,"turns":2},{"damage":0,"enemies":"Small Slimes","floor":3,"turns":3},{"damage":38,"enemies":"Gremlin Nob","floor":6,"turns":4},{"damage":8,"enemies":"Lagavulin","floor":11,"turns":3},{"damage":42,"enemies":"Exordium Thugs","floor":13,"turns":4}],"seed_played":"-6100315515153443629","potions_obtained":[{"floor":10,"key":"Flashbang"},{"floor":11,"key":"SkillPotion"},{"floor":6,"key":"Fire Potion"},{"floor":11,"key":"Guardian:BlockOnCardUsePotion"}],"is_trial":false,"path_per_floor":["M","?","?","M","?","R","E","?","T","M","M","R","M","M","M","M","?","?","E","?","R","T","$","E","?","M"],"character_chosen":"IRONCLAD","items_purchased":["Torii","Feel No Pain"],"campfire_rested":0,"item_purchase_floors":[10,10],"current_hp_per_floor":[80,60,80,76,76,76,30,90,90,90,58,58,75,69,82,82,82,57,57,57,57,57,59,59,0,0],"gold":108,"neow_bonus":"","is_daily":false,"chose_seed":false,"campfire_upgraded":2,"win_rate":0.0,"timestamp":1611994490,"path_taken":["M","?","?","?","?","R","E","?","T","M","?","R","M","M","?","M","?","?","E","?","R","T","$","E","?","M"],"items_purchased_type":["Relic","Card"],"build_version":"2020-12-22","purchased_purges":0,"victory":false,"max_hp_per_floor":[80,80,80,80,80,80,80,90,90,90,90,90,90,90,90,90,90,90,90,90,90,90,90,90,90,90],"card_choices":[{"not_picked":["Murderer","MeatLantern"],"picked":"Wellcheers","floor":1},{"not_picked":["Disarm","Inflame"],"picked":"Barricade","floor":1},{"not_picked":["ShyLook","MHz"],"picked":"VoidDream","floor":4},{"not_picked":["Sword Boomerang","Wild Strike"],"picked":"ReplayTheSpireMod:Corrosion Curse","floor":4},{"not_picked":["ShyLook","UniverseFragment"],"picked":"RedShoes","floor":7},{"not_picked":["Genetic Algorithm","Perfected Strike"],"picked":"Brutality","floor":7},{"not_picked":["True Grit","Thunderclap"],"picked":"Offering","floor":10},{"not_picked":["BeautyBeast","Porccubus"],"picked":"BigBadWolf","floor":10},{"not_picked":["Headbutt","Havoc"],"picked":"Shockwave","floor":11},{"not_picked":["WallGazer","PunishingBird"],"picked":"LongBird","floor":11},{"not_picked":["Battle Trance","Clash"],"picked":"Body Slam","floor":1},{"not_picked":["Scorched","OSAHOGD"],"picked":"LittlePrince","floor":1},{"not_picked":["Bloodbath","MeatLantern"],"picked":"SpiderBud","floor":2},{"not_picked":["Combust","Sentinel"],"picked":"Exhume","floor":2},{"not_picked":["Pommel Strike","Headbutt"],"picked":"ReplayTheSpireMod:Strike From Hell","floor":3},{"not_picked":["Bloodbath","FairyFestival"],"picked":"Variant","floor":3},{"not_picked":["Anger","Warcry"],"picked":"Heavy Blade","floor":6},{"not_picked":["ShyLook","Scorched"],"picked":"Murderer","floor":6},{"not_picked":["Warcry+1","Pommel Strike"],"picked":"Double Tap+1","floor":11},{"not_picked":["OSAHOGD","PunishingBird"],"picked":"Laetitia","floor":11}],"player_experience":70243,"relics_obtained":[{"floor":1,"key":"LetterFromLob"},{"floor":7,"key":"Sundial"},{"floor":9,"key":"Mummified Hand"},{"floor":1,"key":"LetterFromLob"},{"floor":6,"key":"Orichalcum"},{"floor":9,"key":"Toxic Egg 2"},{"floor":11,"key":"StoneCalendar"}],"event_choices":[{"damage_healed":0,"gold_gain":0,"player_choice":"Take Damage","damage_taken":20,"relics_obtained":["Golden Idol"],"max_hp_gain":0,"max_hp_loss":0,"event_name":"Golden Idol","floor":2,"gold_loss":0},{"damage_healed":20,"gold_gain":0,"player_choice":"Healed","damage_taken":0,"max_hp_gain":0,"max_hp_loss":0,"event_name":"The Cleric","floor":3,"gold_loss":35},{"cards_removed":["Brutality"],"damage_healed":50,"gold_gain":0,"player_choice":"Offered Rare","damage_taken":0,"max_hp_gain":10,"max_hp_loss":0,"event_name":"Bonfire Elementals","floor":8,"gold_loss":0},{"cards_removed":["Defend_R"],"damage_healed":0,"gold_gain":0,"player_choice":"Purged","damage_taken":0,"max_hp_gain":0,"max_hp_loss":0,"event_name":"Purifier","floor":4,"gold_loss":0},{"damage_healed":0,"gold_gain":0,"player_choice":"Rummage","damage_taken":0,"relics_obtained":["WarpedTongs"],"max_hp_gain":0,"max_hp_loss":0,"event_name":"Accursed Blacksmith","floor":5,"gold_loss":0,"cards_obtained":["Pain"]},{"cards_removed":["Pain"],"damage_healed":0,"gold_gain":0,"player_choice":"Card Removal","damage_taken":0,"max_hp_gain":0,"max_hp_loss":0,"event_name":"Wheel of Change","floor":7,"gold_loss":0},{"damage_healed":0,"gold_gain":0,"player_choice":"Gave Potion","damage_taken":0,"relics_obtained":["Dream Catcher"],"max_hp_gain":0,"max_hp_loss":0,"event_name":"WeMeetAgain","floor":12,"gold_loss":0}],"is_beta":false,"boss_relics":[],"items_purged_floors":[],"is_endless":false,"potions_floor_spawned":[10,11,6,11],"killed_by":"Exordium Thugs","ascension_level":0}}