{"host":"iy54rgx5egu9t31x","time":1611990491,"event":{"mods":["2.2 Compatiblity","Act Like it!","Always Whale","BaseMod","Gensokyo","Marisa（F雨　魔理沙）","Minty Spire (QoL Compilation)","Quick Restart","RumiaBox-露米娅的神秘盒子","StSLib","SuperFastMode","The Bug Knight"],"gold_per_floor":[115,135,135,147,163,163,113,142,142,177,27,58,9,38,38,440,440,660,463,478,358,375,375,402,402,402,402,418,446,71,91,91,91,91],"floor_reached":33,"language":"ZHS","playtime":1227,"items_purged":[],"score":427,"play_id":"38d6aff8-788a-4f34-b99a-38c89569013e","local_time":"20210130150811","is_ascension_mode":true,"campfire_choices":[{"data":"Apotheosis","floor":6.0,"key":"SMITH"},{"floor":15,"key":"REST"},{"floor":23,"key":"RECALL"},{"data":"Gensokyo:LittleGreenMen","floor":32,"key":"SMITH"}],"circlet_count":0,"master_deck":["HollowMod:NailStrikeStart","HollowMod:NailStrikeStart","HollowMod:NailStrikeStart","HollowMod:NailStrikeStart","HollowMod:QuickDashStart","HollowMod:QuickDashStart","HollowMod:QuickDashStart","HollowMod:QuickDashStart","HollowMod:FocusHealStart","HollowMod:PogoStrike","Apotheosis+1","HollowMod:MantisMark","HollowMod:AbyssShriek","Pain","HollowMod:BrokenVessel","HollowMod:CycloneSlash","HollowMod:HeavyBlow","HollowMod:Weaversong","HollowMod:SlysStrikes","HollowMod:DashSlash","HollowMod:ElderbugsWisdom","HollowMod:TaintedHusks","HollowMod:HuntersJournal+1","Steam Power+1","Escape Plan+1","Ball Lightning","Gensokyo:LittleGreenMen+1","WindmillStrike+1","Cloak And Dagger+1","Gensokyo:ScrapIron","Gensokyo:RustyChest","Gensokyo:BlemishedSteel","Gensokyo:TrainingManual","Gensokyo:DepletedGenerator","GravityBeat"],"relics":["HollowMod:VesselMask","Baka","Gensokyo:LunaticRedEyes","Sundial","WingedGreaves","Calipers","HollowMod:StagPassRelic","Juzu Bracelet","Meat on the Bone","EasyGame_NEW","Strawberry","PrismaticShard","Gensokyo:LionMask","Oddly Smooth Stone","Gensokyo:RedStar","Akabeko","Potion Belt","OrangePellets"],"acts_visited":["Gensokyo:Gensokyo","Gensokyo:Gensokyoer"],"potions_floor_usage":[14,33,33],"damage_taken":[{"damage":0.0,"enemies":"Gensokyo:Python","floor":1.0,"turns":3.0},{"damage":8.0,"enemies":"Gensokyo:Gryphon","floor":2.0,"turns":6.0},{"damage":2.0,"enemies":"Gensokyo:2_Kodama","floor":4.0,"turns":3.0},{"damage":3.0,"enemies":"Gensokyo:Kitsune","floor":5.0,"turns":3.0},{"damage":45,"enemies":"Gensokyo:Aya","floor":8,"turns":6},{"damage":4,"enemies":"Gensokyo:Cirno","floor":10,"turns":4},{"damage":49,"enemies":"Gensokyo:Aya","floor":12,"turns":6},{"damage":9,"enemies":"Gensokyo:Cirno","floor":14,"turns":5},{"damage":27,"enemies":"Gensokyo:Kokoro","floor":16,"turns":8},{"damage":6,"enemies":"Gensokyo:CosmicMonolith","floor":18,"turns":5},{"damage":14,"enemies":"Gensokyo:2_Gloops","floor":20,"turns":3},{"damage":30,"enemies":"Gensokyo:Monolith_and_Dog","floor":22,"turns":4},{"damage":5,"enemies":"Gensokyo:Reisen","floor":24,"turns":4},{"damage":12,"enemies":"Gensokyo:Mirror_and_Dog","floor":28,"turns":3},{"damage":45,"enemies":"Gensokyo:Koishi","floor":29,"turns":6},{"damage":19,"enemies":"Gensokyo:Wraith","floor":31,"turns":4},{"damage":38,"enemies":"Gensokyo:Eiki","floor":33,"turns":3}],"seed_played":"-6644579117576938176","potions_obtained":[{"floor":1.0,"key":"SteroidPotion"},{"floor":8,"key":"DistilledChaos"},{"floor":12,"key":"DistilledChaos"},{"floor":14,"key":"Weak Potion"},{"floor":28,"key":"SteroidPotion"}],"is_trial":false,"path_per_floor":["M","M","?","M","M","R","?","E","T","E","?","E","COS","E","R","B",null,"M","$","M","?","M","R","E","?","T","?","M","E","COS","M","R","B"],"character_chosen":"THE_BUGKNIGHT","items_purchased":["PrismaticShard","HollowMod:HuntersJournal"],"campfire_rested":1,"item_purchase_floors":[19,19],"current_hp_per_floor":[60,73,73,77,80,80,105,60,60,62,62,19,19,10,41,90,105,112,112,98,98,77,77,78,78,78,78,66,39,39,38,38,0,0],"gold":91,"neow_bonus":"RANDOM_COLORLESS_2","is_daily":false,"chose_seed":false,"campfire_upgraded":2,"win_rate":0.0,"timestamp":1611990491,"path_taken":["M","M","?","M","M","R","?","E","T","E","?","E","COS","E","R","BOSS","M","$","M","?","M","R","E","?","T","?","M","E","COS","M","R","BOSS"],"items_purchased_type":["Relic","Card"],"build_version":"2020-12-22","purchased_purges":0,"victory":false,"max_hp_per_floor":[75,105,105,105,105,105,105,105,105,105,105,105,105,105,105,105,105,112,112,112,112,112,112,112,112,112,112,112,112,112,112,112,56,56],"card_choices":[{"not_picked":["HandOfGreed","Violence"],"picked":"Apotheosis","floor":0.0},{"not_picked":["HollowMod:ShadowDash","HollowMod:InfectedAttack"],"picked":"HollowMod:MantisMark","floor":1.0},{"not_picked":["HollowMod:CycloneSlash","HollowMod:SoulVessel"],"picked":"HollowMod:AbyssShriek","floor":2.0},{"not_picked":["HollowMod:InfectedAttack","HollowMod:MothsMistake"],"picked":"HollowMod:BrokenVessel","floor":4.0},{"not_picked":["HollowMod:CornifersMapStart","HollowMod:VengefulSpirit"],"picked":"HollowMod:CycloneSlash","floor":5.0},{"not_picked":["HollowMod:DoubleDash","HollowMod:LifebloodCocoon"],"picked":"HollowMod:HeavyBlow","floor":8},{"not_picked":["HollowMod:TaintedHusks","HollowMod:DreamGate"],"picked":"HollowMod:Weaversong","floor":10},{"not_picked":["HollowMod:DesolateDive","HollowMod:NewJinnsSoul"],"picked":"HollowMod:SlysStrikes","floor":12},{"not_picked":["HollowMod:NewInfectedGuardian","HollowMod:SoulStrike"],"picked":"HollowMod:DashSlash","floor":14},{"not_picked":["HollowMod:NewInfectedGuardian","HollowMod:theNailsmith"],"picked":"HollowMod:ElderbugsWisdom","floor":16},{"not_picked":["HollowMod:HowlingWraiths","HollowMod:HeavyBlow"],"picked":"HollowMod:TaintedHusks","floor":18},{"not_picked":["HollowMod:NewLittleFool","Loop"],"picked":"Steam Power+1","floor":20},{"not_picked":["Evolve+1","HollowMod:BrokenVessel"],"picked":"Escape Plan+1","floor":22},{"not_picked":["Grand Finale","Streamline"],"picked":"Ball Lightning","floor":24},{"not_picked":["True Grit","HollowMod:HowlingWraiths+1"],"picked":"WindmillStrike+1","floor":28},{"not_picked":["SashWhip","Headbutt"],"picked":"Cloak And Dagger+1","floor":29},{"not_picked":["Blade Dance","HollowMod:ChannelNail+1"],"picked":"GravityBeat","floor":31}],"player_experience":1055286,"relics_obtained":[{"floor":1.0,"key":"Baka"},{"floor":8,"key":"Sundial"},{"floor":9,"key":"WingedGreaves"},{"floor":10,"key":"Calipers"},{"floor":12,"key":"Juzu Bracelet"},{"floor":14,"key":"Meat on the Bone"},{"floor":18,"key":"Strawberry"},{"floor":24,"key":"Oddly Smooth Stone"},{"floor":26,"key":"Akabeko"},{"floor":29,"key":"Potion Belt"}],"event_choices":[],"is_beta":false,"boss_relics":[{"not_picked":["Tiny House","AddBug"],"picked":"EasyGame_NEW"}],"items_purged_floors":[],"is_endless":false,"potions_floor_spawned":[1,8,12,14,24,28],"killed_by":"Gensokyo:Eiki","ascension_level":3}}