{"host":"7qoz5gmva6til3yp","time":1611981709,"event":{"mods":["AchievementEnabler","BaseMod","Minty Spire (QoL Compilation)","StSLib","SuperFastMode"],"gold_per_floor":[113,130,145,70,89,89,123,140,140,140,169,43,71,84,84,183,183,200,200,215,226,242,277,294,294,294],"floor_reached":25,"language":"KOR","playtime":906,"items_purged":["Strike_G","Strike_G"],"score":422,"play_id":"dc272c94-1bf4-42de-8d78-70e5fa294195","local_time":"20210130134149","is_ascension_mode":true,"campfire_choices":[{"data":"Poisoned Stab","floor":6,"key":"SMITH"},{"floor":15,"key":"REST"}],"circlet_count":0,"master_deck":["AscendersBane","Strike_G+1","Strike_G","Defend_G","Defend_G","Defend_G","Survivor","Neutralize","Dagger Spray","Backflip","Backstab+1","Poisoned Stab+1","Burst","Masterful Stab","Noxious Fumes","Deadly Poison","Prepared","A Thousand Cuts+1","After Image+1","Deflect+1","Acrobatics","Riddle With Holes"],"relics":["Ring of the Snake","TungstenRod","Oddly Smooth Stone","Gremlin Horn","Letter Opener","Darkstone Periapt","Whetstone","Astrolabe","Art of War"],"acts_visited":["Exordium","TheCity"],"potions_floor_usage":[11,13,23,24],"damage_taken":[{"damage":1,"enemies":"Cultist","floor":1,"turns":5},{"damage":1,"enemies":"2 Louse","floor":2,"turns":3},{"damage":0,"enemies":"Small Slimes","floor":3,"turns":3},{"damage":0,"enemies":"Looter","floor":5,"turns":4},{"damage":14,"enemies":"3 Sentries","floor":7,"turns":10},{"damage":0,"enemies":"3 Louse","floor":8,"turns":2},{"damage":5,"enemies":"Lagavulin","floor":11,"turns":5},{"damage":0,"enemies":"3 Sentries","floor":13,"turns":6},{"damage":0,"enemies":"Exordium Thugs","floor":14,"turns":3},{"damage":19,"enemies":"Hexaghost","floor":16,"turns":10},{"damage":7,"enemies":"Shell Parasite","floor":18,"turns":4},{"damage":2,"enemies":"2 Thieves","floor":20,"turns":4},{"damage":23,"enemies":"Centurion and Healer","floor":21,"turns":8},{"damage":0,"enemies":"Sentry and Sphere","floor":22,"turns":5},{"damage":17,"enemies":"Gremlin Leader","floor":23,"turns":6},{"damage":45,"enemies":"Snecko","floor":24,"turns":5},{"damage":54,"enemies":"Book of Stabbing","floor":25,"turns":6}],"seed_played":"8118730374027040672","potions_obtained":[{"floor":1,"key":"SneckoOil"},{"floor":8,"key":"BlessingOfTheForge"},{"floor":11,"key":"GhostInAJar"},{"floor":16,"key":"Strength Potion"},{"floor":19,"key":"Poison Potion"},{"floor":19,"key":"FairyPotion"},{"floor":23,"key":"ColorlessPotion"}],"is_trial":false,"path_per_floor":["M","M","M","$","M","R","E","M","T","?","E","$","E","M","R","B",null,"M","?","M","M","M","E","M","E"],"character_chosen":"THE_SILENT","items_purchased":["Deadly Poison"],"campfire_rested":1,"item_purchase_floors":[12],"current_hp_per_floor":[44,43,43,43,43,43,29,29,29,15,10,10,10,10,31,12,56,49,49,47,24,24,7,25,0,0],"gold":294,"neow_bonus":"ONE_RARE_RELIC","is_daily":false,"chose_seed":false,"campfire_upgraded":1,"win_rate":0.0,"timestamp":1611981709,"path_taken":["M","?","M","$","M","R","E","M","T","?","E","$","E","M","R","BOSS","M","?","M","?","M","E","M","E"],"items_purchased_type":["Card"],"build_version":"2020-12-22","purchased_purges":2,"victory":false,"max_hp_per_floor":[70,70,70,70,70,70,70,70,70,70,70,70,70,70,70,70,70,70,70,70,70,70,70,70,70,70],"card_choices":[{"not_picked":["Footwork","Underhanded Strike"],"picked":"Dagger Spray","floor":1},{"not_picked":["Tactician","Outmaneuver"],"picked":"Backflip","floor":2},{"not_picked":["Dodge and Roll","Endless Agony"],"picked":"Backstab","floor":3},{"not_picked":["Slice","Choke"],"picked":"Poisoned Stab","floor":5},{"not_picked":["Eviscerate","Prepared"],"picked":"Burst","floor":7},{"not_picked":["Flechettes","Dodge and Roll"],"picked":"Masterful Stab","floor":8},{"not_picked":["Flying Knee","Distraction"],"picked":"Noxious Fumes","floor":11},{"not_picked":["Sucker Punch","Dagger Spray"],"picked":"Prepared","floor":13},{"not_picked":["Dagger Spray","Underhanded Strike","Deflect"],"picked":"SKIP","floor":14},{"not_picked":["Deadly Poison","Accuracy"],"picked":"Acrobatics","floor":18},{"not_picked":["Distraction+1","Heel Hook","Choke+1"],"picked":"SKIP","floor":20},{"not_picked":["Setup","Heel Hook","Well Laid Plans"],"picked":"SKIP","floor":21},{"not_picked":["Setup","Dagger Spray","Bane+1"],"picked":"SKIP","floor":22},{"not_picked":["Acrobatics","Caltrops"],"picked":"Riddle With Holes","floor":23},{"not_picked":["Prepared","Caltrops","Blade Dance"],"picked":"SKIP","floor":24}],"player_experience":461529,"relics_obtained":[{"floor":7,"key":"Oddly Smooth Stone"},{"floor":9,"key":"Gremlin Horn"},{"floor":11,"key":"Darkstone Periapt"},{"floor":13,"key":"Whetstone"},{"floor":23,"key":"Art of War"}],"event_choices":[{"damage_healed":0,"gold_gain":0,"player_choice":"Success","damage_taken":18,"relics_obtained":["Letter Opener"],"max_hp_gain":0,"max_hp_loss":0,"event_name":"Scrap Ooze","floor":10,"gold_loss":0},{"damage_healed":0,"gold_gain":0,"player_choice":"Got Potions","damage_taken":0,"max_hp_gain":0,"max_hp_loss":0,"event_name":"Lab","floor":19,"gold_loss":0}],"is_beta":false,"boss_relics":[{"not_picked":["Runic Pyramid","WristBlade"],"picked":"Astrolabe"}],"items_purged_floors":[4,12],"is_endless":false,"potions_floor_spawned":[1,8,11,16,21,22,23],"killed_by":"Book of Stabbing","ascension_level":11}}