{"host":"ztbcjri4lmj3mep7","time":1611988752,"event":{"mods":["BaseMod","Become a monster ???","Better Altar","Better Match","Better Sensory Stone","Better Skull","Better Third Choice","Challenge The Spire","Colored Map","DeckTracker","Friendly Minions","Marisa????????","Minty Spire (QoL Compilation)","Quick Restart","Random Character Button","Reliquary","Robot Space Explorer","StSLib","SuperFastMode","Synergy Search","The Marked","The Runesmith","slay the spire mod where everything is the same but ironclad has a cowboy hat"],"gold_per_floor":[113,128,139,139,54,54,54,54],"floor_reached":7,"language":"ENG","playtime":407,"items_purged":[],"score":41,"play_id":"ed683d1a-1bfc-4c5f-870e-cff2a8948d11","local_time":"20210130003912","is_ascension_mode":false,"campfire_choices":[{"data":"RobotSpaceExplorer:DualCore","floor":6,"key":"SMITH"}],"circlet_count":0,"master_deck":["RobotSpaceExplorer:Strike","RobotSpaceExplorer:Strike","RobotSpaceExplorer:Strike","RobotSpaceExplorer:Strike","RobotSpaceExplorer:Defend","RobotSpaceExplorer:Defend","RobotSpaceExplorer:Defend","RobotSpaceExplorer:Defend","RobotSpaceExplorer:Scan","RobotSpaceExplorer:MiniLasers","RobotSpaceExplorer:DualCore+1","RobotSpaceExplorer:Jetpack","RobotSpaceExplorer:Jetpack","Good Instincts"],"relics":["RobotSpaceExplorer:RoboCore"],"acts_visited":["Exordium"],"potions_floor_usage":[7],"damage_taken":[{"damage":1,"enemies":"Cultist","floor":1,"turns":4},{"damage":0,"enemies":"Small Slimes","floor":2,"turns":4},{"damage":0,"enemies":"Jaw Worm","floor":3,"turns":5},{"damage":41,"enemies":"Gremlin Nob","floor":7,"turns":5}],"seed_played":"492018580104787235","potions_obtained":[{"floor":3,"key":"ColorlessPotion"}],"is_trial":false,"path_per_floor":["M","M","M","?","$","R","E"],"character_chosen":"RobotSpaceExplorer","items_purchased":["Good Instincts"],"campfire_rested":0,"item_purchase_floors":[5],"current_hp_per_floor":[81,81,81,81,81,81,40,40],"gold":54,"neow_bonus":"TEN_PERCENT_HP_BONUS","is_daily":false,"chose_seed":false,"campfire_upgraded":1,"win_rate":0.0,"timestamp":1611988752,"path_taken":["M","M","?","?","$","R","E"],"items_purchased_type":["Card"],"build_version":"2020-12-22","purchased_purges":0,"victory":false,"max_hp_per_floor":[82,82,82,82,82,82,82,82],"card_choices":[{"not_picked":["RobotSpaceExplorer:Smokescreen","RobotSpaceExplorer:ScrapMissile"],"picked":"RobotSpaceExplorer:DualCore","floor":1},{"not_picked":["RobotSpaceExplorer:PowerCollector","RobotSpaceExplorer:RigExplosive"],"picked":"RobotSpaceExplorer:Jetpack","floor":2},{"not_picked":["RobotSpaceExplorer:GlueShot","RobotSpaceExplorer:MetalStrike"],"picked":"RobotSpaceExplorer:Jetpack","floor":3}],"player_experience":751596,"relics_obtained":[],"event_choices":[{"damage_healed":0,"gold_gain":0,"player_choice":"Ignored","damage_taken":0,"max_hp_gain":0,"max_hp_loss":0,"event_name":"NoteForYourself","floor":4,"gold_loss":0}],"is_beta":false,"boss_relics":[],"items_purged_floors":[],"is_endless":false,"potions_floor_spawned":[3],"killed_by":"Gremlin Nob","ascension_level":0}}