{"host":"1p8eqzpvl5sxeu5t","time":1611977294,"event":{"mods":["BaseMod","Bestiary","Block Reminder","Colored Map","Colored Powertips","Curses Come First","Downfall","Highlight Path","Minty Spire (QoL Compilation)","Relic Stats","StSLib","The IronCluck","Waifu the Spire","everything is the same but u backflip on backflip","slay the spire mod where everything is the same but ironclad has a cowboy hat"],"gold_per_floor":[99,115,129,229,11,11,37,63,63,213,224,124,150,166,178,280,280,180,199,209,43,59,159,159,178,209,52,63,63,80,108,123,220,220,120,139,157,157,157,167,167,193,60,72,72,91,91,110,128,128,128,163,9,9,9,9],"floor_reached":57,"language":"ENG","playtime":3347,"items_purged":["downfall:Icky"],"score":1481,"play_id":"8dd43bc1-b76f-450d-a296-1f7fba4baff5","local_time":"20210130112814","is_ascension_mode":true,"campfire_choices":[{"floor":1,"key":"RECALL"},{"data":"Guardian:Suspension","floor":9,"key":"SMITH"},{"data":"Guardian:SentryBeam","floor":12,"key":"SMITH"},{"data":"Guardian:ChargeUp","floor":18,"key":"SMITH"},{"data":"1","floor":35,"key":"LIFT"},{"data":"2","floor":47,"key":"LIFT"},{"data":"3","floor":54,"key":"LIFT"}],"circlet_count":0,"master_deck":["Guardian:Strike_Guardian","Guardian:Strike_Guardian","Guardian:Defend_Guardian","Guardian:Defend_Guardian+1","Guardian:Defend_Guardian+1","Guardian:Defend_Guardian","Guardian:CurlUp+1","Guardian:TwinSlam","Guardian:WalkerClaw","Guardian:Recover","Guardian:SentryBeam+1","Guardian:Suspension+1","Guardian:Incinerate","Guardian:TemporalShield+1","Guardian:Incinerate","Guardian:ChargeUp+1","Guardian:StasisStrike","Guardian:FloatingOrbs","Guardian:Suspension","Guardian:BronzeArmor","Guardian:FloatingOrbs+1","Guardian:ShieldSpikes+1","Guardian:TimeSifter+1","Guardian:TimeCapacitor+1","Guardian:Orbwalk+1","Guardian:StasisEngine+1","Guardian:PolyBeam+1"],"relics":["Guardian:ModeShifterPlus","FossilizedHelix","Guardian:PocketSentry","Strawberry","Pear","downfall:HeartBlessingRed","Eternal Feather","Coffee Dripper","downfall:HeartBlessingGreen","PreservedInsect","Girya","Frozen Egg 2","Question Card","Toxic Egg 2","downfall:HeartBlessingBlue","War Paint","Molten Egg 2","hexamod:CandleOfCauterizing","champ:Barbells","Vajra","Slimebound:StickyStick"],"acts_visited":["Exordium","TheCity","TheBeyond","TheEnding"],"potions_floor_usage":[13,16,26,30,31,33,56,56,56],"damage_taken":[{"damage":0,"enemies":"Small Slimes","floor":2,"turns":3},{"damage":0,"enemies":"Cultist","floor":3,"turns":4},{"damage":4,"enemies":"downfall:FleeingMerchant","floor":5,"turns":4},{"damage":0,"enemies":"Lagavulin","floor":8,"turns":7},{"damage":0,"enemies":"2 Louse","floor":11,"turns":1},{"damage":31,"enemies":"Gremlin Nob","floor":13,"turns":5},{"damage":0,"enemies":"Large Slime","floor":14,"turns":4},{"damage":1,"enemies":"Red Slaver","floor":15,"turns":3},{"damage":3,"enemies":"WA_ARCHETYPE_RETAIN","floor":16,"turns":5},{"damage":7,"enemies":"Shell Parasite","floor":19,"turns":4},{"damage":6,"enemies":"Chosen","floor":20,"turns":3},{"damage":0,"enemies":"downfall:FleeingMerchant","floor":21,"turns":4},{"damage":3,"enemies":"Snake Plant","floor":22,"turns":4},{"damage":0,"enemies":"Colosseum Nobs","floor":23,"turns":4},{"damage":0,"enemies":"Centurion and Healer","floor":25,"turns":5},{"damage":14,"enemies":"Slavers","floor":26,"turns":5},{"damage":6,"enemies":"downfall:FleeingMerchant","floor":27,"turns":4},{"damage":7,"enemies":"Shelled Parasite and Fungi","floor":28,"turns":4},{"damage":16,"enemies":"Snake Plant","floor":30,"turns":3},{"damage":8,"enemies":"Book of Stabbing","floor":31,"turns":4},{"damage":0,"enemies":"Snecko","floor":32,"turns":3},{"damage":22,"enemies":"IC_MUSHROOM_ARCHETYPE","floor":33,"turns":6},{"damage":0,"enemies":"3 Darklings","floor":36,"turns":4},{"damage":0,"enemies":"Orb Walker","floor":37,"turns":3},{"damage":0,"enemies":"Spire Growth","floor":40,"turns":4},{"damage":0,"enemies":"Nemesis","floor":42,"turns":6},{"damage":0,"enemies":"downfall:FleeingMerchant","floor":43,"turns":3},{"damage":0,"enemies":"4 Shapes","floor":44,"turns":8},{"damage":0,"enemies":"Transient","floor":46,"turns":5},{"damage":0,"enemies":"Maw","floor":48,"turns":6},{"damage":0,"enemies":"Writhing Mass","floor":49,"turns":4},{"damage":4,"enemies":"DF_ARCHETYPE_ORBS","floor":50,"turns":7},{"damage":28,"enemies":"downfall:CharBossMerchant","floor":52,"turns":7},{"damage":8,"enemies":"downfall:NeowBoss","floor":55,"turns":8},{"damage":28,"enemies":"downfall:NeowBossFinal","floor":56,"turns":7}],"seed_played":"-390859511522272714","potions_obtained":[{"floor":11,"key":"FearPotion"},{"floor":13,"key":"hexamod:SoulburnPotion"},{"floor":14,"key":"Strength Potion"},{"floor":15,"key":"Explosive Potion"},{"floor":16,"key":"Block Potion"},{"floor":25,"key":"Regen Potion"},{"floor":26,"key":"champ:CounterPotion"},{"floor":30,"key":"BlessingOfTheForge"},{"floor":33,"key":"FearPotion"},{"floor":37,"key":"Swift Potion"}],"is_trial":false,"path_per_floor":["R","M","M","?","$","?","T","E","R","?","M","R","E","M","M","B",null,"R","M","M","$","M","?","T","M","E","$","M","?","M","E","M","B",null,"R","M","M","?","?","M","T","E","$","M","$","M","R","M","M","B",null,"E","$","R","B","B",null],"character_chosen":"GUARDIAN","items_purchased":["Guardian:PocketSentry","Guardian:Suspension","PreservedInsect","Guardian:FloatingOrbs+1","hexamod:CandleOfCauterizing","champ:Barbells","Guardian:Orbwalk+1","Slimebound:StickyStick"],"campfire_rested":0,"item_purchase_floors":[5,5,21,27,43,43,43,53],"current_hp_per_floor":[72,72,72,72,68,68,75,85,85,85,85,85,54,54,53,50,89,89,82,76,76,73,73,73,73,59,53,46,46,30,34,34,12,89,99,99,99,99,99,99,99,99,99,99,99,99,99,99,99,95,99,71,71,86,78,50],"gold":9,"neow_bonus":"ONE_RARE_RELIC","is_daily":false,"chose_seed":false,"campfire_upgraded":3,"win_rate":0.0,"timestamp":1611977294,"path_taken":["R","M","M","?","?","?","T","E","R","?","M","R","E","M","M","BOSS","R","M","M","$","M","?","T","M","E","$","M","?","?","E","M","BOSS","R","M","M","?","?","M","T","E","$","?","?","M","R","M","M","BOSS","E","$","R","BOSS","BOSS"],"items_purchased_type":["Relic","Card","Relic","Card","Relic","Relic","Card","Relic"],"build_version":"2020-12-22","purchased_purges":1,"victory":true,"max_hp_per_floor":[72,72,72,72,72,72,79,89,89,89,89,89,89,89,89,89,89,89,89,89,89,89,89,89,89,89,89,89,89,89,89,89,89,89,99,99,99,99,99,99,99,99,99,99,99,99,99,99,99,99,99,99,99,99,99,99],"relic_stats":{"counters":[35,158],"Eternal Feather":15,"PreservedInsect":264,"War Paint":["Guardian:CurlUp","Guardian:Defend_Guardian"],"Question Card":16,"obtain_stats":[{"Girya":23,"champ:Barbells":43,"hexamod:CandleOfCauterizing":43,"Pear":8,"downfall:HeartBlessingRed":12,"Guardian:ModeShifterPlus":34,"Guardian:ModeShifter":0,"Vajra":52,"Eternal Feather":13,"downfall:HeartBlessingGreen":18,"PreservedInsect":21,"Guardian:PocketSentry":5,"Frozen Egg 2":23,"War Paint":41,"Question Card":26,"downfall:HeartBlessingBlue":35,"Slimebound:StickyStick":53,"Strawberry":7,"Molten Egg 2":42,"Coffee Dripper":17,"Toxic Egg 2":31,"FossilizedHelix":0},{"Girya":14,"champ:Barbells":27,"hexamod:CandleOfCauterizing":27,"Pear":4,"downfall:HeartBlessingRed":5,"Guardian:ModeShifterPlus":22,"Guardian:ModeShifter":0,"Vajra":33,"Eternal Feather":6,"downfall:HeartBlessingGreen":9,"PreservedInsect":12,"Guardian:PocketSentry":3,"Frozen Egg 2":14,"War Paint":25,"Question Card":16,"downfall:HeartBlessingBlue":22,"Slimebound:StickyStick":33,"Strawberry":3,"Molten Egg 2":26,"Coffee Dripper":9,"Toxic Egg 2":20,"FossilizedHelix":0},{"Girya":55,"champ:Barbells":107,"hexamod:CandleOfCauterizing":107,"Pear":18,"downfall:HeartBlessingRed":19,"Guardian:ModeShifterPlus":88,"Guardian:ModeShifter":0,"Vajra":143,"Eternal Feather":24,"downfall:HeartBlessingGreen":36,"PreservedInsect":47,"Guardian:PocketSentry":11,"Frozen Egg 2":55,"War Paint":99,"Question Card":64,"downfall:HeartBlessingBlue":88,"Slimebound:StickyStick":143,"Strawberry":11,"Molten Egg 2":105,"Coffee Dripper":36,"Toxic Egg 2":79,"FossilizedHelix":0}]},"card_choices":[{"not_picked":["Guardian:BronzeArmor","Guardian:ShieldCharger"],"picked":"Guardian:WalkerClaw","floor":2},{"not_picked":["Guardian:Gem_Purple","Guardian:Gem_Crimson"],"picked":"Guardian:Recover","floor":3},{"not_picked":["Guardian:Planning","Guardian:RollAttack"],"picked":"Guardian:SentryBeam","floor":5},{"not_picked":["Guardian:ShieldSpikes","Guardian:WalkerClaw"],"picked":"Guardian:Incinerate","floor":8},{"not_picked":["Guardian:RollAttack","Guardian:ShieldCharger"],"picked":"Guardian:TemporalShield","floor":11},{"not_picked":["Guardian:Suspension","Guardian:BodySlam"],"picked":"Guardian:Incinerate","floor":13},{"not_picked":["Guardian:PolyBeam","Guardian:PrimingBeam"],"picked":"Guardian:Gem_White","floor":14},{"not_picked":["Guardian:Gem_Cyan","Guardian:Gem_Fragmented"],"picked":"Guardian:ChargeUp","floor":15},{"not_picked":["Guardian:HyperBeam_Guardian","Guardian:SphericShield"],"picked":"Guardian:StasisStrike","floor":16},{"not_picked":["Guardian:Gem_Red","Guardian:ShieldSpikes+1"],"picked":"Guardian:FloatingOrbs","floor":19},{"not_picked":["Guardian:Harden+1","Guardian:Gem_Lightblue"],"picked":"Guardian:Suspension","floor":20},{"not_picked":["Guardian:ChargeCore","Guardian:Incinerate+1","Guardian:StasisStrike"],"picked":"SKIP","floor":21},{"not_picked":["Guardian:Clone","Guardian:PrimingBeam"],"picked":"Guardian:DonusPower","floor":22},{"not_picked":["Guardian:Recover","Guardian:BodySlam","Guardian:Gem_Cyan"],"picked":"SKIP","floor":25},{"not_picked":["Guardian:BodySlam+1","Guardian:RollAttack","Guardian:PolyBeam"],"picked":"SKIP","floor":26},{"not_picked":["Guardian:Emergency","Guardian:Gem_Green","Guardian:SentryBeam"],"picked":"Guardian:BronzeArmor","floor":27},{"not_picked":["Guardian:Gem_Crimson","Guardian:PolyBeam","Guardian:ChargeCore+1","Guardian:Incinerate"],"picked":"SKIP","floor":28},{"not_picked":["Guardian:RollAttack+1","Guardian:Gem_Cyan","Guardian:Gem_Green","Guardian:RefractedBeam+1"],"picked":"SKIP","floor":30},{"not_picked":["Guardian:SentryBeam+1","Guardian:DecasProtection+1","Guardian:Gem_Yellow"],"picked":"Guardian:ShieldSpikes+1","floor":31},{"not_picked":["Guardian:Gem_Lightblue","Guardian:TemporalShield+1","Guardian:PolyBeam+1","Guardian:ArmoredProtocol+1"],"picked":"SKIP","floor":32},{"not_picked":["Guardian:FastForward+1","Guardian:SphericShield+1","Guardian:ExploitGems+1"],"picked":"Guardian:TimeSifter+1","floor":33},{"not_picked":["Guardian:TemporalStrike+1","Guardian:ShieldSpikes+1","Guardian:Reroute+1","Guardian:RollAttack+1"],"picked":"SKIP","floor":36},{"not_picked":["Guardian:PolyBeam","Guardian:Gem_Blue","Guardian:ShieldCharger+1","Guardian:Preprogram+1"],"picked":"SKIP","floor":37},{"not_picked":["Guardian:TemporalStrike","Guardian:TimeBomb+1","Guardian:Suspension+1","Guardian:RefractedBeam+1"],"picked":"SKIP","floor":40},{"not_picked":["Guardian:Gem_Green","Guardian:VentSteam+1","Guardian:BronzeArmor+1","Guardian:ExploitGems+1"],"picked":"SKIP","floor":42},{"not_picked":["Guardian:TimeBomb+1","Guardian:Suspension+1","Guardian:Gem_Lightblue"],"picked":"Guardian:TimeCapacitor+1","floor":43},{"not_picked":["Guardian:ChargeCore+1","Guardian:TemporalStrike+1","Guardian:Incinerate+1","Guardian:PrismaticBeam+1"],"picked":"SKIP","floor":44},{"not_picked":["Guardian:Suspension+1","Guardian:Gem_White","Guardian:PrismaticBarrier+1","Guardian:PrimingBeam+1"],"picked":"SKIP","floor":46},{"not_picked":["Guardian:PrismaticBarrier+1","Guardian:WalkerClaw+1","Guardian:Gem_Green","Guardian:Gem_Cyan"],"picked":"SKIP","floor":48},{"not_picked":["Guardian:BodySlam+1","Guardian:PiercingHide+1","Guardian:Suspension+1"],"picked":"Guardian:StasisEngine+1","floor":49},{"not_picked":["Guardian:ChargeCore+1","Guardian:WalkerClaw+1","Guardian:Gem_Green"],"picked":"Guardian:PolyBeam+1","floor":52}],"player_experience":874071,"relics_obtained":[{"floor":7,"key":"Strawberry"},{"floor":8,"key":"Pear"},{"floor":13,"key":"Eternal Feather"},{"floor":23,"key":"Girya"},{"floor":23,"key":"Frozen Egg 2"},{"floor":26,"key":"Question Card"},{"floor":31,"key":"Toxic Egg 2"},{"floor":41,"key":"War Paint"},{"floor":42,"key":"Molten Egg 2"},{"floor":52,"key":"Vajra"}],"event_choices":[{"damage_healed":0,"gold_gain":0,"player_choice":"Leave","damage_taken":0,"max_hp_gain":0,"max_hp_loss":0,"event_name":"FaceTrader","floor":29,"gold_loss":0},{"cards_removed":["Guardian:DonusPower"],"damage_healed":0,"gold_gain":0,"player_choice":"Removed Skill","damage_taken":0,"max_hp_gain":0,"max_hp_loss":0,"event_name":"Falling","floor":38,"gold_loss":0},{"cards_removed":["Guardian:Strike_Guardian"],"damage_healed":0,"gold_gain":0,"player_choice":"Offered Basic","damage_taken":0,"max_hp_gain":0,"max_hp_loss":0,"event_name":"Bonfire Elementals","floor":39,"gold_loss":0}],"is_beta":false,"boss_relics":[{"not_picked":["Runic Dome","Astrolabe"],"picked":"Coffee Dripper"},{"not_picked":["Black Star","Busted Crown"],"picked":"Guardian:ModeShifterPlus"}],"items_purged_floors":[27],"is_endless":false,"potions_floor_spawned":[11,13,14,15,16,23,25,26,28,30,33,37,40,44,46,48],"ascension_level":4}}