{"host":"omgphoea13lnyb7y","time":1611991363,"event":{"mods":["Aspiration","BaseMod","Better Note","BetterRewards","Colored Map","DeckTracker","Hubris","Minty Spire (QoL Compilation)","StSLib","The Construct","The Cursed","The Jungle","The Necromancer"],"gold_per_floor":[116,126,126,126,138,138,154,185,267,298,298,298,324,337,337,434,434,452,76,93,93,112,140,40,373,373,401,421,421,421,421,421,522,572,589,636,110,160,171,197,197,224,224,253,253,263,62,62,62,62,62,62,11,40,40,40],"floor_reached":55,"language":"ENG","playtime":2591,"items_purged":["Strike_B","Strike_B","Strike_B"],"score":1083,"play_id":"6368fe9d-6d91-4611-a6ab-87747446bdbb","local_time":"20210129232243","is_ascension_mode":true,"campfire_choices":[{"data":"Scrape","floor":6,"key":"SMITH"},{"floor":11,"key":"RECALL"},{"floor":15,"key":"REST"},{"floor":30,"key":"REST"},{"data":"Scrape","floor":32,"key":"SMITH"},{"data":"Hologram","floor":41,"key":"SMITH"},{"data":"FTL","floor":45,"key":"SMITH"},{"data":"Beam Cell","floor":49,"key":"SMITH"},{"data":"Dualcast","floor":52,"key":"SMITH"}],"circlet_count":0,"master_deck":["Gash+1","Defend_B","Defend_B","Defend_B+1","Defend_B","Zap+1","Dualcast+1","Gash","Leap+1","Scrape+1","Rebound","Hologram+1","Gash","FTL+1","Beam Cell+1","Steam","Beam Cell","Genetic Algorithm+1","Gash+1","Scrape+1","Go for the Eyes"],"relics":["Cracked Core","NeowsBlessing","Dream Catcher","Strawberry","hubris:Icosahedron","Odd Mushroom","hubris:Backtick","Unceasing Top","Vajra","Sling","Toy Ornithopter","Old Coin","Letter Opener","Nunchaku","MutagenicStrength","Tiny House","TungstenRod","hubris:Potato","hubris:CuriousFeather","hubris:BallOfYels","Pantograph","Torii","Bag of Preparation","HandDrill","hubris:ToyBattleship"],"acts_visited":["Exordium","TheCity","TheBeyond","TheEnding"],"potions_floor_usage":[8,10,22,25,28,36,36,38,42,50,50,54],"damage_taken":[{"damage":0,"enemies":"Jaw Worm","floor":1,"turns":1},{"damage":0,"enemies":"2 Louse","floor":2,"turns":1},{"damage":0,"enemies":"Small Slimes","floor":5,"turns":1},{"damage":3,"enemies":"Blue Slaver","floor":7,"turns":3},{"damage":17,"enemies":"Gremlin Nob","floor":8,"turns":4},{"damage":2,"enemies":"Lagavulin","floor":10,"turns":7},{"damage":21,"enemies":"The Mushroom Lair","floor":13,"turns":4},{"damage":1,"enemies":"Exordium Thugs","floor":14,"turns":3},{"damage":0,"enemies":"Slime Boss","floor":16,"turns":6},{"damage":18,"enemies":"Shell Parasite","floor":18,"turns":5},{"damage":20,"enemies":"3 Byrds","floor":20,"turns":4},{"damage":1,"enemies":"Snake Plant","floor":22,"turns":3},{"damage":7,"enemies":"Book of Stabbing","floor":23,"turns":3},{"damage":23,"enemies":"Slavers","floor":25,"turns":3},{"damage":6,"enemies":"Book of Stabbing","floor":27,"turns":3},{"damage":0,"enemies":"Centurion and Healer","floor":28,"turns":4},{"damage":15,"enemies":"Automaton","floor":33,"turns":6},{"damage":9,"enemies":"3 Darklings","floor":35,"turns":3},{"damage":13,"enemies":"2 Orb Walkers","floor":36,"turns":3},{"damage":0,"enemies":"Mind Bloom Boss Battle","floor":38,"turns":4},{"damage":9,"enemies":"Orb Walker","floor":39,"turns":4},{"damage":2,"enemies":"Reptomancer","floor":40,"turns":3},{"damage":0,"enemies":"Giant Head","floor":42,"turns":3},{"damage":0,"enemies":"Reptomancer","floor":44,"turns":3},{"damage":0,"enemies":"Jaw Worm Horde","floor":46,"turns":4},{"damage":24,"enemies":"hubris:GrandSnecko","floor":50,"turns":8},{"damage":15,"enemies":"Shield and Spear","floor":54,"turns":3},{"damage":91,"enemies":"The Heart","floor":55,"turns":9}],"seed_played":"-8273446659953546919","potions_obtained":[{"floor":2,"key":"AttackPotion"},{"floor":5,"key":"EssenceOfSteel"},{"floor":14,"key":"Block Potion"},{"floor":16,"key":"Explosive Potion"},{"floor":23,"key":"AttackPotion"},{"floor":33,"key":"AttackPotion"},{"floor":34,"key":"AttackPotion"},{"floor":35,"key":"Block Potion"},{"floor":40,"key":"Ancient Potion"},{"floor":42,"key":"Block Potion"}],"is_trial":false,"path_per_floor":["M","M","?","?","M","R","M","E","T","E","R","?","?","M","R","B",null,"M","$","M","?","M","E","$","E","T","E","M","?","R","?","R","B",null,"M","?","$","?","M","E","R","E","T","E","R","M","$","?","R","B",null,"R","$","E","B"],"character_chosen":"DEFECT","items_purchased":["Vajra","Sling","hubris:Potato","Explosive Potion","Swift Potion","HandDrill","Fire Potion","Go for the Eyes"],"campfire_rested":2,"item_purchase_floors":[19,19,37,37,37,47,47,53],"current_hp_per_floor":[75,75,75,60,60,60,57,40,40,45,45,45,24,23,47,47,82,64,64,44,44,43,36,36,18,18,12,17,17,41,41,41,26,87,78,75,75,80,71,69,69,74,74,74,74,74,74,74,74,69,83,83,83,68,0,0],"gold":40,"neow_bonus":"THREE_ENEMY_KILL","is_daily":false,"chose_seed":false,"campfire_upgraded":6,"win_rate":0.0,"timestamp":1611991363,"path_taken":["M","M","?","?","M","R","M","E","T","E","R","?","?","?","R","BOSS","M","$","M","?","M","E","?","E","T","E","M","?","R","?","R","BOSS","M","?","$","?","M","E","R","E","T","E","R","M","?","?","R","BOSS","R","$","E","BOSS"],"items_purchased_type":["Relic","Relic","Relic","Potion","Potion","Relic","Potion","Card"],"build_version":"2020-12-22","purchased_purges":3,"victory":false,"max_hp_per_floor":[75,75,75,75,75,75,75,75,75,82,82,82,82,82,82,82,82,82,82,82,82,82,82,82,82,82,82,82,82,82,82,82,82,87,87,87,87,87,87,87,87,87,87,87,87,87,87,83,83,83,83,83,83,83,83,83],"card_choices":[{"not_picked":["Stack","Undo"],"picked":"Gash","floor":1},{"not_picked":["Steam","Doom and Gloom"],"picked":"Leap","floor":2},{"not_picked":["Darkness","Self Repair"],"picked":"Scrape","floor":5},{"not_picked":["Coolheaded","Defragment"],"picked":"Rebound","floor":7},{"not_picked":["Ball Lightning","Chaos","Fission"],"picked":"SKIP","floor":8},{"not_picked":["Streamline","Compile Driver"],"picked":"Hologram","floor":10},{"not_picked":["Doom and Gloom","Auto Shields"],"picked":"Gash","floor":14},{"not_picked":["Ball Lightning","Hyperbeam"],"picked":"FTL","floor":15},{"not_picked":["Ball Lightning","Go for the Eyes"],"picked":"Beam Cell","floor":18},{"not_picked":["Conserve Battery","Rebound","Melter"],"picked":"SKIP","floor":20},{"not_picked":["Hologram","Amplify","Darkness+1"],"picked":"SKIP","floor":22},{"not_picked":["Core Surge","Recycle","Leap"],"picked":"SKIP","floor":23},{"not_picked":["Sunder","Consume"],"picked":"Beam Cell","floor":25},{"not_picked":["Rebound","Cold Snap+1"],"picked":"Genetic Algorithm+1","floor":27},{"not_picked":["Scrape+1","Compile Driver"],"picked":"Gash+1","floor":28},{"not_picked":["Rebound","Self Repair"],"picked":"Scrape","floor":30},{"not_picked":["Barrage+1","Double Energy+1","Force Field+1"],"picked":"SKIP","floor":35},{"not_picked":["Compile Driver+1","Coolheaded+1","Lockon"],"picked":"SKIP","floor":39},{"not_picked":["hubris:Ukulele+1","Glacier","Blizzard"],"picked":"SKIP","floor":40},{"not_picked":["Storm","Aggregate+1","Static Discharge"],"picked":"SKIP","floor":42},{"not_picked":["Barrage","Defragment+1","White Noise"],"picked":"SKIP","floor":44},{"not_picked":["Rebound+1","Conserve Battery","Fusion"],"picked":"SKIP","floor":46},{"not_picked":["Genetic Algorithm","Beam Cell","Aggregate"],"picked":"SKIP","floor":54}],"player_experience":65878,"relics_obtained":[{"floor":8,"key":"Dream Catcher"},{"floor":10,"key":"Strawberry"},{"floor":13,"key":"Odd Mushroom"},{"floor":23,"key":"Toy Ornithopter"},{"floor":25,"key":"Old Coin"},{"floor":26,"key":"Letter Opener"},{"floor":27,"key":"Nunchaku"},{"floor":36,"key":"TungstenRod"},{"floor":38,"key":"hubris:CuriousFeather"},{"floor":40,"key":"hubris:BallOfYels"},{"floor":42,"key":"Pantograph"},{"floor":43,"key":"Torii"},{"floor":44,"key":"Bag of Preparation"},{"floor":54,"key":"hubris:ToyBattleship"}],"event_choices":[{"damage_healed":0,"gold_gain":0,"player_choice":"Entered Light","damage_taken":15,"max_hp_gain":0,"max_hp_loss":0,"event_name":"Shining Light","floor":4,"gold_loss":0,"cards_upgraded":["Zap","Gash"]},{"damage_healed":0,"gold_gain":0,"player_choice":"Fought Mushrooms","damage_taken":0,"max_hp_gain":0,"max_hp_loss":0,"event_name":"Mushrooms","floor":13,"gold_loss":0},{"damage_healed":0,"gold_gain":0,"cards_transformed":["Strike_B"],"player_choice":"Transformed","damage_taken":0,"max_hp_gain":0,"max_hp_loss":0,"event_name":"Transmorgrifier","floor":21,"gold_loss":0,"cards_obtained":["Steam"]},{"damage_healed":0,"gold_gain":0,"player_choice":"Inject Mutagens","damage_taken":0,"relics_obtained":["MutagenicStrength"],"max_hp_gain":0,"max_hp_loss":0,"event_name":"Drug Dealer","floor":31,"gold_loss":0},{"damage_healed":0,"gold_gain":0,"player_choice":"Fight","damage_taken":0,"max_hp_gain":0,"max_hp_loss":0,"event_name":"Mysterious Sphere","floor":36,"gold_loss":0},{"damage_healed":0,"gold_gain":0,"player_choice":"Fight","damage_taken":0,"max_hp_gain":0,"max_hp_loss":0,"event_name":"MindBloom","floor":38,"gold_loss":0},{"damage_healed":0,"gold_gain":0,"player_choice":"Max HP","damage_taken":0,"max_hp_gain":0,"max_hp_loss":4,"event_name":"Winding Halls","floor":48,"gold_loss":0}],"is_beta":false,"boss_relics":[{"not_picked":["Calling Bell","Nuclear Battery"],"picked":"hubris:Backtick"},{"not_picked":["hubris:CrackedHourglass","Coffee Dripper"],"picked":"Tiny House"}],"items_purged_floors":[19,24,37],"is_endless":false,"potions_floor_spawned":[2,5,14,16,23,33,35,40,42,44],"killed_by":"The Heart","ascension_level":2}}