{"host":"5t6k5h959q0wkklw","time":1611976320,"event":{"mods":["BaseMod","BetterRewards","Conspire","Downfall","Hubris","Infinite Spire","Minty Spire (QoL Compilation)","Replay The Spire","StSLib","The Poker Player"],"gold_per_floor":[119,130,143,143,154,154,154,171,171,201,10,20,20,33,33,134,134,146,163,181,181,181,181,181],"floor_reached":22,"language":"ENG","playtime":1099,"items_purged":[],"score":230,"play_id":"f24fb7df-876f-441a-bd1d-5859afd727ee","local_time":"20210129221200","is_ascension_mode":false,"metric_token":658,"campfire_choices":[{"floor":6,"key":"REST"},{"floor":15,"key":"REST"}],"circlet_count":0,"master_deck":["PokerPlayerMod:Diamond1","PokerPlayerMod:Diamond2","PokerPlayerMod:Diamond3","PokerPlayerMod:Diamond4","PokerPlayerMod:Diamond5","PokerPlayerMod:Spade1","PokerPlayerMod:Spade2","PokerPlayerMod:Spade3","PokerPlayerMod:Spade4","PokerPlayerMod:Club1","PokerPlayerMod:Club2","PokerPlayerMod:Heart2","PokerPlayerMod:TrumpStrike+1","PokerPlayerMod:BadJoker","PokerPlayerMod:Mulligan","PokerPlayerMod:Configure","PokerPlayerMod:Diamond2","PokerPlayerMod:Diamond3","infinitespire:FinalStrike","PokerPlayerMod:Club1","PokerPlayerMod:ClubDance","PokerPlayerMod:HeartStrike","PokerPlayerMod:HiddenCard","PokerPlayerMod:ChangeRules","PokerPlayerMod:Promotion","PokerPlayerMod:Heart3","PokerPlayerMod:Spade5","PokerPlayerMod:Spade2"],"relics":["PokerPlayerMod:DeckCase","Torii","PokerPlayerMod:EnergeticBat","Happy Flower","Nloth\u0027s Gift"],"acts_visited":["Exordium","TheCity"],"potions_floor_usage":[16,20,22],"damage_taken":[{"damage":2,"enemies":"conspire:RoseBush","floor":1,"turns":1},{"damage":0,"enemies":"Small Slimes","floor":2,"turns":3},{"damage":0,"enemies":"2 Louse","floor":3,"turns":1},{"damage":7,"enemies":"Blue Slaver","floor":5,"turns":2},{"damage":13,"enemies":"Exordium Thugs","floor":8,"turns":3},{"damage":0,"enemies":"Exordium Wildlife","floor":12,"turns":1},{"damage":10,"enemies":"Blue Slaver","floor":14,"turns":2},{"damage":0,"enemies":"Slime Boss","floor":16,"turns":6},{"damage":32,"enemies":"Shell Parasite","floor":18,"turns":4},{"damage":0,"enemies":"Spheric Guardian","floor":19,"turns":2},{"damage":37,"enemies":"Centurion and Healer","floor":20,"turns":5},{"damage":21,"enemies":"Snecko","floor":22,"turns":4}],"seed_played":"2386049397350396994","potions_obtained":[{"floor":1,"key":"sneckomod:MuddlingPotion"},{"floor":14,"key":"Explosive Potion"},{"floor":16,"key":"BlessingOfTheForge"}],"is_trial":false,"path_per_floor":["M","M","M","?","M","R","?","M","T","?","$","M","$","M","R","B",null,"M","M","M","?","M"],"character_chosen":"THE_POKER_PLAYER","items_purchased":["Happy Flower","PokerPlayerMod:HeartStrike"],"campfire_rested":2,"item_purchase_floors":[11,11],"current_hp_per_floor":[50,52,52,38,35,50,50,37,37,37,37,37,37,35,50,52,52,26,32,4,4,0,0,0],"gold":181,"neow_bonus":"UPGRADE_CARD","is_daily":false,"chose_seed":false,"campfire_upgraded":0,"win_rate":0.0,"timestamp":1611976320,"path_taken":["M","M","?","?","M","R","?","M","T","?","?","M","$","M","R","BOSS","M","M","M","?","?"],"items_purchased_type":["Relic","Card"],"build_version":"2020-12-22","purchased_purges":0,"victory":false,"max_hp_per_floor":[52,52,52,52,52,52,52,52,52,52,52,52,52,52,52,52,52,52,52,52,52,52,52,52],"card_choices":[{"not_picked":["PokerPlayerMod:Diamond2","PokerPlayerMod:RiskyBet"],"picked":"PokerPlayerMod:Configure","floor":1},{"not_picked":["PokerPlayerMod:Configure","PokerPlayerMod:Diamond1"],"picked":"PokerPlayerMod:Diamond2","floor":2},{"not_picked":["PokerPlayerMod:Diamond4","PokerPlayerMod:ClubsClub"],"picked":"PokerPlayerMod:Diamond3","floor":3},{"not_picked":["infinitespire:SealOfDarkness+","infinitespire:Oblivion"],"picked":"infinitespire:FinalStrike","floor":4},{"not_picked":["PokerPlayerMod:ClubsClub","PokerPlayerMod:Diamond2"],"picked":"PokerPlayerMod:Club1","floor":5},{"not_picked":["PokerPlayerMod:Diamond5","PokerPlayerMod:ClubsClub"],"picked":"PokerPlayerMod:ClubDance","floor":8},{"not_picked":["PokerPlayerMod:ClubStrike","PokerPlayerMod:Diamond4"],"picked":"PokerPlayerMod:HiddenCard","floor":12},{"not_picked":["PokerPlayerMod:Spade5","PokerPlayerMod:Diamond5"],"picked":"PokerPlayerMod:ChangeRules","floor":14},{"not_picked":["PokerPlayerMod:Club9","PokerPlayerMod:Diamond9"],"picked":"PokerPlayerMod:Promotion","floor":16},{"not_picked":["PokerPlayerMod:HotShotCut","PokerPlayerMod:Configure"],"picked":"PokerPlayerMod:Heart3","floor":18},{"not_picked":["PokerPlayerMod:Heart1","PokerPlayerMod:Spade2"],"picked":"PokerPlayerMod:Spade5","floor":19},{"not_picked":["PokerPlayerMod:Spade4","PokerPlayerMod:ClubStrike"],"picked":"PokerPlayerMod:Spade2","floor":20}],"player_experience":119932,"relics_obtained":[{"floor":9,"key":"Torii"}],"event_choices":[{"damage_healed":0,"gold_gain":30,"player_choice":"Searched \u00273\u0027 times","damage_taken":0,"relics_obtained":["PokerPlayerMod:EnergeticBat"],"max_hp_gain":0,"max_hp_loss":0,"event_name":"Dead Adventurer","floor":10,"gold_loss":0},{"damage_healed":0,"gold_gain":0,"player_choice":"Traded Relic","damage_taken":0,"relics_obtained":["Nloth\u0027s Gift"],"max_hp_gain":0,"max_hp_loss":0,"event_name":"N\u0027loth","floor":21,"relics_lost":["conspire:SpecialSausage"],"gold_loss":0}],"is_beta":false,"boss_relics":[{"not_picked":["Runic Dome","Cursed Key"],"picked":"conspire:SpecialSausage"}],"items_purged_floors":[],"is_endless":false,"potions_floor_spawned":[1,14,16],"killed_by":"Snecko","ascension_level":0}}