{"host":"sav7uxregyirlf69","time":1611968551,"event":{"mods":["AchievementEnabler","BaseMod","Colored Map","DeckTracker","Keyboard Shortcuts","Minty Spire (QoL Compilation)","READ ME - Guardian Mod","StSLib","SuperFastMode"],"gold_per_floor":[118,193,193,211,231,231,256,268,294,306,306,332,344,374,386,472,484,516,528,95,106,156,156,156,156],"floor_reached":24,"language":"KOR","playtime":389,"items_purged":["Venomology"],"score":412,"play_id":"c0c25eac-6e57-4ebc-8b46-3cd83cbdbb11","local_time":"20210130100231","is_ascension_mode":true,"campfire_choices":[{"data":"All Out Attack","floor":6,"key":"SMITH"},{"floor":13,"key":"REST"},{"data":"Bouncing Flask","floor":15,"key":"SMITH"},{"floor":23,"key":"REST"}],"circlet_count":0,"master_deck":["AscendersBane","Strike_G","Strike_G","Defend_G","Defend_G","Defend_G","Defend_G","Defend_G","Survivor","Neutralize","Dagger Spray","Flying Knee","All Out Attack+1","Predator","Infinite Blades","Deadly Poison","Bouncing Flask+1","Escape Plan","Noxious Fumes","Expertise","Well Laid Plans","Blade Dance"],"relics":["Ring of the Snake","Ancient Tea Set","Bag of Preparation","Snake Skull","MawBank","Sozu","Kunai"],"acts_visited":["Exordium","TheCity"],"potions_floor_usage":[7,14,24],"damage_taken":[{"damage":2,"enemies":"2 Louse","floor":1,"turns":4},{"damage":1,"enemies":"Small Slimes","floor":4,"turns":4},{"damage":0,"enemies":"Cultist","floor":5,"turns":3},{"damage":27,"enemies":"Lagavulin","floor":7,"turns":5},{"damage":3,"enemies":"Looter","floor":8,"turns":4},{"damage":2,"enemies":"3 Louse","floor":10,"turns":2},{"damage":20,"enemies":"3 Sentries","floor":12,"turns":5},{"damage":0,"enemies":"2 Fungi Beasts","floor":14,"turns":2},{"damage":20,"enemies":"The Guardian","floor":16,"turns":8},{"damage":24,"enemies":"3 Byrds","floor":18,"turns":5},{"damage":27,"enemies":"Shell Parasite","floor":21,"turns":5},{"damage":21,"enemies":"Slavers","floor":24,"turns":1}],"seed_played":"7159833222008841368","potions_obtained":[{"floor":4,"key":"SkillPotion"},{"floor":5,"key":"Strength Potion"},{"floor":16,"key":"BlessingOfTheForge"}],"is_trial":false,"path_per_floor":["M","?","?","M","M","R","E","M","T","M","?","E","R","M","R","B",null,"M","?","$","M","?","R","E"],"character_chosen":"THE_SILENT","items_purchased":["Kunai","Well Laid Plans"],"campfire_rested":2,"item_purchase_floors":[20,20],"current_hp_per_floor":[57,46,46,45,45,45,18,15,15,13,35,15,34,34,34,14,53,29,29,29,2,2,21,0,0],"gold":156,"neow_bonus":"RANDOM_COMMON_RELIC","is_daily":false,"chose_seed":false,"campfire_upgraded":2,"win_rate":0.0,"timestamp":1611968551,"path_taken":["M","?","?","M","M","R","E","M","T","?","?","E","R","M","R","BOSS","M","?","$","M","?","R","E"],"items_purchased_type":["Relic","Card"],"build_version":"2020-12-22","purchased_purges":1,"victory":false,"max_hp_per_floor":[66,66,66,66,66,66,66,66,66,66,66,66,66,66,66,66,66,66,66,66,66,66,66,66,66],"card_choices":[{"not_picked":["Prepared","Deflect"],"picked":"Dagger Spray","floor":1},{"not_picked":["Underhanded Strike","Dodge and Roll"],"picked":"Flying Knee","floor":4},{"not_picked":["Terror","Well Laid Plans"],"picked":"All Out Attack","floor":5},{"not_picked":["Bane","Infinite Blades"],"picked":"Predator","floor":7},{"not_picked":["Eviscerate","Bane"],"picked":"Infinite Blades","floor":8},{"not_picked":["Leg Sweep","Poisoned Stab"],"picked":"Deadly Poison","floor":10},{"not_picked":["Wraith Form v2","Bane"],"picked":"Bouncing Flask","floor":12},{"not_picked":["Acrobatics","Outmaneuver"],"picked":"Escape Plan","floor":14},{"not_picked":["Slice","Backflip"],"picked":"Noxious Fumes","floor":18},{"not_picked":["Tactician","Cloak And Dagger"],"picked":"Blade Dance","floor":21}],"player_experience":1432823,"relics_obtained":[{"floor":7,"key":"Bag of Preparation"},{"floor":9,"key":"Snake Skull"},{"floor":12,"key":"MawBank"}],"event_choices":[{"damage_healed":0,"gold_gain":75,"player_choice":"Gather Gold","damage_taken":11,"max_hp_gain":0,"max_hp_loss":0,"event_name":"World of Goop","floor":2,"gold_loss":0},{"cards_removed":["Strike_G"],"damage_healed":0,"gold_gain":0,"player_choice":"Offered Basic","damage_taken":0,"max_hp_gain":0,"max_hp_loss":0,"event_name":"Bonfire Elementals","floor":3,"gold_loss":0},{"damage_healed":22,"gold_gain":0,"player_choice":"Banana","damage_taken":0,"max_hp_gain":0,"max_hp_loss":0,"event_name":"Big Fish","floor":11,"gold_loss":0},{"damage_healed":0,"gold_gain":0,"cards_transformed":["Strike_G","Strike_G"],"player_choice":"Became Test Subject","damage_taken":0,"max_hp_gain":0,"max_hp_loss":0,"event_name":"Drug Dealer","floor":19,"gold_loss":0,"cards_obtained":["Expertise","Venomology"]},{"damage_healed":0,"gold_gain":50,"player_choice":"Pray","damage_taken":0,"max_hp_gain":0,"max_hp_loss":0,"event_name":"Golden Shrine","floor":22,"gold_loss":0}],"is_beta":false,"boss_relics":[{"not_picked":["WristBlade","Ring of the Serpent"],"picked":"Sozu"}],"items_purged_floors":[20],"is_endless":false,"potions_floor_spawned":[4,5,16],"killed_by":"Slavers","ascension_level":20}}