{"host":"zsnmfqgcm92hlreo","time":1611980397,"event":{"mods":["AchievementEnabler","BaseMod","Bestiary","Block Reminder","Colored Powertips","Minty Spire (QoL Compilation)","Permanent Neow","Quick Restart","Relic Stats","Weighted Paths"],"gold_per_floor":[110,121,121,121,172,225,202,214,252,264,56,96,132,173,173,266,266,284,284,303,103,153,153,192,205,205,205,205,205,130,150,150,249,249,267,330,353,114,134,134,165,179,232,247,247,288,302,337,337,337,337,337,337,15,48,48,48],"floor_reached":56,"language":"ENG","playtime":2613,"items_purged":["Strike_G"],"score":2563,"play_id":"0068399d-899c-43d2-aad7-6b2240cbe544","local_time":"20210129221957","is_ascension_mode":true,"campfire_choices":[{"floor":8.0,"key":"REST"},{"data":"Neutralize","floor":10.0,"key":"SMITH"},{"data":"Glass Knife","floor":15.0,"key":"SMITH"},{"data":"Infinite Blades","floor":23.0,"key":"SMITH"},{"data":"Cloak And Dagger","floor":27.0,"key":"SMITH"},{"data":"Skewer","floor":29.0,"key":"SMITH"},{"data":"Blade Dance","floor":32.0,"key":"SMITH"},{"floor":40.0,"key":"RECALL"},{"data":"Envenom","floor":49.0,"key":"SMITH"},{"floor":53,"key":"REST"}],"circlet_count":0,"master_deck":["AscendersBane","Strike_G","Strike_G","Defend_G+1","Defend_G","Defend_G","Defend_G","Defend_G","Survivor+1","Neutralize+1","Blade Dance+1","Slice","Injury","Backflip","Glass Knife+1","Cloak And Dagger+1","Infinite Blades+1","Backflip","Skewer+1","Terror+1","Burst+1","Endless Agony","Ghostly+1","Ghostly+1","Ghostly+1","Finisher","Dodge and Roll+1","Blade Dance+1","Skewer+1","Doubt","Blade Dance+1","Setup+1","Blade Dance+1","Acrobatics+1","After Image","Dodge and Roll+1","Cloak And Dagger+1","Backflip+1","Ghostly+1","Blade Dance+1","Backflip+1","Normality","Cloak And Dagger+1","Night Terror+1","Finisher","PiercingWail+1","Parasite","Cloak And Dagger+1","Envenom+1","Choke","Blade Dance+1"],"relics":["Ring of the Snake","Du-Vu Doll","War Paint","Golden Idol","MawBank","Bronze Scales","Toy Ornithopter","Ancient Tea Set","Odd Mushroom","Toxic Egg 2","Cursed Key","Pen Nib","Anchor","Question Card","Philosopher\u0027s Stone","Lizard Tail","DollysMirror","InkBottle","The Courier","Blood Vial","Strawberry","Toolbox","Ginger"],"acts_visited":["Exordium","TheCity","TheBeyond","TheEnding"],"potions_floor_usage":[56],"damage_taken":[{"damage":5.0,"enemies":"Small Slimes","floor":1.0,"turns":4.0},{"damage":0.0,"enemies":"2 Louse","floor":2.0,"turns":2.0},{"damage":26.0,"enemies":"Gremlin Nob","floor":6.0,"turns":4.0},{"damage":2.0,"enemies":"3 Sentries","floor":12.0,"turns":5.0},{"damage":14.0,"enemies":"The Mushroom Lair","floor":13.0,"turns":3.0},{"damage":0.0,"enemies":"Gremlin Nob","floor":14.0,"turns":2.0},{"damage":6.0,"enemies":"Slime Boss","floor":16.0,"turns":5.0},{"damage":19.0,"enemies":"2 Thieves","floor":18.0,"turns":3.0},{"damage":1.0,"enemies":"Shell Parasite","floor":20.0,"turns":4.0},{"damage":0.0,"enemies":"Gremlin Leader","floor":24.0,"turns":4.0},{"damage":0.0,"enemies":"Cultist and Chosen","floor":25.0,"turns":3.0},{"damage":1.0,"enemies":"Snecko","floor":31.0,"turns":3.0},{"damage":15.0,"enemies":"Automaton","floor":33.0,"turns":7.0},{"damage":6.0,"enemies":"3 Shapes","floor":35.0,"turns":4.0},{"damage":0.0,"enemies":"2 Orb Walkers","floor":36.0,"turns":3.0},{"damage":0.0,"enemies":"Orb Walker","floor":37.0,"turns":3.0},{"damage":0.0,"enemies":"Writhing Mass","floor":39.0,"turns":1.0},{"damage":0.0,"enemies":"Nemesis","floor":41.0,"turns":5.0},{"damage":0.0,"enemies":"Sphere and 2 Shapes","floor":42.0,"turns":4.0},{"damage":1.0,"enemies":"Transient","floor":44.0,"turns":6.0},{"damage":0.0,"enemies":"Reptomancer","floor":46.0,"turns":4.0},{"damage":2.0,"enemies":"Writhing Mass","floor":47.0,"turns":7.0},{"damage":0.0,"enemies":"Giant Head","floor":48.0,"turns":4.0},{"damage":0.0,"enemies":"Donu and Deca","floor":50.0,"turns":8.0},{"damage":44,"enemies":"Awakened One","floor":51,"turns":8},{"damage":15,"enemies":"Shield and Spear","floor":55,"turns":5},{"damage":29,"enemies":"The Heart","floor":56,"turns":5}],"seed_played":"-328162209007836193","potions_obtained":[{"floor":1.0,"key":"GamblersBrew"},{"floor":2.0,"key":"ColorlessPotion"},{"floor":6.0,"key":"Energy Potion"},{"floor":18.0,"key":"DistilledChaos"},{"floor":25.0,"key":"SkillPotion"},{"floor":33.0,"key":"FearPotion"},{"floor":35.0,"key":"Swift Potion"},{"floor":36.0,"key":"SteroidPotion"},{"floor":37.0,"key":"DuplicationPotion"},{"floor":42.0,"key":"Weak Potion"}],"is_trial":false,"path_per_floor":["M","M","?","?","T","E","?","R","T","R","$","E","?","E","R","B",null,"M","?","M","$","?","R","E","M","T","R","?","R","?","M","R","B",null,"M","?","M","$","M","R","E","M","T","M","?","E","M","E","R","B","B",null,"R","$","E","B"],"character_chosen":"THE_SILENT","items_purchased":["Glass Knife","Cloak And Dagger","Infinite Blades","Dodge and Roll+1","Pen Nib","DollysMirror","Strawberry","Choke","Toolbox"],"campfire_rested":2,"item_purchase_floors":[11,11,11,21,21,38,54,54,54],"current_hp_per_floor":[54,54,36,36,36,10,25,43,43,43,43,46,32,37,37,31,53,34,30,29,29,29,29,30,30,30,30,30,30,30,29,29,15,26,20,25,25,25,30,30,30,30,30,29,29,29,27,27,27,30,4,24,30,37,22,0,0],"gold":48,"neow_bonus":"ONE_RARE_RELIC","is_daily":false,"chose_seed":false,"campfire_upgraded":7,"win_rate":0.0,"timestamp":1611980397,"path_taken":["M","M","?","?","?","E","?","R","T","R","?","E","?","E","R","BOSS","M","?","M","$","?","R","E","M","T","R","?","R","?","?","R","BOSS","M","?","M","$","M","R","E","M","T","M","?","E","?","E","R","BOSS","BOSS","R","$","E","BOSS"],"items_purchased_type":["Card","Card","Card","Card","Relic","Relic","Relic","Card","Relic"],"build_version":"2020-12-22","purchased_purges":1,"victory":false,"max_hp_per_floor":[60,60,60,60,60,60,60,60,60,60,60,60,60,60,60,60,60,60,30,30,30,30,30,30,30,30,30,30,30,30,30,30,30,30,30,30,30,30,30,30,30,30,30,30,30,30,30,30,30,30,30,30,30,37,37,37,37],"relic_stats":{"counters":[27,116],"Golden Idol":193,"Pen Nib":[41],"Ginger":[3],"War Paint":["Survivor","Defend_G"],"MawBank":72,"Cursed Key":2,"Question Card":13,"Blood Vial":4,"Lizard Tail":15,"Bronze Scales":[295],"obtain_stats":[{"Golden Idol":4,"Pen Nib":21,"The Courier":46,"Ginger":55,"War Paint":3,"Odd Mushroom":13,"MawBank":5,"Ancient Tea Set":12,"Cursed Key":17,"Question Card":26,"Du-Vu Doll":0,"Blood Vial":48,"Anchor":24,"Lizard Tail":36,"DollysMirror":38,"Bronze Scales":6,"Strawberry":54,"Toolbox":54,"Philosopher\u0027s Stone":34,"Toxic Egg 2":14,"Toy Ornithopter":9,"InkBottle":41,"Ring of the Snake":0},{"Golden Idol":2,"Pen Nib":9,"The Courier":21,"Ginger":26,"War Paint":2,"Odd Mushroom":5,"MawBank":2,"Ancient Tea Set":4,"Cursed Key":7,"Question Card":11,"Du-Vu Doll":0,"Blood Vial":23,"Anchor":10,"Lizard Tail":15,"DollysMirror":16,"Bronze Scales":3,"Strawberry":25,"Toolbox":25,"Philosopher\u0027s Stone":13,"Toxic Egg 2":6,"Toy Ornithopter":3,"InkBottle":18,"Ring of the Snake":0},{"Golden Idol":6,"Pen Nib":32,"The Courier":79,"Ginger":111,"War Paint":6,"Odd Mushroom":18,"MawBank":6,"Ancient Tea Set":15,"Cursed Key":25,"Question Card":39,"Du-Vu Doll":0,"Blood Vial":90,"Anchor":36,"Lizard Tail":56,"DollysMirror":59,"Bronze Scales":10,"Strawberry":106,"Toolbox":106,"Philosopher\u0027s Stone":49,"Toxic Egg 2":20,"Toy Ornithopter":10,"InkBottle":65,"Ring of the Snake":0}],"Toy Ornithopter":28,"InkBottle":[43],"Ring of the Snake":[56]},"card_choices":[{"not_picked":["Calculated Gamble","Dagger Spray"],"picked":"Blade Dance","floor":1.0},{"not_picked":["Distraction","Dodge and Roll"],"picked":"Slice","floor":2.0},{"not_picked":["Underhanded Strike","Backstab"],"picked":"Backflip","floor":6.0},{"not_picked":["Deflect","Setup"],"picked":"Backflip","floor":12.0},{"not_picked":["Slice","Distraction"],"picked":"Skewer","floor":13.0},{"not_picked":["Quick Slash","Eviscerate"],"picked":"Terror+1","floor":14.0},{"not_picked":["Envenom","Venomology+1"],"picked":"Burst+1","floor":16.0},{"not_picked":["Sucker Punch","Underhanded Strike"],"picked":"Endless Agony","floor":18.0},{"not_picked":["Heel Hook","Deflect+1"],"picked":"Finisher","floor":20.0},{"not_picked":["Dagger Spray+1","Predator"],"picked":"Blade Dance+1","floor":24.0},{"not_picked":["Dagger Spray","Outmaneuver+1"],"picked":"Skewer+1","floor":25.0},{"not_picked":["Sucker Punch","Setup+1","Outmaneuver+1"],"picked":"Acrobatics+1","floor":31.0},{"not_picked":["Phantasmal Killer+1","Venomology+1","Doppelganger+1"],"picked":"After Image","floor":33.0},{"not_picked":["Setup+1","Outmaneuver+1","Prepared+1"],"picked":"Dodge and Roll+1","floor":35.0},{"not_picked":["Backflip+1","Dodge and Roll+1","Slice"],"picked":"Cloak And Dagger+1","floor":36.0},{"not_picked":["Underhanded Strike","Die Die Die","Masterful Stab"],"picked":"Backflip+1","floor":37.0},{"not_picked":["Deflect+1","Deadly Poison+1","Noxious Fumes"],"picked":"Blade Dance+1","floor":39.0},{"not_picked":["Distraction+1","PiercingWail+1","Flying Knee"],"picked":"Backflip+1","floor":41.0},{"not_picked":["Slice","Heel Hook","All Out Attack","Bane"],"picked":"SKIP","floor":42.0},{"not_picked":["Expertise+1","Unload","Setup+1"],"picked":"Cloak And Dagger+1","floor":44.0},{"not_picked":["Dagger Spray","Heel Hook","Noxious Fumes"],"picked":"PiercingWail+1","floor":46.0},{"not_picked":["Tactician+1","Predator+1","Sucker Punch+1"],"picked":"Cloak And Dagger+1","floor":47.0},{"not_picked":["Reflex+1","Well Laid Plans","Deflect+1"],"picked":"Envenom","floor":48.0},{"not_picked":["Deadly Poison+1","Slice","Backstab"],"picked":"Blade Dance+1","floor":55}],"player_experience":949122,"relics_obtained":[{"floor":5.0,"key":"MawBank"},{"floor":6.0,"key":"Bronze Scales"},{"floor":9.0,"key":"Toy Ornithopter"},{"floor":12.0,"key":"Ancient Tea Set"},{"floor":13.0,"key":"Odd Mushroom"},{"floor":14.0,"key":"Toxic Egg 2"},{"floor":24.0,"key":"Anchor"},{"floor":26.0,"key":"Question Card"},{"floor":36.0,"key":"Lizard Tail"},{"floor":41.0,"key":"InkBottle"},{"floor":46.0,"key":"The Courier"},{"floor":48.0,"key":"Blood Vial"},{"floor":55,"key":"Ginger"}],"event_choices":[{"damage_healed":0.0,"max_hp_gain":0.0,"max_hp_loss":0.0,"gold_gain":0.0,"event_name":"Scrap Ooze","player_choice":"Success","floor":3.0,"gold_loss":0.0,"damage_taken":18.0,"relics_obtained":["War Paint"]},{"damage_healed":0.0,"max_hp_gain":0.0,"max_hp_loss":0.0,"gold_gain":0.0,"event_name":"Golden Idol","player_choice":"Take Wound","floor":4.0,"gold_loss":0.0,"damage_taken":0.0,"relics_obtained":["Golden Idol"],"cards_obtained":["Injury"]},{"damage_healed":15.0,"max_hp_gain":0.0,"max_hp_loss":0.0,"gold_gain":0.0,"event_name":"The Cleric","player_choice":"Healed","floor":7.0,"gold_loss":35.0,"damage_taken":0.0},{"damage_healed":0.0,"max_hp_gain":0.0,"max_hp_loss":0.0,"gold_gain":0.0,"event_name":"Mushrooms","player_choice":"Fought Mushrooms","floor":13.0,"gold_loss":0.0,"damage_taken":0.0},{"damage_healed":0.0,"max_hp_gain":0.0,"max_hp_loss":30.0,"gold_gain":0.0,"event_name":"Ghosts","player_choice":"Became a Ghost","floor":19.0,"gold_loss":0.0,"damage_taken":0.0,"cards_obtained":["Ghostly","Ghostly","Ghostly"]},{"damage_healed":0.0,"max_hp_gain":0.0,"max_hp_loss":0.0,"gold_gain":50.0,"event_name":"Nest","player_choice":"Stole From Cult","floor":22.0,"gold_loss":0.0,"damage_taken":0.0},{"damage_healed":0.0,"max_hp_gain":0.0,"max_hp_loss":0.0,"gold_gain":0.0,"event_name":"The Library","player_choice":"Read","floor":28.0,"gold_loss":0.0,"damage_taken":0.0,"cards_obtained":["Blade Dance"]},{"damage_healed":0.0,"max_hp_gain":0.0,"max_hp_loss":0.0,"gold_gain":0.0,"cards_transformed":["Strike_G","Strike_G"],"event_name":"Designer","player_choice":"Transformed Cards","floor":30.0,"gold_loss":75.0,"damage_taken":0.0,"cards_obtained":["Setup","Blade Dance"]},{"damage_healed":0.0,"max_hp_gain":0.0,"max_hp_loss":0.0,"gold_gain":0.0,"event_name":"Mysterious Sphere","player_choice":"Fight","floor":36.0,"gold_loss":0.0,"damage_taken":0.0},{"damage_healed":0.0,"max_hp_gain":0.0,"max_hp_loss":0.0,"gold_gain":0.0,"event_name":"Match and Keep!","player_choice":"2 cards matched","floor":45.0,"gold_loss":0.0,"damage_taken":0.0,"cards_obtained":["Night Terror","Finisher"]}],"is_beta":false,"boss_relics":[{"not_picked":["Ectoplasm","Pandora\u0027s Box"],"picked":"Cursed Key"},{"not_picked":["SacredBark","Astrolabe"],"picked":"Philosopher\u0027s Stone"}],"items_purged_floors":[38],"is_endless":false,"potions_floor_spawned":[1,2,6,18,25,33,35,36,37,42,48],"killed_by":"The Heart","ascension_level":20}}