{"host":"56d873i5r3uhle0q","time":1611969932,"event":{"mods":["100% Spire Juice","Act Like it!","Aspiration","BaseMod","Block Reminder","Conspire","Dota2Spire","Downfall","Gensokyo","Hermit","Hubris","Infinite Spire","Jedi Mod","Lobotomy","LobotomyExtend","Marisa????????","Marked Mod","Minty Spire (QoL Compilation)","Reliquary","Replay The Spire","StSLib","The Animator","The Bug Knight","The Cursed","The Marked","The Servant 0.9.4","everything is the same but u backflip on backflip","??????REMEMod"],"gold_per_floor":[214,234,234,252,10,10,10,22,74,92,92,92,92,92,92,92,92],"floor_reached":16,"language":"ENG","playtime":407,"items_purged":[],"score":90,"play_id":"e8118014-f329-4456-95d8-65449037efee","local_time":"20210129182532","is_ascension_mode":false,"campfire_choices":[{"data":"Moonworks:MetallicMonocoque","floor":6,"key":"SMITH"},{"floor":11,"key":"REST"},{"data":"REME_Scribble","floor":13,"key":"SMITH"},{"data":"ReplayTheSpireMod:Muscle Training","floor":15,"key":"SMITH"}],"circlet_count":0,"master_deck":["Strike_R","Strike_R","Strike_R","Strike_R","Defend_R","Defend_R","Defend_R","Defend_R","Bash","Moonworks:MetallicMonocoque+1","REME_Scribble+1","ReplayTheSpireMod:Muscle Training+1","Flex"],"relics":["Burning Blood","REME_ComplimentaryCards","LetterFromLob","jedi:leech","reliquary:SharkskinSheath"],"acts_visited":["Exordium"],"potions_floor_usage":[],"damage_taken":[{"damage":8.0,"enemies":"2 Louse","floor":1.0,"turns":4.0},{"damage":20.0,"enemies":"Jaw Worm","floor":2.0,"turns":5.0},{"damage":9,"enemies":"Small Slimes","floor":4,"turns":4},{"damage":16,"enemies":"3 Louse","floor":8,"turns":4},{"damage":16,"enemies":"Looter","floor":10,"turns":3},{"damage":82,"enemies":"Hexaghost","floor":16,"turns":14}],"seed_played":"-2814024342513713269","potions_obtained":[{"floor":2.0,"key":"BlessingOfTheForge"},{"floor":8,"key":"sneckomod:MuddlingPotion"},{"floor":10,"key":"DuplicationPotion"}],"is_trial":false,"path_per_floor":["M","M","?","M","$","R","$","M","T","M","R","$","R","?","R","B"],"character_chosen":"IRONCLAD","items_purchased":["jedi:leech"],"campfire_rested":1,"item_purchase_floors":[5],"current_hp_per_floor":[78,66,66,65,65,65,65,57,57,49,75,75,75,75,75,0,0],"gold":92,"neow_bonus":"HUNDRED_GOLD","is_daily":false,"chose_seed":false,"campfire_upgraded":3,"win_rate":0.0,"timestamp":1611969932,"path_taken":["M","M","?","M","?","R","$","?","T","M","R","$","R","?","R","BOSS"],"items_purchased_type":["Relic"],"build_version":"2020-12-22","purchased_purges":0,"victory":false,"max_hp_per_floor":[80,82,82,84,84,84,84,86,86,88,88,88,88,88,88,91,91],"card_choices":[{"not_picked":["Wild Strike","Cleave"],"picked":"REME_Scribble","floor":1.0},{"not_picked":["Whirlwind","Clash","Bloodletting"],"picked":"SKIP","floor":2.0},{"not_picked":["Wild Strike","Pommel Strike","Dark Embrace"],"picked":"SKIP","floor":4},{"not_picked":["jedi:controlledanger","Iron Wave","Anger"],"picked":"SKIP","floor":8},{"not_picked":["True Grit","ReplayTheSpireMod:Limb From Limb"],"picked":"ReplayTheSpireMod:Muscle Training","floor":10}],"player_experience":687778,"relics_obtained":[{"floor":1.0,"key":"LetterFromLob"},{"floor":9,"key":"reliquary:SharkskinSheath"}],"event_choices":[{"damage_healed":0,"gold_gain":0,"cards_transformed":["Strike_R"],"player_choice":"Change","damage_taken":0,"max_hp_gain":0,"max_hp_loss":0,"event_name":"Living Wall","floor":14,"gold_loss":0,"cards_obtained":["Flex"]}],"is_beta":false,"boss_relics":[],"items_purged_floors":[],"is_endless":false,"potions_floor_spawned":[2,8,10],"killed_by":"Hexaghost","ascension_level":0}}