{"host":"fzku1ofsxv8lro8o","time":1611983071,"event":{"mods":["BaseMod","Colored Map","Downfall","Minty Spire (QoL Compilation)","Relic Stats","StSLib","everything is the same but u backflip on backflip"],"gold_per_floor":[99,113,124,124,124,140,140,159,159,188,203,203,203,215,233,329,329,329,348,368,140,155,184,211,211,225,130,130,15,15,25,37,136,136,136,146,146,164,181,211,235,235,252,13,31,1,51,69,87,87],"floor_reached":51,"language":"ENG","playtime":3430,"items_purged":["Slimebound:Tackle","Slimebound:Strike_Slimebound","Slimebound:Defend_Slimebound"],"score":944,"play_id":"823a9b11-1879-4abb-9821-48fa46c3437a","local_time":"20210130080431","is_ascension_mode":true,"campfire_choices":[{"data":"Slimebound:Split","floor":1,"key":"SMITH"},{"data":"Slimebound:SpikyOuterGoop","floor":9,"key":"SMITH"},{"data":"Slimebound:SpikyOuterGoop","floor":13,"key":"SMITH"},{"data":"Slimebound:SlimeSlap","floor":18,"key":"SMITH"},{"data":"Slimebound:SlimeSlap","floor":25,"key":"SMITH"},{"data":"Slimebound:TongueLash","floor":30,"key":"SMITH"},{"data":"Slimebound:GoopSpray","floor":35,"key":"SMITH"},{"data":"Slimebound:ProtectTheBoss","floor":42,"key":"SMITH"}],"circlet_count":0,"master_deck":["Slimebound:Strike_Slimebound","Slimebound:Strike_Slimebound","Slimebound:Defend_Slimebound+1","Slimebound:Defend_Slimebound","Slimebound:Defend_Slimebound","Slimebound:Split+1","Slimebound:CorrosiveSpit+1","Slimebound:GoopSpray+1","Slimebound:SplitBruiser+1","Slimebound:SpikyOuterGoop+1","Slimebound:Prepare","Slimebound:SpikyOuterGoop+1","Slimebound:Recycling","Slimebound:SpikyOuterGoop+1","Slimebound:FormOfPuddle","Slimebound:MegaLick","Slimebound:SlimeSlap+1","CurseOfTheBell","Slimebound:Schlurp+1","Slimebound:LeechingTouch","Slimebound:SlimeSlap+1","Slimebound:OozeBath+1","Slimebound:ProtectTheBoss+1","Slimebound:Repurpose+1","Slimebound:Schlurp+1","Slimebound:Prepare+1","Slimebound:TongueLash+1","Slimebound:Replication+1","Slimebound:Schlurp+1","Slimebound:Schlurp+1","Slimebound:ComboTackle+1","Slimebound:SpikyOuterGoop+1","Slimebound:FormOfPuddle+1","Slimebound:SplitMire+1"],"relics":["Slimebound:AbsorbEndCombat","Turnip","Spirit Poop","The Courier","Nunchaku","Calling Bell","Bag of Preparation","Toxic Egg 2","Gambling Chip","Ice Cream","MealTicket","Busted Crown","Art of War","Smiling Mask","Incense Burner","FossilizedHelix","Guardian:BottledAnomaly","Bird Faced Urn"],"acts_visited":["Exordium","TheCity","TheBeyond"],"potions_floor_usage":[14,23,26,47],"damage_taken":[{"damage":1,"enemies":"Jaw Worm","floor":2,"turns":4},{"damage":0,"enemies":"2 Louse","floor":3,"turns":3},{"damage":0,"enemies":"Cultist","floor":6,"turns":3},{"damage":15,"enemies":"Blue Slaver","floor":8,"turns":2},{"damage":1,"enemies":"Lagavulin","floor":10,"turns":6},{"damage":16,"enemies":"Lots of Slimes","floor":11,"turns":3},{"damage":0,"enemies":"3 Louse","floor":14,"turns":3},{"damage":0,"enemies":"Exordium Wildlife","floor":15,"turns":4},{"damage":12,"enemies":"IC_STATUS_ARCHETYPE","floor":16,"turns":11},{"damage":2,"enemies":"Chosen","floor":19,"turns":5},{"damage":17,"enemies":"Spheric Guardian","floor":20,"turns":5},{"damage":0,"enemies":"downfall:FleeingMerchant","floor":21,"turns":4},{"damage":10,"enemies":"Shelled Parasite and Fungi","floor":22,"turns":6},{"damage":46,"enemies":"Gremlin Leader","floor":23,"turns":6},{"damage":2,"enemies":"3 Cultists","floor":26,"turns":5},{"damage":0,"enemies":"downfall:FleeingMerchant","floor":27,"turns":4},{"damage":20,"enemies":"downfall:FleeingMerchant","floor":29,"turns":4},{"damage":14,"enemies":"Centurion and Healer","floor":31,"turns":5},{"damage":2,"enemies":"Cultist and Chosen","floor":32,"turns":6},{"damage":0,"enemies":"WA_ARCHETYPE_CALM","floor":33,"turns":10},{"damage":1,"enemies":"Orb Walker","floor":36,"turns":4},{"damage":26,"enemies":"3 Darklings","floor":38,"turns":5},{"damage":19,"enemies":"Sphere and 2 Shapes","floor":39,"turns":6},{"damage":0,"enemies":"Giant Head","floor":40,"turns":8},{"damage":0,"enemies":"Spire Growth","floor":43,"turns":3},{"damage":0,"enemies":"downfall:FleeingMerchant","floor":44,"turns":2},{"damage":0,"enemies":"Transient","floor":45,"turns":5},{"damage":0,"enemies":"Transient","floor":47,"turns":4},{"damage":0,"enemies":"Maw","floor":48,"turns":6},{"damage":8,"enemies":"3 Darklings","floor":49,"turns":5},{"damage":27,"enemies":"SI_POISON_ARCHETYPE","floor":50,"turns":10}],"seed_played":"-6739958785978573980","potions_obtained":[{"floor":6,"key":"Slimebound:SlimyTonguePotion"},{"floor":10,"key":"ColorlessPotion"},{"floor":14,"key":"PowerPotion"},{"floor":15,"key":"sneckomod:MuddlingPotion"},{"floor":23,"key":"LiquidMemories"},{"floor":31,"key":"Dexterity Potion"},{"floor":45,"key":"Slimebound:ThreeZeroPotion"},{"floor":47,"key":"EntropicBrew"}],"is_trial":false,"path_per_floor":["R","M","M","?","?","M","T","M","R","E","M","?","R","M","M","B",null,"R","M","M","$","M","E","T","R","M","$","?","$","R","M","M","B",null,"R","M","?","M","M","E","T","R","M","$","M","$","?","M","M","B",null],"character_chosen":"SLIMEBOUND","items_purchased":["Slimebound:OozeBath+1","Slimebound:ProtectTheBoss","Incense Burner","FossilizedHelix","Guardian:BottledAnomaly","Slimebound:FormOfPuddle+1"],"campfire_rested":0,"item_purchase_floors":[21,21,44,44,44,46],"current_hp_per_floor":[47,52,54,54,54,58,58,47,47,54,42,42,42,46,54,50,65,65,65,54,62,60,37,37,37,43,64,64,49,49,43,49,57,65,65,65,65,43,32,40,40,40,46,63,65,65,65,65,65,50],"gold":87,"neow_bonus":"ONE_RARE_RELIC","is_daily":false,"chose_seed":false,"campfire_upgraded":8,"win_rate":0.0,"timestamp":1611983071,"path_taken":["R","M","M","?","?","M","T","M","R","E","?","?","R","M","M","BOSS","R","M","M","$","M","E","T","R","M","?","?","$","R","M","M","BOSS","R","M","?","M","M","E","T","R","?","$","M","$","?","M","M","BOSS"],"items_purchased_type":["Card","Card","Relic","Relic","Relic","Card"],"build_version":"2020-12-22","purchased_purges":3,"victory":true,"max_hp_per_floor":[65,65,65,65,65,65,65,65,65,65,65,65,65,65,65,65,65,65,65,65,65,65,65,65,65,65,65,65,65,65,65,65,65,65,65,65,65,65,65,65,65,65,65,65,65,65,65,65,65,65],"relic_stats":{"Nunchaku":[12],"Busted Crown":20,"counters":[31,153],"Gambling Chip":[68],"Bird Faced Urn":[12],"MealTicket":31,"Turnip":[19],"Bag of Preparation":[44],"Art of War":[12],"Smiling Mask":0,"obtain_stats":[{"Ice Cream":23,"Spirit Poop":5,"The Courier":7,"Bag of Preparation":17,"Incense Burner":44,"Smiling Mask":41,"Calling Bell":17,"Nunchaku":10,"Busted Crown":34,"Gambling Chip":17,"Bird Faced Urn":47,"MealTicket":24,"Turnip":0,"Slimebound:AbsorbEndCombat":0,"Art of War":40,"Toxic Egg 2":17,"Guardian:BottledAnomaly":44,"FossilizedHelix":44},{"Ice Cream":14,"Spirit Poop":2,"The Courier":3,"Bag of Preparation":9,"Incense Burner":26,"Smiling Mask":24,"Calling Bell":9,"Nunchaku":5,"Busted Crown":20,"Gambling Chip":9,"Bird Faced Urn":28,"MealTicket":14,"Turnip":0,"Slimebound:AbsorbEndCombat":0,"Art of War":24,"Toxic Egg 2":9,"Guardian:BottledAnomaly":26,"FossilizedHelix":26},{"Ice Cream":61,"Spirit Poop":6,"The Courier":9,"Bag of Preparation":36,"Incense Burner":123,"Smiling Mask":118,"Calling Bell":36,"Nunchaku":17,"Busted Crown":95,"Gambling Chip":36,"Bird Faced Urn":132,"MealTicket":61,"Turnip":0,"Slimebound:AbsorbEndCombat":0,"Art of War":118,"Toxic Egg 2":36,"Guardian:BottledAnomaly":123,"FossilizedHelix":123}]},"card_choices":[{"not_picked":["Slimebound:SplitMire","Slimebound:SplitLeeching"],"picked":"Slimebound:GoopSpray","floor":2},{"not_picked":["Slimebound:Dissolve","Slimebound:GoopTackle"],"picked":"Slimebound:SplitBruiser","floor":3},{"not_picked":["Slimebound:PressTheAttack","Slimebound:SlimeSpikes"],"picked":"Slimebound:SpikyOuterGoop","floor":6},{"not_picked":["Slimebound:SlimeSpikes","Slimebound:SplitBruiser"],"picked":"Slimebound:Prepare","floor":8},{"not_picked":["Slimebound:TongueLash","Slimebound:DisruptingSlam"],"picked":"Slimebound:SpikyOuterGoop","floor":10},{"not_picked":["Slimebound:SplitAcid","Slimebound:SpikyOuterGoop"],"picked":"Slimebound:Recycling","floor":11},{"not_picked":["Slimebound:SpikyOuterGoop","Slimebound:SplitBruiser"],"picked":"Slimebound:FormOfPuddle","floor":14},{"not_picked":["Slimebound:SplitBruiser","Slimebound:LivingWall"],"picked":"Slimebound:MegaLick","floor":15},{"not_picked":["Slimebound:CheckThePlaybook","Slimebound:TagTeam"],"picked":"Slimebound:SlimeSlap","floor":16},{"not_picked":["Slimebound:GoopSpray+1","Slimebound:Prepare+1"],"picked":"Slimebound:Schlurp+1","floor":19},{"not_picked":["Slimebound:PressTheAttack+1","Slimebound:SplitMire+1"],"picked":"Slimebound:LeechingTouch","floor":20},{"not_picked":["Slimebound:HauntingLick+1","Slimebound:SamplingLick+1"],"picked":"Slimebound:SlimeSlap","floor":21},{"not_picked":["Slimebound:LeechEnergy","Slimebound:ForwardTackle"],"picked":"Slimebound:Repurpose+1","floor":22},{"not_picked":["Slimebound:RejuvenatingLick+1","Slimebound:ComboTackle+1","Slimebound:GoopTackle"],"picked":"SKIP","floor":23},{"not_picked":["Slimebound:Prepare+1","Slimebound:PressTheAttack"],"picked":"Slimebound:Schlurp+1","floor":26},{"not_picked":["Slimebound:SplitLeeching+1","Slimebound:CheckThePlaybook+1"],"picked":"Slimebound:Prepare+1","floor":27},{"not_picked":["Slimebound:SplitAcid+1","Slimebound:Prepare+1"],"picked":"Slimebound:Replication+1","floor":29},{"not_picked":["Slimebound:ItLooksTasty","Slimebound:ForwardTackle+1"],"picked":"Slimebound:Schlurp+1","floor":31},{"not_picked":["Slimebound:Prepare+1","Slimebound:RainOfGoop+1"],"picked":"Slimebound:Schlurp+1","floor":32},{"not_picked":["Slimebound:SlimeTap+1"],"picked":"SKIP","floor":36},{"not_picked":["Slimebound:LeadByExample+1"],"picked":"SKIP","floor":38},{"not_picked":["Slimebound:Prepare+1"],"picked":"SKIP","floor":39},{"not_picked":["Slimebound:SlimeTap+1"],"picked":"SKIP","floor":40},{"not_picked":[],"picked":"Slimebound:ComboTackle+1","floor":43},{"not_picked":[],"picked":"Slimebound:SpikyOuterGoop+1","floor":44},{"not_picked":["Slimebound:SplitSpecialist+1"],"picked":"SKIP","floor":45},{"not_picked":[],"picked":"Slimebound:SplitMire+1","floor":47},{"not_picked":["Slimebound:Schlurp+1"],"picked":"SKIP","floor":48},{"not_picked":["Slimebound:SplitBruiser+1"],"picked":"SKIP","floor":49}],"player_experience":915000,"relics_obtained":[{"floor":7,"key":"The Courier"},{"floor":10,"key":"Nunchaku"},{"floor":17,"key":"Bag of Preparation"},{"floor":17,"key":"Toxic Egg 2"},{"floor":17,"key":"Gambling Chip"},{"floor":23,"key":"Ice Cream"},{"floor":24,"key":"MealTicket"},{"floor":40,"key":"Art of War"},{"floor":41,"key":"Smiling Mask"},{"floor":47,"key":"Bird Faced Urn"}],"event_choices":[{"cards_removed":["downfall:Malfunctioning"],"damage_healed":0,"gold_gain":0,"player_choice":"Offered Curse","damage_taken":0,"relics_obtained":["Spirit Poop"],"max_hp_gain":0,"max_hp_loss":0,"event_name":"Bonfire Elementals","floor":5,"gold_loss":0},{"damage_healed":0,"gold_gain":0,"player_choice":"Read","damage_taken":0,"max_hp_gain":0,"max_hp_loss":0,"event_name":"The Library","floor":28,"gold_loss":0,"cards_obtained":["Slimebound:TongueLash"]}],"is_beta":false,"boss_relics":[{"not_picked":["Sozu","Velvet Choker"],"picked":"Calling Bell"},{"not_picked":["Snecko Eye","Runic Pyramid"],"picked":"Busted Crown"}],"items_purged_floors":[21,27,29],"is_endless":false,"potions_floor_spawned":[6,10,14,15,22,23,31,38,45,47,48,49],"ascension_level":1}}