{"host":"3po7ngt2j61s4rmj","time":1611984628,"event":{"mods":["Act Like it!","BaseMod","Elementarium","JesterMod","Minty Spire (QoL Compilation)","Relic Stats","Shade Mod","StSLib"],"gold_per_floor":[20,20,36,54,229,258,258,258,334,409,409,456,456,483,483,483,483],"floor_reached":16,"language":"ENG","playtime":975,"items_purged":[],"score":143,"play_id":"3971f1e1-6064-4ef0-83ba-be298e02fc76","local_time":"20210129223028","is_ascension_mode":true,"campfire_choices":[{"floor":8,"key":"REST"},{"floor":11,"key":"REST"},{"data":"jesterMod:Patience","floor":13,"key":"SMITH"},{"data":"jesterMod:Tinker","floor":15,"key":"SMITH"}],"circlet_count":0,"master_deck":["jesterMod:Strike","jesterMod:Strike","jesterMod:Strike","jesterMod:Strike","jesterMod:Sickle","jesterMod:Defend","jesterMod:Defend","jesterMod:Defend","jesterMod:Defend","jesterMod:Dodge","jesterMod:Tinker+1","jesterMod:QuickStrike","jesterMod:Unleash","Doubt","jesterMod:Patience+1","jesterMod:Inspiration"],"relics":["jesterMod:JesterCap","CaptainsWheel","CultistMask","Bronze Scales","Kunai","Nunchaku","Happy Flower"],"acts_visited":["Exordium"],"potions_floor_usage":[6],"damage_taken":[{"damage":0,"enemies":"Small Slimes","floor":1,"turns":3},{"damage":0,"enemies":"Cultist","floor":3,"turns":4},{"damage":0,"enemies":"2 Louse","floor":4,"turns":3},{"damage":51,"enemies":"3 Sentries","floor":6,"turns":14},{"damage":28,"enemies":"Lagavulin","floor":14,"turns":9},{"damage":15,"enemies":"Hexaghost","floor":16,"turns":9}],"seed_played":"4802305453539108266","potions_obtained":[{"floor":3,"key":"DistilledChaos"}],"is_trial":false,"path_per_floor":["M","?","M","M","?","E","?","R","T","?","R","T","R","E","R","B"],"character_chosen":"THE_JESTER","items_purchased":[],"campfire_rested":2,"item_purchase_floors":[],"current_hp_per_floor":[63,63,63,63,63,12,12,33,33,22,43,43,43,15,15,0,0],"gold":483,"neow_bonus":"ONE_RARE_RELIC","is_daily":false,"chose_seed":false,"campfire_upgraded":2,"win_rate":0.0,"timestamp":1611984628,"path_taken":["M","?","M","?","?","E","?","R","T","?","R","?","R","E","R","BOSS"],"items_purchased_type":[],"build_version":"2020-12-22","purchased_purges":0,"victory":false,"max_hp_per_floor":[70,70,70,70,70,70,70,70,70,70,70,70,70,70,70,70,70],"relic_stats":{"Nunchaku":[4],"Happy Flower":[3],"counters":[6,42],"Bronze Scales":[60],"Kunai":[9],"obtain_stats":[{"CaptainsWheel":0,"Nunchaku":12,"Happy Flower":14,"Bronze Scales":6,"jesterMod:JesterCap":0,"CultistMask":2,"Kunai":9},{"CaptainsWheel":0,"Nunchaku":4,"Happy Flower":5,"Bronze Scales":4,"jesterMod:JesterCap":0,"CultistMask":1,"Kunai":4},{"CaptainsWheel":0,"Nunchaku":24,"Happy Flower":33,"Bronze Scales":24,"jesterMod:JesterCap":0,"CultistMask":3,"Kunai":24}]},"card_choices":[{"not_picked":["jesterMod:SmokeScreen","jesterMod:JackInTheBox"],"picked":"jesterMod:Tinker","floor":1},{"not_picked":["jesterMod:Feint","jesterMod:DancingMad"],"picked":"jesterMod:QuickStrike","floor":3},{"not_picked":["jesterMod:Anticipation","jesterMod:BouncingKnife"],"picked":"jesterMod:Unleash","floor":4},{"not_picked":["jesterMod:Schizophrenia","jesterMod:Anticipation"],"picked":"jesterMod:Patience","floor":6},{"not_picked":["jesterMod:Arrythmia","jesterMod:RecklessStrike"],"picked":"jesterMod:Inspiration","floor":14}],"player_experience":1121793,"relics_obtained":[{"floor":6,"key":"Bronze Scales"},{"floor":9,"key":"Kunai"},{"floor":12,"key":"Nunchaku"},{"floor":14,"key":"Happy Flower"}],"event_choices":[{"damage_healed":0,"gold_gain":0,"player_choice":"Trade","damage_taken":0,"relics_obtained":["CultistMask"],"max_hp_gain":0,"max_hp_loss":0,"event_name":"FaceTrader","floor":2,"gold_loss":0},{"damage_healed":0,"gold_gain":175,"player_choice":"AGREE","damage_taken":0,"max_hp_gain":0,"max_hp_loss":0,"event_name":"Liars Game","floor":5,"gold_loss":0,"cards_obtained":["Doubt"]},{"damage_healed":0,"gold_gain":0,"player_choice":"Ignored","damage_taken":0,"max_hp_gain":0,"max_hp_loss":0,"event_name":"Shining Light","floor":7,"gold_loss":0},{"damage_healed":0,"gold_gain":75,"player_choice":"Gather Gold","damage_taken":11,"max_hp_gain":0,"max_hp_loss":0,"event_name":"World of Goop","floor":10,"gold_loss":0}],"is_beta":false,"boss_relics":[],"items_purged_floors":[],"is_endless":false,"potions_floor_spawned":[3],"killed_by":"Hexaghost","ascension_level":7}}