{"host":"yx5rao87132cy5xq","time":1611969751,"event":{"mods":["2.2 Compatiblity","AchievementEnabler","BaseMod","Bestiary","Colored Map","Colored Powertips","Minty Spire (QoL Compilation)","Quick Restart","Relic Stats","Slay-I","SuperFastMode"],"gold_per_floor":[116,116,135,135,135,169,180,210,237,271,293,324,336,348,360,451,463,463,463,378,378,378,378,378,378,378,378,378,378,378,51,51,51,51,51,51,51,51,51,51,51,51,51,51,51,1,1,1,1,1],"floor_reached":51,"language":"ENG","playtime":3410,"items_purged":["Strike_R","Strike_R"],"score":1247,"play_id":"59a6e01f-54f2-434b-9f6b-025673314994","local_time":"20210130022231","is_ascension_mode":true,"campfire_choices":[{"data":"Warcry","floor":13.0,"key":"SMITH"},{"data":"Iron Wave","floor":15.0,"key":"SMITH"},{"data":"Whirlwind","floor":24.0,"key":"SMITH"},{"data":"Shockwave","floor":27.0,"key":"SMITH"},{"data":"Armaments","floor":32.0,"key":"SMITH"},{"floor":44.0,"key":"REST"},{"floor":49.0,"key":"REST"}],"circlet_count":0,"master_deck":["AscendersBane","Strike_R","Strike_R","Strike_R","Defend_R","Defend_R","Defend_R","Defend_R","Bash+1","Twin Strike","Anger","Pommel Strike","Iron Wave+1","Inflame","Juggernaut","Warcry+1","Shockwave+1","Corruption","Whirlwind+1","Sentinel","Armaments+1","Dark Embrace","Flame Barrier","Juggernaut","True Grit","Feel No Pain","Battle Trance","Shrug It Off","Burning Pact","Spot Weakness","Warcry+1"],"relics":["Burning Blood","Anchor","Meat on the Bone","Smiling Mask","HornCleat","Pen Nib","MawBank","Ectoplasm","Bronze Scales","Red Mask","Letter Opener","Oddly Smooth Stone","Kunai","Akabeko","Mark of Pain","Ginger","InkBottle","Paper Frog","Darkstone Periapt"],"acts_visited":["Exordium","TheCity","TheBeyond"],"potions_floor_usage":[50,50],"damage_taken":[{"damage":8.0,"enemies":"Small Slimes","floor":1.0,"turns":3.0},{"damage":0.0,"enemies":"Jaw Worm","floor":3.0,"turns":3.0},{"damage":30.0,"enemies":"Lagavulin","floor":6.0,"turns":5.0},{"damage":1.0,"enemies":"Cultist","floor":7.0,"turns":3.0},{"damage":35.0,"enemies":"3 Sentries","floor":8.0,"turns":9.0},{"damage":15.0,"enemies":"Lagavulin","floor":10.0,"turns":5.0},{"damage":3.0,"enemies":"3 Louse","floor":11.0,"turns":4.0},{"damage":10.0,"enemies":"Exordium Thugs","floor":12.0,"turns":5.0},{"damage":38.0,"enemies":"Hexaghost","floor":16.0,"turns":10.0},{"damage":20.0,"enemies":"Chosen","floor":18.0,"turns":5.0},{"damage":2.0,"enemies":"Shell Parasite","floor":19.0,"turns":4.0},{"damage":4.0,"enemies":"Snecko","floor":21.0,"turns":3.0},{"damage":0.0,"enemies":"Masked Bandits","floor":22.0,"turns":2.0},{"damage":37.0,"enemies":"Gremlin Leader","floor":23.0,"turns":7.0},{"damage":4.0,"enemies":"Cultist and Chosen","floor":28.0,"turns":5.0},{"damage":5.0,"enemies":"Sentry and Sphere","floor":29.0,"turns":3.0},{"damage":4.0,"enemies":"Book of Stabbing","floor":30.0,"turns":4.0},{"damage":10.0,"enemies":"Automaton","floor":33.0,"turns":7.0},{"damage":18.0,"enemies":"3 Shapes","floor":35.0,"turns":3.0},{"damage":33.0,"enemies":"2 Orb Walkers","floor":37.0,"turns":4.0},{"damage":0.0,"enemies":"Orb Walker","floor":38.0,"turns":2.0},{"damage":8.0,"enemies":"Writhing Mass","floor":39.0,"turns":2.0},{"damage":31.0,"enemies":"Nemesis","floor":40.0,"turns":7.0},{"damage":0.0,"enemies":"3 Darklings","floor":41.0,"turns":1.0},{"damage":34.0,"enemies":"Reptomancer","floor":42.0,"turns":5.0},{"damage":16.0,"enemies":"4 Shapes","floor":45.0,"turns":3.0},{"damage":6.0,"enemies":"Transient","floor":47.0,"turns":5.0},{"damage":0.0,"enemies":"Sphere and 2 Shapes","floor":48.0,"turns":3.0},{"damage":40,"enemies":"Donu and Deca","floor":50,"turns":6}],"seed_played":"8403194219610667818","potions_obtained":[{"floor":3.0,"key":"Ancient Potion"},{"floor":6.0,"key":"Block Potion"},{"floor":11.0,"key":"DuplicationPotion"},{"floor":29.0,"key":"Dexterity Potion"},{"floor":39.0,"key":"Fire Potion"},{"floor":40.0,"key":"ElixirPotion"},{"floor":47.0,"key":"SteroidPotion"}],"is_trial":false,"path_per_floor":["M","?","M","?","T","E","M","E","T","E","M","M","R","?","R","B",null,"M","M","?","M","?","E","R","?","T","R","M","M","E","$","R","B",null,"M","?","?","M","M","E","M","E","T","R","M","$","M","M","R","B",null],"character_chosen":"IRONCLAD","items_purchased":["Flame Barrier","Akabeko","Block Potion"],"campfire_rested":2,"item_purchase_floors":[31,31,31],"current_hp_per_floor":[66,66,72,72,72,48,53,36,36,39,54,50,50,55,55,35,69,55,59,59,61,67,48,48,48,48,48,50,51,53,53,53,49,72,60,60,45,51,49,36,54,38,38,62,52,52,52,58,80,58],"gold":1,"neow_bonus":"RANDOM_COMMON_RELIC","is_daily":false,"chose_seed":false,"campfire_upgraded":5,"win_rate":0.0,"timestamp":1611969751,"path_taken":["M","?","M","?","?","E","?","E","T","E","M","M","R","?","R","BOSS","M","M","?","M","?","E","R","?","T","R","?","M","E","$","R","BOSS","M","?","?","M","M","E","M","E","T","R","M","?","?","M","R","BOSS"],"items_purchased_type":["Card","Relic","Potion"],"build_version":"2020-12-22","purchased_purges":2,"victory":true,"max_hp_per_floor":[75,75,75,75,75,75,75,75,75,75,75,75,75,80,80,80,80,80,80,80,80,80,80,80,80,80,80,80,80,80,80,80,80,80,80,80,80,80,80,80,80,80,80,80,80,80,80,80,80,80],"relic_stats":{"Darkstone Periapt":0,"counters":[29,128],"Pen Nib":[18],"Letter Opener":[93],"Ginger":[2],"Smiling Mask":75,"MawBank":84,"Burning Blood":174,"Bronze Scales":[169],"Ectoplasm":966,"Kunai":[7],"obtain_stats":[{"Darkstone Periapt":43,"Oddly Smooth Stone":26,"Pen Nib":9,"Letter Opener":23,"Ginger":37,"Smiling Mask":6,"MawBank":10,"Burning Blood":0,"Akabeko":31,"Anchor":0,"HornCleat":8,"Bronze Scales":20,"Ectoplasm":17,"Mark of Pain":34,"Red Mask":22,"Kunai":30,"InkBottle":40,"Meat on the Bone":5,"Paper Frog":42},{"Darkstone Periapt":25,"Oddly Smooth Stone":14,"Pen Nib":5,"Letter Opener":14,"Ginger":20,"Smiling Mask":3,"MawBank":6,"Burning Blood":0,"Akabeko":17,"Anchor":0,"HornCleat":5,"Bronze Scales":11,"Ectoplasm":9,"Mark of Pain":18,"Red Mask":13,"Kunai":17,"InkBottle":23,"Meat on the Bone":2,"Paper Frog":25},{"Darkstone Periapt":111,"Oddly Smooth Stone":68,"Pen Nib":23,"Letter Opener":68,"Ginger":94,"Smiling Mask":11,"MawBank":28,"Burning Blood":0,"Akabeko":80,"Anchor":0,"HornCleat":23,"Bronze Scales":56,"Ectoplasm":47,"Mark of Pain":87,"Red Mask":61,"Kunai":80,"InkBottle":105,"Meat on the Bone":6,"Paper Frog":111}],"InkBottle":[7],"Meat on the Bone":120},"card_choices":[{"not_picked":["Body Slam","Combust"],"picked":"Twin Strike","floor":1.0},{"not_picked":["Clothesline","Searing Blow"],"picked":"Anger","floor":3.0},{"not_picked":["Dark Embrace","Limit Break"],"picked":"Pommel Strike","floor":6.0},{"not_picked":["Sword Boomerang","True Grit"],"picked":"Iron Wave","floor":7.0},{"not_picked":["Clothesline","Warcry"],"picked":"Inflame","floor":8.0},{"not_picked":["Flex","Perfected Strike"],"picked":"Juggernaut","floor":10.0},{"not_picked":["Fire Breathing","Searing Blow"],"picked":"Warcry","floor":11.0},{"not_picked":["Anger","Clothesline"],"picked":"Shockwave","floor":12.0},{"not_picked":["Offering","Immolate"],"picked":"Corruption","floor":16.0},{"not_picked":["Perfected Strike+1","Pommel Strike","Twin Strike"],"picked":"SKIP","floor":18.0},{"not_picked":["Thunderclap","Heavy Blade"],"picked":"Whirlwind","floor":19.0},{"not_picked":["Cleave+1","Rupture"],"picked":"Sentinel","floor":21.0},{"not_picked":["Combust","Seeing Red","Havoc"],"picked":"SKIP","floor":23.0},{"not_picked":["Thunderclap+1","Body Slam","Twin Strike"],"picked":"SKIP","floor":28.0},{"not_picked":["Havoc","Entrench"],"picked":"Armaments","floor":29.0},{"not_picked":["Reaper","Iron Wave+1"],"picked":"Dark Embrace","floor":30.0},{"not_picked":["Impervious","Reaper"],"picked":"Juggernaut","floor":33.0},{"not_picked":["Metallicize","Warcry","Sword Boomerang"],"picked":"SKIP","floor":35.0},{"not_picked":["Reckless Charge","Anger"],"picked":"True Grit","floor":38.0},{"not_picked":["Dual Wield+1","Flex+1"],"picked":"Feel No Pain","floor":39.0},{"not_picked":["Heavy Blade+1","Double Tap"],"picked":"Battle Trance","floor":40.0},{"not_picked":["Warcry","Iron Wave"],"picked":"Shrug It Off","floor":41.0},{"not_picked":["Thunderclap","Body Slam","Dark Embrace"],"picked":"SKIP","floor":42.0},{"not_picked":["Corruption","Pommel Strike"],"picked":"Burning Pact","floor":45.0},{"not_picked":["Sever Soul","Bloodletting"],"picked":"Spot Weakness","floor":47.0},{"not_picked":["Armaments","Body Slam"],"picked":"Warcry+1","floor":48.0}],"player_experience":903168,"relics_obtained":[{"floor":5.0,"key":"Meat on the Bone"},{"floor":6.0,"key":"Smiling Mask"},{"floor":8.0,"key":"HornCleat"},{"floor":9.0,"key":"Pen Nib"},{"floor":10.0,"key":"MawBank"},{"floor":22.0,"key":"Red Mask"},{"floor":23.0,"key":"Letter Opener"},{"floor":26.0,"key":"Oddly Smooth Stone"},{"floor":30.0,"key":"Kunai"},{"floor":37.0,"key":"Ginger"},{"floor":40.0,"key":"InkBottle"},{"floor":42.0,"key":"Paper Frog"},{"floor":43.0,"key":"Darkstone Periapt"}],"event_choices":[{"damage_healed":0.0,"max_hp_gain":0.0,"max_hp_loss":0.0,"gold_gain":0.0,"event_name":"The Cleric","player_choice":"Leave","floor":2.0,"gold_loss":0.0,"damage_taken":0.0},{"damage_healed":0.0,"max_hp_gain":0.0,"max_hp_loss":0.0,"gold_gain":0.0,"event_name":"Living Wall","player_choice":"Grow","floor":4.0,"gold_loss":0.0,"damage_taken":0.0,"cards_upgraded":["Bash"]},{"damage_healed":0.0,"max_hp_gain":5.0,"max_hp_loss":0.0,"gold_gain":0.0,"event_name":"Big Fish","player_choice":"Donut","floor":14.0,"gold_loss":0.0,"damage_taken":0.0},{"damage_healed":0.0,"max_hp_gain":0.0,"max_hp_loss":0.0,"gold_gain":0.0,"event_name":"Addict","player_choice":"Obtained Relic","floor":20.0,"gold_loss":85.0,"damage_taken":0.0,"relics_obtained":["Bronze Scales"]},{"damage_healed":0.0,"max_hp_gain":0.0,"max_hp_loss":0.0,"gold_gain":0.0,"event_name":"Masked Bandits","player_choice":"Fought Bandits","floor":22.0,"gold_loss":0.0,"damage_taken":0.0},{"damage_healed":0.0,"max_hp_gain":0.0,"max_hp_loss":0.0,"gold_gain":99.0,"event_name":"Nest","player_choice":"Stole From Cult","floor":25.0,"gold_loss":0.0,"damage_taken":0.0},{"damage_healed":0.0,"max_hp_gain":0.0,"max_hp_loss":0.0,"gold_gain":222.0,"event_name":"Tomb of Lord Red Mask","player_choice":"Wore Mask","floor":36.0,"gold_loss":0.0,"damage_taken":0.0},{"damage_healed":0.0,"max_hp_gain":0.0,"max_hp_loss":0.0,"gold_gain":0.0,"event_name":"Mysterious Sphere","player_choice":"Fight","floor":37.0,"gold_loss":0.0,"damage_taken":0.0}],"is_beta":false,"boss_relics":[{"not_picked":["Tiny House","Coffee Dripper"],"picked":"Ectoplasm"},{"not_picked":["Runic Pyramid","Runic Cube"],"picked":"Mark of Pain"}],"items_purged_floors":[31,46],"is_endless":false,"potions_floor_spawned":[3,6,7,11,12,19,21,29,39,40,47],"ascension_level":14}}