{"host":"iy54rgx5egu9t31x","time":1611976189,"event":{"mods":["2.2 Compatiblity","Act Like it!","Always Whale","BaseMod","Gensokyo","Marisa（F雨　魔理沙）","Minty Spire (QoL Compilation)","Quick Restart","RumiaBox-露米娅的神秘盒子","StSLib","SuperFastMode","The Bug Knight"],"gold_per_floor":[113,125,25,39,39,39,68,78,78,93,122,2,13,13,13,109,109,322,338,353,59,59,92,92,92],"floor_reached":24,"language":"ZHS","playtime":4948,"items_purged":[],"score":327,"play_id":"fc2046eb-e17c-4635-b0fc-efeceb9d4761","local_time":"20210130110949","is_ascension_mode":true,"campfire_choices":[{"data":"Apotheosis","floor":6,"key":"SMITH"},{"floor":15,"key":"DIG"}],"circlet_count":0,"master_deck":["HollowMod:NailStrikeStart","HollowMod:NailStrikeStart","HollowMod:QuickDashStart","HollowMod:QuickDashStart","HollowMod:QuickDashStart","HollowMod:FocusHealStart","HollowMod:PogoStrike","Apotheosis+1","HollowMod:MonomonsArchive","HollowMod:CycloneSlash","HollowMod:PureVessel","Clumsy","HollowMod:NewJinnsSoul","HollowMod:HuntersJournal","HollowMod:ChannelNail","HollowMod:MantisMark+1","HollowMod:QuirrelsAssistance+1","HollowMod:NewLittleFool","HollowMod:HerrahsAnger+1","HollowMod:SlysStrikes+1","HollowMod:PerfectDash+1","HollowMod:RecoilStrike+1","HollowMod:LifebloodCocoon+1","HollowMod:MothsMistake+1","HollowMod:InfectedCysts","Gensokyo:RustyChest","HollowMod:VengefulSpirit+1","HollowMod:HornetsHelp"],"relics":["HollowMod:VesselMask","Shovel","Shovel","HollowMod:LifeEnderRelic","Gensokyo:NagashiBinaDoll","CaptainsWheel","Pear","Toxic Egg 2","Gensokyo:YoukaiFlower","StoneCalendar","Astrolabe","PlanX","Baka2","Strawberry","Toolbox","Gensokyo:RedStar","Toy Ornithopter","Regal Pillow"],"acts_visited":["Gensokyo:Gensokyo","Gensokyo:Gensokyoer"],"potions_floor_usage":[16,16,16,16,23],"damage_taken":[{"damage":6,"enemies":"Gensokyo:Gryphon","floor":1,"turns":4},{"damage":7,"enemies":"Gensokyo:3_Fairies","floor":2,"turns":13},{"damage":0,"enemies":"Gensokyo:Python","floor":4,"turns":3},{"damage":0,"enemies":"Gensokyo:Cirno","floor":7,"turns":4},{"damage":12,"enemies":"Gensokyo:Gryphon_and_Rabbit","floor":8,"turns":3},{"damage":0,"enemies":"Gensokyo:2_Rabbits","floor":10,"turns":4},{"damage":0,"enemies":"Gensokyo:Mamizou","floor":11,"turns":4},{"damage":10,"enemies":"Gensokyo:Kitsune","floor":13,"turns":4},{"damage":24,"enemies":"Gensokyo:Yukari","floor":16,"turns":6},{"damage":20,"enemies":"Gensokyo:3_Dogs","floor":18,"turns":5},{"damage":3,"enemies":"Gensokyo:Chomper","floor":19,"turns":5},{"damage":4,"enemies":"Gensokyo:Monolith_and_Dog","floor":20,"turns":3},{"damage":28,"enemies":"Gensokyo:Tenshi","floor":23,"turns":6},{"damage":58,"enemies":"Gensokyo:3_Gloops","floor":24,"turns":4}],"seed_played":"4415737294916040640","potions_obtained":[{"floor":2,"key":"Ancient Potion"},{"floor":10,"key":"Block Potion"},{"floor":13,"key":"EntropicBrew"},{"floor":18,"key":"SteroidPotion"}],"is_trial":false,"path_per_floor":["M","M","?","M","?","R","E","M","T","M","E","COS","M","?","R","B",null,"M","M","M","COS","?","E","M"],"character_chosen":"THE_BUGKNIGHT","items_purchased":[],"campfire_rested":0,"item_purchase_floors":[],"current_hp_per_floor":[54,59,59,59,59,59,59,50,60,66,76,76,66,66,66,42,85,65,69,65,65,65,43,0,0],"gold":92,"neow_bonus":"RANDOM_COLORLESS_2","is_daily":false,"chose_seed":false,"campfire_upgraded":1,"win_rate":0.0,"timestamp":1611976189,"path_taken":["M","M","?","M","?","R","E","M","T","M","E","COS","?","?","R","BOSS","M","M","M","COS","?","E","M"],"items_purchased_type":[],"build_version":"2020-12-22","purchased_purges":0,"victory":false,"max_hp_per_floor":[75,75,75,75,75,75,75,75,85,85,85,85,85,85,85,85,85,85,92,92,92,92,92,92,92],"card_choices":[{"not_picked":["Master of Strategy","Secret Technique"],"picked":"Apotheosis","floor":0},{"not_picked":["HollowMod:WraithStrike","HollowMod:DoubleDash"],"picked":"HollowMod:MonomonsArchive","floor":1},{"not_picked":["HollowMod:SharpenedNail","HollowMod:InfectionAssault"],"picked":"HollowMod:CycloneSlash","floor":2},{"not_picked":["HollowMod:ShadowDash","HollowMod:SoulSplash"],"picked":"HollowMod:PureVessel","floor":4},{"not_picked":["HollowMod:ShapeofUnn","HollowMod:SoulVessel"],"picked":"HollowMod:NewJinnsSoul","floor":7},{"not_picked":["HollowMod:NewJinnsSoul","HollowMod:VengefulVoid"],"picked":"HollowMod:HuntersJournal","floor":8},{"not_picked":["HollowMod:BrokenVessel","HollowMod:HuntersJournal"],"picked":"HollowMod:ChannelNail","floor":10},{"not_picked":["HollowMod:LordofShades","HollowMod:CycloneSlash"],"picked":"HollowMod:MantisMark+1","floor":11},{"not_picked":["HollowMod:SoulShaman+1","HollowMod:HeavyBlow+1"],"picked":"HollowMod:QuirrelsAssistance+1","floor":13},{"not_picked":["HollowMod:LifebloodCocoon+1","HollowMod:HowlingWraiths"],"picked":"HollowMod:NewLittleFool","floor":13},{"not_picked":["HollowMod:AwokenDreamNail","HollowMod:HornetsHelp"],"picked":"HollowMod:HerrahsAnger+1","floor":16},{"not_picked":["HollowMod:ChannelNail+1","HollowMod:InfectedAttack"],"picked":"HollowMod:LifebloodCocoon+1","floor":18},{"not_picked":["HollowMod:DescendingDark","HollowMod:HeavyBlow"],"picked":"HollowMod:MothsMistake+1","floor":19},{"not_picked":["HollowMod:SharpenedNail","HollowMod:ChannelNail+1"],"picked":"HollowMod:InfectedCysts","floor":20},{"not_picked":["HollowMod:DescendingDark+1","HollowMod:SoulEater+1"],"picked":"HollowMod:VengefulSpirit+1","floor":23},{"not_picked":["HollowMod:FallenFury","HollowMod:WraithStrike"],"picked":"HollowMod:HornetsHelp","floor":23}],"player_experience":1046672,"relics_obtained":[{"floor":1,"key":"Baka"},{"floor":2,"key":"Shovel"},{"floor":2,"key":"Shovel"},{"floor":7,"key":"CaptainsWheel"},{"floor":9,"key":"Pear"},{"floor":11,"key":"Toxic Egg 2"},{"floor":15,"key":"StoneCalendar"},{"floor":18,"key":"Baka2"},{"floor":19,"key":"Strawberry"},{"floor":23,"key":"Toy Ornithopter"}],"event_choices":[],"is_beta":false,"boss_relics":[{"not_picked":["Tiny House","Velvet Choker"],"picked":"Astrolabe"}],"items_purged_floors":[],"is_endless":false,"potions_floor_spawned":[2,10,13,18,20],"killed_by":"Gensokyo:3_Gloops","ascension_level":2}}