{"host":"BaronFel","time":1611982026,"event":{"mods":["BaseMod","Filter the Spire","Highlight Path","Minty Spire (QoL Compilation)","Relic Stats","ojb\u0027s Info Mod"],"gold_per_floor":[109,125,141,106,47,47,63,98,149,149,149,187,211,242,242,337,337,357,370,411,129,142,181,181,214,214,214,238,277,298,350,350,439,439,463,477,542,557,557,588,588,622,622,622,665,665,712,790,790,790,790,790,790,21,71,71],"floor_reached":57,"language":"ENG","playtime":7863,"items_purged":["Strike_P"],"score":3392,"play_id":"aea8d4d3-913b-4a28-bef4-1c9b6543a095","local_time":"20210129224706","is_ascension_mode":true,"campfire_choices":[{"data":"CrushJoints","floor":6.0,"key":"SMITH"},{"data":"Wallop","floor":11.0,"key":"SMITH"},{"data":"ClearTheMind","floor":15.0,"key":"SMITH"},{"data":"Eruption","floor":24.0,"key":"SMITH"},{"data":"Vault","floor":32.0,"key":"SMITH"},{"data":"TalkToTheHand","floor":44.0,"key":"SMITH"},{"floor":46.0,"key":"RECALL"},{"data":"ThirdEye","floor":49.0,"key":"SMITH"},{"data":"Impatience","floor":53.0,"key":"SMITH"}],"circlet_count":0,"master_deck":["AscendersBane","Strike_P","Strike_P+1","Strike_P+1","Defend_P","Defend_P","Defend_P","Defend_P+1","Eruption+1","Vigilance","CrushJoints+1","ClearTheMind+1","FollowUp+1","BowlingBash+1","Wallop+1","Consecrate+1","DeusExMachina","ThirdEye+1","Vault+1","WaveOfTheHand","FollowUp","Tantrum+1","DevaForm+1","Protect+1","Wireheading+1","LessonLearned+1","ThirdEye+1","Halt+1","TalkToTheHand+1","Weave","Dark Shackles+1","Dark Shackles","Impatience+1","TalkToTheHand+1","Adaptation+1","Purity+1","Halt+1"],"relics":["Runic Pyramid","Gremlin Horn","Golden Idol","Tiny Chest","Meat on the Bone","SlaversCollar","Red Mask","Bag of Preparation","Blood Vial","Pen Nib","White Beast Statue","Kunai","PreservedInsect","Black Star","GoldenEye","Bird Faced Urn","Bottled Lightning","Lantern","Mango","Shovel","Blue Candle","Bottled Flame","CeramicFish","InkBottle","Toxic Egg 2","CaptainsWheel","Calipers","Bronze Scales","Whetstone"],"acts_visited":["Exordium","TheCity","TheBeyond","TheEnding"],"potions_floor_usage":[56],"damage_taken":[{"damage":9.0,"enemies":"2 Louse","floor":1.0,"turns":3.0},{"damage":5.0,"enemies":"Small Slimes","floor":2.0,"turns":4.0},{"damage":0.0,"enemies":"Cultist","floor":3.0,"turns":3.0},{"damage":6.0,"enemies":"Looter","floor":7.0,"turns":2.0},{"damage":0.0,"enemies":"Lagavulin","floor":8.0,"turns":4.0},{"damage":7.0,"enemies":"3 Sentries","floor":12.0,"turns":4.0},{"damage":0.0,"enemies":"3 Louse","floor":13.0,"turns":1.0},{"damage":0.0,"enemies":"Lagavulin","floor":14.0,"turns":4.0},{"damage":0.0,"enemies":"Slime Boss","floor":16.0,"turns":4.0},{"damage":9.0,"enemies":"Shell Parasite","floor":18.0,"turns":5.0},{"damage":1.0,"enemies":"3 Byrds","floor":19.0,"turns":5.0},{"damage":10.0,"enemies":"Masked Bandits","floor":20.0,"turns":4.0},{"damage":0.0,"enemies":"Shelled Parasite and Fungi","floor":22.0,"turns":2.0},{"damage":7.0,"enemies":"Book of Stabbing","floor":23.0,"turns":3.0},{"damage":24.0,"enemies":"Slavers","floor":25.0,"turns":6.0},{"damage":12.0,"enemies":"Centurion and Healer","floor":28.0,"turns":4.0},{"damage":6.0,"enemies":"Book of Stabbing","floor":29.0,"turns":4.0},{"damage":0.0,"enemies":"Cultist and Chosen","floor":30.0,"turns":3.0},{"damage":5.0,"enemies":"Automaton","floor":33.0,"turns":7.0},{"damage":3.0,"enemies":"3 Darklings","floor":35.0,"turns":5.0},{"damage":9.0,"enemies":"Orb Walker","floor":36.0,"turns":3.0},{"damage":4.0,"enemies":"2 Orb Walkers","floor":37.0,"turns":3.0},{"damage":2.0,"enemies":"Jaw Worm Horde","floor":38.0,"turns":4.0},{"damage":0.0,"enemies":"Reptomancer","floor":40.0,"turns":3.0},{"damage":0.0,"enemies":"Giant Head","floor":42.0,"turns":6.0},{"damage":0.0,"enemies":"Nemesis","floor":45.0,"turns":7.0},{"damage":0.0,"enemies":"Giant Head","floor":47.0,"turns":6.0},{"damage":0.0,"enemies":"Awakened One","floor":50.0,"turns":9.0},{"damage":18.0,"enemies":"Donu and Deca","floor":51.0,"turns":9.0},{"damage":47,"enemies":"Shield and Spear","floor":55,"turns":10},{"damage":42,"enemies":"The Heart","floor":56,"turns":9}],"seed_played":"-3346378563946445285","potions_obtained":[{"floor":2.0,"key":"Explosive Potion"},{"floor":7.0,"key":"SpeedPotion"},{"floor":8.0,"key":"Swift Potion"},{"floor":13.0,"key":"BlessingOfTheForge"},{"floor":19.0,"key":"Regen Potion"},{"floor":20.0,"key":"Strength Potion"},{"floor":25.0,"key":"SteroidPotion"},{"floor":28.0,"key":"SneckoOil"},{"floor":29.0,"key":"Weak Potion"},{"floor":30.0,"key":"Explosive Potion"},{"floor":33.0,"key":"SteroidPotion"},{"floor":35.0,"key":"FearPotion"},{"floor":36.0,"key":"SteroidPotion"},{"floor":37.0,"key":"SkillPotion"},{"floor":38.0,"key":"BottledMiracle"},{"floor":40.0,"key":"EssenceOfSteel"},{"floor":42.0,"key":"Strength Potion"},{"floor":45.0,"key":"Energy Potion"},{"floor":55,"key":"Swift Potion"}],"is_trial":false,"path_per_floor":["M","M","M","?","$","R","M","E","T","?","R","E","M","E","R","B",null,"M","M","?","$","M","E","R","E","T","?","M","E","M","T","R","B",null,"M","M","?","M","?","E","?","E","T","R","E","R","E","T","R","B","B",null,"R","$","E","B",null],"character_chosen":"WATCHER","items_purchased":["BowlingBash","Bag of Preparation","Tantrum","CaptainsWheel","Calipers","Purity+1"],"campfire_rested":0,"item_purchase_floors":[5,21,21,54,54,54],"current_hp_per_floor":[52,47,47,64,64,64,58,58,58,58,58,51,51,51,51,51,59,50,49,39,39,39,32,32,37,37,37,39,35,37,37,37,34,55,54,47,45,45,45,47,37,53,53,53,57,57,61,61,61,69,59,70,70,70,42,20],"gold":71,"neow_bonus":"BOSS_RELIC","is_daily":false,"chose_seed":false,"campfire_upgraded":8,"win_rate":0.0,"timestamp":1611982026,"path_taken":["M","M","M","?","$","R","M","E","T","?","R","E","M","E","R","BOSS","M","M","?","$","M","E","R","E","T","?","M","E","?","?","R","BOSS","M","M","?","M","?","E","?","E","T","R","E","R","E","?","R","BOSS","BOSS","R","$","E","BOSS"],"items_purchased_type":["Card","Relic","Card","Relic","Relic","Card"],"build_version":"2020-12-18","purchased_purges":1,"victory":true,"max_hp_per_floor":[68,68,68,68,68,68,68,68,68,62,62,62,62,62,62,62,62,62,62,62,62,62,62,62,62,62,62,62,62,62,62,62,62,62,62,62,62,62,59,59,59,73,73,73,73,73,73,73,73,73,73,73,73,73,73,73],"relic_stats":{"Gremlin Horn":[32,32],"counters":[31,146],"Golden Idol":226,"Blue Candle":[0],"CeramicFish":27,"Pen Nib":[27],"PreservedInsect":448,"Bag of Preparation":[39],"Whetstone":["LessonLearned","BowlingBash"],"GoldenEye":[71],"Blood Vial":34,"Shovel":0,"Bird Faced Urn":[27],"Bronze Scales":[112],"Tiny Chest":2,"Black Star":5,"Kunai":[60],"obtain_stats":[{"Lantern":42,"Calipers":54,"Gremlin Horn":8,"CeramicFish":47,"Mango":42,"Bag of Preparation":21,"Whetstone":55,"Blood Vial":23,"Shovel":43,"Tiny Chest":12,"Red Mask":20,"Kunai":29,"Toxic Egg 2":48,"InkBottle":47,"Runic Pyramid":0,"Golden Idol":10,"Blue Candle":45,"Pen Nib":25,"PreservedInsect":31,"GoldenEye":37,"White Beast Statue":26,"SlaversCollar":17,"Bottled Flame":45,"CaptainsWheel":54,"Bird Faced Urn":40,"Bronze Scales":55,"Black Star":34,"Bottled Lightning":40,"PureWater":0,"Meat on the Bone":14},{"Lantern":25,"Calipers":29,"Gremlin Horn":5,"CeramicFish":27,"Mango":25,"Bag of Preparation":12,"Whetstone":30,"Blood Vial":14,"Shovel":25,"Tiny Chest":6,"Red Mask":12,"Kunai":17,"Toxic Egg 2":27,"InkBottle":27,"Runic Pyramid":0,"Golden Idol":5,"Blue Candle":26,"Pen Nib":15,"PreservedInsect":18,"GoldenEye":22,"White Beast Statue":15,"SlaversCollar":9,"Bottled Flame":26,"CaptainsWheel":29,"Bird Faced Urn":24,"Bronze Scales":30,"Black Star":19,"Bottled Lightning":24,"PureWater":0,"Meat on the Bone":8},{"Lantern":96,"Calipers":127,"Gremlin Horn":16,"CeramicFish":109,"Mango":96,"Bag of Preparation":43,"Whetstone":137,"Blood Vial":48,"Shovel":96,"Tiny Chest":20,"Red Mask":43,"Kunai":62,"Toxic Egg 2":109,"InkBottle":109,"Runic Pyramid":0,"Golden Idol":16,"Blue Candle":103,"Pen Nib":54,"PreservedInsect":65,"GoldenEye":83,"White Beast Statue":54,"SlaversCollar":29,"Bottled Flame":103,"CaptainsWheel":127,"Bird Faced Urn":90,"Bronze Scales":137,"Black Star":72,"Bottled Lightning":90,"PureWater":0,"Meat on the Bone":25}],"InkBottle":[22],"Meat on the Bone":48},"card_choices":[{"not_picked":["CutThroughFate","EmptyFist"],"picked":"CrushJoints","floor":1.0},{"not_picked":["EmptyBody","Halt"],"picked":"ClearTheMind","floor":2.0},{"not_picked":["Indignation","FlyingSleeves"],"picked":"FollowUp","floor":3.0},{"not_picked":["FollowUp","FlurryOfBlows"],"picked":"Wallop","floor":7.0},{"not_picked":["FlyingSleeves","Perseverance","Pray"],"picked":"SKIP","floor":8.0},{"not_picked":["MentalFortress","ReachHeaven"],"picked":"Consecrate","floor":12.0},{"not_picked":["Adaptation","Indignation"],"picked":"DeusExMachina","floor":13.0},{"not_picked":["Crescendo","SashWhip"],"picked":"ThirdEye","floor":14.0},{"not_picked":["Judgement","Brilliance"],"picked":"Vault","floor":16.0},{"not_picked":["Prostrate","BowlingBash","Halt"],"picked":"SKIP","floor":18.0},{"not_picked":["Sanctity","CrushJoints+1"],"picked":"WaveOfTheHand","floor":19.0},{"not_picked":["WheelKick","Crescendo"],"picked":"FollowUp","floor":20.0},{"not_picked":["SignatureMove","Nirvana"],"picked":"DevaForm","floor":22.0},{"not_picked":["SashWhip","Prostrate+1"],"picked":"Protect+1","floor":23.0},{"not_picked":["LikeWater","CrushJoints","Protect"],"picked":"SKIP","floor":25.0},{"not_picked":["Indignation","CutThroughFate","Worship"],"picked":"SKIP","floor":28.0},{"not_picked":["CutThroughFate","Crescendo","Ragnarok"],"picked":"SKIP","floor":29.0},{"not_picked":["Conclude","ThirdEye"],"picked":"Wireheading+1","floor":30.0},{"not_picked":["Scrawl","Vault"],"picked":"LessonLearned","floor":33.0},{"not_picked":["SandsOfTime","JustLucky"],"picked":"ThirdEye","floor":35.0},{"not_picked":["Perseverance+1","Wireheading+1"],"picked":"Halt","floor":36.0},{"not_picked":["Swivel","ThirdEye"],"picked":"TalkToTheHand+1","floor":37.0},{"not_picked":["Swivel","Worship"],"picked":"Weave","floor":38.0},{"not_picked":["Alpha","Establishment","FollowUp"],"picked":"SKIP","floor":40.0},{"not_picked":["Good Instincts","Mind Blast"],"picked":"Dark Shackles","floor":41.0},{"not_picked":["Secret Technique","Mind Blast"],"picked":"Dark Shackles","floor":41.0},{"not_picked":["Magnetism","Good Instincts"],"picked":"Impatience","floor":41.0},{"not_picked":["FlurryOfBlows","FlyingSleeves"],"picked":"TalkToTheHand","floor":42.0},{"not_picked":["Evaluate","BowlingBash","ThirdEye"],"picked":"SKIP","floor":45.0},{"not_picked":["FlurryOfBlows","Vengeance"],"picked":"Adaptation","floor":47.0},{"not_picked":["Consecrate","Weave+1"],"picked":"Halt+1","floor":55}],"player_experience":1089978,"relics_obtained":[{"floor":8.0,"key":"Gremlin Horn"},{"floor":12.0,"key":"Tiny Chest"},{"floor":14.0,"key":"Meat on the Bone"},{"floor":20.0,"key":"Red Mask"},{"floor":23.0,"key":"Blood Vial"},{"floor":25.0,"key":"Pen Nib"},{"floor":26.0,"key":"White Beast Statue"},{"floor":29.0,"key":"Kunai"},{"floor":31.0,"key":"PreservedInsect"},{"floor":37.0,"key":"GoldenEye"},{"floor":40.0,"key":"Bird Faced Urn"},{"floor":40.0,"key":"Bottled Lightning"},{"floor":42.0,"key":"Lantern"},{"floor":42.0,"key":"Mango"},{"floor":43.0,"key":"Shovel"},{"floor":45.0,"key":"Blue Candle"},{"floor":45.0,"key":"Bottled Flame"},{"floor":47.0,"key":"CeramicFish"},{"floor":47.0,"key":"InkBottle"},{"floor":48.0,"key":"Toxic Egg 2"},{"floor":55,"key":"Bronze Scales"},{"floor":55,"key":"Whetstone"}],"event_choices":[{"damage_healed":17.0,"max_hp_gain":0.0,"max_hp_loss":0.0,"gold_gain":0.0,"event_name":"The Cleric","player_choice":"Healed","floor":4.0,"gold_loss":35.0,"damage_taken":0.0},{"damage_healed":0.0,"max_hp_gain":0.0,"max_hp_loss":6.0,"gold_gain":0.0,"event_name":"Golden Idol","player_choice":"Lose Max HP","floor":10.0,"gold_loss":0.0,"damage_taken":0.0,"relics_obtained":["Golden Idol"]},{"damage_healed":0.0,"max_hp_gain":0.0,"max_hp_loss":0.0,"gold_gain":0.0,"event_name":"Masked Bandits","player_choice":"Fought Bandits","floor":20.0,"gold_loss":0.0,"damage_taken":0.0},{"damage_healed":0.0,"max_hp_gain":0.0,"max_hp_loss":0.0,"gold_gain":0.0,"event_name":"Match and Keep!","player_choice":"0 cards matched","floor":27.0,"gold_loss":0.0,"damage_taken":0.0,"cards_obtained":[]},{"damage_healed":0.0,"max_hp_gain":0.0,"max_hp_loss":0.0,"gold_gain":0.0,"event_name":"Mysterious Sphere","player_choice":"Fight","floor":37.0,"gold_loss":0.0,"damage_taken":0.0},{"damage_healed":0.0,"max_hp_gain":0.0,"max_hp_loss":3.0,"gold_gain":0.0,"event_name":"Winding Halls","player_choice":"Max HP","floor":39.0,"gold_loss":0.0,"damage_taken":0.0},{"damage_healed":0.0,"max_hp_gain":0.0,"max_hp_loss":0.0,"gold_gain":0.0,"event_name":"SensoryStone","player_choice":"Memory 3","floor":41.0,"gold_loss":0.0,"damage_taken":10.0}],"is_beta":true,"boss_relics":[{"not_picked":["Snecko Eye","Calling Bell"],"picked":"SlaversCollar"},{"not_picked":["Empty Cage","SacredBark"],"picked":"Black Star"}],"items_purged_floors":[21],"is_endless":false,"potions_floor_spawned":[2,7,8,13,19,20,25,28,29,30,33,35,36,37,38,40,42,45,47,55],"ascension_level":20}}