{"host":"49pjgf1q9ev52n8z","time":1611980474,"event":{"mods":["BaseMod","Bestiary","Colored Map","Minty Spire (QoL Compilation)","Relic Stats","StSLib"],"gold_per_floor":[111,122,141,160,173,204,204,223,223,114,146,146,157,177,177,249,249,261,279,279,294,29,29,61,61,84,95,95,95],"floor_reached":28,"language":"ENG","playtime":2602,"items_purged":["Pain"],"score":483,"play_id":"3a4674a6-7a9b-4bb6-a621-3cbd315d8c13","local_time":"20210129202114","is_ascension_mode":true,"campfire_choices":[{"floor":7,"key":"REST"},{"floor":12,"key":"REST"},{"data":"Predator","floor":15,"key":"SMITH"},{"floor":23,"key":"REST"},{"floor":25,"key":"REST"}],"circlet_count":0,"master_deck":["AscendersBane","Strike_G","Strike_G","Strike_G","Strike_G","Strike_G","Defend_G","Defend_G","Defend_G","Defend_G","Defend_G","Survivor","Neutralize","Slice","Backstab","Quick Slash","Predator+1","Flying Knee","Footwork","Footwork","Dagger Spray","Deadly Poison","Deadly Poison+1","Bouncing Flask+1","Backflip+1","Burst+1","Well Laid Plans+1","Underhanded Strike","Acrobatics+1","Dodge and Roll+1"],"relics":["Ring of the Snake","CaptainsWheel","The Courier","Toxic Egg 2","SlaversCollar","WarpedTongs","Bag of Preparation","MealTicket","Bag of Marbles"],"acts_visited":["Exordium","TheCity"],"potions_floor_usage":[8,11,11,14,19,24,24],"damage_taken":[{"damage":0,"enemies":"2 Louse","floor":1,"turns":3},{"damage":0,"enemies":"Cultist","floor":2,"turns":4},{"damage":0,"enemies":"Small Slimes","floor":3,"turns":3},{"damage":0,"enemies":"Exordium Wildlife","floor":4,"turns":3},{"damage":6,"enemies":"Blue Slaver","floor":5,"turns":3},{"damage":17,"enemies":"3 Sentries","floor":6,"turns":6},{"damage":0,"enemies":"Looter","floor":8,"turns":2},{"damage":23,"enemies":"Lagavulin","floor":11,"turns":7},{"damage":0,"enemies":"3 Louse","floor":13,"turns":2},{"damage":8,"enemies":"Exordium Thugs","floor":14,"turns":4},{"damage":26,"enemies":"Slime Boss","floor":16,"turns":11},{"damage":29,"enemies":"3 Byrds","floor":18,"turns":6},{"damage":6,"enemies":"Spheric Guardian","floor":19,"turns":4},{"damage":5,"enemies":"Centurion and Healer","floor":21,"turns":7},{"damage":30,"enemies":"Slavers","floor":24,"turns":6},{"damage":22,"enemies":"Shelled Parasite and Fungi","floor":27,"turns":9},{"damage":39,"enemies":"Chosen and Byrds","floor":28,"turns":6}],"seed_played":"-270715745806370103","potions_obtained":[{"floor":3,"key":"Block Potion"},{"floor":6,"key":"EssenceOfSteel"},{"floor":11,"key":"DuplicationPotion"},{"floor":14,"key":"SmokeBomb"},{"floor":16,"key":"Dexterity Potion"},{"floor":18,"key":"PowerPotion"},{"floor":19,"key":"DuplicationPotion"}],"is_trial":false,"path_per_floor":["M","M","M","M","M","E","R","M","T","$","E","R","M","M","R","B",null,"M","M","?","M","$","R","E","R","T","M","M"],"character_chosen":"THE_SILENT","items_purchased":["Dagger Spray","Energy Potion","Deadly Poison","Regen Potion","Bag of Preparation"],"campfire_rested":4,"item_purchase_floors":[10,10,10,22,22],"current_hp_per_floor":[56,56,56,56,50,33,56,56,56,56,33,56,56,48,48,22,64,35,29,29,24,24,47,32,55,55,33,0,0],"gold":95,"neow_bonus":"TWENTY_PERCENT_HP_BONUS","is_daily":false,"chose_seed":false,"campfire_upgraded":1,"win_rate":0.0,"timestamp":1611980474,"path_taken":["M","M","M","M","M","E","R","M","T","$","E","R","M","M","R","BOSS","M","M","?","?","$","R","E","R","T","M","M"],"items_purchased_type":["Card","Potion","Card","Potion","Relic"],"build_version":"2020-12-22","purchased_purges":1,"victory":false,"max_hp_per_floor":[78,78,78,78,78,78,78,78,78,78,78,78,78,78,78,78,78,78,78,78,78,78,78,78,78,78,78,78,78],"relic_stats":{"counters":[17,86],"MealTicket":0,"Bag of Preparation":[6],"obtain_stats":[{"SlaversCollar":17,"CaptainsWheel":6,"MealTicket":24,"The Courier":9,"Bag of Preparation":22,"Bag of Marbles":26,"Toxic Egg 2":11,"Ring of the Snake":0,"WarpedTongs":20},{"SlaversCollar":11,"CaptainsWheel":6,"MealTicket":15,"The Courier":7,"Bag of Preparation":14,"Bag of Marbles":15,"Toxic Egg 2":8,"Ring of the Snake":0,"WarpedTongs":13},{"SlaversCollar":48,"CaptainsWheel":22,"MealTicket":71,"The Courier":24,"Bag of Preparation":65,"Bag of Marbles":71,"Toxic Egg 2":31,"Ring of the Snake":0,"WarpedTongs":58}],"Ring of the Snake":[34],"WarpedTongs":[28]},"card_choices":[{"not_picked":["Outmaneuver","Dagger Spray"],"picked":"Slice","floor":1},{"not_picked":["Outmaneuver","Blade Dance"],"picked":"Backstab","floor":2},{"not_picked":["Blade Dance","Bane"],"picked":"Quick Slash","floor":3},{"not_picked":["Quick Slash","Bouncing Flask"],"picked":"Predator","floor":4},{"not_picked":["Bane","Storm of Steel"],"picked":"Flying Knee","floor":5},{"not_picked":["Backstab","Sucker Punch"],"picked":"Footwork","floor":6},{"not_picked":["Quick Slash","Bane"],"picked":"Footwork","floor":8},{"not_picked":["Expertise+1","Caltrops"],"picked":"Deadly Poison+1","floor":11},{"not_picked":["Accuracy","Prepared+1"],"picked":"Bouncing Flask+1","floor":13},{"not_picked":["Dagger Spray","Deadly Poison+1"],"picked":"Backflip+1","floor":14},{"not_picked":["A Thousand Cuts","Malaise+1"],"picked":"Burst+1","floor":16},{"not_picked":["Accuracy","Dagger Throw"],"picked":"Well Laid Plans+1","floor":18},{"not_picked":["Heel Hook","Slice"],"picked":"Underhanded Strike","floor":19},{"not_picked":["Dash","Quick Slash"],"picked":"Acrobatics+1","floor":21},{"not_picked":["Choke","Flying Knee","Predator"],"picked":"SKIP","floor":24},{"not_picked":["Quick Slash","Flying Knee"],"picked":"Dodge and Roll+1","floor":27}],"player_experience":632591,"relics_obtained":[{"floor":6,"key":"CaptainsWheel"},{"floor":9,"key":"The Courier"},{"floor":11,"key":"Toxic Egg 2"},{"floor":24,"key":"MealTicket"},{"floor":26,"key":"Bag of Marbles"}],"event_choices":[{"damage_healed":0,"gold_gain":0,"player_choice":"Rummage","damage_taken":0,"relics_obtained":["WarpedTongs"],"max_hp_gain":0,"max_hp_loss":0,"event_name":"Accursed Blacksmith","floor":20,"gold_loss":0,"cards_obtained":["Pain"]}],"is_beta":false,"boss_relics":[{"not_picked":["Calling Bell","Black Star"],"picked":"SlaversCollar"}],"items_purged_floors":[22],"is_endless":false,"potions_floor_spawned":[3,6,11,14,16,18,19,21],"killed_by":"Chosen and Byrds","ascension_level":18}}