{"host":"bxd97rc2ofc6op20","time":1611992404,"event":{"mods":["BaseMod","Colored Map","Colored Powertips","Googly Eyes","Highlight Path","Minty Spire (QoL Compilation)","Quick Restart","Rare Cards Sparkle"],"gold_per_floor":[216,22,42,58,75,102,102,129,156,175,175,30,62,76,76,181,181,195,7,38,38,51,83,83,118,167,195,213,213,213],"floor_reached":29,"language":"ENG","playtime":3232,"items_purged":["Defend_P","Defend_P"],"score":348,"play_id":"cae72145-df9f-4d12-8573-6e471aabe859","local_time":"20210129234004","is_ascension_mode":true,"campfire_choices":[{"data":"Eruption","floor":7,"key":"SMITH"},{"floor":11,"key":"REST"},{"data":"ThirdEye","floor":15,"key":"SMITH"},{"floor":24,"key":"REST"}],"circlet_count":0,"master_deck":["Strike_P","Strike_P","Strike_P","Strike_P","Defend_P","Defend_P","Eruption+1","Vigilance+1","ThirdEye+1","TalkToTheHand","CrushJoints","FearNoEvil","EmptyMind+1","Prostrate","FollowUp","Brilliance","JustLucky","ReachHeaven","MasterReality","Sanctity+1","Adaptation","ThirdEye","Wireheading","LikeWater","CutThroughFate","Study+1","WaveOfTheHand"],"relics":["PureWater","Regal Pillow","Omamori","Lantern","Strange Spoon","Vajra","Runic Pyramid","Red Mask","Torii","Boot","War Paint","Bottled Flame"],"acts_visited":["Exordium","TheCity"],"potions_floor_usage":[6,16,18,23,23,27],"damage_taken":[{"damage":1,"enemies":"Cultist","floor":1,"turns":3},{"damage":0,"enemies":"2 Louse","floor":3,"turns":2},{"damage":0,"enemies":"Jaw Worm","floor":4,"turns":2},{"damage":9,"enemies":"3 Louse","floor":5,"turns":4},{"damage":16,"enemies":"Gremlin Nob","floor":6,"turns":3},{"damage":13,"enemies":"Lagavulin","floor":8,"turns":8},{"damage":2,"enemies":"Looter","floor":10,"turns":3},{"damage":28,"enemies":"3 Sentries","floor":13,"turns":9},{"damage":0,"enemies":"2 Fungi Beasts","floor":14,"turns":3},{"damage":29,"enemies":"Hexaghost","floor":16,"turns":5},{"damage":16,"enemies":"2 Thieves","floor":18,"turns":2},{"damage":19,"enemies":"Masked Bandits","floor":20,"turns":5},{"damage":0,"enemies":"3 Byrds","floor":22,"turns":4},{"damage":26,"enemies":"Gremlin Leader","floor":23,"turns":4},{"damage":24,"enemies":"Book of Stabbing","floor":25,"turns":5},{"damage":27,"enemies":"Slavers","floor":27,"turns":7},{"damage":2,"enemies":"Snake Plant","floor":28,"turns":3},{"damage":57,"enemies":"3 Cultists","floor":29,"turns":4}],"seed_played":"3176354065987898536","potions_obtained":[{"floor":3,"key":"PowerPotion"},{"floor":5,"key":"DistilledChaos"},{"floor":10,"key":"SteroidPotion"},{"floor":16,"key":"EssenceOfSteel"},{"floor":22,"key":"ColorlessPotion"},{"floor":25,"key":"Regen Potion"}],"is_trial":false,"path_per_floor":["M","$","M","M","M","E","R","E","T","M","R","$","E","M","R","B",null,"M","$","?","?","M","E","R","E","T","E","M","M"],"character_chosen":"WATCHER","items_purchased":["TalkToTheHand","BlessingOfTheForge","Strange Spoon","Adaptation","ThirdEye"],"campfire_rested":2,"item_purchase_floors":[2,2,12,19,19],"current_hp_per_floor":[71,71,71,71,62,46,46,33,33,31,67,67,39,39,39,10,72,56,56,37,61,61,35,71,47,47,35,33,0,0],"gold":213,"neow_bonus":"HUNDRED_GOLD","is_daily":false,"chose_seed":false,"campfire_upgraded":2,"win_rate":0.0,"timestamp":1611992404,"path_taken":["M","$","M","M","M","E","R","E","T","M","R","$","E","M","R","BOSS","M","$","?","?","M","E","R","E","T","E","?","M"],"items_purchased_type":["Card","Potion","Relic","Card","Card"],"build_version":"2020-12-22","purchased_purges":2,"victory":false,"max_hp_per_floor":[72,72,72,72,72,72,72,72,72,72,72,72,72,72,72,72,72,72,72,72,72,72,72,72,72,72,72,72,72,72],"card_choices":[{"not_picked":["CrushJoints","Evaluate"],"picked":"ThirdEye","floor":1},{"not_picked":["Consecrate","EmptyBody"],"picked":"CrushJoints","floor":3},{"not_picked":["SashWhip","Consecrate"],"picked":"FearNoEvil","floor":4},{"not_picked":["FlyingSleeves","CrushJoints"],"picked":"EmptyMind","floor":5},{"not_picked":["Crescendo","FlurryOfBlows"],"picked":"Prostrate","floor":6},{"not_picked":["BowlingBash","CrushJoints"],"picked":"FollowUp","floor":8},{"not_picked":["SashWhip","EmptyFist"],"picked":"Brilliance","floor":10},{"not_picked":["ForeignInfluence","ThirdEye"],"picked":"JustLucky","floor":13},{"not_picked":["LikeWater","SashWhip"],"picked":"ReachHeaven","floor":14},{"not_picked":["Establishment","Wish"],"picked":"MasterReality","floor":16},{"not_picked":["LikeWater","Adaptation"],"picked":"Sanctity+1","floor":18},{"not_picked":["EmptyBody","EmptyFist+1"],"picked":"Wireheading","floor":20},{"not_picked":["JustLucky","FollowUp","ThirdEye+1"],"picked":"SKIP","floor":22},{"not_picked":["CutThroughFate","Conclude"],"picked":"LikeWater","floor":23},{"not_picked":["Alpha","Collect"],"picked":"CutThroughFate","floor":25},{"not_picked":["Indignation","FollowUp"],"picked":"Study+1","floor":27},{"not_picked":["SashWhip","Consecrate"],"picked":"WaveOfTheHand","floor":28}],"player_experience":412119,"relics_obtained":[{"floor":6,"key":"Regal Pillow"},{"floor":8,"key":"Omamori"},{"floor":9,"key":"Lantern"},{"floor":13,"key":"Vajra"},{"floor":20,"key":"Red Mask"},{"floor":23,"key":"Torii"},{"floor":25,"key":"Boot"},{"floor":26,"key":"War Paint"},{"floor":27,"key":"Bottled Flame"}],"event_choices":[{"damage_healed":0,"gold_gain":0,"player_choice":"Fought Bandits","damage_taken":0,"max_hp_gain":0,"max_hp_loss":0,"event_name":"Masked Bandits","floor":20,"gold_loss":0},{"damage_healed":24,"gold_gain":0,"player_choice":"Heal","damage_taken":0,"max_hp_gain":0,"max_hp_loss":0,"event_name":"The Library","floor":21,"gold_loss":0}],"is_beta":false,"boss_relics":[{"not_picked":["Sozu","Astrolabe"],"picked":"Runic Pyramid"}],"items_purged_floors":[2,19],"is_endless":false,"potions_floor_spawned":[3,5,10,16,22,25],"killed_by":"3 Cultists","ascension_level":3}}