{"host":"uv5ws9rdk87e8i5k","time":1611984574,"event":{"mods":["AchievementEnabler","BaseMod","Colored Map","Minty Spire (QoL Compilation)","Permanent Neow","Quick Restart","StSLib","SuperFastMode","The Necromancer"],"gold_per_floor":[117,130,62,76,92,126,139,139,139,150,185,203,0,29,29,102,102,114,314,325,215,227,261,261,261],"floor_reached":24,"language":"ENG","playtime":776,"items_purged":[],"score":464,"play_id":"ad9c046a-e6cd-429d-b50d-3977408eb14b","local_time":"20210129232934","is_ascension_mode":true,"campfire_choices":[{"data":"Bone_Armory","floor":8.0,"key":"SMITH"},{"data":"Bone_Armory","floor":15,"key":"SMITH"}],"circlet_count":0,"master_deck":["AscendersBane","Strike_W+1","Strike_W","Strike_W","Defend_W","Defend_W","Defend_W","Defend_W","Negative_Energy_Arrows","Bone_Wall","Negative_Energy_Burst","Bone_Armory+1","Bone_Bullets","Bone_Armor","Whirlwind_of_Bones","Flesh_Made_Foul","Bones_to_Steel+1","Vampiric_Strike+1","Bone_Shift+1","Bone_Armory+1","Grasp_Heart+1","Bone_Shift+1","Bone_Bullets+1","Exploit+1"],"relics":["Vampire_Amulet","PreservedInsect","Toxic Egg 2","Molten Egg 2","Centennial Puzzle","Sling","Prayer Wheel","Velvet Choker","Bottled Tornado"],"acts_visited":["Exordium","TheCity"],"potions_floor_usage":[14,16,16,24],"damage_taken":[{"damage":2.0,"enemies":"Cultist","floor":1.0,"turns":4.0},{"damage":3.0,"enemies":"Jaw Worm","floor":2.0,"turns":6.0},{"damage":9.0,"enemies":"Small Slimes","floor":4.0,"turns":4.0},{"damage":5.0,"enemies":"Exordium Wildlife","floor":5.0,"turns":4.0},{"damage":7.0,"enemies":"3 Sentries","floor":6.0,"turns":5.0},{"damage":8.0,"enemies":"Exordium Thugs","floor":7.0,"turns":5.0},{"damage":3.0,"enemies":"Blue Slaver","floor":10.0,"turns":6.0},{"damage":14.0,"enemies":"Lagavulin","floor":11.0,"turns":13.0},{"damage":3.0,"enemies":"Looter","floor":12.0,"turns":4.0},{"damage":0,"enemies":"Gremlin Nob","floor":14,"turns":2},{"damage":37,"enemies":"Slime Boss","floor":16,"turns":15},{"damage":13,"enemies":"Spheric Guardian","floor":18,"turns":4},{"damage":2,"enemies":"3 Byrds","floor":20,"turns":3},{"damage":37,"enemies":"Centurion and Healer","floor":22,"turns":8},{"damage":47,"enemies":"Book of Stabbing","floor":23,"turns":5},{"damage":0,"enemies":"Snake Plant","floor":24,"turns":1}],"seed_played":"8097262494694472697","potions_obtained":[{"floor":2.0,"key":"FearPotion"},{"floor":5.0,"key":"FearPotion"},{"floor":10.0,"key":"LiquidBronze"},{"floor":14,"key":"EssenceOfSteel"},{"floor":16,"key":"FairyPotion"},{"floor":23,"key":"Regen Potion"}],"is_trial":false,"path_per_floor":["M","M","$","M","M","E","M","R","T","M","E","M","$","E","R","B",null,"M","?","M","?","M","E","M"],"character_chosen":"NECROMANCER","items_purchased":["Bone_Armory","Sling","FearPotion"],"campfire_rested":0,"item_purchase_floors":[3,13,13],"current_hp_per_floor":[64,63,63,58,57,56,52,52,52,51,39,41,41,43,43,20,58,50,50,55,55,28,11,11,11],"gold":261,"neow_bonus":"RANDOM_COMMON_RELIC","is_daily":false,"chose_seed":false,"campfire_upgraded":2,"win_rate":0.0,"timestamp":1611984574,"path_taken":["M","M","?","M","M","E","M","R","T","M","E","?","?","E","R","BOSS","M","?","?","?","?","E","M"],"items_purchased_type":["Card","Relic","Potion"],"build_version":"2020-12-22","purchased_purges":0,"victory":false,"max_hp_per_floor":[71,71,71,71,71,71,71,71,71,71,71,71,71,71,71,71,71,71,71,71,71,71,71,71,71],"card_choices":[{"not_picked":["Bones_to_Steel","Shackles_Of_Pain","Consume_Illness"],"picked":"SKIP","floor":1.0},{"not_picked":["Chill_Blood","Exploit"],"picked":"Negative_Energy_Burst","floor":2.0},{"not_picked":["Life_Tap","Vampiric_Strike"],"picked":"Bone_Bullets","floor":4.0},{"not_picked":["Toxic_Smoke_Screen","Bones_to_Steel"],"picked":"Bone_Armor","floor":5.0},{"not_picked":["Blood_Whip","Blood_Curse"],"picked":"Whirlwind_of_Bones","floor":6.0},{"not_picked":["Vampiric_Strike","Consume_Illness+1"],"picked":"Flesh_Made_Foul","floor":7.0},{"not_picked":["Negative_Energy_Shield+1","Scare+1"],"picked":"Bones_to_Steel+1","floor":10.0},{"not_picked":["Death_Knell+1","Negative_Energy_Mist+1"],"picked":"Vampiric_Strike+1","floor":11.0},{"not_picked":["Blood_Curse+1","Spectral_Walk+1"],"picked":"Bone_Shift+1","floor":12.0},{"not_picked":["Blood_Magic","Vampiric_Strike+1"],"picked":"Bone_Armory","floor":14},{"not_picked":["Hellfire+1","Summon_Vampire_Lady"],"picked":"Grasp_Heart+1","floor":16},{"not_picked":["Death_March_Dance+1","Negative_Energy_Javelin+1"],"picked":"Bone_Shift+1","floor":18},{"not_picked":["Blood_Whip+1","Consume_Illness+1","Vampiric_Strike+1"],"picked":"SKIP","floor":18},{"not_picked":["Blood_Curse+1","Negative_Energy_Bomb+1"],"picked":"Bone_Bullets+1","floor":20},{"not_picked":["Deaths_Shadow+1","Toxic_Smoke_Screen+1","Death_Coil+1"],"picked":"SKIP","floor":20},{"not_picked":["Consume_Illness+1","Negative_Energy_Mist+1","Acid_Javelin+1"],"picked":"SKIP","floor":22},{"not_picked":["Acid_Javelin+1","Bones_to_Steel+1","Blood_Curse+1"],"picked":"SKIP","floor":22},{"not_picked":["Pandemic+1","Shackles_Of_Pain+1"],"picked":"Exploit+1","floor":23}],"player_experience":309226,"relics_obtained":[{"floor":6.0,"key":"Toxic Egg 2"},{"floor":9.0,"key":"Molten Egg 2"},{"floor":11.0,"key":"Centennial Puzzle"},{"floor":14,"key":"Prayer Wheel"},{"floor":23,"key":"Bottled Tornado"}],"event_choices":[{"damage_healed":0,"gold_gain":250,"player_choice":"Bet on Owner","damage_taken":0,"max_hp_gain":0,"max_hp_loss":0,"event_name":"The Joust","floor":19,"gold_loss":50},{"cards_removed":["Strike_W"],"damage_healed":0,"gold_gain":0,"player_choice":"Upgrade and Remove","damage_taken":0,"max_hp_gain":0,"max_hp_loss":0,"event_name":"Designer","floor":21,"gold_loss":110,"cards_upgraded":["Strike_W"]}],"is_beta":false,"boss_relics":[{"not_picked":["Calling Bell","Astrolabe"],"picked":"Velvet Choker"}],"items_purged_floors":[],"is_endless":false,"potions_floor_spawned":[2,5,10,14,16,23],"killed_by":"Snake Plant","ascension_level":15}}