{"host":"no0bdlpxzp7bzzks","time":1611984638,"event":{"mods":["BaseMod","Better Match","Block Reminder","Colored Map","Curses Come First","DeckTracker","Downfall","Filter the Spire","Highlight Path","Key Reminder","Minty Spire (QoL Compilation)","Permanent Neow","Relic Sorter","Relic Stats","StSLib"],"gold_per_floor":[114,129,144,159,109,139,139,169,181,223,235,41,41,56,56,156,156,171,186,186,201,59,89,104,134,134,164,164,194,209,124,124,224,224,239,254,254,269,284,314,314,329,329,359,374,404,404,434,434,434],"floor_reached":51,"language":"ENG","playtime":3840,"items_purged":["Strike_R"],"score":942,"play_id":"95214bfa-4da5-4d31-b1c9-918452844627","local_time":"20210129233038","daily_mods":["Heirloom","Blue Cards","Elite Swarm"],"is_ascension_mode":false,"campfire_choices":[{"data":"Feed","floor":7.0,"key":"SMITH"},{"data":"1","floor":13.0,"key":"LIFT"},{"data":"2","floor":15.0,"key":"LIFT"},{"data":"Apotheosis","floor":28.0,"key":"SMITH"},{"data":"3","floor":32.0,"key":"LIFT"},{"data":"Offering","floor":41.0,"key":"SMITH"},{"data":"Seek","floor":47,"key":"SMITH"},{"data":"Machine Learning","floor":49,"key":"SMITH"}],"circlet_count":0,"master_deck":["Strike_R","Strike_R","Strike_R","Defend_R","Defend_R","Defend_R","Defend_R","Bash","Metallicize+1","Sword Boomerang","Feed+1","Juggernaut","Corruption","Apotheosis+1","Whirlwind","Seeing Red","Reaper","Double Energy","Spot Weakness","Gash+1","Rampage","Conserve Battery","Impervious","Offering+1","Demon Form","White Noise","True Grit","Feed+1","True Grit+1","Seek+1","Doubt","Machine Learning+1","Juggernaut","Barricade"],"relics":["Burning Blood","Girya","Unceasing Top","MawBank","Centennial Puzzle","Bottled Flame","Snecko Eye","Dream Catcher","Mummified Hand","Letter Opener","Nunchaku","Pantograph","Art of War","StrikeDummy","Cursed Key","Thread and Needle","Self Forming Clay","Toy Ornithopter","Red Skull","Torii"],"acts_visited":[],"potions_floor_usage":[48,48],"damage_taken":[{"damage":5.0,"enemies":"2 Louse","floor":1.0,"turns":3.0},{"damage":3.0,"enemies":"Cultist","floor":2.0,"turns":3.0},{"damage":0.0,"enemies":"Small Slimes","floor":3.0,"turns":3.0},{"damage":21.0,"enemies":"Red Slaver","floor":4.0,"turns":3.0},{"damage":21.0,"enemies":"3 Sentries","floor":6.0,"turns":9.0},{"damage":22.0,"enemies":"Gremlin Nob","floor":8.0,"turns":4.0},{"damage":30.0,"enemies":"Lagavulin","floor":10.0,"turns":6.0},{"damage":10.0,"enemies":"Large Slime","floor":14.0,"turns":5.0},{"damage":0.0,"enemies":"Hexaghost","floor":16.0,"turns":9.0},{"damage":10.0,"enemies":"Shell Parasite","floor":18.0,"turns":3.0},{"damage":10.0,"enemies":"3 Byrds","floor":19.0,"turns":3.0},{"damage":2.0,"enemies":"Sentry and Sphere","floor":21.0,"turns":3.0},{"damage":53.0,"enemies":"Slavers","floor":23.0,"turns":4.0},{"damage":14.0,"enemies":"Centurion and Healer","floor":24.0,"turns":4.0},{"damage":13.0,"enemies":"Gremlin Leader","floor":25.0,"turns":2.0},{"damage":18.0,"enemies":"Book of Stabbing","floor":27.0,"turns":4.0},{"damage":20.0,"enemies":"Gremlin Leader","floor":29.0,"turns":3.0},{"damage":6.0,"enemies":"Snecko","floor":30.0,"turns":3.0},{"damage":54.0,"enemies":"Champ","floor":33.0,"turns":7.0},{"damage":14.0,"enemies":"3 Shapes","floor":35.0,"turns":3.0},{"damage":6.0,"enemies":"Orb Walker","floor":36.0,"turns":2.0},{"damage":0.0,"enemies":"Sphere and 2 Shapes","floor":38.0,"turns":3.0},{"damage":3.0,"enemies":"3 Darklings","floor":39.0,"turns":3.0},{"damage":6.0,"enemies":"Giant Head","floor":40.0,"turns":5.0},{"damage":20.0,"enemies":"Jaw Worm Horde","floor":42.0,"turns":3.0},{"damage":8.0,"enemies":"Nemesis","floor":44.0,"turns":3.0},{"damage":0,"enemies":"Transient","floor":45,"turns":5},{"damage":8,"enemies":"Giant Head","floor":46,"turns":3},{"damage":7,"enemies":"Reptomancer","floor":48,"turns":4},{"damage":31,"enemies":"Donu and Deca","floor":50,"turns":7}],"seed_played":"-8653540479942029245","potions_obtained":[{"floor":1.0,"key":"SkillPotion"},{"floor":3.0,"key":"SneckoOil"},{"floor":10.0,"key":"Regen Potion"},{"floor":21.0,"key":"Fire Potion"},{"floor":24.0,"key":"LiquidMemories"},{"floor":25.0,"key":"ColorlessPotion"},{"floor":27.0,"key":"Weak Potion"},{"floor":29.0,"key":"Block Potion"},{"floor":35.0,"key":"BloodPotion"},{"floor":40.0,"key":"Energy Potion"},{"floor":42.0,"key":"Fire Potion"},{"floor":44,"key":"PowerPotion"},{"floor":46,"key":"EssenceOfSteel"}],"is_trial":false,"path_per_floor":["M","M","M","M","?","E","R","E","T","E","?","$","R","M","R","B",null,"M","M","?","M","$","E","M","E","T","E","R","E","M","?","R","B",null,"M","M","?","M","M","E","R","M","T","E","M","E","R","E","R","B",null],"character_chosen":"IRONCLAD","items_purchased":["Apotheosis","Whirlwind","Rampage"],"campfire_rested":0,"item_purchase_floors":[12,12,22],"current_hp_per_floor":[80,80,80,65,65,50,50,38,38,18,18,18,18,18,18,24,92,88,92,92,100,100,62,58,72,72,60,60,46,60,60,60,56,112,108,108,108,114,120,120,120,110,110,109,124,122,122,124,124,124],"gold":434,"neow_bonus":"","is_daily":true,"chose_seed":false,"campfire_upgraded":5,"win_rate":0.0,"timestamp":1611984638,"path_taken":["M","M","M","M","?","E","R","E","T","E","?","$","R","?","R","BOSS","M","M","?","M","$","E","M","E","T","E","R","E","M","?","R","BOSS","M","M","?","M","?","E","R","M","T","E","M","E","R","E","R","BOSS"],"items_purchased_type":["Card","Card","Card"],"build_version":"2020-12-22","purchased_purges":1,"victory":true,"max_hp_per_floor":[80,80,80,80,80,80,80,84,84,88,88,88,88,92,92,92,92,92,96,96,100,100,100,104,104,104,104,104,104,108,108,108,112,112,116,116,116,116,120,120,120,124,124,124,124,124,124,124,124,124],"relic_stats":{"Torii":0,"counters":[4,19],"Self Forming Clay":[18],"Letter Opener":[91],"MawBank":0,"Cursed Key":0,"Burning Blood":18,"Centennial Puzzle":[9],"Dream Catcher":0,"Nunchaku":[5],"Mummified Hand":[50],"Pantograph":0,"Snecko Eye":[39,39,31,49],"Art of War":[0],"obtain_stats":[{"Girya":0,"Torii":48,"Self Forming Clay":0,"Thread and Needle":0,"Letter Opener":0,"MawBank":0,"Cursed Key":0,"Burning Blood":0,"Centennial Puzzle":0,"Bottled Flame":0,"Dream Catcher":0,"Nunchaku":0,"Mummified Hand":0,"Pantograph":0,"Snecko Eye":0,"Art of War":0,"StrikeDummy":0,"Unceasing Top":0,"Toy Ornithopter":44,"Red Skull":46},{"Girya":0,"Torii":3,"Self Forming Clay":0,"Thread and Needle":0,"Letter Opener":0,"MawBank":0,"Cursed Key":0,"Burning Blood":0,"Centennial Puzzle":0,"Bottled Flame":0,"Dream Catcher":0,"Nunchaku":0,"Mummified Hand":0,"Pantograph":0,"Snecko Eye":0,"Art of War":0,"StrikeDummy":0,"Unceasing Top":0,"Toy Ornithopter":0,"Red Skull":2},{"Girya":0,"Torii":12,"Self Forming Clay":0,"Thread and Needle":0,"Letter Opener":0,"MawBank":0,"Cursed Key":0,"Burning Blood":0,"Centennial Puzzle":0,"Bottled Flame":0,"Dream Catcher":0,"Nunchaku":0,"Mummified Hand":0,"Pantograph":0,"Snecko Eye":0,"Art of War":0,"StrikeDummy":0,"Unceasing Top":0,"Toy Ornithopter":0,"Red Skull":8}],"Unceasing Top":[14],"Toy Ornithopter":2},"card_choices":[{"not_picked":["Static Discharge","Chaos"],"picked":"Metallicize","floor":1.0},{"not_picked":["Anger","Steam"],"picked":"Sword Boomerang","floor":2.0},{"not_picked":["Loop","Cleave","Genetic Algorithm"],"picked":"SKIP","floor":3.0},{"not_picked":["Body Slam","Heavy Blade","Undo"],"picked":"SKIP","floor":4.0},{"not_picked":["Multi-Cast","Echo Form"],"picked":"Feed","floor":6.0},{"not_picked":["Meteor Strike","Reaper"],"picked":"Juggernaut","floor":8.0},{"not_picked":["Rainbow","Double Tap"],"picked":"Corruption","floor":10.0},{"not_picked":["Pommel Strike","Turbo"],"picked":"Seeing Red","floor":14.0},{"not_picked":["Meteor Strike","Multi-Cast"],"picked":"Reaper","floor":16.0},{"not_picked":["Streamline+1","Compile Driver"],"picked":"Double Energy","floor":18.0},{"not_picked":["Heavy Blade+1","Sever Soul"],"picked":"Spot Weakness","floor":19.0},{"not_picked":["Clash","Headbutt+1"],"picked":"Gash+1","floor":21.0},{"not_picked":["Bludgeon","All For One","Biased Cognition"],"picked":"SKIP","floor":23.0},{"not_picked":["Rip and Tear","Hologram"],"picked":"Conserve Battery","floor":24.0},{"not_picked":["Exhume","All For One"],"picked":"Impervious","floor":25.0},{"not_picked":["Fission","Core Surge"],"picked":"Offering","floor":27.0},{"not_picked":["Electrodynamics","Brutality","Amplify"],"picked":"SKIP","floor":29.0},{"not_picked":["Conserve Battery","Twin Strike","Scrape"],"picked":"SKIP","floor":30.0},{"not_picked":["Buffer","Exhume"],"picked":"Demon Form","floor":33.0},{"not_picked":["Go for the Eyes+1","Static Discharge"],"picked":"White Noise","floor":35.0},{"not_picked":["Ghostly Armor+1","Clash"],"picked":"True Grit","floor":36.0},{"not_picked":["Reckless Charge+1","Perfected Strike+1","Iron Wave+1"],"picked":"SKIP","floor":38.0},{"not_picked":["Seeing Red","Heavy Blade+1"],"picked":"True Grit+1","floor":39.0},{"not_picked":["All For One","Reboot"],"picked":"Seek","floor":40.0},{"not_picked":["Sweeping Beam","Loop+1","Glacier"],"picked":"SKIP","floor":42.0},{"not_picked":["Thunder Strike","Brutality"],"picked":"Machine Learning","floor":44},{"not_picked":["Wild Strike+1","Redo","Searing Blow+1"],"picked":"SKIP","floor":45},{"not_picked":["Reboot","Fiend Fire"],"picked":"Juggernaut","floor":46},{"not_picked":["Feed","Double Tap"],"picked":"Barricade","floor":48}],"player_experience":106673,"relics_obtained":[{"floor":6.0,"key":"Unceasing Top"},{"floor":8.0,"key":"MawBank"},{"floor":9.0,"key":"Centennial Puzzle"},{"floor":10.0,"key":"Bottled Flame"},{"floor":23.0,"key":"Mummified Hand"},{"floor":25.0,"key":"Letter Opener"},{"floor":26.0,"key":"Nunchaku"},{"floor":27.0,"key":"Pantograph"},{"floor":29.0,"key":"Art of War"},{"floor":40.0,"key":"Thread and Needle"},{"floor":43.0,"key":"Self Forming Clay"},{"floor":44,"key":"Toy Ornithopter"},{"floor":46,"key":"Red Skull"},{"floor":48,"key":"Torii"}],"event_choices":[{"cards_removed":["Strike_R"],"damage_healed":0.0,"max_hp_gain":0.0,"max_hp_loss":0.0,"gold_gain":0.0,"event_name":"The Cleric","player_choice":"Card Removal","floor":5.0,"gold_loss":50.0,"damage_taken":0.0},{"damage_healed":0.0,"max_hp_gain":0.0,"max_hp_loss":0.0,"gold_gain":0.0,"event_name":"Upgrade Shrine","player_choice":"Upgraded","floor":11.0,"gold_loss":0.0,"damage_taken":0.0,"cards_upgraded":["Metallicize"]},{"damage_healed":0.0,"max_hp_gain":0.0,"max_hp_loss":0.0,"gold_gain":0.0,"event_name":"The Mausoleum","player_choice":"Opened","floor":20.0,"gold_loss":0.0,"damage_taken":0.0,"relics_obtained":["Dream Catcher"]},{"damage_healed":0.0,"max_hp_gain":0.0,"max_hp_loss":0.0,"gold_gain":0.0,"event_name":"Addict","player_choice":"Obtained Relic","floor":31.0,"gold_loss":85.0,"damage_taken":0.0,"relics_obtained":["StrikeDummy"]},{"damage_healed":0.0,"max_hp_gain":0.0,"max_hp_loss":0.0,"gold_gain":0.0,"event_name":"Duplicator","player_choice":"Copied","floor":37.0,"gold_loss":0.0,"damage_taken":0.0,"cards_obtained":["Feed"]}],"is_beta":false,"boss_relics":[{"not_picked":["Velvet Choker","Tiny House"],"picked":"Snecko Eye"},{"not_picked":["Philosopher\u0027s Stone","Calling Bell"],"picked":"Cursed Key"}],"items_purged_floors":[22],"is_endless":false,"potions_floor_spawned":[1,3,10,21,24,25,27,29,35,40,42,44,46],"ascension_level":0}}