{"host":"2i1rjl87isetstuj","time":1611983944,"event":{"mods":["BaseMod","Better Vampires","Challenge The Spire","Lobotomy","LobotomyExtend","Marked Mod","Minty Spire (QoL Compilation)","Quick Restart","Shop Mod","StSLib","Waifu the Spire","óô»ðÖ¸ÄÏ"],"gold_per_floor":[117,137,153,170,4187,3535,3535,2706,2706,2706,2706],"floor_reached":10,"language":"ZHS","playtime":496,"items_purged":["Strike_P","Strike_P","Defend_P"],"score":86,"play_id":"41801e12-c869-4319-b80f-cab379104c5d","local_time":"20210130131904","is_ascension_mode":true,"campfire_choices":[],"circlet_count":0,"master_deck":["Strike_P","Strike_P","Defend_P","Defend_P","Eruption","Vigilance","Scorched","SashWhip+1","OldLady","Dazed","LaLuna","Dazed","BigBadWolf","Dazed","Conclude+1","Dazed","PathToVictory+1"],"relics":["PureWater","CogitoBucket","LetterFromLob","Sundial","Gremlin Horn","MerchantsRug","Bag of Preparation","Blood Vial","Toolbox","Strange Spoon","Pantograph","CaptainsWheel"],"acts_visited":["Exordium"],"potions_floor_usage":[],"damage_taken":[{"damage":0,"enemies":"2 Louse","floor":1,"turns":3},{"damage":36,"enemies":"Jaw Worm","floor":2,"turns":2},{"damage":0,"enemies":"Cultist","floor":3,"turns":2},{"damage":0,"enemies":"2 Fungi Beasts","floor":4,"turns":1},{"damage":4,"enemies":"Gremlin Nob","floor":10,"turns":1}],"seed_played":"-6024027446494366482","potions_obtained":[{"floor":1,"key":"Fire Potion"},{"floor":3,"key":"DistilledChaos"},{"floor":4,"key":"DistilledChaos"}],"is_trial":false,"path_per_floor":["M","M","M","M","$","R","E","R","T","E"],"character_chosen":"WATCHER","items_purchased":["PrismaticShard","Sundial","Gremlin Horn","MerchantsRug","Conclude","Bag of Preparation","Blood Vial","Toolbox","ReachHeaven","PathToVictory","Strange Spoon","Pantograph","CaptainsWheel"],"campfire_rested":0,"item_purchase_floors":[5,5,5,5,5,6,6,6,6,6,8,8,8],"current_hp_per_floor":[72,36,36,36,36,36,1,1,1,0,0],"gold":2706,"neow_bonus":"","is_daily":false,"chose_seed":false,"campfire_upgraded":0,"win_rate":0.0,"timestamp":1611983944,"path_taken":["M","M","M","M","$","R","E","R","T","E"],"items_purchased_type":["Relic","Relic","Relic","Relic","Card","Relic","Relic","Relic","Card","Card","Relic","Relic","Relic"],"build_version":"2020-12-22","purchased_purges":3,"victory":false,"max_hp_per_floor":[72,72,72,72,72,72,1,1,1,1,1],"card_choices":[{"not_picked":["OldLady","Scarecrow"],"picked":"Scorched","floor":1},{"not_picked":["JustLucky","Consecrate"],"picked":"SashWhip","floor":1},{"not_picked":["SpiderBud","ShyLook"],"picked":"OldLady","floor":2},{"not_picked":["MarkedMod:Acupuncture","Adaptation"],"picked":"Evaluate","floor":2},{"not_picked":["LittlePrince","NothingThere"],"picked":"LaLuna","floor":3},{"not_picked":["JustLucky","Crescendo"],"picked":"Worship","floor":3},{"not_picked":["WallGazer","PunishingBird"],"picked":"BigBadWolf","floor":4},{"not_picked":["EmptyBody","MarkedMod:Acupuncture"],"picked":"SandsOfTime","floor":4}],"player_experience":107761,"relics_obtained":[{"floor":1,"key":"LetterFromLob"}],"event_choices":[],"is_beta":false,"boss_relics":[],"items_purged_floors":[5,6,8],"is_endless":false,"potions_floor_spawned":[1,3,4],"killed_by":"Gremlin Nob","ascension_level":1}}