{"host":"gfxjwtol062e9znw","time":1611985673,"event":{"mods":["BaseMod","Colored Map","Minty Spire (QoL Compilation)"],"gold_per_floor":[113,113,130,147,1,1,36,36,59,59,59],"floor_reached":10,"language":"ENG","playtime":559,"items_purged":[],"score":92,"play_id":"4919258f-2785-41e8-a6dd-98c14ce7cb6f","local_time":"20210130164753","is_ascension_mode":true,"campfire_choices":[{"data":"Phantasmal Killer","floor":6,"key":"SMITH"},{"floor":8,"key":"REST"}],"circlet_count":0,"master_deck":["Strike_G","Strike_G","Strike_G","Strike_G","Strike_G","Defend_G","Defend_G","Defend_G","Defend_G","Defend_G","Survivor","Neutralize","Burst","Footwork","Bouncing Flask","PiercingWail","Phantasmal Killer+1"],"relics":["Ring of the Snake","Juzu Bracelet","Omamori"],"acts_visited":["Exordium"],"potions_floor_usage":[7,10],"damage_taken":[{"damage":0,"enemies":"2 Louse","floor":1,"turns":4},{"damage":3,"enemies":"Cultist","floor":3,"turns":5},{"damage":2,"enemies":"Jaw Worm","floor":4,"turns":5},{"damage":50,"enemies":"3 Sentries","floor":7,"turns":8},{"damage":27,"enemies":"Gremlin Nob","floor":10,"turns":3}],"seed_played":"-5146192726405828025","potions_obtained":[{"floor":1,"key":"LiquidBronze"},{"floor":4,"key":"Fire Potion"}],"is_trial":false,"path_per_floor":["M","?","M","M","$","R","E","R","T","E"],"character_chosen":"THE_SILENT","items_purchased":["Phantasmal Killer"],"campfire_rested":1,"item_purchase_floors":[5],"current_hp_per_floor":[63,63,60,58,58,58,8,26,26,0,0],"gold":59,"neow_bonus":"THREE_RARE_CARDS","is_daily":false,"chose_seed":false,"campfire_upgraded":1,"win_rate":0.0,"timestamp":1611985673,"path_taken":["M","?","M","M","$","R","E","R","T","E"],"items_purchased_type":["Card"],"build_version":"2020-12-22","purchased_purges":0,"victory":false,"max_hp_per_floor":[63,63,63,63,63,63,63,63,63,63,63],"card_choices":[{"not_picked":["Night Terror","Phantasmal Killer"],"picked":"Burst","floor":0},{"not_picked":["Dodge and Roll","Eviscerate"],"picked":"Footwork","floor":1},{"not_picked":["All Out Attack","Dagger Spray"],"picked":"Bouncing Flask","floor":3},{"not_picked":["Sucker Punch","Setup"],"picked":"PiercingWail","floor":4},{"not_picked":["Unload","Distraction","Underhanded Strike"],"picked":"SKIP","floor":7}],"player_experience":45868,"relics_obtained":[{"floor":7,"key":"Juzu Bracelet"},{"floor":9,"key":"Omamori"}],"event_choices":[{"damage_healed":0,"gold_gain":0,"player_choice":"Ignored","damage_taken":0,"max_hp_gain":0,"max_hp_loss":0,"event_name":"Golden Wing","floor":2,"gold_loss":0}],"is_beta":false,"boss_relics":[],"items_purged_floors":[],"is_endless":false,"potions_floor_spawned":[1,4],"killed_by":"Gremlin Nob","ascension_level":8}}