{"host":"o5jvvi5yapo90aia","time":1611999526,"event":{"mods":["BaseMod","CapriCore","Minty Spire (QoL Compilation)","MostiFishMod","Prisma Mod","Spicy Shops","StSLib","TestMod","The Immortal","Yakumo Yukari mod","【人物mod】游戏王New YuGiOh mod","【功能Mod】Neow奖励"],"gold_per_floor":[117,117,117,132,150,187,187,218,218,240,280,280,316,337,337,418,418,448,477,747,255,282,282,324,324,324,373,373,399,449,260,260,348,348,382,449,449,475,507,507,554,554,554,954,954,1000,1000,1000,1000,1015,1030,1030,1030,78,128,143],"floor_reached":57,"language":"ZHS","playtime":2815,"items_purged":["Strike_P","Writhe"],"score":3788,"play_id":"f23c1dd3-e22e-4ad0-b2d3-e88c254332fa","local_time":"20210130173846","is_ascension_mode":true,"campfire_choices":[{"data":"Defend_P","floor":7.0,"key":"PURGE"},{"data":"Defend_P","floor":15.0,"key":"PURGE"},{"data":"Strike_P","floor":23,"key":"PURGE"},{"data":"Defend_P","floor":25,"key":"PURGE"},{"data":"Eruption","floor":32,"key":"PURGE"},{"data":"Strike_P","floor":40,"key":"PURGE"},{"data":"WaveOfTheHand","floor":42,"key":"PURGE"},{"floor":45,"key":"RECALL"},{"floor":49,"key":"REST"},{"data":"MentalFortress","floor":53,"key":"SMITH"}],"circlet_count":0,"master_deck":["AscendersBane","Vigilance","Tantrum","Adaptation","Vault","MostiFishMod:Adaptation","InnerPeace","MasterReality","MentalFortress+1"],"relics":["testmod-TestBox","GuanYuAspect","ChiXiaoBlade","testmod-ChristmasGift","SynthV:TestCard","Turnip","White Beast Statue","Gremlin Horn","Vajra","testmod-Motorcycle","testmod-Recursion","Bottled Tornado","Mercury Hourglass","Bag of Marbles","MealTicket","Darkstone Periapt","Letter Opener","Smiling Mask","Singing Bowl","PatriotShield","CloakClasp","Dream Catcher","Pantograph","Omamori","Molten Egg 2","TeardropLocket","Pen Nib","Shuriken","TakeMeEscape","SynthV:C4","testmod-BalancedPeriapt"],"acts_visited":["Exordium","TheCity","TheBeyond","TheEnding"],"potions_floor_usage":[27,27,39,56,56,56,56,56,56,56,56,56,56,56,56,56,56,56,56,56,56,56,56,56,56,56,56,56,56,56,56,56,56,56,56,56,56,56,56,56,56,56,56,56,56,56,56,56,56,56,56,56,56,56,56,56,56,56,56,56,56,56,56,56,56,56,56,56,56,56,56,56,56,56,56,56,56,56,56,56,56,56,56,56,56,56,56,56,56,56,56,56,56,56,56,56,56,56,56,56,56,56,56,56,56,56,56,56,56,56,56,56,56,56,56,56,56,56,56,56,56,56,56,56,56,56,56,56,56,56,56,56,56,56,56,56,56,56,56,56,56,56,56,56,56,56,56,56,56,56,56,56,56,56,56,56,56,56,56,56,56,56],"damage_taken":[{"damage":7.0,"enemies":"2 Louse","floor":1.0,"turns":3.0},{"damage":0.0,"enemies":"Jaw Worm","floor":4.0,"turns":4.0},{"damage":0.0,"enemies":"Cultist","floor":5.0,"turns":2.0},{"damage":0.0,"enemies":"3 Sentries","floor":6.0,"turns":4.0},{"damage":0.0,"enemies":"Gremlin Nob","floor":8.0,"turns":2.0},{"damage":5.0,"enemies":"Large Slime","floor":10.0,"turns":4.0},{"damage":2.0,"enemies":"3 Sentries","floor":11.0,"turns":4.0},{"damage":0.0,"enemies":"Lagavulin","floor":13.0,"turns":4.0},{"damage":0.0,"enemies":"2 Fungi Beasts","floor":14.0,"turns":2.0},{"damage":0.0,"enemies":"Slime Boss","floor":16.0,"turns":3.0},{"damage":0,"enemies":"Spheric Guardian","floor":18,"turns":1},{"damage":0,"enemies":"Shell Parasite","floor":19,"turns":3},{"damage":0,"enemies":"Shelled Parasite and Fungi","floor":22,"turns":2},{"damage":0,"enemies":"Gremlin Leader","floor":24,"turns":4},{"damage":8,"enemies":"Book of Stabbing","floor":27,"turns":5},{"damage":0,"enemies":"3 Cultists","floor":29,"turns":3},{"damage":0,"enemies":"Slavers","floor":30,"turns":2},{"damage":0,"enemies":"Champ","floor":33,"turns":2},{"damage":0,"enemies":"Orb Walker","floor":35,"turns":1},{"damage":0,"enemies":"2 Orb Walkers","floor":36,"turns":1},{"damage":0,"enemies":"3 Darklings","floor":38,"turns":1},{"damage":0,"enemies":"Maw","floor":39,"turns":1},{"damage":0,"enemies":"Giant Head","floor":41,"turns":1},{"damage":0,"enemies":"Nemesis","floor":46,"turns":1},{"damage":0,"enemies":"Awakened One","floor":50,"turns":2},{"damage":0,"enemies":"Donu and Deca","floor":51,"turns":2},{"damage":0,"enemies":"Shield and Spear","floor":55,"turns":1},{"damage":0,"enemies":"The Heart","floor":56,"turns":5}],"seed_played":"1584791819841874536","potions_obtained":[{"floor":4.0,"key":"SpeedPotion"},{"floor":6.0,"key":"Fire Potion"},{"floor":39,"key":"Fruit Juice"},{"floor":46,"key":"EntropicBrew"}],"is_trial":false,"path_per_floor":["M","?","?","M","M","E","R","E","T","M","E","?","E","M","R","B",null,"M","M","?","$","M","R","E","R","T","E","?","M","E","$","R","B",null,"M","?","?","M","M","R","E","R","T","?","R","E","?","T","R","B","B",null,"R","$","E","B",null],"character_chosen":"WATCHER","items_purchased":["Bottled Tornado","Mercury Hourglass","Singing Bowl","TeardropLocket","Pen Nib","Shuriken","TakeMeEscape","SynthV:C4"],"campfire_rested":1,"item_purchase_floors":[21,21,31,54,54,54,54,54],"current_hp_per_floor":[29,22,20,32,34,34,34,34,34,30,34,8,23,30,30,34,34,34,34,7,7,15,15,34,34,34,34,37,40,40,40,40,40,40,40,41,41,43,48,48,52,52,52,52,52,54,59,59,66,67,67,67,67,67,68,69],"gold":143,"neow_bonus":"BOSS_RELIC","is_daily":false,"chose_seed":false,"campfire_upgraded":1,"win_rate":0.0,"timestamp":1611999526,"path_taken":["M","?","?","M","?","E","R","E","T","M","E","?","E","M","R","BOSS","M","M","?","$","?","R","E","R","T","E","?","M","E","$","R","BOSS","M","?","?","?","M","R","E","R","T","?","R","E","?","?","R","BOSS","BOSS","R","$","E","BOSS"],"items_purchased_type":["Relic","Relic","Relic","Relic","Relic","Relic","Relic","Relic"],"build_version":"2020-12-22","purchased_purges":2,"victory":true,"max_hp_per_floor":[34,34,34,34,34,34,34,34,34,34,34,34,34,34,34,34,34,34,34,34,34,34,34,34,34,34,34,40,40,40,40,40,40,40,40,42,42,44,51,51,53,53,53,53,53,55,65,65,67,67,67,67,67,67,69,69],"card_choices":[{"not_picked":["ThirdEye","Halt"],"picked":"Tantrum","floor":1.0},{"not_picked":["FollowUp","Protect","SpiritShield","ThirdEye"],"picked":"Adaptation","floor":4.0},{"not_picked":["Prostrate","ClearTheMind","EmptyFist","Perseverance","Protect"],"picked":"SKIP","floor":5.0},{"not_picked":["FlyingSleeves","LikeWater","Wallop","Halt","ThirdEye"],"picked":"SKIP","floor":6.0},{"not_picked":["SignatureMove","EmptyBody","BowlingBash","Crescendo"],"picked":"Vault","floor":8.0},{"not_picked":["Crescendo","Perseverance","EmptyFist","Vengeance","CrushJoints"],"picked":"SKIP","floor":10.0},{"not_picked":["DeusExMachina","FlyingSleeves","SashWhip","CutThroughFate","Protect"],"picked":"SKIP","floor":11.0},{"not_picked":["SignatureMove","JustLucky","Protect","Consecrate","Fasting2"],"picked":"SKIP","floor":13.0},{"not_picked":["FlurryOfBlows","Evaluate","WindmillStrike","FlyingSleeves"],"picked":"MostiFishMod:Adaptation","floor":14.0},{"not_picked":["JustLucky","FlurryOfBlows","WaveOfTheHand","CutThroughFate","Crescendo"],"picked":"SKIP","floor":18},{"not_picked":["FollowUp","Protect","Tantrum","CutThroughFate","MostiFishMod:KamiSmash"],"picked":"SKIP","floor":19},{"not_picked":["MostiFishMod:LegendTransform+1","BowlingBash","EmptyFist","Fasting2","Weave"],"picked":"SKIP","floor":22},{"not_picked":["Halt","Consecrate","Prostrate+1","SandsOfTime","EmptyFist+1"],"picked":"SKIP","floor":24},{"not_picked":["Establishment","Evaluate","Vengeance","MostiFishMod:Clarity","CutThroughFate+1"],"picked":"SKIP","floor":27},{"not_picked":["FlyingSleeves","Adaptation","JustLucky+1","Halt","Indignation"],"picked":"SKIP","floor":29},{"not_picked":["Meditate","ClearTheMind","LikeWater","PathToVictory"],"picked":"InnerPeace","floor":30},{"not_picked":["DeusExMachina","Establishment","Vault","MostiFishMod:Adaptation"],"picked":"MasterReality","floor":33},{"not_picked":["Worship","CrushJoints+1","Prostrate","EmptyFist"],"picked":"MentalFortress","floor":35},{"not_picked":["BattleHymn","SignatureMove","Halt+1","ForeignInfluence","Vengeance"],"picked":"Singing Bowl","floor":36},{"not_picked":["Meditate","FollowUp+1","Halt","Prostrate","Crescendo"],"picked":"Singing Bowl","floor":38},{"not_picked":["Protect","PathToVictory","MostiFishMod:Adaptation","CutThroughFate+1","Worship"],"picked":"Singing Bowl","floor":39},{"not_picked":["Evaluate","Tantrum","CarveReality","CutThroughFate","SashWhip+1"],"picked":"Singing Bowl","floor":41},{"not_picked":["CutThroughFate","Evaluate","ClearTheMind","SpiritShield","BowlingBash"],"picked":"Singing Bowl","floor":46},{"not_picked":["Swivel","FlurryOfBlows","Nirvana","FlyingSleeves","Evaluate+1"],"picked":"Singing Bowl","floor":47},{"not_picked":["Halt","Prostrate+1","Consecrate","Fasting2+1","SignatureMove"],"picked":"Singing Bowl","floor":47},{"not_picked":["ThirdEye","MostiFishMod:Clarity","MostiFishMod:StarLaLaLa","Perseverance+1","FlyingSleeves"],"picked":"Singing Bowl","floor":47},{"not_picked":["CutThroughFate","JustLucky","MostiFishMod:LegendTransform","Crescendo","FlyingSleeves"],"picked":"Singing Bowl","floor":47},{"not_picked":["Indignation","EmptyBody","MostiFishMod:ScryFuture","ThirdEye","EmptyFist"],"picked":"Singing Bowl","floor":47},{"not_picked":["Evaluate","Indignation","CarveReality+1","CrushJoints+1","Blasphemy"],"picked":"Singing Bowl","floor":49},{"not_picked":["FlyingSleeves+1","EmptyBody","MostiFishMod:FlowState","Sanctity","SignatureMove+1"],"picked":"Singing Bowl","floor":55}],"player_experience":1496124,"relics_obtained":[{"floor":1.0,"key":"SynthV:TestCard"},{"floor":6.0,"key":"Turnip"},{"floor":8.0,"key":"White Beast Statue"},{"floor":11.0,"key":"Gremlin Horn"},{"floor":13.0,"key":"testmod-Motorcycle"},{"floor":24,"key":"Bag of Marbles"},{"floor":26,"key":"MealTicket"},{"floor":27,"key":"Darkstone Periapt"},{"floor":30,"key":"Smiling Mask"},{"floor":36,"key":"CloakClasp"},{"floor":41,"key":"Dream Catcher"},{"floor":43,"key":"Pantograph"},{"floor":46,"key":"Omamori"},{"floor":48,"key":"Molten Egg 2"},{"floor":55,"key":"testmod-BalancedPeriapt"}],"event_choices":[{"cards_removed":["Defend_P"],"damage_healed":0.0,"max_hp_gain":0.0,"max_hp_loss":0.0,"gold_gain":0.0,"event_name":"Golden Wing","player_choice":"Card Removal","floor":2.0,"gold_loss":0.0,"damage_taken":7.0},{"damage_healed":0.0,"max_hp_gain":0.0,"max_hp_loss":0.0,"gold_gain":0.0,"event_name":"The Woman in Blue","player_choice":"Bought 0 Potions","floor":3.0,"gold_loss":0.0,"damage_taken":0.0},{"damage_healed":0.0,"max_hp_gain":0.0,"max_hp_loss":0.0,"gold_gain":0.0,"event_name":"Scrap Ooze","player_choice":"Success","floor":12.0,"gold_loss":0.0,"damage_taken":26.0,"relics_obtained":["Vajra"]},{"damage_healed":0,"gold_gain":270,"player_choice":"GOLD GOLD GOLD ","damage_taken":27,"max_hp_gain":0,"max_hp_loss":0,"event_name":"Knowing Skull","floor":20,"potions_obtained":[],"gold_loss":0,"cards_obtained":[]},{"damage_healed":0,"gold_gain":0,"player_choice":"Opened","damage_taken":0,"relics_obtained":["Letter Opener"],"max_hp_gain":0,"max_hp_loss":0,"event_name":"The Mausoleum","floor":28,"gold_loss":0,"cards_obtained":["Writhe"]},{"damage_healed":0,"gold_gain":0,"player_choice":"Fight","damage_taken":0,"max_hp_gain":0,"max_hp_loss":0,"event_name":"Mysterious Sphere","floor":36,"gold_loss":0},{"damage_healed":0,"gold_gain":0,"cards_transformed":["Strike_P"],"player_choice":"Transformed","damage_taken":0,"max_hp_gain":0,"max_hp_loss":0,"event_name":"Transmorgrifier","floor":37,"gold_loss":0,"cards_obtained":["WaveOfTheHand"]},{"damage_healed":0,"gold_gain":400,"player_choice":"Sell","damage_taken":0,"max_hp_gain":0,"max_hp_loss":0,"event_name":"恩洛斯的盘子","floor":44,"relics_lost":["DaveBox"],"gold_loss":0},{"damage_healed":0,"gold_gain":0,"player_choice":"Swap Relic","damage_taken":0,"relics_obtained":["Orrery"],"max_hp_gain":0,"max_hp_loss":0,"event_name":"给自己的盒子","floor":47,"relics_lost":["Orrery"],"gold_loss":0}],"is_beta":false,"boss_relics":[{"not_picked":["Calling Bell","testmod-DreamHouse"],"picked":"testmod-Recursion"},{"not_picked":["SlaversCollar","FixedStarFall"],"picked":"PatriotShield"}],"items_purged_floors":[21,31],"is_endless":false,"potions_floor_spawned":[4,6,10,11,13,14,16,18,19,22,24,27,29,30,33,35,36,38,39,41,46,55],"ascension_level":20}}