{"host":"bq4pt811tk9yrmjl","time":1611974716,"event":{"mods":["AchievementEnabler","BaseMod","Colored Map","Colored Powertips","Defuse TimeMaze Blight","Hermit","Minty Spire (QoL Compilation)","StSLib","SuperFastMode"],"gold_per_floor":[111,111,137,155,155,155,182,202,277,277,289,300,334,354,354,354,354],"floor_reached":16,"language":"ENG","playtime":335,"items_purged":[],"score":144,"play_id":"3f9217cc-0d65-4191-90f7-82a8b2e41365","local_time":"20210130004516","is_ascension_mode":true,"campfire_choices":[{"data":"hermit:Covet","floor":6,"key":"SMITH"},{"data":"hermit:CalledShot","floor":15,"key":"SMITH"}],"circlet_count":0,"master_deck":["hermit:Strike_Hermit","hermit:Strike_Hermit","hermit:Strike_Hermit","hermit:Strike_Hermit","hermit:Defend_Hermit","hermit:Defend_Hermit","hermit:Defend_Hermit","hermit:Defend_Hermit","hermit:Snapshot+1","hermit:Covet+1","hermit:Deadeye","hermit:CalledShot+1","hermit:Quickdraw+1","hermit:Determination"],"relics":["hermit:Momento","NeowsBlessing","The Courier","Molten Egg 2","Orichalcum"],"acts_visited":["Exordium"],"potions_floor_usage":[11,13,16],"damage_taken":[{"damage":0,"enemies":"2 Louse","floor":1,"turns":1},{"damage":0,"enemies":"Jaw Worm","floor":4,"turns":1},{"damage":0,"enemies":"Gremlin Nob","floor":7,"turns":1},{"damage":0,"enemies":"Small Slimes","floor":8,"turns":3},{"damage":2,"enemies":"Blue Slaver","floor":11,"turns":2},{"damage":0,"enemies":"Large Slime","floor":12,"turns":4},{"damage":23,"enemies":"3 Sentries","floor":13,"turns":9},{"damage":9,"enemies":"Exordium Wildlife","floor":14,"turns":5},{"damage":41,"enemies":"The Guardian","floor":16,"turns":13}],"seed_played":"4456900699359470339","potions_obtained":[{"floor":4,"key":"Fire Potion"},{"floor":7,"key":"SkillPotion"},{"floor":13,"key":"SmokeBomb"},{"floor":14,"key":"PowerPotion"}],"is_trial":false,"path_per_floor":["M","?","T","M","?","R","E","M","T","?","M","M","E","M","R","B"],"character_chosen":"HERMIT","items_purchased":[],"campfire_rested":0,"item_purchase_floors":[],"current_hp_per_floor":[75,75,75,75,75,75,75,75,75,75,73,73,50,41,41,0,0],"gold":354,"neow_bonus":"THREE_ENEMY_KILL","is_daily":false,"chose_seed":false,"campfire_upgraded":2,"win_rate":0.0,"timestamp":1611974716,"path_taken":["M","?","?","M","?","R","E","M","T","?","M","?","E","M","R","BOSS"],"items_purchased_type":[],"build_version":"2020-12-22","purchased_purges":0,"victory":false,"max_hp_per_floor":[75,75,75,75,75,75,75,75,75,75,75,75,75,75,75,75,75],"card_choices":[{"not_picked":["hermit:Quickdraw","hermit:Glare","hermit:TrackingShot"],"picked":"SKIP","floor":1},{"not_picked":["hermit:Virtue","hermit:TrackingShot","hermit:HoleUp"],"picked":"SKIP","floor":4},{"not_picked":["hermit:HighCaliber","hermit:Misfire"],"picked":"hermit:Deadeye","floor":7},{"not_picked":["hermit:Dive","hermit:BodyArmor"],"picked":"hermit:CalledShot","floor":8},{"not_picked":["hermit:BodyArmor","hermit:Snipe"],"picked":"hermit:Quickdraw+1","floor":11},{"not_picked":["hermit:Magnum+1","hermit:Midnight","hermit:SprayPray+1"],"picked":"SKIP","floor":12},{"not_picked":["hermit:TakeCover","hermit:CalledShot+1"],"picked":"hermit:Determination","floor":13},{"not_picked":["hermit:Showdown+1","hermit:Quickdraw+1","hermit:LuckOfTheDraw"],"picked":"SKIP","floor":14}],"player_experience":284153,"relics_obtained":[{"floor":7,"key":"The Courier"},{"floor":9,"key":"Molten Egg 2"},{"floor":13,"key":"Orichalcum"}],"event_choices":[{"damage_healed":0,"gold_gain":0,"player_choice":"Grow","damage_taken":0,"max_hp_gain":0,"max_hp_loss":0,"event_name":"Living Wall","floor":2,"gold_loss":0,"cards_upgraded":["hermit:Snapshot"]},{"damage_healed":0,"gold_gain":0,"player_choice":"Ignored","damage_taken":0,"max_hp_gain":0,"max_hp_loss":0,"event_name":"Shining Light","floor":5,"gold_loss":0},{"damage_healed":0,"gold_gain":0,"player_choice":"Leave","damage_taken":0,"max_hp_gain":0,"max_hp_loss":0,"event_name":"The Cleric","floor":10,"gold_loss":0}],"is_beta":false,"boss_relics":[],"items_purged_floors":[],"is_endless":false,"potions_floor_spawned":[4,7,13,14],"killed_by":"The Guardian","ascension_level":1}}