{"host":"rq7gz685gkaokql0","time":1611970854,"event":{"mods":["BaseMod","Hubris","Infinite Spire","Minty Spire (QoL Compilation)","Replay The Spire","StSLib"],"gold_per_floor":[115,115,129,129,149,149,165,179,179,205,285,285,313,326,326,326,326],"floor_reached":16,"language":"ENG","playtime":1436,"items_purged":[],"score":224,"play_id":"0612f7a1-81f1-484e-acc2-412da9a17664","local_time":"20210129154054","is_ascension_mode":true,"campfire_choices":[{"data":"hubris:SharpeningStone","floor":6,"key":"SMITH"},{"data":"Flame Barrier","floor":12,"key":"SMITH"},{"floor":15,"key":"DIG"}],"circlet_count":0,"master_deck":["AscendersBane","Strike_R","Strike_R","Strike_R","Strike_R","Strike_R","Defend_R","Defend_R","Defend_R+1","Defend_R+1","Bash","ReplayTheSpireMod:Muscle Training","hubris:SharpeningStone+1","Pommel Strike","Iron Wave","Flame Barrier+1","Sever Soul","Whirlwind","infinitespire:OneForAll"],"relics":["Burning Blood","NeowsBlessing","Nunchaku","hubris:Towel","War Paint","ReplayTheSpireMod:Shallot","Another Sword","Toxic Egg 2"],"acts_visited":["Exordium"],"potions_floor_usage":[10,13,16,16],"damage_taken":[{"damage":0,"enemies":"2 Louse","floor":1,"turns":1},{"damage":0,"enemies":"Jaw Worm","floor":3,"turns":1},{"damage":0,"enemies":"Cultist","floor":5,"turns":1},{"damage":7,"enemies":"3 Louse","floor":7,"turns":3},{"damage":13,"enemies":"Exordium Wildlife","floor":8,"turns":4},{"damage":24,"enemies":"Lagavulin","floor":10,"turns":5},{"damage":30,"enemies":"3 Sentries","floor":13,"turns":11},{"damage":2,"enemies":"Gremlin Gang","floor":14,"turns":2},{"damage":18,"enemies":"The Guardian","floor":16,"turns":4}],"seed_played":"-4609063315514025955","potions_obtained":[{"floor":1,"key":"SteroidPotion"},{"floor":3,"key":"Reflective Coating"},{"floor":13,"key":"DistilledChaos"},{"floor":14,"key":"AttackPotion"}],"is_trial":false,"path_per_floor":["M","?","M","?","M","R","M","M","T","E","?","R","E","M","R","B"],"character_chosen":"IRONCLAD","items_purchased":[],"campfire_rested":0,"item_purchase_floors":[],"current_hp_per_floor":[74,74,75,75,75,75,74,67,67,49,49,49,25,29,29,11,11],"gold":326,"neow_bonus":"THREE_ENEMY_KILL","is_daily":false,"chose_seed":false,"campfire_upgraded":2,"win_rate":0.0,"timestamp":1611970854,"path_taken":["M","?","M","?","?","R","M","M","T","E","?","R","E","M","R","BOSS"],"items_purchased_type":[],"build_version":"2020-12-22","purchased_purges":0,"victory":false,"max_hp_per_floor":[75,75,75,75,75,75,75,75,75,75,75,75,75,75,75,75,75],"card_choices":[{"not_picked":["Body Slam","Iron Wave"],"picked":"ReplayTheSpireMod:Muscle Training","floor":1},{"not_picked":["Run Through","Massacre"],"picked":"hubris:SharpeningStone","floor":3},{"not_picked":["Body Slam","Havoc"],"picked":"Pommel Strike","floor":5},{"not_picked":["hubris:ReadiedAction","Anger"],"picked":"Iron Wave","floor":7},{"not_picked":["Warcry","Twin Strike"],"picked":"Flame Barrier","floor":8},{"not_picked":["Sentinel","Wild Strike"],"picked":"Sever Soul","floor":10},{"not_picked":["Havoc","hubris:CleavingFinish"],"picked":"Whirlwind","floor":13},{"not_picked":["Feel No Pain","Thunderclap"],"picked":"infinitespire:OneForAll","floor":14}],"player_experience":1217823,"relics_obtained":[{"floor":2,"key":"Nunchaku"},{"floor":9,"key":"War Paint"},{"floor":10,"key":"ReplayTheSpireMod:Shallot"},{"floor":13,"key":"Another Sword"},{"floor":15,"key":"Toxic Egg 2"}],"event_choices":[{"damage_healed":0,"gold_gain":80,"player_choice":"Gained Gold","damage_taken":0,"max_hp_gain":0,"max_hp_loss":0,"event_name":"Golden Wing","floor":11,"gold_loss":0}],"is_beta":false,"boss_relics":[],"items_purged_floors":[],"is_endless":false,"potions_floor_spawned":[1,3,13,14],"killed_by":"The Guardian","ascension_level":20}}