{"host":"r7z4an43h95gvocz","time":1611976806,"event":{"mods":["AchievementEnabler","BaseMod","Colored Map","Colored Powertips","Downfall","Minty Spire (QoL Compilation)","Replay The Spire","StSLib"],"gold_per_floor":[111,124,136,154,154,179,179,191,191,218,251,251,251,261,261,261,261],"floor_reached":16,"language":"ENG","playtime":831,"items_purged":[],"score":140,"play_id":"24269756-e801-4c89-bbc3-f72068efc3ff","local_time":"20210129192006","is_ascension_mode":true,"campfire_choices":[{"data":"Defend_R","floor":7,"key":"SMITH"},{"floor":12,"key":"REST"},{"floor":15,"key":"DIG"}],"circlet_count":0,"master_deck":["Strike_R","Strike_R","Strike_R","Defend_R","Defend_R","Defend_R","Defend_R+1","Bash","Clothesline","ReplayTheSpireMod:Strike From Hell","Pommel Strike","Run Through","ReplayTheSpireMod:Stacked","Metallicize"],"relics":["Burning Blood","Question Card","Darkstone Periapt","Odd Mushroom","Shovel","Mercury Hourglass"],"acts_visited":["Exordium"],"potions_floor_usage":[8],"damage_taken":[{"damage":6,"enemies":"2 Louse","floor":1,"turns":3},{"damage":3,"enemies":"Small Slimes","floor":2,"turns":3},{"damage":4,"enemies":"Jaw Worm","floor":3,"turns":4},{"damage":24,"enemies":"Lots of Slimes","floor":4,"turns":4},{"damage":42,"enemies":"3 Sentries","floor":6,"turns":9},{"damage":0,"enemies":"Large Slime","floor":8,"turns":5},{"damage":17,"enemies":"The Mushroom Lair","floor":10,"turns":5},{"damage":28,"enemies":"Gremlin Nob","floor":11,"turns":5},{"damage":0,"enemies":"Exordium Wildlife","floor":14,"turns":7},{"damage":49,"enemies":"Fading Forest","floor":16,"turns":9}],"seed_played":"-7963880765264609635","potions_obtained":[{"floor":2,"key":"hexamod:SoulburnPotion"},{"floor":6,"key":"Regen Potion"},{"floor":8,"key":"ElixirPotion"}],"is_trial":false,"path_per_floor":["M","M","M","M","?","E","R","M","T","?","E","R","?","M","R_BF","B"],"character_chosen":"IRONCLAD","items_purchased":[],"campfire_rested":1,"item_purchase_floors":[],"current_hp_per_floor":[80,80,80,62,62,26,26,46,46,35,13,37,30,36,36,0,0],"gold":261,"neow_bonus":"RANDOM_COLORLESS","is_daily":false,"chose_seed":false,"campfire_upgraded":1,"win_rate":0.0,"timestamp":1611976806,"path_taken":["M","M","M","M","?","E","R","M","T","?","E","R","?","?","R_BF","BOSS"],"items_purchased_type":[],"build_version":"2020-12-22","purchased_purges":0,"victory":false,"max_hp_per_floor":[80,80,80,80,80,80,80,80,80,80,80,80,80,80,80,80,80],"card_choices":[{"not_picked":["Perfected Strike","Havoc"],"picked":"Clothesline","floor":1},{"not_picked":["Berserk","Whirlwind"],"picked":"ReplayTheSpireMod:Strike From Hell","floor":2},{"not_picked":["Dark Embrace","ReplayTheSpireMod:Corrosion Curse"],"picked":"Pommel Strike","floor":3},{"not_picked":["Iron Wave","Intimidate"],"picked":"Run Through","floor":4},{"not_picked":["Wild Strike","Run Through","Eclipse"],"picked":"SKIP","floor":6},{"not_picked":["Massacre","ReplayTheSpireMod:Strike From Hell","Infernal Blade"],"picked":"ReplayTheSpireMod:Stacked","floor":8},{"not_picked":["Second Wind","Iron Wave","Armaments"],"picked":"Metallicize","floor":10},{"not_picked":["Dual Wield","Run Through","Havoc","Pommel Strike"],"picked":"SKIP","floor":11},{"not_picked":["Dark Embrace","Clothesline","Clash","Armaments"],"picked":"SKIP","floor":14}],"player_experience":445473,"relics_obtained":[{"floor":6,"key":"Question Card"},{"floor":9,"key":"Darkstone Periapt"},{"floor":10,"key":"Odd Mushroom"},{"floor":11,"key":"Shovel"},{"floor":15,"key":"Mercury Hourglass"}],"event_choices":[{"damage_healed":0,"gold_gain":0,"player_choice":"Fought Mushrooms","damage_taken":0,"max_hp_gain":0,"max_hp_loss":0,"event_name":"Mushrooms","floor":10,"gold_loss":0},{"cards_removed":["Strike_R"],"damage_healed":0,"gold_gain":0,"player_choice":"Card Removal","damage_taken":7,"max_hp_gain":0,"max_hp_loss":0,"event_name":"Golden Wing","floor":13,"gold_loss":0}],"is_beta":false,"boss_relics":[],"items_purged_floors":[],"is_endless":false,"potions_floor_spawned":[2,6,8],"killed_by":"Fading Forest","ascension_level":5}}