{"host":"uclt3t1usqzz4m5p","time":1611995093,"event":{"mods":["AchievementEnabler","BaseMod","Better Altar","Better Match","Better Sensory Stone","Better Skull","Better Third Choice","Booster Modes","Card Forge","Colored Powertips","Displayed Cursed Tome","Downfall","GifTheSpireLib","Gremlin Skip","Minty Spire (QoL Compilation)","Permanent Neow","Quick Restart","StSLib","SuperFastMode"],"gold_per_floor":[219,239,239,254,2,2,33,33,33,33,49,49,75,85,85,190,190,206,131,131,131,157,157,185,201,228,247,266,266,291,309,309,407,407,418,418,418,428,448,448,32,49,49,62,87,87,117,17,17,17,17],"floor_reached":50,"language":"ENG","playtime":3480,"items_purged":["Well Laid Plans","Strike_G"],"score":604,"play_id":"680ad9a4-65f2-4b6d-873c-0103a9a1a2bd","local_time":"20210130002453","is_ascension_mode":true,"campfire_choices":[{"data":"Footwork","floor":6,"key":"SMITH"},{"data":"Footwork","floor":8,"key":"SMITH"},{"data":"Poisoned Stab","floor":10,"key":"SMITH"},{"data":"Neutralize","floor":12,"key":"SMITH"},{"data":"All Out Attack","floor":15,"key":"SMITH"},{"data":"Writhe","floor":23,"key":"PURGE"},{"data":"Bouncing Flask","floor":32,"key":"SMITH"},{"data":"Wraith Form v2","floor":40,"key":"SMITH"},{"data":"Endless Agony","floor":46,"key":"PURGE"},{"floor":49,"key":"REST"}],"circlet_count":0,"master_deck":["Strike_G","Defend_G","Defend_G","Defend_G+1","Defend_G+1","Defend_G","Survivor","Neutralize+1","Dash","Poisoned Stab+1","Footwork+1","Backflip","Footwork+1","Flying Knee","Quick Slash","Acrobatics","Prepared","Predator","All Out Attack+1","Quick Slash","Adrenaline","Deadly Poison","After Image","Crippling Poison+1","Backflip","PiercingWail","Bouncing Flask+1","Catalyst+1","Wraith Form v2+1","Acrobatics","Burst","Prepared","Guardian:SentryBeam"],"relics":["Ring of the Serpent","Hammer of Thor","Seething Fire","Anvil of the Gods","Art of War","Meat on the Bone","Matryoshka","War Paint","Tiny Chest","Orichalcum","Tough Bandages","Pen Nib","Peace Pipe","PreservedInsect","Potion Belt","Blood Vial","Omamori","Runic Pyramid","Regal Pillow","PrismaticShard","Toxic Egg 2","Lantern"],"acts_visited":["Exordium","TheCity","TheBeyond"],"potions_floor_usage":[14,24,24,44,50,50],"damage_taken":[{"damage":0,"enemies":"Cultist","floor":1,"turns":4},{"damage":0,"enemies":"Jaw Worm","floor":2,"turns":4},{"damage":0,"enemies":"Small Slimes","floor":4,"turns":2},{"damage":22,"enemies":"3 Sentries","floor":7,"turns":9},{"damage":9,"enemies":"Blue Slaver","floor":11,"turns":3},{"damage":5,"enemies":"Lagavulin","floor":13,"turns":8},{"damage":7,"enemies":"Large Slime","floor":14,"turns":5},{"damage":32,"enemies":"Hexaghost","floor":16,"turns":15},{"damage":12,"enemies":"Spheric Guardian","floor":18,"turns":6},{"damage":11,"enemies":"Slavers","floor":24,"turns":4},{"damage":5,"enemies":"Shell Parasite","floor":25,"turns":6},{"damage":11,"enemies":"Shelled Parasite and Fungi","floor":27,"turns":5},{"damage":5,"enemies":"Cultist and Chosen","floor":28,"turns":7},{"damage":8,"enemies":"Book of Stabbing","floor":30,"turns":6},{"damage":0,"enemies":"Centurion and Healer","floor":31,"turns":7},{"damage":37,"enemies":"Automaton","floor":33,"turns":9},{"damage":19,"enemies":"3 Darklings","floor":35,"turns":10},{"damage":13,"enemies":"3 Shapes","floor":38,"turns":4},{"damage":15,"enemies":"Sphere and 2 Shapes","floor":39,"turns":8},{"damage":23,"enemies":"Spire Growth","floor":42,"turns":6},{"damage":12,"enemies":"3 Darklings","floor":44,"turns":5},{"damage":3,"enemies":"Giant Head","floor":45,"turns":5},{"damage":1,"enemies":"Nemesis","floor":47,"turns":5},{"damage":101,"enemies":"Awakened One","floor":50,"turns":15}],"seed_played":"-6931290758430833214","potions_obtained":[{"floor":1,"key":"FairyPotion"},{"floor":2,"key":"DuplicationPotion"},{"floor":4,"key":"CunningPotion"},{"floor":18,"key":"PowerPotion"},{"floor":27,"key":"BlessingOfTheForge"},{"floor":33,"key":"Regen Potion"},{"floor":35,"key":"ColorlessPotion"},{"floor":44,"key":"SpeedPotion"},{"floor":45,"key":"ColorlessPotion"},{"floor":47,"key":"PowerPotion"}],"is_trial":false,"path_per_floor":["M","M","?","M","$","R","E","R","T","R","M","R","E","M","R","B",null,"M","?","?","T","T","R","E","M","T","M","M","?","E","M","R","B",null,"M","?","T","M","M","R","$","M","T","M","E","R","E","$","R","B"],"character_chosen":"THE_SILENT","items_purchased":["Backflip","Footwork","Flying Knee","Quick Slash","Acrobatics","Burst","Prepared","PrismaticShard"],"campfire_rested":1,"item_purchase_floors":[5,5,5,5,5,41,41,41],"current_hp_per_floor":[70,70,33,45,45,45,35,35,35,35,38,38,45,38,38,18,70,58,58,58,58,58,58,47,42,42,45,42,42,36,38,38,15,70,51,51,51,40,39,39,39,30,30,32,43,43,44,44,70,0,0],"gold":17,"neow_bonus":"HUNDRED_GOLD","is_daily":false,"chose_seed":false,"campfire_upgraded":7,"win_rate":0.0,"timestamp":1611995093,"path_taken":["M","M","?","M","$","R","E","R","T","R","M","R","E","M","R","BOSS","M","?","?","?","?","R","E","?","T","M","M","?","E","M","R","BOSS","M","?","?","M","M","R","$","M","T","M","E","R","E","$","R","BOSS"],"items_purchased_type":["Card","Card","Card","Card","Card","Card","Card","Relic"],"build_version":"2020-12-22","purchased_purges":2,"victory":false,"max_hp_per_floor":[70,70,70,70,70,70,70,70,70,70,70,70,70,70,70,70,70,70,70,70,70,70,70,70,70,70,70,70,70,70,70,70,70,70,70,70,70,70,70,70,70,70,70,70,70,70,70,70,70,70,70],"card_choices":[{"not_picked":["Blur","Underhanded Strike"],"picked":"Dash","floor":1},{"not_picked":["Infinite Blades","Skewer"],"picked":"Poisoned Stab","floor":2},{"not_picked":["Catalyst","Well Laid Plans"],"picked":"Footwork","floor":4},{"not_picked":["Flying Knee","Acrobatics"],"picked":"Prepared","floor":7},{"not_picked":["Underhanded Strike","Skewer"],"picked":"Predator","floor":11},{"not_picked":["Eviscerate","Doppelganger"],"picked":"All Out Attack","floor":13},{"not_picked":["Heel Hook","Concentrate"],"picked":"Quick Slash","floor":14},{"not_picked":["Envenom","Tools of the Trade"],"picked":"Adrenaline","floor":16},{"not_picked":["Footwork","Bane+1"],"picked":"Deadly Poison","floor":18},{"not_picked":["Endless Agony+1","Accuracy"],"picked":"After Image","floor":24},{"not_picked":["Dagger Throw","Underhanded Strike"],"picked":"Crippling Poison+1","floor":25},{"not_picked":["Poisoned Stab","Endless Agony"],"picked":"Backflip","floor":27},{"not_picked":["Riddle With Holes","Sucker Punch"],"picked":"PiercingWail","floor":28},{"not_picked":["Dagger Spray","Deflect"],"picked":"Well Laid Plans","floor":30},{"not_picked":["Footwork","Distraction+1"],"picked":"Catalyst+1","floor":31},{"not_picked":["Grand Finale","Malaise"],"picked":"Wraith Form v2","floor":33},{"not_picked":["Flying Knee+1","Catalyst+1"],"picked":"Acrobatics","floor":35},{"not_picked":["Sucker Punch","Blade Dance","Choke+1"],"picked":"SKIP","floor":38},{"not_picked":["Poisoned Stab","Deadly Poison+1","Riddle With Holes+1"],"picked":"SKIP","floor":39},{"not_picked":["Outmaneuver+1","bronze:Return","Dagger Throw+1"],"picked":"SKIP","floor":42},{"not_picked":["Quick Slash+1","Slimebound:Schlurp+1"],"picked":"Guardian:SentryBeam","floor":44},{"not_picked":["sneckomod:RainOfDice","Eviscerate+1","Slimebound:Schlurp+1"],"picked":"SKIP","floor":45},{"not_picked":["bronze:ChildClass+1","Guardian:PolyBeam+1","Searing Blow"],"picked":"SKIP","floor":47}],"player_experience":638154,"relics_obtained":[{"floor":7,"key":"Matryoshka"},{"floor":9,"key":"War Paint"},{"floor":9,"key":"Tiny Chest"},{"floor":13,"key":"Orichalcum"},{"floor":21,"key":"Pen Nib"},{"floor":21,"key":"Peace Pipe"},{"floor":22,"key":"PreservedInsect"},{"floor":24,"key":"Potion Belt"},{"floor":26,"key":"Blood Vial"},{"floor":30,"key":"Omamori"},{"floor":37,"key":"Regal Pillow"},{"floor":43,"key":"Toxic Egg 2"},{"floor":45,"key":"Lantern"}],"event_choices":[{"damage_healed":0,"gold_gain":1,"player_choice":"Relic Relic ","damage_taken":37,"max_hp_gain":0,"max_hp_loss":0,"event_name":"betterThird:BetterScrap","floor":3,"gold_loss":0,"cards_obtained":["Rage"]},{"cards_removed":["Strike_G"],"damage_healed":0,"gold_gain":0,"player_choice":"Gave Gold","damage_taken":0,"max_hp_gain":0,"max_hp_loss":0,"event_name":"Beggar","floor":19,"gold_loss":75},{"damage_healed":0,"gold_gain":0,"player_choice":"Opened","damage_taken":0,"relics_obtained":["Tough Bandages"],"max_hp_gain":0,"max_hp_loss":0,"event_name":"The Mausoleum","floor":20,"gold_loss":0,"cards_obtained":["Writhe"]},{"damage_healed":0,"gold_gain":0,"cards_transformed":["Strike_G","Strike_G"],"player_choice":"Became Test Subject","damage_taken":0,"max_hp_gain":0,"max_hp_loss":0,"event_name":"Drug Dealer","floor":29,"gold_loss":0,"cards_obtained":["Endless Agony","Bouncing Flask"]},{"damage_healed":0,"gold_gain":0,"player_choice":"Ignored","damage_taken":0,"max_hp_gain":0,"max_hp_loss":0,"event_name":"Mysterious Sphere","floor":36,"gold_loss":0}],"is_beta":false,"boss_relics":[{"not_picked":["Calling Bell","Fusion Hammer"],"picked":"Ring of the Serpent"},{"not_picked":["SacredBark","Black Star"],"picked":"Runic Pyramid"}],"items_purged_floors":[41,48],"is_endless":false,"potions_floor_spawned":[1,2,4,18,27,33,35,44,45,47],"killed_by":"Awakened One","ascension_level":1}}