{"host":"6qo42zgaknezulyg","time":1611977017,"event":{"mods":["2.2 Compatiblity","BaseMod","Faster Ascension Climbing","Keyboard Shortcuts","Minty Spire (QoL Compilation)","Permanent Neow","Quick Restart","StSLib","SuperFastMode","The Dragon Tamer"],"gold_per_floor":[110,129,54,329,32,59,59,69,69,103,103,115,115,135,135,212,212,226,141,157,176,190,190,215,215,215,140,170,187,187,187,187,264,264,279,304,349,106,122,122,172,172,172,202,202,202,222,51,51,51,51],"floor_reached":52,"language":"ENG","playtime":3505,"items_purged":["DTMod:Strike","Regret"],"score":1927,"play_id":"0ff9b688-f4a8-40fe-9d4a-9007ff4289fd","local_time":"20210130122337","is_ascension_mode":true,"metric_token":659,"campfire_choices":[{"data":"Apotheosis","floor":7.0,"key":"SMITH"},{"data":"DTMod:MagiciansMark","floor":11.0,"key":"SMITH"},{"data":"DTMod:Outburst","floor":15.0,"key":"SMITH"},{"floor":23.0,"key":"REST"},{"floor":25.0,"key":"REST"},{"floor":30.0,"key":"REST"},{"floor":32.0,"key":"DIG"},{"floor":40.0,"key":"REST"},{"data":"DTMod:WarmUp","floor":46.0,"key":"SMITH"},{"floor":49.0,"key":"REST"}],"dtmod_dragon_data":[25,54,2,0,4,0],"circlet_count":0,"master_deck":["AscendersBane","DTMod:DoubleHit","DTMod:TargetDefense","DTMod:TargetDefense","DTMod:TargetDefense","DTMod:TargetDefense","DTMod:SwitchingTactic","DTMod:SneakAttack","Apotheosis+1","DTMod:StunTrap","DTMod:BurningForce","DTMod:EchoTactic+1","DTMod:MagicField","DTMod:Outburst+1","DTMod:TauntingStrike","DTMod:GearUp","DTMod:RecklessFlurry","DTMod:Threaten","DTMod:WarmUp+1","DTMod:Safeguard","DTMod:MaximumCharge","DTMod:MagicField+1","DTMod:CleansingStrike+1","DTMod:DragonDance","DTMod:ForkedFire+1","DTMod:LastStand"],"relics":["Sozu","Letter Opener","Pear","Eternal Feather","Black Star","StoneCalendar","DTMod:TacticalNote","Juzu Bracelet","Shovel","Matryoshka","Toy Ornithopter","Orichalcum","Velvet Choker","Calipers","Lizard Tail","DTMod:SwitchButton","DTMod:BasicTextbook","Mummified Hand","DTMod:SolidMemories","CaptainsWheel","War Paint"],"acts_visited":["Exordium","TheCity","TheBeyond"],"potions_floor_usage":[],"damage_taken":[{"damage":0.0,"enemies":"Small Slimes","floor":1.0,"turns":4.0},{"damage":0.0,"enemies":"Cultist","floor":2.0,"turns":3.0},{"damage":6.0,"enemies":"Gremlin Nob","floor":6.0,"turns":3.0},{"damage":0.0,"enemies":"2 Louse","floor":8.0,"turns":2.0},{"damage":2.0,"enemies":"3 Sentries","floor":10.0,"turns":5.0},{"damage":0.0,"enemies":"Blue Slaver","floor":12.0,"turns":2.0},{"damage":6.0,"enemies":"Large Slime","floor":14.0,"turns":6.0},{"damage":20.0,"enemies":"The Guardian","floor":16.0,"turns":8.0},{"damage":0.0,"enemies":"Spheric Guardian","floor":18.0,"turns":4.0},{"damage":25.0,"enemies":"2 Thieves","floor":20.0,"turns":3.0},{"damage":0.0,"enemies":"Centurion and Healer","floor":21.0,"turns":5.0},{"damage":0.0,"enemies":"Shelled Parasite and Fungi","floor":22.0,"turns":6.0},{"damage":0.0,"enemies":"Book of Stabbing","floor":24.0,"turns":4.0},{"damage":17.0,"enemies":"Gremlin Leader","floor":28.0,"turns":6.0},{"damage":15.0,"enemies":"Snake Plant","floor":29.0,"turns":4.0},{"damage":29.0,"enemies":"Automaton","floor":33.0,"turns":8.0},{"damage":0.0,"enemies":"3 Darklings","floor":35.0,"turns":4.0},{"damage":2.0,"enemies":"Mind Bloom Boss Battle","floor":36.0,"turns":6.0},{"damage":24.0,"enemies":"2 Orb Walkers","floor":37.0,"turns":4.0},{"damage":3.0,"enemies":"Orb Walker","floor":39.0,"turns":4.0},{"damage":0.0,"enemies":"Nemesis","floor":44.0,"turns":5.0},{"damage":32.0,"enemies":"Transient","floor":47.0,"turns":6.0},{"damage":24.0,"enemies":"Donu and Deca","floor":50.0,"turns":9.0},{"damage":49,"enemies":"Awakened One","floor":51,"turns":13}],"seed_played":"-1868288366957402502","potions_obtained":[],"is_trial":false,"path_per_floor":["M","M","$","?","$","E","R","M","T","E","R","M","?","M","R","B",null,"M","?","M","M","M","R","E","R","T","?","E","M","R","?","R","B",null,"M","?","?","$","M","R","?","?","T","E","?","R","M","$","R","B","B",null],"character_chosen":"THE_DT","items_purchased":["Apotheosis","DTMod:DragonDance","DTMod:SwitchButton","War Paint"],"campfire_rested":5,"item_purchase_floors":[5,38,38,48],"current_hp_per_floor":[37,37,37,37,37,31,31,31,41,39,48,48,48,42,51,31,46,46,46,21,21,21,48,48,51,51,51,34,19,46,46,51,22,44,44,42,18,18,15,45,45,45,45,45,45,51,19,19,49,25,8],"gold":51,"neow_bonus":"BOSS_RELIC","is_daily":false,"chose_seed":true,"campfire_upgraded":4,"win_rate":0.0,"timestamp":1611977017,"path_taken":["M","M","$","?","?","E","R","M","T","E","R","M","?","M","R","BOSS","M","?","M","M","M","R","E","R","T","?","E","M","R","?","R","BOSS","M","?","?","$","M","R","?","?","T","E","?","R","M","$","R","BOSS","BOSS"],"items_purchased_type":["Card","Card","Relic","Relic"],"build_version":"2020-12-22","purchased_purges":2,"victory":true,"max_hp_per_floor":[41,41,41,41,41,41,41,41,51,51,51,51,51,51,51,51,51,51,51,51,51,51,51,51,51,51,51,51,51,51,51,51,51,51,51,51,51,51,51,51,51,51,51,51,51,51,51,51,51,51,51],"card_choices":[{"not_picked":["DTMod:MagicField","DTMod:LowKick"],"picked":"DTMod:MagiciansMark","floor":1.0},{"not_picked":["DTMod:Conduct","DTMod:Training"],"picked":"DTMod:SneakAttack","floor":2.0},{"not_picked":["DTMod:Threaten","DTMod:RunningTactic"],"picked":"DTMod:StunTrap","floor":6.0},{"not_picked":["DTMod:TagTeam","DTMod:Hide"],"picked":"DTMod:BurningForce","floor":8.0},{"not_picked":["DTMod:BlazingStrike","DTMod:Conduct"],"picked":"DTMod:EchoTactic","floor":10.0},{"not_picked":["DTMod:CrossStep","DTMod:MasterPlan"],"picked":"DTMod:MagicField","floor":12.0},{"not_picked":["DTMod:BlazingStrike","DTMod:CalculatedDefense"],"picked":"DTMod:TauntingStrike","floor":14.0},{"not_picked":["DTMod:Multitask","DTMod:SealedStrike"],"picked":"DTMod:GearUp","floor":16.0},{"not_picked":["DTMod:BlazingStrike","DTMod:MagicField","DTMod:ComboAttack"],"picked":"SKIP","floor":18.0},{"not_picked":["DTMod:Weaken","DTMod:BlazingStrike"],"picked":"DTMod:RecklessFlurry","floor":20.0},{"not_picked":["DTMod:RunningTactic","DTMod:Haste","DTMod:BizarreTactic"],"picked":"SKIP","floor":21.0},{"not_picked":["DTMod:Dissolve","DTMod:BuildUp"],"picked":"DTMod:Threaten","floor":22.0},{"not_picked":["DTMod:MagicField","DTMod:FlameSlash"],"picked":"DTMod:WarmUp","floor":24.0},{"not_picked":["DTMod:CalculatedDefense","DTMod:InvisibleFlame","DTMod:ResonanceForm"],"picked":"SKIP","floor":28.0},{"not_picked":["DTMod:Weaken","DTMod:Cover","DTMod:Adaptation+1"],"picked":"SKIP","floor":29.0},{"not_picked":["DTMod:StunTrap","DTMod:RepeatStrike"],"picked":"DTMod:Safeguard","floor":33.0},{"not_picked":["DTMod:BlazingStrike","DTMod:Feint"],"picked":"DTMod:MaximumCharge","floor":35.0},{"not_picked":["DTMod:TagTeam","DTMod:Weaken"],"picked":"DTMod:MagicField","floor":36.0},{"not_picked":["DTMod:BlazingStrike","DTMod:Threaten"],"picked":"DTMod:CleansingStrike+1","floor":37.0},{"not_picked":["DTMod:Cover","DTMod:PurifyingFlame"],"picked":"DTMod:ForkedFire+1","floor":39.0},{"not_picked":["DTMod:Safeguard","DTMod:Cover"],"picked":"DTMod:LastStand","floor":44.0},{"not_picked":["DTMod:BurningEnergy","DTMod:BuildUp+1","DTMod:TagTeam"],"picked":"SKIP","floor":47.0}],"player_experience":739058,"relics_obtained":[{"floor":6.0,"key":"Letter Opener"},{"floor":9.0,"key":"Pear"},{"floor":10.0,"key":"Eternal Feather"},{"floor":24.0,"key":"DTMod:TacticalNote"},{"floor":24.0,"key":"Juzu Bracelet"},{"floor":26.0,"key":"Shovel"},{"floor":28.0,"key":"Matryoshka"},{"floor":28.0,"key":"Toy Ornithopter"},{"floor":32.0,"key":"Orichalcum"},{"floor":36.0,"key":"Calipers"},{"floor":37.0,"key":"Lizard Tail"},{"floor":43.0,"key":"DTMod:BasicTextbook"},{"floor":43.0,"key":"Mummified Hand"},{"floor":44.0,"key":"DTMod:SolidMemories"},{"floor":44.0,"key":"CaptainsWheel"}],"event_choices":[{"damage_healed":0.0,"max_hp_gain":0.0,"max_hp_loss":0.0,"gold_gain":275.0,"event_name":"Golden Shrine","player_choice":"Desecrate","floor":4.0,"gold_loss":0.0,"damage_taken":0.0,"cards_obtained":["Regret"]},{"damage_healed":0.0,"max_hp_gain":0.0,"max_hp_loss":0.0,"gold_gain":0.0,"cards_transformed":["DTMod:Strike"],"event_name":"Living Wall","player_choice":"Change","floor":13.0,"gold_loss":0.0,"damage_taken":0.0,"cards_obtained":["DTMod:Outburst"]},{"damage_healed":0.0,"max_hp_gain":0.0,"max_hp_loss":0.0,"gold_gain":0.0,"event_name":"Addict","player_choice":"Obtained Relic","floor":19.0,"gold_loss":85.0,"damage_taken":0.0,"relics_obtained":["StoneCalendar"]},{"cards_removed":["DTMod:Strike"],"damage_healed":0.0,"max_hp_gain":0.0,"max_hp_loss":0.0,"gold_gain":0.0,"event_name":"Beggar","player_choice":"Gave Gold","floor":27.0,"gold_loss":75.0,"damage_taken":0.0},{"cards_removed":["DTMod:Strike"],"damage_healed":0.0,"max_hp_gain":0.0,"max_hp_loss":0.0,"gold_gain":0.0,"event_name":"Bonfire Elementals","player_choice":"Offered Basic","floor":31.0,"gold_loss":0.0,"damage_taken":0.0},{"damage_healed":0.0,"max_hp_gain":0.0,"max_hp_loss":0.0,"gold_gain":0.0,"event_name":"MindBloom","player_choice":"Fight","floor":36.0,"gold_loss":0.0,"damage_taken":0.0},{"damage_healed":0.0,"max_hp_gain":0.0,"max_hp_loss":0.0,"gold_gain":0.0,"event_name":"Mysterious Sphere","player_choice":"Fight","floor":37.0,"gold_loss":0.0,"damage_taken":0.0},{"damage_healed":0.0,"max_hp_gain":0.0,"max_hp_loss":0.0,"gold_gain":50.0,"event_name":"Golden Shrine","player_choice":"Pray","floor":41.0,"gold_loss":0.0,"damage_taken":0.0},{"cards_removed":["DTMod:MagiciansMark"],"damage_healed":0.0,"max_hp_gain":0.0,"max_hp_loss":0.0,"gold_gain":0.0,"event_name":"Falling","player_choice":"Removed Attack","floor":42.0,"gold_loss":0.0,"damage_taken":0.0},{"damage_healed":0.0,"max_hp_gain":0.0,"max_hp_loss":0.0,"gold_gain":0.0,"event_name":"Tomb of Lord Red Mask","player_choice":"Ignored","floor":45.0,"gold_loss":0.0,"damage_taken":0.0}],"is_beta":false,"boss_relics":[{"not_picked":["Cursed Key","Coffee Dripper"],"picked":"Black Star"},{"not_picked":["Runic Pyramid","Pandora\u0027s Box"],"picked":"Velvet Choker"}],"items_purged_floors":[3,5],"is_endless":false,"potions_floor_spawned":[2,12,14,20,21,22,24,35,37,39,44],"ascension_level":20}}