{"host":"jumrmhf584hajrnz","time":1611998238,"event":{"mods":["BaseMod","Duelist Mod","GifTheSpireLib","Minty Spire (QoL Compilation)","Quick Restart","StSLib"],"gold_per_floor":[137,156,167,167,167,167,167],"floor_reached":6,"language":"ENG","playtime":223,"items_purged":[],"score":97,"play_id":"c6e84529-f4be-488c-a7ce-7ef12597350e","local_time":"20210130101718","is_ascension_mode":true,"campfire_choices":[],"circlet_count":0,"master_deck":["theDuelist:ArchfiendSoldier","theDuelist:ArchfiendSoldier","theDuelist:ArchfiendSoldier","AscendersBane","theDuelist:CastleWalls","theDuelist:CastleWalls","theDuelist:FiendMegacyber","theDuelist:Sparks","theDuelist:Sparks","theDuelist:SummonedSkull","theDuelist:FiendMegacyber","theDuelist:Lajinn","theDuelist:ArchfiendSoldier","theDuelist:GravekeeperCurse","theDuelist:TwinHeadedWolf"],"relics":["theDuelist:MillenniumPuzzle","theDuelist:CardPoolRelic","theDuelist:CardPoolBasicRelic","theDuelist:BoosterPackPoolRelic","theDuelist:CardPoolAddRelic","theDuelist:CardPoolMinusRelic","theDuelist:CardPoolSaveRelic","theDuelist:CardPoolOptionsRelic","NeowsBlessing","theDuelist:MillenniumRod"],"acts_visited":["Exordium"],"potions_floor_usage":[],"damage_taken":[{"damage":0,"enemies":"Small Slimes","floor":1,"turns":1},{"damage":0,"enemies":"2 Louse","floor":2,"turns":1},{"damage":0,"enemies":"Cultist","floor":3,"turns":1},{"damage":35,"enemies":"3 Sentries","floor":6,"turns":5}],"seed_played":"-365850994075738353","potions_obtained":[{"floor":1,"key":"theDuelist:SummonFuryPotion"}],"is_trial":false,"path_per_floor":["M","M","M","?","?","E"],"character_chosen":"THE_DUELIST","items_purchased":[],"campfire_rested":0,"item_purchase_floors":[],"current_hp_per_floor":[63,63,63,63,63,28,28],"gold":167,"neow_bonus":"THREE_ENEMY_KILL","is_daily":false,"chose_seed":false,"campfire_upgraded":0,"win_rate":0.0,"timestamp":1611998238,"path_taken":["M","M","M","?","?","E"],"items_purchased_type":[],"build_version":"2020-12-22","purchased_purges":0,"victory":false,"max_hp_per_floor":[70,70,70,70,70,70,70],"card_choices":[{"not_picked":["theDuelist:ArchfiendSoldier","theDuelist:UmbralHorrorGhost","theDuelist:DarkFusion","theDuelist:FlyingSaucer"],"picked":"theDuelist:FiendMegacyber","floor":1},{"not_picked":["theDuelist:FabledAshenveil","theDuelist:PortraitSecret","theDuelist:GrossGhost","theDuelist:EvilswarmNightmare"],"picked":"theDuelist:Lajinn","floor":2},{"not_picked":["theDuelist:SummonedSkull","theDuelist:CheerfulCoffin","theDuelist:DarkFusion","theDuelist:FlyingSaucer"],"picked":"theDuelist:ArchfiendSoldier","floor":3}],"player_experience":1631611,"relics_obtained":[],"event_choices":[{"damage_healed":0,"gold_gain":0,"player_choice":"Took item - Received: Millennium Rod","duelist":true,"damage_taken":0,"max_hp_gain":0,"max_hp_loss":0,"event_name":"Millennium Items","floor":4,"gold_loss":0},{"damage_healed":0,"gold_gain":0,"cards_transformed":["theDuelist:CastleWalls"],"player_choice":"Transformed","damage_taken":0,"max_hp_gain":0,"max_hp_loss":0,"event_name":"Transmorgrifier","floor":5,"gold_loss":0,"cards_obtained":["theDuelist:TwinHeadedWolf"]}],"is_beta":false,"boss_relics":[],"items_purged_floors":[],"is_endless":false,"potions_floor_spawned":[1],"killed_by":"3 Sentries","ascension_level":20}}