{"host":"usrgk25etjl0nf5i","time":1611984573,"event":{"mods":["2.2 Compatiblity","BaseMod","Downfall","Hubris","Minty Spire (QoL Compilation)","Permanent Neow","StSLib","SuperFastMode"],"gold_per_floor":[109,127,145,162,179,213,213,224,249,309,323,343,368,138,138,241,241,230,230,249,249,267,267,277,309,309,309,321,353,363,381,381,476,476,496,496,194,213,25,50,50,69,69,87,87,87],"floor_reached":45,"language":"ENG","playtime":2829,"items_purged":[],"score":895,"play_id":"37e35761-3a88-4b18-897f-4bf805a898b7","local_time":"20210129212933","is_ascension_mode":true,"campfire_choices":[{"data":"Footwork","floor":7,"key":"SMITH"},{"floor":15,"key":"REST"},{"data":"Wraith Form v2","floor":23,"key":"SMITH"},{"floor":27,"key":"REST"},{"floor":32,"key":"REST"},{"data":"Malaise","floor":41,"key":"SMITH"}],"circlet_count":0,"master_deck":["AscendersBane","Strike_G","Strike_G","Strike_G","Strike_G","Defend_G","Defend_G","Defend_G","Defend_G","Defend_G","Survivor","Neutralize","Footwork+1","Deadly Poison","Calculated Gamble","Bullet Time","Poisoned Stab","PiercingWail","Cloak And Dagger","Escape Plan","Malaise+1","PiercingWail","Phantasmal Killer","Footwork","Noxious Fumes","Wraith Form v2+1","Quick Slash","Outmaneuver","All Out Attack","FollowUp","Leg Sweep","Footwork","After Image","Infinite Blades","Noxious Fumes","Footwork","Footwork"],"relics":["Runic Pyramid","Sundial","sneckomod:BlankCard","MealTicket","The Courier","OrangePellets","WristBlade","hubris:DisguiseKit","hexamod:BolsterEngine","Regal Pillow","Sozu","Bag of Marbles","Lantern","Chemical X","Mercury Hourglass","Shovel"],"acts_visited":["Exordium","TheCity","TheBeyond"],"potions_floor_usage":[6,6,33,33],"damage_taken":[{"damage":0,"enemies":"Cultist","floor":1,"turns":4},{"damage":6,"enemies":"Jaw Worm","floor":2,"turns":4},{"damage":0,"enemies":"2 Louse","floor":3,"turns":4},{"damage":0,"enemies":"Looter","floor":4,"turns":5},{"damage":8,"enemies":"2 Fungi Beasts","floor":5,"turns":5},{"damage":0,"enemies":"Lagavulin","floor":6,"turns":7},{"damage":5,"enemies":"Blue Slaver","floor":8,"turns":5},{"damage":10,"enemies":"3 Sentries","floor":10,"turns":11},{"damage":7,"enemies":"Exordium Thugs","floor":11,"turns":6},{"damage":3,"enemies":"Looter","floor":12,"turns":3},{"damage":5,"enemies":"3 Sentries","floor":13,"turns":13},{"damage":6,"enemies":"Hexaghost","floor":16,"turns":11},{"damage":12,"enemies":"2 Thieves","floor":18,"turns":4},{"damage":25,"enemies":"3 Byrds","floor":20,"turns":8},{"damage":14,"enemies":"Snecko","floor":22,"turns":7},{"damage":4,"enemies":"Snake Plant","floor":24,"turns":6},{"damage":21,"enemies":"Gremlin Leader","floor":25,"turns":10},{"damage":7,"enemies":"Centurion and Healer","floor":28,"turns":8},{"damage":24,"enemies":"Book of Stabbing","floor":29,"turns":9},{"damage":11,"enemies":"Snecko","floor":30,"turns":5},{"damage":9,"enemies":"Shelled Parasite and Fungi","floor":31,"turns":6},{"damage":10,"enemies":"Champ","floor":33,"turns":15},{"damage":3,"enemies":"Orb Walker","floor":35,"turns":5},{"damage":4,"enemies":"3 Darklings","floor":38,"turns":8},{"damage":10,"enemies":"Giant Head","floor":40,"turns":10},{"damage":3,"enemies":"4 Shapes","floor":42,"turns":5},{"damage":4,"enemies":"Jaw Worm Horde","floor":44,"turns":6},{"damage":64,"enemies":"Reptomancer","floor":45,"turns":3}],"seed_played":"3992051660343570527","potions_obtained":[{"floor":3,"key":"Dexterity Potion"},{"floor":5,"key":"BlessingOfTheForge"},{"floor":10,"key":"Strength Potion"},{"floor":13,"key":"BlessingOfTheForge"}],"is_trial":false,"path_per_floor":["M","M","M","M","M","E","R","M","T","?","M","M","E","$","R","B",null,"M","?","M","?","M","R","M","E","T","R","M","E","M","M","R","B",null,"M","?","$","M","$","E","R","M","T","M","E"],"character_chosen":"THE_SILENT","items_purchased":["Footwork","Noxious Fumes","OrangePellets","Bag of Marbles","Lantern","Noxious Fumes","Chemical X","Footwork"],"campfire_rested":3,"item_purchase_floors":[14,14,14,37,37,37,39,39],"current_hp_per_floor":[63,57,57,57,49,49,49,44,44,34,27,24,19,34,55,49,65,53,53,28,70,56,56,52,31,31,52,45,21,10,1,37,27,59,56,56,70,66,70,60,60,57,57,53,0,0],"gold":87,"neow_bonus":"BOSS_RELIC","is_daily":false,"chose_seed":false,"campfire_upgraded":3,"win_rate":0.0,"timestamp":1611984573,"path_taken":["M","?","M","M","M","E","R","M","T","?","M","M","E","$","R","BOSS","M","?","M","?","M","R","M","E","T","R","M","E","?","M","R","BOSS","M","?","$","M","$","E","R","M","T","M","E"],"items_purchased_type":["Card","Card","Relic","Relic","Relic","Card","Relic","Card"],"build_version":"2020-12-22","purchased_purges":0,"victory":false,"max_hp_per_floor":[70,70,70,70,70,70,70,70,70,70,70,70,70,70,70,70,70,70,70,70,70,70,70,70,70,70,70,70,70,70,70,70,70,70,70,70,70,70,70,70,70,70,70,70,70,70],"card_choices":[{"not_picked":["Deflect","Cloak And Dagger"],"picked":"Footwork","floor":1},{"not_picked":["hubris:TrickCloak","Quick Slash"],"picked":"Deadly Poison","floor":2},{"not_picked":["Dagger Throw","Outmaneuver"],"picked":"Calculated Gamble","floor":3},{"not_picked":["Bane","Skewer"],"picked":"Bullet Time","floor":4},{"not_picked":["Accuracy","hubris:SlightOfHand"],"picked":"Poisoned Stab","floor":5},{"not_picked":["Deadly Poison","Finisher"],"picked":"PiercingWail","floor":6},{"not_picked":["Sucker Punch","Quick Slash"],"picked":"Cloak And Dagger","floor":8},{"not_picked":["Calculated Gamble","Concentrate"],"picked":"Escape Plan","floor":10},{"not_picked":["Backflip","Blade Dance"],"picked":"Malaise","floor":11},{"not_picked":["Finisher","Deadly Poison"],"picked":"PiercingWail","floor":12},{"not_picked":["Cloak And Dagger","Slice"],"picked":"Phantasmal Killer","floor":13},{"not_picked":["Night Terror","Phantasmal Killer"],"picked":"Wraith Form v2","floor":16},{"not_picked":["hubris:SlightOfHand","Expertise"],"picked":"Quick Slash","floor":18},{"not_picked":["Deflect","hubris:SlightOfHand"],"picked":"Outmaneuver","floor":20},{"not_picked":["hubris:TrickCloak","Acrobatics","hubris:SlightOfHand"],"picked":"SKIP","floor":22},{"not_picked":["Outmaneuver","hubris:Counter"],"picked":"All Out Attack","floor":24},{"not_picked":["Backflip","Setup+1","hubris:SlightOfHand"],"picked":"SKIP","floor":25},{"not_picked":["Cloak And Dagger","Underhanded Strike","All Out Attack"],"picked":"FollowUp","floor":28},{"not_picked":["hubris:SlightOfHand","Flying Knee","Swivel"],"picked":"Leg Sweep","floor":29},{"not_picked":["Heel Hook","Deadly Poison","WaveOfTheHand"],"picked":"Footwork","floor":30},{"not_picked":["Dagger Spray","Outmaneuver","Flying Knee","PathToVictory"],"picked":"SKIP","floor":31},{"not_picked":["Wraith Form v2","Malaise","Scrawl"],"picked":"After Image","floor":33},{"not_picked":["Sucker Punch","Backstab","EmptyBody"],"picked":"Infinite Blades","floor":35},{"not_picked":["Calculated Gamble","PiercingWail","Crescendo"],"picked":"Footwork","floor":38},{"not_picked":["Tactician","Deadly Poison","Heel Hook","Wallop"],"picked":"SKIP","floor":40},{"not_picked":["Backflip","Acrobatics","Flechettes+1","FlurryOfBlows"],"picked":"SKIP","floor":42},{"not_picked":["Deadly Poison","Acrobatics","Outmaneuver","InnerPeace"],"picked":"SKIP","floor":44}],"player_experience":679980,"relics_obtained":[{"floor":6,"key":"Sundial"},{"floor":9,"key":"sneckomod:BlankCard"},{"floor":10,"key":"MealTicket"},{"floor":13,"key":"The Courier"},{"floor":25,"key":"hubris:DisguiseKit"},{"floor":26,"key":"hexamod:BolsterEngine"},{"floor":29,"key":"Regal Pillow"},{"floor":40,"key":"Mercury Hourglass"},{"floor":43,"key":"Shovel"}],"event_choices":[{"damage_healed":0,"gold_gain":0,"player_choice":"Searched \u00271\u0027 times","damage_taken":0,"max_hp_gain":0,"max_hp_loss":0,"event_name":"Dead Adventurer","floor":10,"gold_loss":0},{"cards_removed":["Strike_G"],"damage_healed":0,"gold_gain":0,"player_choice":"Elegance","damage_taken":0,"max_hp_gain":0,"max_hp_loss":0,"event_name":"Back to Basics","floor":19,"gold_loss":0},{"damage_healed":42,"gold_gain":0,"player_choice":"Full Heal","damage_taken":0,"max_hp_gain":0,"max_hp_loss":0,"event_name":"Wheel of Change","floor":21,"gold_loss":0},{"damage_healed":0,"gold_gain":0,"player_choice":"Ignored","damage_taken":0,"max_hp_gain":0,"max_hp_loss":0,"event_name":"SecretPortal","floor":36,"gold_loss":0}],"is_beta":false,"boss_relics":[{"not_picked":["hubris:Backtick","hubris:ScarierMask"],"picked":"WristBlade"},{"not_picked":["hubris:GrandSneckoEye","Fusion Hammer"],"picked":"Sozu"}],"items_purged_floors":[],"is_endless":false,"potions_floor_spawned":[3,5,10,13,18,22,30,31,40],"killed_by":"Reptomancer","ascension_level":12}}