{"host":"i4eavuqabbk5mi94","time":1611970775,"event":{"mods":["BaseMod","Googly Eyes","Minty Spire (QoL Compilation)"],"gold_per_floor":[119,48,48,63,63,89,103,129,153,153,1,1,1,1,1,1,1],"floor_reached":16,"language":"ENG","playtime":367,"items_purged":[],"score":170,"play_id":"fad53036-78ea-4a34-a912-9ec48f27119c","local_time":"20210130013935","is_ascension_mode":true,"campfire_choices":[{"floor":10,"key":"REST"},{"data":"Flame Barrier","floor":13,"key":"SMITH"},{"data":"Flex","floor":15,"key":"SMITH"}],"circlet_count":0,"master_deck":["Strike_R","Strike_R","Strike_R","Strike_R","Strike_R","Defend_R","Defend_R","Defend_R","Defend_R","Bash","Flex+1","True Grit","Clothesline","Flame Barrier+1","Offering","Double Tap"],"relics":["Burning Blood","NeowsBlessing","Juzu Bracelet","Anchor","Ancient Tea Set","White Beast Statue","Boot"],"acts_visited":["Exordium"],"potions_floor_usage":[8,16],"damage_taken":[{"damage":0,"enemies":"Jaw Worm","floor":1,"turns":1},{"damage":0,"enemies":"2 Louse","floor":4,"turns":1},{"damage":3,"enemies":"3 Sentries","floor":6,"turns":2},{"damage":1,"enemies":"Small Slimes","floor":7,"turns":3},{"damage":65,"enemies":"Lagavulin","floor":8,"turns":11},{"damage":62,"enemies":"Hexaghost","floor":16,"turns":15}],"seed_played":"-2709254928398820900","potions_obtained":[{"floor":1,"key":"Dexterity Potion"},{"floor":7,"key":"Regen Potion"}],"is_trial":false,"path_per_floor":["M","$","?","M","?","E","M","E","T","R","$","$","R","?","R","B"],"character_chosen":"IRONCLAD","items_purchased":["Flex","True Grit","Double Tap"],"campfire_rested":1,"item_purchase_floors":[2,2,11],"current_hp_per_floor":[78,78,66,72,72,75,80,36,36,60,60,60,60,60,60,0,0],"gold":1,"neow_bonus":"THREE_ENEMY_KILL","is_daily":false,"chose_seed":false,"campfire_upgraded":2,"win_rate":0.0,"timestamp":1611970775,"path_taken":["M","$","?","M","?","E","M","E","T","R","?","$","R","?","R","BOSS"],"items_purchased_type":["Card","Card","Card"],"build_version":"2020-12-22","purchased_purges":0,"victory":false,"max_hp_per_floor":[80,80,80,80,80,80,80,80,80,80,80,80,80,80,80,80,80],"card_choices":[{"not_picked":["Dark Embrace","Infernal Blade","Feel No Pain"],"picked":"SKIP","floor":1},{"not_picked":["Entrench","Perfected Strike"],"picked":"Clothesline","floor":4},{"not_picked":["Headbutt","Twin Strike"],"picked":"Flame Barrier","floor":6},{"not_picked":["Havoc","Flame Barrier","Feel No Pain"],"picked":"SKIP","floor":7},{"not_picked":["Flex","Anger"],"picked":"Offering","floor":8}],"player_experience":403233,"relics_obtained":[{"floor":6,"key":"Ancient Tea Set"},{"floor":8,"key":"White Beast Statue"},{"floor":9,"key":"Boot"}],"event_choices":[{"damage_healed":0,"gold_gain":0,"player_choice":"Success","damage_taken":12,"relics_obtained":["Juzu Bracelet"],"max_hp_gain":0,"max_hp_loss":0,"event_name":"Scrap Ooze","floor":3,"gold_loss":0},{"damage_healed":0,"gold_gain":0,"player_choice":"Box","damage_taken":0,"relics_obtained":["Anchor"],"max_hp_gain":0,"max_hp_loss":0,"event_name":"Big Fish","floor":5,"gold_loss":0,"cards_obtained":["Regret"]},{"cards_removed":["Regret"],"damage_healed":0,"gold_gain":0,"player_choice":"Forget","damage_taken":0,"max_hp_gain":0,"max_hp_loss":0,"event_name":"Living Wall","floor":14,"gold_loss":0}],"is_beta":false,"boss_relics":[],"items_purged_floors":[],"is_endless":false,"potions_floor_spawned":[1,7],"killed_by":"Hexaghost","ascension_level":6}}