{"host":"nwd160me4iqdtr8u","time":1611999730,"event":{"mods":["AchievementEnabler","Act Like it!","BaseMod","Colored Map","DeckTracker","Keyboard Shortcuts","Minty Spire (QoL Compilation)","Quick Restart","Rare Cards Sparkle","StSLib","SuperFastMode","everything is the same but u backflip on backflip"],"gold_per_floor":[111,125,57,57,57,86,86,112,135,148,159,170,190,45,45,149,149,161,161,161,180,192,192,192,192],"floor_reached":24,"language":"KOR","playtime":843,"items_purged":[],"score":279,"play_id":"27071ece-3222-4201-8d81-7ba11f467825","local_time":"20210130184210","is_ascension_mode":true,"campfire_choices":[{"data":"Dualcast","floor":7.0,"key":"SMITH"},{"data":"Redo","floor":15.0,"key":"SMITH"},{"floor":23,"key":"REST"}],"circlet_count":0,"master_deck":["Strike_B","Strike_B","Strike_B","Defend_B","Defend_B","Defend_B","Zap","Dualcast+1","Loop","Static Discharge","Self Repair","Blizzard","Gash","Genetic Algorithm","Doom and Gloom","Redo+1","Seek","Rainbow","Ball Lightning+1","Decay","Capacitor","Hologram","Stack+1"],"relics":["Cracked Core","NeowsBlessing","Centennial Puzzle","Dream Catcher","Bag of Preparation","SacredBark"],"acts_visited":["Exordium","TheCity"],"potions_floor_usage":[21,22,24],"damage_taken":[{"damage":0.0,"enemies":"Jaw Worm","floor":1.0,"turns":1.0},{"damage":0.0,"enemies":"Small Slimes","floor":2.0,"turns":1.0},{"damage":0.0,"enemies":"Gremlin Nob","floor":6.0,"turns":1.0},{"damage":1.0,"enemies":"Cultist","floor":10.0,"turns":3.0},{"damage":22.0,"enemies":"Lots of Slimes","floor":11.0,"turns":3.0},{"damage":6.0,"enemies":"Large Slime","floor":12.0,"turns":4.0},{"damage":8.0,"enemies":"3 Louse","floor":13.0,"turns":2.0},{"damage":16.0,"enemies":"The Guardian","floor":16.0,"turns":7.0},{"damage":24,"enemies":"3 Byrds","floor":18,"turns":4},{"damage":18,"enemies":"Chosen","floor":21,"turns":5},{"damage":29,"enemies":"Centurion and Healer","floor":22,"turns":6},{"damage":63,"enemies":"Slavers","floor":24,"turns":4}],"seed_played":"5366372314576433872","potions_obtained":[{"floor":2.0,"key":"LiquidMemories"},{"floor":11.0,"key":"SkillPotion"},{"floor":13.0,"key":"PowerPotion"},{"floor":16.0,"key":"Regen Potion"},{"floor":18,"key":"Dexterity Potion"}],"is_trial":false,"path_per_floor":["M","M","$","?","?","E","R","T","T","M","M","M","M","$","R","B",null,"M","?","?","M","M","R","E"],"character_chosen":"DEFECT","items_purchased":["Self Repair","Seek"],"campfire_rested":1,"item_purchase_floors":[3,14],"current_hp_per_floor":[75,75,75,80,80,80,80,80,80,79,64,65,57,57,57,48,72,55,55,55,44,22,46,10,10],"gold":192,"neow_bonus":"THREE_ENEMY_KILL","is_daily":false,"chose_seed":false,"campfire_upgraded":2,"win_rate":0.0,"timestamp":1611999730,"path_taken":["M","M","$","?","?","E","R","?","T","M","?","?","M","$","R","BOSS","M","?","?","M","M","R","E"],"items_purchased_type":["Card","Card"],"build_version":"2020-12-22","purchased_purges":0,"victory":false,"max_hp_per_floor":[75,75,75,80,80,80,80,80,80,80,80,80,80,80,80,80,80,80,80,80,80,80,80,80,80],"card_choices":[{"not_picked":["Ball Lightning","Steam"],"picked":"Loop","floor":1.0},{"not_picked":["Blizzard","Stack"],"picked":"Static Discharge","floor":2.0},{"not_picked":["Steam","Rebound","Tempest"],"picked":"SKIP","floor":6.0},{"not_picked":["Beam Cell","Turbo"],"picked":"Gash","floor":10.0},{"not_picked":["Conserve Battery","Capacitor"],"picked":"Genetic Algorithm","floor":11.0},{"not_picked":["Steam Power","Go for the Eyes"],"picked":"Doom and Gloom","floor":12.0},{"not_picked":["Steam Power","Steam"],"picked":"Redo","floor":13.0},{"not_picked":["Meteor Strike","Thunder Strike"],"picked":"Rainbow","floor":16.0},{"not_picked":["Reprogram","Barrage+1"],"picked":"Ball Lightning+1","floor":18},{"not_picked":["Turbo","Ball Lightning+1"],"picked":"Capacitor","floor":21},{"not_picked":["Rebound+1","Beam Cell+1"],"picked":"Hologram","floor":22},{"not_picked":["Capacitor","Gash"],"picked":"Stack+1","floor":23}],"player_experience":332035,"relics_obtained":[{"floor":6.0,"key":"Centennial Puzzle"},{"floor":8.0,"key":"Dream Catcher"},{"floor":9.0,"key":"Bag of Preparation"}],"event_choices":[{"damage_healed":0.0,"max_hp_gain":5.0,"max_hp_loss":0.0,"gold_gain":0.0,"event_name":"Big Fish","player_choice":"Donut","floor":4.0,"gold_loss":0.0,"damage_taken":0.0},{"damage_healed":0.0,"max_hp_gain":0.0,"max_hp_loss":0.0,"gold_gain":0.0,"cards_transformed":["Defend_B"],"event_name":"Living Wall","player_choice":"Change","floor":5.0,"gold_loss":0.0,"damage_taken":0.0,"cards_obtained":["Blizzard"]},{"cards_removed":["Strike_B"],"damage_healed":0,"gold_gain":0,"player_choice":"Elegance","damage_taken":0,"max_hp_gain":0,"max_hp_loss":0,"event_name":"Back to Basics","floor":19,"gold_loss":0},{"damage_healed":0,"gold_gain":0,"player_choice":"Smashed Altar","damage_taken":0,"max_hp_gain":0,"max_hp_loss":0,"event_name":"Forgotten Altar","floor":20,"gold_loss":0,"cards_obtained":["Decay"]}],"is_beta":false,"boss_relics":[{"not_picked":["SlaversCollar","Calling Bell"],"picked":"SacredBark"}],"items_purged_floors":[],"is_endless":false,"potions_floor_spawned":[2,11,13,16,18],"killed_by":"Slavers","ascension_level":5}}