{"host":"rn4c402gwd40h2z6","time":1611986334,"event":{"mods":["100% Spire Juice","AchievementEnabler","Act Like it!","Astrologer","BaseMod","CapriCore","Card Forge","Challenge The Spire","Chen","Data Control","Downfall","Gensokyo","Good Game Mod","Hallownest","Hermit","Infinite Spire","KinomotoSakuraMod(木之本樱)","Koishi","LagranYue(拉格朗・月)","Lobotomy","LobotomyExtend","Mad Scientist","Marisa（F雨　魔理沙）","Minty Spire (QoL Compilation)","Pale of the Ancients","Quick Restart","Random Character Button","Reimu（博丽灵梦）","Relic Filter Mod","Remilia（蕾米莉亚）","Robot Space Explorer","RumiaBox-露米娅的神秘盒子","Shop Mod","StSLib","Td1madao Mod","The Administrix","The Bug Knight","The Construct","The Cursed","The Gatherer","The Immortal","The Runesmith","The Saiyan","The Senshi","WarShipGirlsR/战舰少女R mod","Yakumo Yukari mod","Youmu（魂魄妖梦）","Yuyuko","[GremlinLeader]The Maniac","noobMod","【功能Mod】混沌之环修复补丁"],"gold_per_floor":[363,97,116,116,183,197,14,22,100,113,113,263,263,288,288,365,365,379,379,417,417,432,488,532,564,564,302,302,52,75,92,92,170,170,215,226,226,237,281,315,352,377,377,313,323,323,323,381,381,381,381],"floor_reached":52,"language":"ZHS","playtime":3404,"items_purged":[],"score":2043,"play_id":"762a3ce5-933d-41e1-b97c-726893badeaf","local_time":"20210130135854","is_ascension_mode":true,"campfire_choices":[{"floor":13.0,"key":"REST"},{"floor":15.0,"key":"REST"},{"floor":32.0,"key":"REST"},{"floor":46,"key":"REST"},{"floor":49,"key":"REST"}],"circlet_count":0,"master_deck":["AscendersBane","HollowMod:Weaversong+1","Backflip+1","Quick Slash+1","HandOfGreed+1","Leg Sweep+1","Quick Slash+1","Riddle With Holes+1","Backflip+1","Quick Slash+1","Quick Slash+1","Underhanded Strike+1","Choke+1","Dash+1","Eviscerate+1","Hallownest:attackPureNailEdge+1","Quick Slash+1","Dagger Spray+1","Backflip+1","infinitespire:DeathsTouch+1","Quick Slash+1","Riddle With Holes+1","Quick Slash+1"],"relics":["Ring of the Snake","Hammer of Thor","Seething Fire","Anvil of the Gods","REME:ComplimentaryCards","ice","LetterFromLob","Baka2","War Paint","Membership Card","Ornamental Fan","Orichalcum","expansioncontent:StudyCardRelic","LagranYue:WskJewelryRelic","infinitespire:EmpoweringShard","infinitespire:FocusingShard","Ice Cream","GodSword1","Shuriken","Lee\u0027s Waffle","Hallownest:UnbreakableCardRelic","RedLine:ReiMu","GodSword5","infinitespire:Bottled Soul","Bronze Scales","LagranYue:GuidanceLightRelic"],"acts_visited":["Exordium","Hallownest:CityofTears","Gensokyo:Gensokyoest"],"potions_floor_usage":[],"damage_taken":[{"damage":0.0,"enemies":"Jaw Worm","floor":1.0,"turns":3.0},{"damage":0.0,"enemies":"Cultist","floor":3.0,"turns":2.0},{"damage":0.0,"enemies":"HollowMod:MossKnight","floor":6.0,"turns":5.0},{"damage":0.0,"enemies":"Small Slimes","floor":8.0,"turns":1.0},{"damage":0.0,"enemies":"2 Fungi Beasts","floor":10.0,"turns":1.0},{"damage":0.0,"enemies":"Exordium Thugs","floor":14.0,"turns":1.0},{"damage":3.0,"enemies":"Slime Boss","floor":16.0,"turns":1.0},{"damage":0.0,"enemies":"Hallownest:Guard_and_Sentry","floor":18.0,"turns":1.0},{"damage":0.0,"enemies":"Hallownest:Flukemon_and_Top","floor":20.0,"turns":2.0},{"damage":0.0,"enemies":"Hallownest:3_Mistakes","floor":22.0,"turns":1.0},{"damage":0.0,"enemies":"Hallownest:eliteWatcherKnight","floor":23.0,"turns":5.0},{"damage":0.0,"enemies":"Hallownest:Glutton_and_Coward","floor":24.0,"turns":1.0},{"damage":0.0,"enemies":"Hallownest:Nosk","floor":25.0,"turns":2.0},{"damage":0.0,"enemies":"Hallownest:monsterMisterMushroom","floor":30.0,"turns":1.0},{"damage":0.0,"enemies":"Hallownest:monsterShrumalOgre","floor":31.0,"turns":2.0},{"damage":0.0,"enemies":"Hallownest:BossSoulMaster","floor":33.0,"turns":1.0},{"damage":0,"enemies":"Gensokyo:3_Bats","floor":35,"turns":1},{"damage":0,"enemies":"Gensokyo:AncientGuardian","floor":36,"turns":1},{"damage":3,"enemies":"Gensokyo:Rafflesia","floor":38,"turns":1},{"damage":0,"enemies":"Gensokyo:AtlasGolem","floor":39,"turns":1},{"damage":0,"enemies":"Gensokyo:Doremy","floor":40,"turns":1},{"damage":0,"enemies":"Gensokyo:3_Boulders","floor":41,"turns":2},{"damage":0,"enemies":"Nightmare","floor":42,"turns":1},{"damage":0,"enemies":"Gensokyo:Doremy","floor":44,"turns":1},{"damage":0,"enemies":"Gensokyo:Rafflesia","floor":45,"turns":1},{"damage":0,"enemies":"Gensokyo:Marisa","floor":48,"turns":1},{"damage":6,"enemies":"Gensokyo:Yuyuko","floor":50,"turns":1}],"seed_played":"7472346952523630257","potions_obtained":[{"floor":1.0,"key":"Block Potion"},{"floor":3.0,"key":"FearPotion"}],"is_trial":false,"path_per_floor":["M","$","M","?","?","E","$","M","T","M","?","?","R","M","R","B",null,"M","?","M","?","M","E","M","E","T","$","?","?","M","M","R","B",null,"M","M","AVR","M","M","E","M","NM","T","E","M","R","?","E","R","B",null,null],"character_chosen":"THE_SILENT","items_purchased":["Quick Slash","HandOfGreed","Membership Card","Riddle With Holes","Skewer","Shuriken","Lee\u0027s Waffle"],"campfire_rested":5,"item_purchase_floors":[2,2,7,7,27,27,27],"current_hp_per_floor":[59,59,59,63,63,63,63,63,63,63,28,28,47,47,66,63,65,65,65,65,65,65,65,65,65,65,73,73,73,73,73,73,76,76,76,76,76,73,73,73,58,58,58,58,58,84,84,84,84,84,84],"gold":381,"neow_bonus":"TWO_FIFTY_GOLD","is_daily":false,"chose_seed":false,"campfire_upgraded":0,"win_rate":0.0,"timestamp":1611986334,"path_taken":["M","$","M","?","?","E","$","M","T","?","?","?","R","M","R","BOSS","M","?","M","?","M","E","M","E","T","$","?","?","?","M","R","BOSS","M","M","AVR","?","M","E","M","NM","T","E","M","R","?","E","R","BOSS"],"items_purchased_type":["Card","Card","Relic","Card","Card","Relic","Relic"],"build_version":"2020-12-22","purchased_purges":0,"victory":true,"max_hp_per_floor":[66,66,66,66,66,66,66,66,66,66,66,66,66,66,66,66,66,66,66,66,66,66,66,66,66,66,73,73,73,73,73,73,76,76,76,76,76,76,76,76,84,84,84,84,84,84,84,84,84,84,84],"card_choices":[{"not_picked":["Setup","Infinite Blades"],"picked":"Backflip","floor":1.0},{"not_picked":["Deadly Poison","Flying Knee"],"picked":"Poisoned Stab","floor":3.0},{"not_picked":["All Out Attack","Finisher"],"picked":"Cloak And Dagger","floor":6.0},{"not_picked":["Noxious Fumes","Setup"],"picked":"Leg Sweep","floor":6.0},{"not_picked":["Glass Knife","Slice"],"picked":"Quick Slash","floor":6.0},{"not_picked":["Flying Knee","Endless Agony","Prepared"],"picked":"SKIP","floor":6.0},{"not_picked":["Setup","Deadly Poison","infinitespire:Neurotoxin"],"picked":"SKIP","floor":8.0},{"not_picked":["PiercingWail","Bane"],"picked":"Backflip","floor":10.0},{"not_picked":["Noxious Fumes","Infinite Blades","Burst"],"picked":"SKIP","floor":14.0},{"not_picked":["Phantasmal Killer","Storm of Steel"],"picked":"Die Die Die","floor":16.0},{"not_picked":["Footwork","Predator"],"picked":"Quick Slash+1","floor":18.0},{"not_picked":["Deflect","Heel Hook"],"picked":"Underhanded Strike","floor":20.0},{"not_picked":["Outmaneuver","Underhanded Strike"],"picked":"Choke","floor":22.0},{"not_picked":["Slice","Acrobatics"],"picked":"Skewer","floor":23.0},{"not_picked":["Poisoned Stab","Infinite Blades"],"picked":"Dash","floor":24.0},{"not_picked":["Underhanded Strike","Infinite Blades"],"picked":"Eviscerate","floor":25.0},{"not_picked":["Underhanded Strike","Terror","Outmaneuver+1"],"picked":"SKIP","floor":30.0},{"not_picked":["Flying Knee+1","PiercingWail+1"],"picked":"Quick Slash","floor":31.0},{"not_picked":["Terror","Acrobatics","Prepared"],"picked":"SKIP","floor":35},{"not_picked":["Blur+1","Flechettes"],"picked":"Dagger Spray","floor":36},{"not_picked":["Crippling Poison","Wraith Form v2","Endless Agony"],"picked":"SKIP","floor":38},{"not_picked":["Dodge and Roll","Sucker Punch","Flechettes+1"],"picked":"SKIP","floor":39},{"not_picked":["Catalyst","Dodge and Roll+1"],"picked":"Backflip","floor":40},{"not_picked":["Underhanded Strike","Sucker Punch+1","Bane"],"picked":"SKIP","floor":41},{"not_picked":["infinitespire:SevenWalls","infinitespire:Gouge"],"picked":"infinitespire:DeathsTouch","floor":42},{"not_picked":["Cloak And Dagger+1","Crippling Poison"],"picked":"Quick Slash+1","floor":42},{"not_picked":["Storm of Steel","Flying Knee","Dagger Spray"],"picked":"SKIP","floor":44},{"not_picked":["Predator","Riddle With Holes","Acrobatics+1"],"picked":"SKIP","floor":45},{"not_picked":["Predator","Acrobatics+1"],"picked":"Riddle With Holes","floor":45},{"not_picked":["Cloak And Dagger","Escape Plan+1"],"picked":"Quick Slash","floor":48}],"player_experience":138648,"relics_obtained":[{"floor":1.0,"key":"Baka"},{"floor":1.0,"key":"LetterFromLob"},{"floor":3.0,"key":"Baka2"},{"floor":6.0,"key":"War Paint"},{"floor":9.0,"key":"Ornamental Fan"},{"floor":20.0,"key":"LagranYue:WskJewelryRelic"},{"floor":23.0,"key":"infinitespire:FocusingShard"},{"floor":25.0,"key":"Ice Cream"},{"floor":26.0,"key":"GodSword1"},{"floor":42,"key":"GodSword5"},{"floor":43,"key":"infinitespire:Bottled Soul"},{"floor":44,"key":"Bronze Scales"},{"floor":48,"key":"LagranYue:GuidanceLightRelic"}],"event_choices":[{"damage_healed":0.0,"max_hp_gain":0.0,"max_hp_loss":0.0,"gold_gain":67.0,"event_name":"Golden Wing","player_choice":"Gained Gold","floor":5.0,"gold_loss":0.0,"damage_taken":0.0},{"damage_healed":0.0,"max_hp_gain":0.0,"max_hp_loss":0.0,"gold_gain":0.0,"event_name":"Scrap Ooze","player_choice":"Success","floor":11.0,"gold_loss":0.0,"damage_taken":35.0,"relics_obtained":["Orichalcum"]},{"damage_healed":0.0,"max_hp_gain":0.0,"max_hp_loss":0.0,"gold_gain":150.0,"event_name":"Liars Game","player_choice":"AGREE","floor":12.0,"gold_loss":0.0,"damage_taken":0.0,"cards_obtained":["Doubt"]}],"is_beta":false,"boss_relics":[{"not_picked":["HoveringKite","LagranYue:SoulBurningRelic"],"picked":"expansioncontent:StudyCardRelic"},{"not_picked":["SlaversCollar","SacredBark"],"picked":"RedLine:ReiMu"}],"items_purged_floors":[],"is_endless":false,"potions_floor_spawned":[1,3,8,14,16,20,22,23,33,35,39,40,44,45],"ascension_level":20}}