{"host":"snjtcuf7krqplf70","time":1611994117,"event":{"mods":["AchievementEnabler","BaseMod","Colored Map","Colored Powertips","Minty Spire (QoL Compilation)","StSLib"],"gold_per_floor":[111,111,111,124,10,10,25,51,129,129,144,156,175,175,175,175,175],"floor_reached":16,"language":"ENG","playtime":827,"items_purged":["Regret"],"score":107,"play_id":"2919c72a-aaf1-4705-b878-8a5cb513ffc2","local_time":"20210130000837","is_ascension_mode":true,"campfire_choices":[{"data":"Hologram","floor":6,"key":"SMITH"},{"floor":10,"key":"REST"},{"data":"Fusion","floor":15,"key":"SMITH"}],"circlet_count":0,"master_deck":["Strike_B","Strike_B","Strike_B","Defend_B","Defend_B","Defend_B","Defend_B","Zap","Dualcast","Aggregate","Hologram+1","Steam","Chaos","Fusion+1","Barrage","Rebound","Capacitor","Steam"],"relics":["Cracked Core","Dream Catcher","GremlinMask","Mercury Hourglass"],"acts_visited":["Exordium"],"potions_floor_usage":[12,16],"damage_taken":[{"damage":1,"enemies":"Jaw Worm","floor":1,"turns":3},{"damage":7,"enemies":"2 Louse","floor":4,"turns":2},{"damage":0,"enemies":"Cultist","floor":7,"turns":5},{"damage":30,"enemies":"Lagavulin","floor":8,"turns":9},{"damage":0,"enemies":"Large Slime","floor":11,"turns":4},{"damage":0,"enemies":"Red Slaver","floor":12,"turns":3},{"damage":8,"enemies":"2 Fungi Beasts","floor":13,"turns":3},{"damage":56,"enemies":"The Guardian","floor":16,"turns":10}],"seed_played":"-875132586029204804","potions_obtained":[{"floor":1,"key":"SteroidPotion"},{"floor":8,"key":"Block Potion"},{"floor":11,"key":"SteroidPotion"},{"floor":13,"key":"Block Potion"},{"floor":14,"key":"CultistPotion"}],"is_trial":false,"path_per_floor":["M","?","?","M","$","R","M","E","T","R","M","M","M","?","R","B"],"character_chosen":"DEFECT","items_purchased":["Chaos"],"campfire_rested":1,"item_purchase_floors":[5],"current_hp_per_floor":[74,74,74,67,67,67,67,37,37,59,59,59,51,51,51,0,0],"gold":175,"neow_bonus":"TRANSFORM_CARD","is_daily":false,"chose_seed":false,"campfire_upgraded":2,"win_rate":0.0,"timestamp":1611994117,"path_taken":["M","?","?","M","$","R","M","E","T","R","?","M","M","?","R","BOSS"],"items_purchased_type":["Card"],"build_version":"2020-12-22","purchased_purges":1,"victory":false,"max_hp_per_floor":[75,75,75,75,75,75,75,75,75,75,75,75,75,75,75,75,75],"card_choices":[{"not_picked":["Scrape","Genetic Algorithm"],"picked":"Hologram","floor":1},{"not_picked":["Stack","Skim"],"picked":"Steam","floor":4},{"not_picked":["Leap","Cold Snap"],"picked":"Fusion","floor":7},{"not_picked":["Tempest","All For One"],"picked":"Barrage","floor":8},{"not_picked":["Stack","Recycle"],"picked":"Rebound","floor":10},{"not_picked":["Cold Snap","Rebound","Meteor Strike"],"picked":"SKIP","floor":11},{"not_picked":["Melter","Turbo"],"picked":"Capacitor","floor":12},{"not_picked":["Barrage","Ball Lightning"],"picked":"Steam","floor":13}],"player_experience":177896,"relics_obtained":[{"floor":8,"key":"Mercury Hourglass"}],"event_choices":[{"damage_healed":0,"gold_gain":0,"player_choice":"Box","damage_taken":0,"relics_obtained":["Dream Catcher"],"max_hp_gain":0,"max_hp_loss":0,"event_name":"Big Fish","floor":2,"gold_loss":0,"cards_obtained":["Regret"]},{"damage_healed":0,"gold_gain":0,"player_choice":"Trade","damage_taken":0,"relics_obtained":["GremlinMask"],"max_hp_gain":0,"max_hp_loss":0,"event_name":"FaceTrader","floor":3,"gold_loss":0},{"damage_healed":0,"gold_gain":0,"player_choice":"Got Potions","damage_taken":0,"max_hp_gain":0,"max_hp_loss":0,"event_name":"Lab","floor":14,"gold_loss":0}],"is_beta":false,"boss_relics":[],"items_purged_floors":[5],"is_endless":false,"potions_floor_spawned":[1,8,11,13],"killed_by":"The Guardian","ascension_level":1}}