{"host":"wwo1kwxjf4eyz37q","time":1611990560,"event":{"mods":["AchievementEnabler","BaseMod","Colored Map","Minty Spire (QoL Compilation)","Quick Restart","SuperFastMode"],"gold_per_floor":[116,133,151,164,164,164,183,183,206,107,107,127,142,186,186,186,186],"floor_reached":16,"language":"KOR","playtime":789,"items_purged":["Strike_G"],"score":161,"play_id":"c9bc67ed-68d9-4e74-87e5-4adcf22ae2e9","local_time":"20210130160920","is_ascension_mode":true,"campfire_choices":[{"data":"Neutralize","floor":6.0,"key":"SMITH"},{"data":"Venomology","floor":8.0,"key":"SMITH"},{"data":"Footwork","floor":11.0,"key":"SMITH"},{"data":"Well Laid Plans","floor":15,"key":"SMITH"}],"circlet_count":0,"master_deck":["AscendersBane","Strike_G","Strike_G","Strike_G","Strike_G","Defend_G","Defend_G","Defend_G","Defend_G","Defend_G","Survivor","Neutralize+1","Venomology+1","Flying Knee","Footwork+1","Flying Knee","Blur","Blade Dance","Slice","Escape Plan","Well Laid Plans+1","Backstab"],"relics":["Ring of the Snake","Golden Idol","Smiling Mask","Pen Nib"],"acts_visited":["Exordium"],"potions_floor_usage":[14,14],"damage_taken":[{"damage":4.0,"enemies":"Jaw Worm","floor":1.0,"turns":5.0},{"damage":2.0,"enemies":"2 Louse","floor":2.0,"turns":3.0},{"damage":3.0,"enemies":"Cultist","floor":3.0,"turns":4.0},{"damage":5.0,"enemies":"2 Fungi Beasts","floor":4.0,"turns":3.0},{"damage":10.0,"enemies":"Exordium Wildlife","floor":7.0,"turns":4.0},{"damage":16.0,"enemies":"Lots of Slimes","floor":12.0,"turns":4.0},{"damage":0.0,"enemies":"Blue Slaver","floor":13.0,"turns":7.0},{"damage":6,"enemies":"Gremlin Nob","floor":14,"turns":3},{"damage":35,"enemies":"Hexaghost","floor":16,"turns":12}],"seed_played":"-4221387251448895956","potions_obtained":[{"floor":4.0,"key":"SteroidPotion"},{"floor":14,"key":"SpeedPotion"}],"is_trial":false,"path_per_floor":["M","M","M","M","?","R","M","R","T","$","R","M","M","E","R","B"],"character_chosen":"THE_SILENT","items_purchased":["Slice"],"campfire_rested":0,"item_purchase_floors":[10],"current_hp_per_floor":[59,57,54,49,49,49,39,39,39,39,39,23,35,29,29,0,0],"gold":186,"neow_bonus":"ONE_RANDOM_RARE_CARD","is_daily":false,"chose_seed":false,"campfire_upgraded":4,"win_rate":0.0,"timestamp":1611990560,"path_taken":["M","M","M","M","?","R","M","R","T","$","R","M","M","E","R","BOSS"],"items_purchased_type":["Card"],"build_version":"2020-12-22","purchased_purges":1,"victory":false,"max_hp_per_floor":[70,70,70,70,65,65,65,65,65,65,65,65,65,65,65,65,65],"card_choices":[{"not_picked":["Slice","PiercingWail"],"picked":"Flying Knee","floor":1.0},{"not_picked":["Dagger Throw","Underhanded Strike"],"picked":"Footwork","floor":2.0},{"not_picked":["Calculated Gamble","Poisoned Stab"],"picked":"Flying Knee","floor":3.0},{"not_picked":["Blade Dance","Heel Hook"],"picked":"Blur","floor":4.0},{"not_picked":["Outmaneuver","Phantasmal Killer"],"picked":"Blade Dance","floor":7.0},{"not_picked":["Dagger Spray","Prepared"],"picked":"Escape Plan","floor":12.0},{"not_picked":["Noxious Fumes","Terror"],"picked":"Well Laid Plans","floor":13.0},{"not_picked":["Grand Finale","Catalyst"],"picked":"Backstab","floor":14}],"player_experience":259228,"relics_obtained":[{"floor":9.0,"key":"Smiling Mask"},{"floor":14,"key":"Pen Nib"}],"event_choices":[{"damage_healed":0.0,"max_hp_gain":0.0,"max_hp_loss":5.0,"gold_gain":0.0,"event_name":"Golden Idol","player_choice":"Lose Max HP","floor":5.0,"gold_loss":0.0,"damage_taken":0.0,"relics_obtained":["Golden Idol"]}],"is_beta":false,"boss_relics":[],"items_purged_floors":[10],"is_endless":false,"potions_floor_spawned":[2,4,12,14],"killed_by":"Hexaghost","ascension_level":11}}