{"host":"raai0vtvcfkt8csp","time":1611971761,"event":{"mods":["2.2 Compatiblity","BaseMod","Beaked The Cultist","Block Reminder","Booster Modes","Clockwork Mod","Custom Start","DeckTracker","Defective Defect","Defuse TimeMaze Blight","Dio Mod","Downfall","GifTheSpireLib","Infinite Spire","Minty Spire (QoL Compilation)","Quick Restart","Random Character Button","Rare Cards Sparkle","StSLib","The Marked","Unceasing Turn Reminder"],"gold_per_floor":[99,113,129,144,144,169,169,179,179,193,212,1,1,14,30,30,30,30],"floor_reached":16,"language":"ENG","playtime":1595,"items_purged":[],"score":106,"play_id":"b35bf5c4-60c6-4042-a378-3c93e986efcf","local_time":"20210130025601","is_ascension_mode":false,"campfire_choices":[{"data":"bronze:Goto","floor":1,"key":"SMITH"},{"floor":13,"key":"REST"}],"circlet_count":0,"master_deck":["bronze:Strike","bronze:Strike","bronze:Strike","bronze:Strike","bronze:Defend","bronze:Defend","bronze:Defend","bronze:Defend","bronze:Replicate","bronze:Goto+1","bronze:OilSpill","bronze:BuggyMess","bronze:Overheat","bronze:Frontload+1","bronze:Shell+1","bronze:Virus","bronze:SpaghettiCode+1","bronze:ClassDefault","bronze:Frontload+1","bronze:ChosenStrike","bronze:Branch"],"relics":["bronze:BronzeCore","Bottled Flame","Toxic Egg 2"],"acts_visited":["Exordium"],"potions_floor_usage":[14],"damage_taken":[{"damage":1,"enemies":"Small Slimes","floor":2,"turns":3},{"damage":7,"enemies":"Jaw Worm","floor":3,"turns":5},{"damage":16,"enemies":"infinitespire:Voidling","floor":4,"turns":4},{"damage":28,"enemies":"Gremlin Nob","floor":6,"turns":4},{"damage":6,"enemies":"Gremlin Gang","floor":8,"turns":6},{"damage":13,"enemies":"Lots of Slimes","floor":10,"turns":5},{"damage":0,"enemies":"Exordium Wildlife","floor":11,"turns":5},{"damage":10,"enemies":"downfall:FleeingMerchant","floor":12,"turns":4},{"damage":0,"enemies":"2 Fungi Beasts","floor":14,"turns":3},{"damage":15,"enemies":"Exordium Wildlife","floor":15,"turns":2},{"damage":24,"enemies":"DF_ARCHETYPE_STREAMLINE","floor":16,"turns":12}],"seed_played":"-7980233053504026648","potions_obtained":[{"floor":4,"key":"PowerPotion"},{"floor":6,"key":"Ancient Potion"},{"floor":8,"key":"sneckomod:MuddlingPotion"},{"floor":14,"key":"Fruit Juice"},{"floor":15,"key":"hexamod:SoulburnPotion"}],"is_trial":false,"path_per_floor":["R","M","M","M","?","E","T","M","?","M","M","$","R","M","M","B"],"character_chosen":"THE_AUTOMATON","items_purchased":["bronze:ClassDefault","bronze:Frontload+1","bronze:ChosenStrike"],"campfire_rested":1,"item_purchase_floors":[12,12,12],"current_hp_per_floor":[77,76,69,66,66,38,38,32,32,19,19,9,32,37,22,0,0,0],"gold":30,"neow_bonus":"TEN_PERCENT_HP_BONUS","is_daily":false,"chose_seed":false,"campfire_upgraded":1,"win_rate":0.0,"timestamp":1611971761,"path_taken":["R","M","M","M","?","E","T","M","?","M","M","?","R","?","M","BOSS"],"items_purchased_type":["Card","Card","Card"],"build_version":"2020-12-22","purchased_purges":0,"victory":false,"max_hp_per_floor":[77,77,77,77,77,77,77,77,77,77,77,77,77,82,82,82,82,82],"card_choices":[{"not_picked":["bronze:Invalidate","bronze:WildBeam","bronze:Turbo"],"picked":"SKIP","floor":2},{"not_picked":["bronze:Boost","bronze:BitShift"],"picked":"bronze:OilSpill","floor":3},{"not_picked":["bronze:Boost","bronze:Return"],"picked":"bronze:BuggyMess","floor":4},{"not_picked":["bronze:Flail","bronze:Iterate"],"picked":"bronze:Overheat","floor":6},{"not_picked":["bronze:Deprecate+1","bronze:ChosenStrike"],"picked":"bronze:Frontload+1","floor":8},{"not_picked":["bronze:ForceShield+1","bronze:Fortify"],"picked":"bronze:Shell+1","floor":10},{"not_picked":["bronze:Deprecate+1","bronze:Backtrace"],"picked":"bronze:Virus","floor":11},{"not_picked":["bronze:Deprecate+1","bronze:Optimize"],"picked":"bronze:SpaghettiCode+1","floor":12},{"not_picked":["bronze:Backtrace","bronze:WildBeam","bronze:DelayedGuard+1"],"picked":"SKIP","floor":14},{"not_picked":["bronze:Backtrace","bronze:WildBeam","bronze:DelayedGuard+1"],"picked":"SKIP","floor":14},{"not_picked":["bronze:BitShift+1","bronze:Fortify"],"picked":"bronze:Branch","floor":15}],"player_experience":1071138,"relics_obtained":[{"floor":6,"key":"Bottled Flame"},{"floor":7,"key":"Toxic Egg 2"}],"event_choices":[],"is_beta":false,"boss_relics":[],"items_purged_floors":[],"is_endless":false,"potions_floor_spawned":[4,6,8,14,15],"killed_by":"DF_ARCHETYPE_STREAMLINE","ascension_level":0}}