{"host":"962joygxjywy31p4","time":1611996204,"event":{"mods":["Act Like it!","BaseMod","Bestiary","Colored Map","Custom Start","Hermit","Minty Spire (QoL Compilation)","Relic Stats","StSLib"],"gold_per_floor":[111,123,73,73,86,86,119,139,163,231,306,306,331,7,7,109,109,124,134,134,145,155,181,199,226,226,254,224,237,237,249,249,353,353,376,376,401,3,3,44,76,108,132,132,132,155,155,205,217,241],"floor_reached":51,"language":"ENG","playtime":3635,"items_purged":["hermit:Defend_Hermit","hermit:Defend_Hermit"],"score":803,"play_id":"177eb389-e910-4d58-8fb2-040d11d60cd6","local_time":"20210130164324","is_ascension_mode":false,"campfire_choices":[{"data":"hermit:Glare","floor":6,"key":"SMITH"},{"data":"hermit:FlashPowder","floor":15,"key":"SMITH"},{"data":"hermit:TakeAim","floor":30,"key":"SMITH"},{"floor":32,"key":"REST"},{"floor":45,"key":"DIG"},{"floor":47,"key":"DIG"},{"floor":49,"key":"DIG"}],"circlet_count":0,"master_deck":["hermit:Strike_Hermit+1","hermit:Defend_Hermit+1","hermit:Snapshot","hermit:Covet","hermit:Vantage","hermit:Glare+1","hermit:Misfire","hermit:GhostlyPresence","hermit:TakeCover","hermit:FlashPowder+1","hermit:Reprieve","hermit:Horror+1","hermit:EyeOfTheStorm+1","hermit:TakeAim+1","hermit:Scavenge","hermit:Roughhouse","hermit:Grudge+1","hermit:Cheat+1","hermit:Scavenge+1","hermit:Manifest+1","Madness","Madness","hermit:Virtue+1","hermit:Glare+1","hermit:NoHoldsBarred+1"],"relics":["hermit:Momento","Nunchaku","Happy Flower","Pen Nib","Potion Belt","White Beast Statue","hermit:BartenderGlass","Letter Opener","MealTicket","hermit:Horseshoe","Meat on the Bone","Astrolabe","Shovel","WingedGreaves","Eternal Feather","Bronze Scales","PreservedInsect","CeramicFish","Bottled Flame","MawBank","Blue Candle"],"acts_visited":["Exordium","TheCity","TheBeyond"],"potions_floor_usage":[13,18,18,19,19,19,21,21,22,22,22,23,23,23,24,24,24,24,25,25,25,25,27,27,27,29,29,29,31,33,33,33,33,33,35,35,35,37,37,40,40,40,41,41,42,42,42,42,48,48,50,50,50,50,50,50,50],"damage_taken":[{"damage":1.0,"enemies":"2 Louse","floor":1.0,"turns":3.0},{"damage":6.0,"enemies":"Jaw Worm","floor":2.0,"turns":3.0},{"damage":0.0,"enemies":"Small Slimes","floor":5.0,"turns":4.0},{"damage":24,"enemies":"Lagavulin","floor":7,"turns":7},{"damage":0,"enemies":"Looter","floor":8,"turns":3},{"damage":7,"enemies":"3 Sentries","floor":13,"turns":10},{"damage":7,"enemies":"The Guardian","floor":16,"turns":12},{"damage":0,"enemies":"Shell Parasite","floor":18,"turns":7},{"damage":1,"enemies":"3 Byrds","floor":19,"turns":4},{"damage":33,"enemies":"Shelled Parasite and Fungi","floor":21,"turns":3},{"damage":0,"enemies":"Snecko","floor":22,"turns":6},{"damage":0,"enemies":"Book of Stabbing","floor":23,"turns":5},{"damage":14,"enemies":"3 Cultists","floor":24,"turns":6},{"damage":14,"enemies":"Slavers","floor":25,"turns":6},{"damage":13,"enemies":"Gremlin Leader","floor":27,"turns":11},{"damage":6,"enemies":"Sentry and Sphere","floor":29,"turns":4},{"damage":11,"enemies":"Snake Plant","floor":31,"turns":4},{"damage":41,"enemies":"Champ","floor":33,"turns":18},{"damage":7,"enemies":"3 Darklings","floor":35,"turns":10},{"damage":0,"enemies":"Orb Walker","floor":37,"turns":4},{"damage":52,"enemies":"Reptomancer","floor":40,"turns":9},{"damage":21,"enemies":"Sphere and 2 Shapes","floor":41,"turns":7},{"damage":0,"enemies":"Nemesis","floor":42,"turns":9},{"damage":11,"enemies":"Reptomancer","floor":48,"turns":7},{"damage":67,"enemies":"Time Eater","floor":50,"turns":15}],"seed_played":"881126991065737691","potions_obtained":[{"floor":7,"key":"SteroidPotion"},{"floor":8,"key":"Block Potion"},{"floor":13,"key":"PowerPotion"},{"floor":16,"key":"BlessingOfTheForge"},{"floor":18,"key":"Fire Potion"},{"floor":19,"key":"AttackPotion"},{"floor":21,"key":"Dexterity Potion"},{"floor":22,"key":"Explosive Potion"},{"floor":23,"key":"Swift Potion"},{"floor":24,"key":"ColorlessPotion"},{"floor":25,"key":"SkillPotion"},{"floor":27,"key":"DuplicationPotion"},{"floor":28,"key":"Ancient Potion"},{"floor":28,"key":"PowerPotion"},{"floor":29,"key":"Energy Potion"},{"floor":31,"key":"Weak Potion"},{"floor":33,"key":"FearPotion"},{"floor":35,"key":"GamblersBrew"},{"floor":37,"key":"AttackPotion"},{"floor":40,"key":"hermit:BlackBile"},{"floor":41,"key":"hermit:Tonic"},{"floor":42,"key":"LiquidMemories"},{"floor":48,"key":"EssenceOfSteel"}],"is_trial":false,"path_per_floor":["M","M","?","?","M","R","E","M","T","?","?","?","E","$","R","B",null,"M","M","?","M","M","E","M","E","T","E","?","M","R","M","R","B",null,"M","?","M","$","?","E","M","E","T","?","R","T","R","E","R","B",null],"character_chosen":"HERMIT","items_purchased":["White Beast Statue","Shovel"],"campfire_rested":1,"item_purchase_floors":[14,38],"current_hp_per_floor":[81,75,75,72,72,72,48,48,48,48,37,21,14,14,14,7,82,82,81,81,48,48,52,38,24,24,15,15,21,21,26,50,25,82,79,69,69,82,82,42,42,46,46,46,58,58,70,63,78,31],"gold":253,"neow_bonus":"TEN_PERCENT_HP_BONUS","is_daily":false,"chose_seed":false,"campfire_upgraded":3,"win_rate":0.0,"timestamp":1611996204,"path_taken":["M","M","?","?","M","R","E","M","T","?","?","?","E","$","R","BOSS","M","M","?","?","M","E","M","E","T","E","?","M","R","?","R","BOSS","M","?","M","$","?","E","?","E","T","?","R","?","R","E","R","BOSS"],"items_purchased_type":["Relic","Relic"],"build_version":"2020-12-22","purchased_purges":2,"victory":true,"max_hp_per_floor":[82,82,82,82,82,82,82,82,82,82,82,82,82,82,82,82,82,82,82,82,82,82,82,82,82,82,82,82,82,82,82,82,82,82,82,82,82,82,82,82,87,87,87,87,87,87,87,87,87,87],"relic_stats":{"Happy Flower":[53],"counters":[25,177],"Astrolabe":["hermit:Grudge","hermit:Cheat","hermit:Scavenge"],"CeramicFish":9,"Blue Candle":[0],"Eternal Feather":39,"Pen Nib":[21],"PreservedInsect":59,"Letter Opener":[500],"MawBank":36,"Nunchaku":[23],"Shovel":3,"Bronze Scales":[96],"MealTicket":13,"obtain_stats":[{"Potion Belt":13,"Happy Flower":7,"Astrolabe":34,"CeramicFish":46,"Blue Candle":49,"Eternal Feather":42,"Pen Nib":9,"PreservedInsect":45,"Letter Opener":23,"MawBank":48,"White Beast Statue":14,"Nunchaku":4,"Bottled Flame":47,"Shovel":38,"Bronze Scales":43,"hermit:BartenderGlass":17,"MealTicket":25,"WingedGreaves":40,"hermit:Horseshoe":26,"hermit:Momento":0,"Meat on the Bone":27},{"Potion Belt":6,"Happy Flower":4,"Astrolabe":18,"CeramicFish":23,"Blue Candle":24,"Eternal Feather":23,"Pen Nib":5,"PreservedInsect":23,"Letter Opener":12,"MawBank":24,"White Beast Statue":6,"Nunchaku":2,"Bottled Flame":23,"Shovel":20,"Bronze Scales":23,"hermit:BartenderGlass":7,"MealTicket":14,"WingedGreaves":21,"hermit:Horseshoe":14,"hermit:Momento":0,"Meat on the Bone":15},{"Potion Belt":30,"Happy Flower":17,"Astrolabe":116,"CeramicFish":155,"Blue Candle":162,"Eternal Feather":155,"Pen Nib":20,"PreservedInsect":155,"Letter Opener":67,"MawBank":162,"White Beast Statue":30,"Nunchaku":6,"Bottled Flame":155,"Shovel":130,"Bronze Scales":155,"hermit:BartenderGlass":42,"MealTicket":79,"WingedGreaves":139,"hermit:Horseshoe":79,"hermit:Momento":0,"Meat on the Bone":90}],"Meat on the Bone":72},"card_choices":[{"not_picked":["hermit:SprayPray","hermit:Desperado"],"picked":"hermit:Vantage","floor":1.0},{"not_picked":["hermit:LowProfile","hermit:Headshot"],"picked":"hermit:Glare","floor":2.0},{"not_picked":["hermit:FullyLoaded","hermit:HighCaliber"],"picked":"hermit:Misfire","floor":5},{"not_picked":["hermit:FlashPowder","hermit:Misfire"],"picked":"hermit:GhostlyPresence","floor":7},{"not_picked":["hermit:ItchyTrigger","hermit:FullyLoaded"],"picked":"hermit:TakeCover","floor":8},{"not_picked":["hermit:Gestalt","hermit:Headshot"],"picked":"hermit:FlashPowder","floor":13},{"not_picked":["hermit:HeroicBravado","hermit:Dissolve"],"picked":"hermit:Reprieve","floor":16},{"not_picked":["hermit:LowProfile","hermit:BodyArmor"],"picked":"hermit:Horror+1","floor":18},{"not_picked":["hermit:Headshot+1","hermit:ItchyTrigger+1"],"picked":"hermit:EyeOfTheStorm","floor":19},{"not_picked":["hermit:SprayPray+1","hermit:WideOpen","hermit:LuckOfTheDraw"],"picked":"SKIP","floor":21},{"not_picked":["hermit:Adapt","hermit:Coalescence+1","hermit:WideOpen"],"picked":"SKIP","floor":22},{"not_picked":["hermit:BodyArmor+1","hermit:Quickdraw"],"picked":"hermit:TakeAim","floor":23},{"not_picked":["hermit:NoHoldsBarred","hermit:CalledShot","hermit:Snipe"],"picked":"SKIP","floor":24},{"not_picked":["hermit:Glare","hermit:LowProfile","hermit:DeadOrAlive"],"picked":"SKIP","floor":25},{"not_picked":["hermit:WideOpen","hermit:Midnight","hermit:Virtue"],"picked":"SKIP","floor":27},{"not_picked":["hermit:Snipe+1","hermit:Cheat","hermit:Deadeye"],"picked":"SKIP","floor":29},{"not_picked":["hermit:TrackingShot","hermit:DeadMansHand"],"picked":"hermit:Scavenge","floor":31},{"not_picked":["hermit:HeroicBravado","hermit:OverwhelmingPower"],"picked":"hermit:Roughhouse","floor":33},{"not_picked":["hermit:WideOpen+1","hermit:Malice"],"picked":"hermit:Manifest+1","floor":35},{"not_picked":["hermit:Vantage+1","hermit:Misfire"],"picked":"hermit:Virtue+1","floor":37},{"not_picked":["hermit:Quickdraw+1","hermit:HoleUp","hermit:Ricochet"],"picked":"SKIP","floor":40},{"not_picked":["hermit:TakeCover+1","hermit:ShadowCloak+1"],"picked":"hermit:Glare+1","floor":41},{"not_picked":["hermit:Roughhouse","hermit:TrackingShot"],"picked":"hermit:Brawl","floor":42},{"not_picked":["hermit:LuckOfTheDraw","hermit:WideOpen"],"picked":"hermit:NoHoldsBarred+1","floor":48}],"player_experience":865052,"relics_obtained":[{"floor":7,"key":"Happy Flower"},{"floor":9,"key":"Pen Nib"},{"floor":13,"key":"Potion Belt"},{"floor":23,"key":"Letter Opener"},{"floor":25,"key":"MealTicket"},{"floor":26,"key":"hermit:Horseshoe"},{"floor":27,"key":"Meat on the Bone"},{"floor":40,"key":"WingedGreaves"},{"floor":42,"key":"Eternal Feather"},{"floor":43,"key":"Bronze Scales"},{"floor":45,"key":"PreservedInsect"},{"floor":46,"key":"CeramicFish"},{"floor":47,"key":"Bottled Flame"},{"floor":48,"key":"MawBank"},{"floor":49,"key":"Blue Candle"}],"event_choices":[{"cards_removed":["hermit:Strike_Hermit"],"damage_healed":0.0,"max_hp_gain":0.0,"max_hp_loss":0.0,"gold_gain":0.0,"event_name":"The Cleric","player_choice":"Card Removal","floor":3.0,"gold_loss":50.0,"damage_taken":0.0},{"damage_healed":0.0,"max_hp_gain":0.0,"max_hp_loss":0.0,"gold_gain":0.0,"event_name":"Scrap Ooze","player_choice":"Success","floor":4.0,"gold_loss":0.0,"damage_taken":3.0,"relics_obtained":["Nunchaku"]},{"damage_healed":0,"gold_gain":68,"player_choice":"Gained Gold","damage_taken":0,"max_hp_gain":0,"max_hp_loss":0,"event_name":"Golden Wing","floor":10,"gold_loss":0},{"damage_healed":0,"gold_gain":75,"player_choice":"Gather Gold","damage_taken":11,"max_hp_gain":0,"max_hp_loss":0,"event_name":"World of Goop","floor":11,"gold_loss":0},{"damage_healed":0,"gold_gain":0,"player_choice":"Entered Light","damage_taken":16,"max_hp_gain":0,"max_hp_loss":0,"event_name":"Shining Light","floor":12,"gold_loss":0,"cards_upgraded":["hermit:Defend_Hermit","hermit:Strike_Hermit"]},{"damage_healed":0,"gold_gain":0,"player_choice":"Upgraded","damage_taken":0,"max_hp_gain":0,"max_hp_loss":0,"event_name":"Upgrade Shrine","floor":20,"gold_loss":0,"cards_upgraded":["hermit:EyeOfTheStorm"]},{"damage_healed":0,"gold_gain":0,"player_choice":"Bought 2 Potions","damage_taken":0,"max_hp_gain":0,"max_hp_loss":0,"event_name":"The Woman in Blue","floor":28,"gold_loss":0},{"damage_healed":0,"gold_gain":0,"player_choice":"Embrace Madness","damage_taken":10,"max_hp_gain":0,"max_hp_loss":0,"event_name":"Winding Halls","floor":36,"gold_loss":0,"cards_obtained":["Madness","Madness"]},{"damage_healed":0,"gold_gain":0,"player_choice":"Ignored","damage_taken":0,"max_hp_gain":0,"max_hp_loss":0,"event_name":"SecretPortal","floor":39,"gold_loss":0},{"cards_removed":["hermit:Brawl"],"damage_healed":0,"gold_gain":0,"player_choice":"Removed Power","damage_taken":0,"max_hp_gain":0,"max_hp_loss":0,"event_name":"Falling","floor":44,"gold_loss":0}],"is_beta":false,"boss_relics":[{"not_picked":["Ectoplasm","Empty Cage"],"picked":"hermit:BartenderGlass"},{"not_picked":["SlaversCollar","Sozu"],"picked":"Astrolabe"}],"items_purged_floors":[14,38],"is_endless":false,"potions_floor_spawned":[7,8,13,16,18,19,21,22,23,24,25,27,29,31,33,35,37,40,41,42,48],"ascension_level":0}}