{"host":"6zxkll9nensv7d24","time":1611974850,"event":{"mods":["2.2 Compatiblity","AchievementEnabler","Act Like it!","Bard","BaseMod","Better Match","Better Note","Better Third Choice","Better Vampires","BetterRewards","Conspire","Curses Come First","Displayed Cursed Tome","Downfall","Duelist Mod","Hallownest","Hubris","Hyrulean Relics","Infinite Spire","Minty Spire (QoL Compilation)","Replay The Spire","Small Relic Pack","StSLib","The Bug Knight","Transform Curses"],"gold_per_floor":[118,118,118,118,118,118,6,6,6,25,36,10,28,57,57,159,159,169,181,181,181,49,49,49,49,97,97,126,136,136,113,113,113,113],"floor_reached":33,"language":"ENG","playtime":2091,"items_purged":[],"score":359,"play_id":"9cc17efa-a824-4204-a4c3-fc53725768b4","local_time":"20210129204730","is_ascension_mode":false,"campfire_choices":[{"floor":6,"key":"REST"},{"floor":8,"key":"REST"},{"floor":23,"key":"REST"},{"floor":25,"key":"REST"},{"data":"HollowMod:AwokenDreamNail","floor":27,"key":"SMITH"},{"floor":32,"key":"REST"}],"circlet_count":0,"master_deck":["HollowMod:NailStrikeStart","HollowMod:NailStrikeStart","HollowMod:NailStrikeStart","HollowMod:NailStrikeStart","HollowMod:QuickDashStart","HollowMod:QuickDashStart","HollowMod:QuickDashStart","HollowMod:QuickDashStart","HollowMod:FocusHealStart","HollowMod:PogoStrike","hubris:Sloth","HollowMod:CloakDash","HollowMod:BaldurShell","HollowMod:FallenFury","HollowMod:QuirrelsAssistance","HollowMod:ShapeofUnn","HollowMod:PerfectDash","HollowMod:DashSlash+1","HollowMod:HeavyBlow","HollowMod:CycloneSlash","HollowMod:LordofShades","HollowMod:CloakDash","HollowMod:SiblingsSouls+1","HollowMod:AwokenDreamNail+1","HollowMod:LifebloodCocoon","HollowMod:ShadowDash+1","HollowMod:SoulStrike"],"relics":["HollowMod:VesselMask","ReplayTheSpireMod:CursedCoin","Unceasing Top","Hallownest:SalubrasBlessingRelic","relicPack:DSword","Replay:Kaleidoscope","Replay:Bottled Flurry","SacredBark","Blue Candle","infinitespire:Lucky Rock","infinitespire:Satchel"],"acts_visited":["Exordium","Hallownest:Greenpath"],"potions_floor_usage":[11,11,16,19,19,28],"damage_taken":[{"damage":6,"enemies":"Hallownest:monsterHuskWarrior","floor":1,"turns":5},{"damage":5,"enemies":"Hallownest:2_Baldur","floor":10,"turns":4},{"damage":7,"enemies":"Hallownest:monsterHuskGuard","floor":11,"turns":4},{"damage":8,"enemies":"Hallownest:Guard_and_Warrior","floor":13,"turns":6},{"damage":23,"enemies":"Hallownest:eliteMossKnight","floor":14,"turns":7},{"damage":59,"enemies":"Hallownest:BossHornet","floor":16,"turns":9},{"damage":21,"enemies":"Hallownest:2_Mistakes","floor":18,"turns":6},{"damage":5,"enemies":"Hallownest:Guard_and_Sentry","floor":19,"turns":6},{"damage":35,"enemies":"Hallownest:eliteWatcherKnight","floor":28,"turns":10},{"damage":17,"enemies":"Hallownest:monsterMisterMushroom","floor":29,"turns":7},{"damage":71,"enemies":"Hallownest:BossMantisLord","floor":33,"turns":4}],"seed_played":"4904792003781198021","potions_obtained":[{"floor":1,"key":"CultistPotion"},{"floor":10,"key":"Fire Potion"},{"floor":16,"key":"Reflective Coating"},{"floor":18,"key":"Energy Potion"},{"floor":29,"key":"Elixir"}],"is_trial":false,"path_per_floor":["M","?","?","?","?","R","$","R","T","M","M","$","M","E","R","B",null,"M","M","?","?","$","R","$","R","T","R","E","M","?","$","R","B"],"character_chosen":"THE_BUGKNIGHT","items_purchased":["ReplayTheSpireMod:CursedCoin","HollowMod:CloakDash","HollowMod:FallenFury","HollowMod:QuirrelsAssistance","HollowMod:DashSlash","HollowMod:AwokenDreamNail","Energy Potion","HollowMod:SoulStrike"],"campfire_rested":5,"item_purchase_floors":[0,0,7,7,12,22,22,31],"current_hp_per_floor":[69,69,69,69,34,58,58,79,79,74,79,79,77,54,79,30,81,60,55,55,50,50,76,76,85,85,85,60,43,43,43,70,0,0],"gold":113,"neow_bonus":"","is_daily":false,"chose_seed":false,"campfire_upgraded":1,"win_rate":0.0,"timestamp":1611974850,"path_taken":["M","?","?","?","?","R","?","R","T","?","M","$","M","E","R","BOSS","M","?","?","?","$","R","?","R","T","R","E","M","?","$","R","BOSS"],"items_purchased_type":["Relic","Card","Card","Card","Card","Card","Potion","Card"],"build_version":"2020-12-22","purchased_purges":0,"victory":false,"max_hp_per_floor":[75,75,75,75,75,77,77,79,79,79,79,79,79,79,81,81,81,81,81,81,81,81,83,83,85,85,85,85,85,85,85,87,87,87],"card_choices":[{"not_picked":["HollowMod:SoulEater","HollowMod:NewJinnsSoul"],"picked":"HollowMod:BaldurShell","floor":1},{"not_picked":["HollowMod:ShadowDash","HollowMod:TaintedHusks"],"picked":"HollowMod:ShapeofUnn","floor":10},{"not_picked":["HollowMod:SiblingsSouls","HollowMod:BlackTendrils"],"picked":"HollowMod:PerfectDash","floor":11},{"not_picked":["HollowMod:SharpenedNail","HollowMod:CycloneSlash"],"picked":"HollowMod:HeavyBlow","floor":13},{"not_picked":["HollowMod:MidwifesHunger","HollowMod:SoulSplash"],"picked":"HollowMod:CycloneSlash","floor":14},{"not_picked":["HollowMod:ElderbugsWisdom","HollowMod:Hiveblood"],"picked":"HollowMod:LordofShades","floor":16},{"not_picked":["HollowMod:Grubsong","HollowMod:SiblingsSouls"],"picked":"HollowMod:CloakDash","floor":18},{"not_picked":["HollowMod:SharpenedNail","HollowMod:LifebloodCocoon+1"],"picked":"HollowMod:SiblingsSouls+1","floor":19},{"not_picked":["HollowMod:NewLittleFool","HollowMod:SoulEater"],"picked":"HollowMod:LifebloodCocoon","floor":28},{"not_picked":["HollowMod:AwokenDreamNail","HollowMod:BaldurShell"],"picked":"HollowMod:ShadowDash+1","floor":29}],"player_experience":113759,"relics_obtained":[{"floor":9,"key":"Replay:Kaleidoscope"},{"floor":14,"key":"Replay:Bottled Flurry"},{"floor":26,"key":"infinitespire:Lucky Rock"},{"floor":28,"key":"infinitespire:Satchel"}],"event_choices":[],"is_beta":false,"boss_relics":[{"not_picked":["Velvet Choker","hubris:TerracottaHorce"],"picked":"SacredBark"}],"items_purged_floors":[],"is_endless":false,"potions_floor_spawned":[1,10,16,18,29],"killed_by":"Hallownest:BossMantisLord","ascension_level":0}}