{"host":"4kmvpqjeiacgn1pr","time":1611970567,"event":{"mods":["AchievementEnabler","BaseMod","Better Altar","Better Match","Better Note","Better Sensory Stone","Better Skull","Better Third Choice","Colored Map","Colored Powertips","Curses Come First","Downfall","Highlight Path","Hubris","Infinite Spire","Minty Spire (QoL Compilation)","Permanent Neow","Quick Restart","Rare Cards Sparkle","Replay The Spire","Spicy Shops","StSLib"],"gold_per_floor":[112,124,136,136,311,330,343,376,449,449,475,400,433,449,449,554,554,564,583,583,602,602,602,602,602],"floor_reached":24,"language":"ENG","playtime":1015,"items_purged":["Replay:Hysterical Blindness"],"score":327,"play_id":"51a8041b-909d-4606-bac8-c33ae7627ed8","local_time":"20210129203607","is_ascension_mode":true,"campfire_choices":[{"floor":15,"key":"REST"},{"floor":23,"key":"RECALL"}],"circlet_count":0,"master_deck":["AscendersBane","Strike_G","Strike_G","Strike_G","Strike_G","Strike_G","Defend_G","Defend_G","Defend_G","Defend_G","Defend_G","Survivor","Neutralize","Sadistic Nature","Draining Mist","Acrobatics","Slice","Doubt","Poisoned Stab","Slice","Noxious Fumes","Noxious Fumes","Blade Dance+1","Accuracy","Replay:Poison Smokescreen","Corpse Explosion","All Out Attack+1","Flying Knee+1","Calculated Gamble+1","Delirium","bronze:Goto","Corpse Explosion","Panacea","infinitespire:FutureSight"],"relics":["Ring of the Snake","Bag of Marbles","Pen Nib","Quantum Egg","hubris:Reverence","Ginger","hubris:TenFootPole","Fusion Hammer","betterThird:NestCultRelic","ReplayTheSpireMod:SealedPack","OrangePellets"],"acts_visited":["Exordium","TheCity"],"potions_floor_usage":[11,13,14,16,16,24,24],"damage_taken":[{"damage":7,"enemies":"Cultist","floor":1,"turns":5},{"damage":6,"enemies":"Jaw Worm","floor":2,"turns":4},{"damage":0,"enemies":"2 Louse","floor":3,"turns":1},{"damage":6,"enemies":"Blue Slaver","floor":6,"turns":3},{"damage":5,"enemies":"3 Louse","floor":7,"turns":2},{"damage":7,"enemies":"Gremlin Nob","floor":8,"turns":3},{"damage":19,"enemies":"Lagavulin","floor":11,"turns":6},{"damage":9,"enemies":"3 Sentries","floor":13,"turns":5},{"damage":0,"enemies":"Exordium Thugs","floor":14,"turns":3},{"damage":17,"enemies":"Slime Boss","floor":16,"turns":4},{"damage":23,"enemies":"3 Byrds","floor":18,"turns":4},{"damage":4,"enemies":"Chosen","floor":19,"turns":2},{"damage":9,"enemies":"Centurion and Healer","floor":21,"turns":6},{"damage":24,"enemies":"Snake Plant","floor":24,"turns":1}],"seed_played":"6126538682449850763","potions_obtained":[{"floor":1,"key":"Energy Potion"},{"floor":2,"key":"DistilledChaos"},{"floor":11,"key":"AttackPotion"},{"floor":13,"key":"PowerPotion"},{"floor":14,"key":"Energy Potion"},{"floor":19,"key":"Doom Potion"},{"floor":21,"key":"DuplicationPotion"}],"is_trial":false,"path_per_floor":["M","M","M","?","?","M","M","E","T","T","E","?","E","M","R","B",null,"M","M","?","M","AVR","R","M"],"character_chosen":"THE_SILENT","items_purchased":[],"campfire_rested":1,"item_purchase_floors":[],"current_hp_per_floor":[56,50,50,50,50,44,39,32,32,32,13,13,4,4,25,8,55,32,28,28,19,19,19,0,0],"gold":602,"neow_bonus":"RANDOM_COLORLESS_2","is_daily":false,"chose_seed":false,"campfire_upgraded":0,"win_rate":0.0,"timestamp":1611970567,"path_taken":["M","M","?","?","?","M","M","E","T","?","E","?","E","M","R","BOSS","M","M","?","M","AVR","R","M"],"items_purchased_type":[],"build_version":"2020-12-22","purchased_purges":1,"victory":false,"max_hp_per_floor":[70,70,70,70,70,70,70,70,70,70,70,70,70,70,70,70,70,70,70,70,70,70,70,70,70],"card_choices":[{"not_picked":["ReplayUltimateDefense","Crow Ritual"],"picked":"Sadistic Nature","floor":0},{"not_picked":["Finisher","Flechettes"],"picked":"Draining Mist","floor":1},{"not_picked":["Hidden Blade","Outmaneuver"],"picked":"Acrobatics","floor":2},{"not_picked":["Hidden Blade","Underhanded Strike"],"picked":"Slice","floor":3},{"not_picked":["Backflip","Deflect"],"picked":"Poisoned Stab","floor":6},{"not_picked":["Outmaneuver","PiercingWail"],"picked":"Slice","floor":7},{"not_picked":["Well Laid Plans","Poisoned Stab"],"picked":"Noxious Fumes","floor":8},{"not_picked":["Dagger Spray","Flying Knee"],"picked":"Noxious Fumes","floor":11},{"not_picked":["Flying Knee+1","Prepared+1"],"picked":"Blade Dance+1","floor":12},{"not_picked":["Concentrate","Reflex"],"picked":"Accuracy","floor":13},{"not_picked":["Draining Mist","Flying Knee"],"picked":"Replay:Poison Smokescreen","floor":14},{"not_picked":["Atom Bomb","Unload"],"picked":"Corpse Explosion","floor":16},{"not_picked":["Bouncing Flask","ReplayTheSpireMod:The Works+1"],"picked":"All Out Attack+1","floor":18},{"not_picked":["Endless Agony","Acrobatics"],"picked":"Flying Knee+1","floor":19},{"not_picked":["Sucker Punch+1","Backflip"],"picked":"Calculated Gamble+1","floor":21},{"not_picked":["Neutralize","Bash"],"picked":"bronze:Goto","floor":22},{"not_picked":["Burst","Unload"],"picked":"Corpse Explosion","floor":22},{"not_picked":["Impatience","Deep Breath"],"picked":"Panacea","floor":22},{"not_picked":["hubris:Rewind","ReplayTheSpireMod:Echoes of Time"],"picked":"infinitespire:FutureSight","floor":22}],"player_experience":387497,"relics_obtained":[{"floor":4,"key":"Bag of Marbles"},{"floor":8,"key":"Pen Nib"},{"floor":9,"key":"Quantum Egg"},{"floor":10,"key":"hubris:Reverence"},{"floor":11,"key":"Ginger"},{"floor":13,"key":"hubris:TenFootPole"}],"event_choices":[{"damage_healed":0,"gold_gain":175,"player_choice":"AGREE","damage_taken":136,"max_hp_gain":0,"max_hp_loss":0,"event_name":"betterThird:BetterSerpent","floor":5,"gold_loss":0},{"damage_healed":0,"gold_gain":0,"player_choice":"2","damage_taken":0,"max_hp_gain":0,"max_hp_loss":0,"event_name":"betterMatch:BetterMatch","floor":12,"gold_loss":0,"cards_obtained":["betterMatch:CommonCard"]},{"damage_healed":0,"gold_gain":0,"player_choice":"Madness","damage_taken":0,"relics_obtained":["betterThird:NestCultRelic"],"max_hp_gain":0,"max_hp_loss":0,"event_name":"betterThird:BetterNest","floor":20,"gold_loss":0}],"is_beta":false,"boss_relics":[{"not_picked":["Ectoplasm","Replay:Wanted Poster"],"picked":"Fusion Hammer"}],"items_purged_floors":[22],"is_endless":false,"potions_floor_spawned":[1,2,11,13,14,19,21],"killed_by":"Snake Plant","ascension_level":10}}