{"host":"cm56dopeulr50jn0","time":1611979695,"event":{"mods":["BaseMod","Bestiary","Better Match","Better Third Choice","Downfall","Minty Spire (QoL Compilation)","Relic Stats","StSLib"],"gold_per_floor":[116,130,1,17,32,63,88,263,293,307,207,240,240,79,79,175,175,194,204,222,222,15,48,48,58,74,105,119,154,154,186,186,283,283,297,313,330,347,311,346,370,270,303,303,335,112,132,132,32,32,32,61,34,34,34,34],"floor_reached":57,"language":"ENG","playtime":10366,"items_purged":["champ:Strike","Doubt","champ:Strike","champ:Strike"],"score":1690,"play_id":"1e189a94-2dc6-4358-801c-9551ac1e5f33","local_time":"20210129200815","is_ascension_mode":true,"campfire_choices":[{"data":"champ:SwordSigil","floor":11.0,"key":"SMITH"},{"data":"champ:Duel","floor":13.0,"key":"SMITH"},{"data":"champ:FanOfKnives","floor":15.0,"key":"SMITH"},{"floor":30,"key":"REST"},{"floor":32,"key":"REST"},{"floor":42,"key":"RECALL"},{"floor":49,"key":"REST"},{"floor":54,"key":"REST"}],"circlet_count":0,"master_deck":["champ:Strike","champ:Defend","champ:Defend","champ:Defend","champ:Defend","champ:Execute","champ:Taunt","champ:FocusedBerserking","champ:Duel+1","champ:SwordSigil+1","champ:DeathBlow","champ:FanOfKnives+1","champ:GladiatorStyle","champ:EnGarde","champ:Backstep","champ:LastStand","champ:HeavySlash+1","champ:Duel+1","champ:Shatter+1","champ:MurderStrike+1","champ:Haymaker+1","champ:FaceSlap+1","champ:HeartStrike+1","champ:FlashCut+1","champ:IronFortress","champ:HeavySlash+1","champ:ArenaPreparation","champ:StanceDance+1","champ:RisingSlash+1","champ:UltimateStance","champ:GutPunch+1","champ:GladiatorStyle","champ:GladiatorForm","champ:DefensiveStyle","champ:BringItOn"],"relics":["champ:ChampionCrown","Lantern","Oddly Smooth Stone","Orichalcum","downfall:HeartBlessingGreen","Molten Egg 2","Fusion Hammer","CultistMask","MealTicket","Singing Bowl","Red Mask","sneckomod:BlankCard","Gambling Chip","Philosopher\u0027s Stone","OrangePellets","Mummified Hand","downfall:HeartBlessingBlue","Pen Nib","Bag of Marbles","bronze:BronzeIdol","downfall:HeartBlessingRed","Dead Branch"],"acts_visited":["Exordium","TheCity","TheBeyond","TheEnding"],"potions_floor_usage":[16,22,52,56],"damage_taken":[{"damage":11.0,"enemies":"2 Louse","floor":1.0,"turns":2.0},{"damage":30.0,"enemies":"Cultist","floor":2.0,"turns":5.0},{"damage":15.0,"enemies":"downfall:FleeingMerchant","floor":3.0,"turns":4.0},{"damage":40.0,"enemies":"Jaw Worm","floor":4.0,"turns":3.0},{"damage":40.0,"enemies":"Exordium Wildlife","floor":5.0,"turns":3.0},{"damage":68.0,"enemies":"3 Sentries","floor":6.0,"turns":5.0},{"damage":96.0,"enemies":"Lagavulin","floor":9.0,"turns":10.0},{"damage":2.0,"enemies":"Blue Slaver","floor":10.0,"turns":3.0},{"damage":34.0,"enemies":"Gremlin Nob","floor":12.0,"turns":4.0},{"damage":29.0,"enemies":"downfall:FleeingMerchant","floor":14.0,"turns":4.0},{"damage":33,"enemies":"IC_STATUS_ARCHETYPE","floor":16,"turns":6},{"damage":30,"enemies":"3 Byrds","floor":18,"turns":6},{"damage":40,"enemies":"Shell Parasite","floor":19,"turns":3},{"damage":60,"enemies":"Centurion and Healer","floor":20,"turns":5},{"damage":15,"enemies":"downfall:FleeingMerchant","floor":22,"turns":4},{"damage":48,"enemies":"Book of Stabbing","floor":23,"turns":3},{"damage":27,"enemies":"Shelled Parasite and Fungi","floor":25,"turns":3},{"damage":16,"enemies":"Chosen and Byrds","floor":26,"turns":5},{"damage":14,"enemies":"Masked Bandits","floor":27,"turns":3},{"damage":10,"enemies":"Cultist and Chosen","floor":28,"turns":4},{"damage":33,"enemies":"Slavers","floor":29,"turns":5},{"damage":26,"enemies":"Book of Stabbing","floor":31,"turns":4},{"damage":58,"enemies":"DF_ARCHETYPE_CLAW","floor":33,"turns":5},{"damage":35,"enemies":"3 Shapes","floor":35,"turns":3},{"damage":45,"enemies":"Orb Walker","floor":36,"turns":2},{"damage":48,"enemies":"3 Darklings","floor":37,"turns":4},{"damage":59,"enemies":"4 Shapes","floor":38,"turns":4},{"damage":40,"enemies":"downfall:FleeingMerchant","floor":39,"turns":3},{"damage":95,"enemies":"Giant Head","floor":40,"turns":5},{"damage":67,"enemies":"Nemesis","floor":43,"turns":5},{"damage":40,"enemies":"Giant Head","floor":45,"turns":4},{"damage":25,"enemies":"Spire Growth","floor":47,"turns":3},{"damage":153,"enemies":"WA_ARCHETYPE_DIVINITY","floor":50,"turns":8},{"damage":95,"enemies":"downfall:CharBossMerchant","floor":52,"turns":6},{"damage":119,"enemies":"downfall:NeowBoss","floor":55,"turns":12},{"damage":47,"enemies":"downfall:NeowBossFinal","floor":56,"turns":7}],"seed_played":"-1016547264804777813","potions_obtained":[{"floor":1.0,"key":"Weak Potion"},{"floor":4.0,"key":"Block Potion"},{"floor":6.0,"key":"sneckomod:MuddlingPotion"},{"floor":9.0,"key":"Explosive Potion"},{"floor":12.0,"key":"SmokeBomb"},{"floor":19,"key":"champ:CounterPotion"},{"floor":23,"key":"champ:TechniquePotion"},{"floor":25,"key":"LiquidMemories"},{"floor":27,"key":"champ:UltimateStancePotion"}],"is_trial":false,"path_per_floor":["M","M","$","M","M","E","T","?","E","M","R","E","R","$","R","B",null,"M","M","M","?","$","E","T","M","M","?","M","E","R","E","R","B",null,"M","M","M","M","$","E","T","R","E","?","E","$","M","?","R","B",null,"E","$","R","B","B",null],"character_chosen":"THE_CHAMP","items_purchased":["champ:DeathBlow","champ:Shatter+1","champ:HeartStrike+1","OrangePellets","champ:GladiatorStyle","bronze:BronzeIdol","champ:DefensiveStyle","champ:BringItOn"],"campfire_rested":4,"item_purchase_floors":[3,14,22,39,39,46,46,53],"current_hp_per_floor":[98,98,98,98,98,80,80,80,64,62,62,48,48,39,39,36,83,78,73,63,63,63,60,60,45,46,42,44,21,52,46,77,46,92,94,94,86,82,97,99,99,109,92,92,94,109,111,111,125,82,114,46,61,99,50,38],"gold":34,"neow_bonus":"TEN_PERCENT_HP_BONUS","is_daily":false,"chose_seed":false,"campfire_upgraded":3,"win_rate":0.0,"timestamp":1611979695,"path_taken":["M","M","$","M","M","E","T","?","E","M","R","E","R","$","R","BOSS","M","M","M","?","?","E","T","?","M","?","M","E","R","E","R","BOSS","M","M","M","M","$","E","T","R","E","?","E","?","M","?","R","BOSS","E","$","R","BOSS","BOSS"],"items_purchased_type":["Card","Card","Card","Relic","Card","Relic","Card","Card"],"build_version":"2020-12-22","purchased_purges":4,"victory":true,"max_hp_per_floor":[99,99,99,99,99,99,99,99,99,99,99,99,99,99,99,99,99,99,99,99,99,99,99,99,101,103,103,105,105,105,105,105,107,107,109,109,109,109,109,111,111,121,121,121,123,123,125,125,125,125,125,127,127,127,127,127],"relic_stats":{"OrangePellets":[19],"Singing Bowl":18,"counters":[36,165],"Mummified Hand":[50],"Gambling Chip":[24],"Dead Branch":[23],"MealTicket":45,"Pen Nib":[9],"Orichalcum":[84],"obtain_stats":[{"Lantern":6,"Singing Bowl":24,"downfall:HeartBlessingRed":49,"sneckomod:BlankCard":29,"Dead Branch":52,"Oddly Smooth Stone":7,"champ:ChampionCrown":0,"downfall:HeartBlessingGreen":11,"Pen Nib":43,"Orichalcum":9,"bronze:BronzeIdol":46,"OrangePellets":39,"Mummified Hand":40,"downfall:HeartBlessingBlue":42,"Gambling Chip":31,"Molten Egg 2":12,"MealTicket":23,"Philosopher\u0027s Stone":34,"Fusion Hammer":17,"CultistMask":21,"Red Mask":27,"Bag of Marbles":45},{"Lantern":6,"Singing Bowl":16,"downfall:HeartBlessingRed":32,"sneckomod:BlankCard":21,"Dead Branch":34,"Oddly Smooth Stone":6,"champ:ChampionCrown":0,"downfall:HeartBlessingGreen":8,"Pen Nib":30,"Orichalcum":7,"bronze:BronzeIdol":31,"OrangePellets":28,"Mummified Hand":29,"downfall:HeartBlessingBlue":29,"Gambling Chip":22,"Molten Egg 2":9,"MealTicket":16,"Philosopher\u0027s Stone":23,"Fusion Hammer":11,"CultistMask":14,"Red Mask":19,"Bag of Marbles":31},{"Lantern":22,"Singing Bowl":70,"downfall:HeartBlessingRed":132,"sneckomod:BlankCard":90,"Dead Branch":146,"Oddly Smooth Stone":22,"champ:ChampionCrown":0,"downfall:HeartBlessingGreen":35,"Pen Nib":125,"Orichalcum":32,"bronze:BronzeIdol":129,"OrangePellets":115,"Mummified Hand":120,"downfall:HeartBlessingBlue":120,"Gambling Chip":94,"Molten Egg 2":39,"MealTicket":70,"Philosopher\u0027s Stone":99,"Fusion Hammer":49,"CultistMask":63,"Red Mask":81,"Bag of Marbles":129}]},"card_choices":[{"not_picked":["champ:BladeFlurry","champ:FocusedDefense"],"picked":"champ:FocusedBerserking","floor":1.0},{"not_picked":["champ:Circumvent","champ:RisingSlash"],"picked":"champ:Duel","floor":2.0},{"not_picked":["champ:DefensiveShout","champ:SetATrap"],"picked":"champ:SwordSigil","floor":3.0},{"not_picked":["champ:StanceDance","champ:GutPunch"],"picked":"champ:FanOfKnives","floor":4.0},{"not_picked":["champ:ShieldSigil","champ:Parry"],"picked":"champ:GladiatorStyle","floor":5.0},{"not_picked":["champ:AdrenalArmor","champ:FocusedDefense"],"picked":"champ:EnGarde","floor":6.0},{"not_picked":["champ:BladeFlurry","champ:CrownThrow"],"picked":"champ:Backstep","floor":9.0},{"not_picked":["champ:FanOfKnives","champ:GutPunch"],"picked":"champ:LastStand","floor":10.0},{"not_picked":["champ:Circumvent","champ:ShieldSigil"],"picked":"champ:HeavySlash+1","floor":12.0},{"not_picked":["champ:ArenaPreparation","champ:FocusedDefense"],"picked":"champ:Duel+1","floor":14.0},{"not_picked":["champ:StrikeOfGenius","champ:TripleStrike+1"],"picked":"champ:MurderStrike+1","floor":16},{"not_picked":["champ:FalseCounter+1","champ:CrownThrow+1"],"picked":"champ:Haymaker+1","floor":18},{"not_picked":["champ:RageSigil","champ:AdrenalArmor","champ:BladeFlurry+1"],"picked":"SKIP","floor":19},{"not_picked":["champ:FocusedDefense","champ:SkillfulDodge+1"],"picked":"champ:FaceSlap+1","floor":20},{"not_picked":["champ:BerserkersShout","champ:EnchantShield","champ:ViciousMockery"],"picked":"SKIP","floor":22},{"not_picked":["champ:TornadoPunch+1","champ:FanOfKnives+1"],"picked":"champ:FlashCut+1","floor":23},{"not_picked":["champ:EnGarde","champ:BerserkersShout","champ:SkillfulDodge"],"picked":"Singing Bowl","floor":25},{"not_picked":["champ:StanceDance","champ:PreciseThrust+1","champ:BladeFlurry+1"],"picked":"Singing Bowl","floor":26},{"not_picked":["champ:Backstep","champ:StanceDance"],"picked":"champ:IronFortress","floor":27},{"not_picked":["champ:DefensiveShout","champ:Parry+1","champ:FocusedBerserking"],"picked":"Singing Bowl","floor":28},{"not_picked":["champ:RageSigil","champ:AdrenalArmor+1"],"picked":"champ:HeavySlash+1","floor":29},{"not_picked":["champ:FocusedDefense+1","champ:PreciseThrust+1"],"picked":"champ:ArenaPreparation","floor":31},{"not_picked":["champ:ShieldThrow+1","champ:Devastate+1","champ:EnchantSword"],"picked":"Singing Bowl","floor":33},{"not_picked":["champ:Haymaker+1","champ:GladiatorStyle","champ:Shatter+1"],"picked":"Singing Bowl","floor":35},{"not_picked":["champ:FocusedDefense","champ:PreciseThrust+1"],"picked":"champ:StanceDance+1","floor":36},{"not_picked":["champ:RageSigil+1","champ:Parry"],"picked":"champ:RisingSlash+1","floor":37},{"not_picked":["champ:Backstep+1","champ:CrownThrow+1"],"picked":"champ:UltimateStance","floor":38},{"not_picked":["champ:BladeFlurry+1","champ:Endure+1"],"picked":"champ:GutPunch+1","floor":39},{"not_picked":["champ:PreciseThrust+1","champ:FancyFootwork+1","champ:DeathBlow+1"],"picked":"Singing Bowl","floor":40},{"not_picked":["champ:RageSigil+1","champ:PerfectedStrike+1"],"picked":"champ:GladiatorForm","floor":43},{"not_picked":["champ:BladeFlurry+1","champ:FaceSlap+1","champ:CrownThrow+1"],"picked":"Singing Bowl","floor":45},{"not_picked":["champ:FlashCut+1","champ:CrookedStrike+1","champ:PreciseThrust+1"],"picked":"Singing Bowl","floor":47},{"not_picked":["champ:Haymaker+1","champ:Backstep","champ:BerserkersShout"],"picked":"Singing Bowl","floor":52}],"player_experience":1459423,"relics_obtained":[{"floor":6.0,"key":"Lantern"},{"floor":7.0,"key":"Oddly Smooth Stone"},{"floor":9.0,"key":"Orichalcum"},{"floor":12.0,"key":"Molten Egg 2"},{"floor":23,"key":"MealTicket"},{"floor":24,"key":"Singing Bowl"},{"floor":27,"key":"Red Mask"},{"floor":29,"key":"sneckomod:BlankCard"},{"floor":31,"key":"Gambling Chip"},{"floor":40,"key":"Mummified Hand"},{"floor":43,"key":"Pen Nib"},{"floor":45,"key":"Bag of Marbles"},{"floor":52,"key":"Dead Branch"}],"event_choices":[{"damage_healed":0,"gold_gain":0,"player_choice":"Trade","damage_taken":0,"relics_obtained":["CultistMask"],"max_hp_gain":0,"max_hp_loss":0,"event_name":"FaceTrader","floor":21,"gold_loss":0},{"damage_healed":0,"gold_gain":0,"player_choice":"Fought Bandits","damage_taken":0,"max_hp_gain":0,"max_hp_loss":0,"event_name":"Masked Bandits","floor":27,"gold_loss":0}],"is_beta":false,"boss_relics":[{"not_picked":["SlaversCollar","Tiny House"],"picked":"Fusion Hammer"},{"not_picked":["Runic Dome","Coffee Dripper"],"picked":"Philosopher\u0027s Stone"}],"items_purged_floors":[3,14,22,39],"is_endless":false,"potions_floor_spawned":[1,4,6,9,12,19,23,25,27,37,38,40,45],"ascension_level":5}}