{"host":"39erygfi9n0tobyn","time":1611976716,"event":{"mods":["2.2 Compatiblity","BaseMod","Bestiary","Colored Map","Colored Powertips","Curses Come First","Highlight Path","Keyboard Shortcuts","Minty Spire (QoL Compilation)","Relic Stats","StSLib","SuperFastMode"],"gold_per_floor":[109,128,303,322,322,322,348,366,421,435,24,39,39,59,59,163,163,179,191,191,151,163,163,40,52,52,52,68,68,68,68],"floor_reached":30,"language":"ENG","playtime":844,"items_purged":["Strike_B+1"],"score":234,"play_id":"063f13c2-7536-4d00-aefb-9f7508cd28df","local_time":"20210130001836","is_ascension_mode":false,"campfire_choices":[{"data":"Sweeping Beam","floor":6,"key":"SMITH"},{"data":"Loop","floor":13,"key":"SMITH"},{"data":"Discovery","floor":15,"key":"SMITH"},{"floor":23,"key":"REST"},{"data":"Echo Form","floor":27,"key":"SMITH"}],"circlet_count":0,"master_deck":["Strike_B","Strike_B","Strike_B","Defend_B","Defend_B","Defend_B","Defend_B","Zap","Dualcast","Sweeping Beam+1","Melter+1","Conserve Battery","Go for the Eyes","Loop+1","Leap","Sweeping Beam","Discovery+1","Blizzard","Ball Lightning","Echo Form+1","Fusion+1","Static Discharge+1","Melter+1","Coolheaded","Redo","Capacitor+1"],"relics":["Cracked Core","NeowsBlessing","Eternal Feather","Whetstone","Anchor","MealTicket","Philosopher\u0027s Stone","Bag of Preparation","MutagenicStrength"],"acts_visited":["Exordium","TheCity"],"potions_floor_usage":[7,16,30],"damage_taken":[{"damage":0,"enemies":"Small Slimes","floor":1,"turns":1},{"damage":0,"enemies":"Jaw Worm","floor":2,"turns":1},{"damage":0,"enemies":"2 Louse","floor":4,"turns":1},{"damage":18,"enemies":"Lagavulin","floor":7,"turns":6},{"damage":2,"enemies":"Red Slaver","floor":8,"turns":3},{"damage":2,"enemies":"Looter","floor":10,"turns":3},{"damage":0,"enemies":"2 Fungi Beasts","floor":12,"turns":2},{"damage":0,"enemies":"Large Slime","floor":14,"turns":3},{"damage":37,"enemies":"Hexaghost","floor":16,"turns":9},{"damage":11,"enemies":"Spheric Guardian","floor":18,"turns":3},{"damage":22,"enemies":"3 Byrds","floor":19,"turns":4},{"damage":18,"enemies":"Snake Plant","floor":22,"turns":3},{"damage":16,"enemies":"Centurion and Healer","floor":25,"turns":5},{"damage":0,"enemies":"Sentry and Sphere","floor":28,"turns":3},{"damage":67,"enemies":"Gremlin Leader","floor":30,"turns":6}],"seed_played":"-1741923058682349222","potions_obtained":[{"floor":1,"key":"AttackPotion"},{"floor":7,"key":"Fruit Juice"},{"floor":14,"key":"Dexterity Potion"},{"floor":16,"key":"PowerPotion"},{"floor":18,"key":"GamblersBrew"}],"is_trial":false,"path_per_floor":["M","M","?","M","?","R","E","M","T","M","$","M","R","M","R","B",null,"M","M","?","?","M","R","$","M","T","R","M","?","E"],"character_chosen":"DEFECT","items_purchased":["Anchor","MealTicket","Sweeping Beam","Discovery","Coolheaded"],"campfire_rested":1,"item_purchase_floors":[11,11,11,11,24],"current_hp_per_floor":[75,75,75,75,68,68,55,53,53,51,51,51,60,60,72,35,80,69,47,32,32,14,51,66,50,50,65,65,65,0,0],"gold":68,"neow_bonus":"THREE_ENEMY_KILL","is_daily":false,"chose_seed":false,"campfire_upgraded":4,"win_rate":0.0,"timestamp":1611976716,"path_taken":["M","M","?","M","?","R","E","?","T","M","$","M","R","M","R","BOSS","M","M","?","?","M","R","$","?","T","R","M","?","E"],"items_purchased_type":["Relic","Relic","Card","Card","Card"],"build_version":"2020-12-22","purchased_purges":1,"victory":false,"max_hp_per_floor":[75,75,75,75,75,75,80,80,80,80,80,80,80,80,80,80,80,80,80,85,85,85,85,85,85,85,85,85,85,85,85],"relic_stats":{"counters":[15,53],"Eternal Feather":48,"MealTicket":15,"Bag of Preparation":[4],"Whetstone":["Strike_B","Melter"],"obtain_stats":[{"Anchor":11,"NeowsBlessing":0,"MutagenicStrength":29,"Eternal Feather":7,"MealTicket":11,"Philosopher\u0027s Stone":17,"Bag of Preparation":26,"Whetstone":9,"Cracked Core":0},{"Anchor":6,"NeowsBlessing":0,"MutagenicStrength":14,"Eternal Feather":4,"MealTicket":6,"Philosopher\u0027s Stone":9,"Bag of Preparation":13,"Whetstone":5,"Cracked Core":0},{"Anchor":15,"NeowsBlessing":0,"MutagenicStrength":47,"Eternal Feather":9,"MealTicket":15,"Philosopher\u0027s Stone":29,"Bag of Preparation":44,"Whetstone":12,"Cracked Core":0}]},"card_choices":[{"not_picked":["Double Energy","Coolheaded"],"picked":"Sweeping Beam","floor":1},{"not_picked":["Lockon","Barrage"],"picked":"Melter","floor":2},{"not_picked":["Leap","Ball Lightning"],"picked":"Conserve Battery","floor":4},{"not_picked":["Reinforced Body","Beam Cell"],"picked":"Go for the Eyes","floor":7},{"not_picked":["Rip and Tear","Aggregate"],"picked":"Loop","floor":8},{"not_picked":["Streamline","Blizzard"],"picked":"Leap","floor":10},{"not_picked":["Sweeping Beam","Consume"],"picked":"Blizzard","floor":12},{"not_picked":["Gash","Reboot"],"picked":"Ball Lightning","floor":14},{"not_picked":["Creative AI","Thunder Strike"],"picked":"Echo Form","floor":16},{"not_picked":["Barrage","Streamline"],"picked":"Fusion","floor":18},{"not_picked":["Barrage","Ball Lightning"],"picked":"Static Discharge","floor":19},{"not_picked":["Blizzard","Scrape"],"picked":"Melter+1","floor":22},{"not_picked":["Beam Cell","Heatsinks"],"picked":"Redo","floor":25},{"not_picked":["Force Field","Blizzard+1"],"picked":"Capacitor+1","floor":28}],"player_experience":60737,"relics_obtained":[{"floor":7,"key":"Eternal Feather"},{"floor":9,"key":"Whetstone"},{"floor":26,"key":"Bag of Preparation"}],"event_choices":[{"damage_healed":0,"gold_gain":175,"player_choice":"AGREE","damage_taken":0,"max_hp_gain":0,"max_hp_loss":0,"event_name":"Liars Game","floor":3,"gold_loss":0,"cards_obtained":["Doubt"]},{"cards_removed":["Doubt"],"damage_healed":0,"gold_gain":0,"player_choice":"Card Removal","damage_taken":7,"max_hp_gain":0,"max_hp_loss":0,"event_name":"Golden Wing","floor":5,"gold_loss":0},{"damage_healed":0,"gold_gain":0,"player_choice":"Shed Blood","damage_taken":20,"max_hp_gain":5,"max_hp_loss":0,"event_name":"Forgotten Altar","floor":20,"gold_loss":0},{"damage_healed":0,"gold_gain":0,"player_choice":"Upgraded Two","damage_taken":0,"max_hp_gain":0,"max_hp_loss":0,"event_name":"Designer","floor":21,"gold_loss":40,"cards_upgraded":["Static Discharge","Fusion"]},{"damage_healed":0,"gold_gain":0,"player_choice":"Inject Mutagens","damage_taken":0,"relics_obtained":["MutagenicStrength"],"max_hp_gain":0,"max_hp_loss":0,"event_name":"Drug Dealer","floor":29,"gold_loss":0}],"is_beta":false,"boss_relics":[{"not_picked":["FrozenCore","Ectoplasm"],"picked":"Philosopher\u0027s Stone"}],"items_purged_floors":[24],"is_endless":false,"potions_floor_spawned":[1,7,14,16,18],"killed_by":"Gremlin Leader","ascension_level":0}}