{"host":"6p0attdrtjqaih7v","time":1611987568,"event":{"mods":["2.2 Compatiblity","AchievementEnabler","Bard","BaseMod","Better Skull","Better Third Choice","Colored Powertips","Hermit","Highlight Path","Key Reminder","Minty Spire (QoL Compilation)","Permanent Neow","Quick Restart","Random Character Button","Relic Stats","Replay The Spire","Robot Space Explorer","StSLib","The Witch"],"gold_per_floor":[121,140,159,179,188,188,250,250,250,114,114,159,178,233,233,365,365,387,88,115,115,149,180,214,214,241,288,318,363,399,418,418,565,574,608,659,714,714,279,279,298,326,351,379,432,538,563,632,632,644,644,644,251,321,330],"floor_reached":56,"language":"ENG","playtime":3746,"items_purged":["Strike_Witch","Strike_Witch","Strike_Witch","Strike_Witch"],"score":1403,"play_id":"0df63af5-90f3-4d86-8b51-59970ad5aab0","local_time":"20210130011928","is_ascension_mode":false,"campfire_choices":[{"data":"KarmaDrain","floor":6,"key":"SMITH"},{"data":"hermit:Snapshot","floor":8,"key":"SMITH"},{"floor":11,"key":"REST"},{"data":"GrimVengeance","floor":15,"key":"SMITH"},{"data":"PainBolt","floor":32,"key":"SMITH"},{"data":"BloodSabbath","floor":40,"key":"SMITH"},{"floor":49,"key":"RECALL"},{"data":"Hexguard","floor":52,"key":"SMITH"}],"circlet_count":0,"master_deck":["Defend_Witch+1","Defend_Witch+1","Defend_Witch+1","Defend_Witch+1","Hexguard+1","ZombieSpit","SkullFlask","KarmaDrain+1","hermit:Snapshot+1","PainBolt+1","GrimVengeance+1","GhoulTouch","EternalThirst","GhoulTouch","Schadenfreude+1","CrystalResonance+1","GnarledBody","DarkProcession","BoneCarving+1","GhoulTouch","Shrooms","BloodSabbath+1","AbeCurse","SkullFlask","Shrooms+1","SkullFlask","DeliriumForm","GrimVengeance+1"],"relics":["BlackCat","CeramicFish","Golden Idol","ToyHorse","ReplayTheSpireMod:Lightbulb","Replay:Bottled Eggs","Snecko Eye","Potion Belt","MutagenicStrength","HornCleat","Oddly Smooth Stone","Replay:Rubber Ducky","Replay:Bandana","Abe\u0027s Treasure","Frozen Eye","Ginger","Strawberry","Du-Vu Doll","Onion Ring","Nunchaku"],"acts_visited":["Exordium","TheCity","TheBeyond","TheEnding"],"potions_floor_usage":[4,7,16,33,33,55,55],"damage_taken":[{"damage":0,"enemies":"Small Slimes","floor":1,"turns":6},{"damage":6,"enemies":"Jaw Worm","floor":2,"turns":4},{"damage":0,"enemies":"2 Louse","floor":3,"turns":3},{"damage":10,"enemies":"Exordium Thugs","floor":4,"turns":6},{"damage":23,"enemies":"Gremlin Nob","floor":7,"turns":7},{"damage":5,"enemies":"Replay:BlueRogue","floor":12,"turns":5},{"damage":0,"enemies":"3 Louse","floor":13,"turns":3},{"damage":13,"enemies":"The Guardian","floor":16,"turns":10},{"damage":3,"enemies":"Chosen","floor":18,"turns":3},{"damage":2,"enemies":"2 Thieves","floor":20,"turns":5},{"damage":3,"enemies":"Cultist and Chosen","floor":22,"turns":5},{"damage":0,"enemies":"Gremlin Leader","floor":23,"turns":4},{"damage":0,"enemies":"Shelled Parasite and Fungi","floor":24,"turns":5},{"damage":0,"enemies":"Book of Stabbing","floor":27,"turns":5},{"damage":0,"enemies":"Centurion and Healer","floor":28,"turns":6},{"damage":0,"enemies":"Replay:Snechameleon","floor":29,"turns":4},{"damage":0,"enemies":"Snake Plant","floor":30,"turns":5},{"damage":0,"enemies":"Snecko","floor":31,"turns":6},{"damage":15,"enemies":"Automaton","floor":33,"turns":11},{"damage":0,"enemies":"3 Shapes","floor":35,"turns":4},{"damage":0,"enemies":"3 Darklings","floor":36,"turns":2},{"damage":0,"enemies":"Jaw Worm Horde","floor":37,"turns":2},{"damage":0,"enemies":"Transient","floor":41,"turns":5},{"damage":0,"enemies":"Maw","floor":42,"turns":6},{"damage":0,"enemies":"Writhing Mass","floor":44,"turns":7},{"damage":0,"enemies":"Nemesis","floor":45,"turns":3},{"damage":0,"enemies":"Transient","floor":47,"turns":5},{"damage":0,"enemies":"Mind Bloom Boss Battle","floor":48,"turns":4},{"damage":0,"enemies":"Awakened One","floor":50,"turns":8},{"damage":0,"enemies":"Shield and Spear","floor":54,"turns":3},{"damage":32,"enemies":"The Heart","floor":55,"turns":8}],"seed_played":"-2362369527321156665","potions_obtained":[{"floor":1,"key":"Ancient Potion"},{"floor":3,"key":"SpeedPotion"},{"floor":4,"key":"SmokeBomb"},{"floor":12,"key":"LifebloodPotion"},{"floor":18,"key":"PowerPotion"},{"floor":22,"key":"FairyPotion"},{"floor":24,"key":"ColorlessPotion"},{"floor":28,"key":"ColorlessPotion"},{"floor":31,"key":"Regen Potion"},{"floor":36,"key":"Swift Potion"},{"floor":37,"key":"Flashbang"},{"floor":44,"key":"SteroidPotion"},{"floor":47,"key":"SteroidPotion"}],"is_trial":false,"path_per_floor":["M","M","M","M","?","R","E","R","T","$","R","E","M","?","R","B",null,"M","$","M","?","M","E","M","?","T","E","M","E","M","M","R","B",null,"M","M","M","?","$","R","M","M","T","M","E","?","M","?","R","B",null,"R","$","E","B",null],"character_chosen":"WITCH","items_purchased":["GrimVengeance","Potion Belt","BlessingOfTheForge","DeliriumForm","CultistPotion","Frozen Eye","Onion Ring"],"campfire_rested":1,"item_purchase_floors":[10,19,19,39,39,39,53],"current_hp_per_floor":[67,61,61,51,51,51,28,28,28,28,48,43,43,43,43,30,67,64,64,62,62,59,59,59,59,59,59,59,59,59,59,59,44,67,67,67,67,67,67,67,67,67,67,67,67,58,58,58,58,58,74,74,74,74,74],"gold":330,"neow_bonus":"RANDOM_COMMON_RELIC","is_daily":false,"chose_seed":false,"campfire_upgraded":6,"win_rate":0.0,"timestamp":1611987568,"path_taken":["M","M","M","M","?","R","E","R","T","$","R","E","M","?","R","BOSS","M","$","M","?","M","E","M","?","T","E","?","E","M","M","R","BOSS","M","M","M","?","$","R","M","M","T","M","E","?","?","?","R","BOSS","R","$","E","BOSS"],"items_purchased_type":["Card","Relic","Potion","Card","Potion","Relic","Relic"],"build_version":"2020-12-22","purchased_purges":4,"victory":true,"max_hp_per_floor":[67,67,67,67,67,67,67,67,67,67,67,67,67,67,67,67,67,67,67,67,67,67,67,67,67,67,67,67,67,67,67,67,67,67,67,67,67,67,67,67,67,67,67,67,67,74,74,74,74,74,74,74,74,74,74],"relic_stats":{"Nunchaku":[1],"counters":[31,160],"Golden Idol":242,"CeramicFish":207,"Snecko Eye":[221,185,203,200],"Ginger":[2],"obtain_stats":[{"Potion Belt":19,"ToyHorse":7,"Golden Idol":5,"CeramicFish":0,"Oddly Smooth Stone":26,"Ginger":45,"BlackCat":0,"Replay:Rubber Ducky":27,"keyreminder:keyreminder":12,"Du-Vu Doll":48,"Frozen Eye":39,"Replay:Bandana":29,"Nunchaku":54,"HornCleat":23,"MutagenicStrength":21,"Strawberry":46,"Snecko Eye":17,"Onion Ring":53,"Replay:Bottled Eggs":12,"ReplayTheSpireMod:Lightbulb":9,"Abe\u0027s Treasure":34},{"Potion Belt":9,"ToyHorse":5,"Golden Idol":4,"CeramicFish":0,"Oddly Smooth Stone":13,"Ginger":26,"BlackCat":0,"Replay:Rubber Ducky":14,"keyreminder:keyreminder":6,"Du-Vu Doll":28,"Frozen Eye":22,"Replay:Bandana":16,"Nunchaku":30,"HornCleat":12,"MutagenicStrength":10,"Strawberry":26,"Snecko Eye":8,"Onion Ring":29,"Replay:Bottled Eggs":6,"ReplayTheSpireMod:Lightbulb":5,"Abe\u0027s Treasure":19},{"Potion Belt":47,"ToyHorse":26,"Golden Idol":19,"CeramicFish":0,"Oddly Smooth Stone":66,"Ginger":132,"BlackCat":0,"Replay:Rubber Ducky":71,"keyreminder:keyreminder":31,"Du-Vu Doll":141,"Frozen Eye":111,"Replay:Bandana":81,"Nunchaku":152,"HornCleat":61,"MutagenicStrength":52,"Strawberry":132,"Snecko Eye":44,"Onion Ring":149,"Replay:Bottled Eggs":31,"ReplayTheSpireMod:Lightbulb":26,"Abe\u0027s Treasure":103}]},"card_choices":[{"not_picked":["BlackShield","Harmlessness"],"picked":"SkullFlask","floor":1},{"not_picked":["RoilingBarrier","CorruptBlood"],"picked":"KarmaDrain","floor":2},{"not_picked":["Pillage","BlackBolt","BlackShield"],"picked":"SKIP","floor":3},{"not_picked":["GnarledBody","Demonfyre","CorruptBlood"],"picked":"SKIP","floor":4},{"not_picked":["WickedThoughts","Harmlessness"],"picked":"PainBolt","floor":7},{"not_picked":["BleedOut","PlagueSpreader"],"picked":"GhoulTouch","floor":12},{"not_picked":["Bewitch","Demonfyre","SoulBarrier"],"picked":"SKIP","floor":13},{"not_picked":["DoomBlade","StrangeBrew"],"picked":"EternalThirst","floor":16},{"not_picked":["GrimVengeance","WretchedNails"],"picked":"GhoulTouch","floor":18},{"not_picked":["SummonBatFamiliar","WretchedNails"],"picked":"Schadenfreude+1","floor":20},{"not_picked":["MementoMori+1","WretchedNails"],"picked":"CrystalResonance+1","floor":22},{"not_picked":["CorruptBlood","BalefulWard+1","CrystalResonance"],"picked":"SKIP","floor":23},{"not_picked":["CursedBlade","Harmlessness"],"picked":"GnarledBody","floor":24},{"not_picked":["SummonCatFamiliar+1","GrimVengeance"],"picked":"DarkProcession","floor":27},{"not_picked":["SummonBatFamiliar","MementoMori"],"picked":"BoneCarving+1","floor":28},{"not_picked":["SummonOwlFamiliar","MementoMori+1"],"picked":"GhoulTouch","floor":29},{"not_picked":["CrystalResonance","BleedOut"],"picked":"Shrooms","floor":30},{"not_picked":["BleedOut","KarmaDrain","Bewitch"],"picked":"SKIP","floor":31},{"not_picked":["FatalRay","DeliriumForm"],"picked":"BloodSabbath","floor":33},{"not_picked":["Thundercloud+1","SoulBarrier+1"],"picked":"SkullFlask","floor":35},{"not_picked":["SummonBatFamiliar","BleedOut"],"picked":"Shrooms+1","floor":36},{"not_picked":["WretchedNails","CrystalResonance"],"picked":"SkullFlask","floor":37},{"not_picked":["Boline","Decrepify+1","Atonement"],"picked":"SKIP","floor":41},{"not_picked":["RiteOfSummer","MagicFang+1","GrimVengeance"],"picked":"SKIP","floor":42},{"not_picked":["IllOmen","MortusClaw"],"picked":"GrimVengeance+1","floor":44},{"not_picked":["Schadenfreude","CrystalResonance","SoulBarrier"],"picked":"SKIP","floor":45},{"not_picked":["MercuryWand","Demonfyre+1","TwistedMind"],"picked":"SKIP","floor":47},{"not_picked":["RiteOfWinter+1","ChosenOfTheMoon","Thundercloud+1"],"picked":"SKIP","floor":54}],"player_experience":918958,"relics_obtained":[{"floor":7,"key":"ToyHorse"},{"floor":9,"key":"ReplayTheSpireMod:Lightbulb"},{"floor":12,"key":"Replay:Bottled Eggs"},{"floor":23,"key":"HornCleat"},{"floor":26,"key":"Oddly Smooth Stone"},{"floor":27,"key":"Replay:Rubber Ducky"},{"floor":29,"key":"Replay:Bandana"},{"floor":45,"key":"Ginger"},{"floor":46,"key":"Strawberry"},{"floor":48,"key":"Du-Vu Doll"},{"floor":54,"key":"Nunchaku"}],"event_choices":[{"damage_healed":0,"gold_gain":0,"player_choice":"Take Wound","damage_taken":0,"relics_obtained":["Golden Idol"],"max_hp_gain":0,"max_hp_loss":0,"event_name":"Golden Idol","floor":5,"gold_loss":0,"cards_obtained":["Injury"]},{"damage_healed":0,"gold_gain":55,"player_choice":"Gained Gold","damage_taken":0,"max_hp_gain":0,"max_hp_loss":0,"event_name":"Golden Wing","floor":14,"gold_loss":0},{"damage_healed":0,"gold_gain":0,"player_choice":"Inject Mutagens","damage_taken":0,"relics_obtained":["MutagenicStrength"],"max_hp_gain":0,"max_hp_loss":0,"event_name":"Drug Dealer","floor":21,"gold_loss":0},{"cards_removed":["Injury"],"damage_healed":0,"gold_gain":0,"player_choice":"Purged","damage_taken":0,"max_hp_gain":0,"max_hp_loss":0,"event_name":"Purifier","floor":25,"gold_loss":0},{"damage_healed":0,"gold_gain":0,"player_choice":"Ignored","damage_taken":0,"max_hp_gain":0,"max_hp_loss":0,"event_name":"Tomb of Lord Red Mask","floor":38,"gold_loss":0},{"damage_healed":0,"gold_gain":0,"player_choice":"Fight","damage_taken":0,"max_hp_gain":0,"max_hp_loss":0,"event_name":"MindBloom","floor":48,"gold_loss":0}],"is_beta":false,"boss_relics":[{"not_picked":["Busted Crown","Ring of Chaos"],"picked":"Snecko Eye"},{"not_picked":["Philosopher\u0027s Stone","ChewingGum"],"picked":"Abe\u0027s Treasure"}],"items_purged_floors":[10,19,39,53],"is_endless":false,"potions_floor_spawned":[1,3,4,12,18,22,24,28,31,36,37,44,47,48],"ascension_level":0}}