{"host":"1vfpjvae9xcvmh7u","time":1611987470,"event":{"mods":["BaseMod","Downfall","Hermit","Hubris","Minty Spire (QoL Compilation)","Robot Space Explorer","StSLib","The Cursed","The Forsaken","The Necromancer","The Servant 0.9.4"],"gold_per_floor":[110,110,110,60,83,83,101,121,121,140,140,163,233,258,258,377,377,400,400,400,424,41,79,79,79,104,104,104,104,124,147,147,147,147],"floor_reached":33,"language":"ENG","playtime":1365,"items_purged":[],"score":461,"play_id":"8b771948-a55b-423b-84ba-d585454a2f98","local_time":"20210129221750","is_ascension_mode":true,"campfire_choices":[{"data":"Blur","floor":6,"key":"SMITH"},{"data":"Phantasmal Killer","floor":11,"key":"SMITH"},{"data":"Tools of the Trade","floor":15,"key":"SMITH"},{"floor":27,"key":"REST"},{"data":"A Thousand Cuts","floor":29,"key":"SMITH"},{"floor":32,"key":"REST"}],"circlet_count":0,"master_deck":["AscendersBane","Survivor","Neutralize","hubris:Counter","Phantasmal Killer+1","Deflect","Flechettes","Endless Agony","Catalyst","Endless Agony","Venomology","Riddle With Holes","Tools of the Trade+1","Tactician","Blur+1","Endless Agony","Dash","A Thousand Cuts+1","Caltrops","champ:GladiatorStyle+1","Noxious Fumes","Finesse","Finesse","Caltrops+1","Dash+1"],"relics":["Pandora\u0027s Box","Golden Idol","Bag of Marbles","Paper Crane","hubris:CuriousFeather","WristBlade","Strange Spoon","Juzu Bracelet","Question Card","Pen Nib"],"acts_visited":["Exordium","TheCity"],"potions_floor_usage":[1,5,8,10,12,13,13,14,16,18,18,23,30,30,31,31,33],"damage_taken":[{"damage":2,"enemies":"2 Louse","floor":1,"turns":2},{"damage":5,"enemies":"Jaw Worm","floor":5,"turns":3},{"damage":4,"enemies":"Small Slimes","floor":7,"turns":3},{"damage":1,"enemies":"Blue Slaver","floor":8,"turns":2},{"damage":6,"enemies":"Lots of Slimes","floor":10,"turns":2},{"damage":6,"enemies":"Red Slaver","floor":12,"turns":4},{"damage":1,"enemies":"Lagavulin Event","floor":13,"turns":3},{"damage":4,"enemies":"Large Slime","floor":14,"turns":4},{"damage":0,"enemies":"Slime Boss","floor":16,"turns":4},{"damage":4,"enemies":"Shell Parasite","floor":18,"turns":4},{"damage":7,"enemies":"3 Byrds","floor":21,"turns":3},{"damage":23,"enemies":"Slavers","floor":23,"turns":4},{"damage":42,"enemies":"Sentry and Sphere","floor":30,"turns":6},{"damage":0,"enemies":"Centurion and Healer","floor":31,"turns":3},{"damage":32,"enemies":"hubris:MusketHawk","floor":33,"turns":3}],"seed_played":"-3741805453683171591","potions_obtained":[{"floor":7,"key":"Swift Potion"},{"floor":12,"key":"Block Potion"},{"floor":16,"key":"LiquidBronze"},{"floor":21,"key":"Poison Potion"},{"floor":30,"key":"Dexterity Potion"}],"is_trial":false,"path_per_floor":["M","?","?","?","M","R","M","M","T","M","R","M","?","M","R","B",null,"M","?","?","M","$","E","$","?","T","R","$","R","M","M","R","B"],"character_chosen":"THE_SILENT","items_purchased":["Strange Spoon","Juzu Bracelet","Finesse"],"campfire_rested":2,"item_purchase_floors":[22,22,22],"current_hp_per_floor":[61,61,58,58,53,53,49,48,48,42,42,36,35,43,43,43,63,59,59,59,52,52,29,29,29,29,50,50,50,8,8,29,0,0],"gold":147,"neow_bonus":"BOSS_RELIC","is_daily":false,"chose_seed":false,"campfire_upgraded":4,"win_rate":0.0,"timestamp":1611987470,"path_taken":["M","?","?","?","M","R","M","?","T","M","R","M","?","M","R","BOSS","M","?","?","M","$","E","$","?","T","R","?","R","M","M","R","BOSS"],"items_purchased_type":["Relic","Relic","Card"],"build_version":"2020-12-22","purchased_purges":0,"victory":false,"max_hp_per_floor":[70,70,70,70,70,70,70,70,70,70,70,70,70,70,70,70,70,70,70,70,70,70,70,70,70,70,70,70,70,70,70,70,70,70],"card_choices":[{"not_picked":["Flying Knee","Quick Slash"],"picked":"Tactician","floor":1},{"not_picked":["PiercingWail","Terror"],"picked":"Blur","floor":5},{"not_picked":["Cloak And Dagger","hubris:SlightOfHand"],"picked":"Endless Agony","floor":7},{"not_picked":["Heel Hook","Underhanded Strike","Dagger Throw"],"picked":"SKIP","floor":8},{"not_picked":["Calculated Gamble","Outmaneuver","Slice"],"picked":"SKIP","floor":10},{"not_picked":["Setup","Prepared","Flechettes"],"picked":"SKIP","floor":12},{"not_picked":["Cloak And Dagger","Glass Knife"],"picked":"Dash","floor":13},{"not_picked":["hubris:SlightOfHand","Blade Dance","Acrobatics"],"picked":"SKIP","floor":14},{"not_picked":["Phantasmal Killer","Burst"],"picked":"A Thousand Cuts","floor":16},{"not_picked":["hubris:SlightOfHand","Deadly Poison"],"picked":"Caltrops","floor":18},{"not_picked":["Dagger Spray","hubris:SlightOfHand"],"picked":"Noxious Fumes","floor":21},{"not_picked":["Grand Finale","Dagger Throw+1","Doppelganger"],"picked":"SKIP","floor":23},{"not_picked":["Blade Dance","hubris:Sniper","hubris:SlightOfHand"],"picked":"Caltrops+1","floor":30},{"not_picked":["Deadly Poison","Poisoned Stab","Blade Dance+1"],"picked":"Dash+1","floor":31}],"player_experience":1828634,"relics_obtained":[{"floor":9,"key":"Paper Crane"},{"floor":13,"key":"hubris:CuriousFeather"},{"floor":23,"key":"Question Card"},{"floor":26,"key":"Pen Nib"}],"event_choices":[{"damage_healed":0,"gold_gain":0,"player_choice":"Take Wound","damage_taken":0,"relics_obtained":["Golden Idol"],"max_hp_gain":0,"max_hp_loss":0,"event_name":"Golden Idol","floor":2,"gold_loss":0,"cards_obtained":["Injury"]},{"damage_healed":0,"gold_gain":0,"player_choice":"Success","damage_taken":3,"relics_obtained":["Bag of Marbles"],"max_hp_gain":0,"max_hp_loss":0,"event_name":"Scrap Ooze","floor":3,"gold_loss":0},{"cards_removed":["Injury"],"damage_healed":0,"gold_gain":0,"player_choice":"Card Removal","damage_taken":0,"max_hp_gain":0,"max_hp_loss":0,"event_name":"The Cleric","floor":4,"gold_loss":50},{"damage_healed":0,"gold_gain":0,"player_choice":"Searched \u00271\u0027 times","damage_taken":0,"max_hp_gain":0,"max_hp_loss":0,"event_name":"Dead Adventurer","floor":13,"gold_loss":0},{"damage_healed":0,"gold_gain":0,"player_choice":"Read","damage_taken":0,"max_hp_gain":0,"max_hp_loss":0,"event_name":"The Library","floor":19,"gold_loss":0,"cards_obtained":["champ:GladiatorStyle"]},{"damage_healed":0,"gold_gain":0,"player_choice":"Upgraded","damage_taken":0,"max_hp_gain":0,"max_hp_loss":0,"event_name":"Upgrade Shrine","floor":20,"gold_loss":0,"cards_upgraded":["champ:GladiatorStyle"]},{"damage_healed":0,"gold_gain":0,"player_choice":"Copied","damage_taken":0,"max_hp_gain":0,"max_hp_loss":0,"event_name":"Duplicator","floor":25,"gold_loss":0,"cards_obtained":["Finesse"]}],"is_beta":false,"boss_relics":[{"not_picked":["hubris:BlackHole","hubris:Backtick"],"picked":"WristBlade"}],"items_purged_floors":[],"is_endless":false,"potions_floor_spawned":[7,12,16,21,30],"killed_by":"hubris:MusketHawk","ascension_level":10}}