{"host":"2e5gbsni44p3458r","time":1611997611,"event":{"mods":["BaseMod","Colored Map","Downfall","Hermit","Minty Spire (QoL Compilation)","Replay The Spire","StSLib","The Cursed"],"gold_per_floor":[99,110,110,110,110,110,185,220,53,69,80,80,80,143,154,255,255,155,155,155,171,187,200,200,79,91,141,153,153,153,153,166,267,267,167,183,198,212,304,332,332,352,369,369,269,219,219,248,261,261,261,287,5,5,5,5],"floor_reached":57,"language":"ENG","playtime":3818,"items_purged":["Regret","ReplayTheSpireMod:Splinters","ReplayTheSpireMod:Restless Dread","Replay:Hysterical Blindness"],"score":1436,"play_id":"3c954a95-9337-482e-abc6-a722948344d3","local_time":"20210130180651","is_ascension_mode":true,"campfire_choices":[{"floor":1,"key":"DIG"},{"floor":6,"key":"RECALL"},{"data":"hermit:Snapshot","floor":13,"key":"SMITH"},{"data":"hermit:Combo","floor":18,"key":"SMITH"},{"data":"hermit:FromBeyond","floor":45,"key":"SMITH"},{"floor":54,"key":"REST"}],"circlet_count":0,"master_deck":["hermit:Defend_Hermit+1","hermit:Defend_Hermit+1","hermit:Snapshot+1","hermit:Covet+1","hermit:TrackingShot+1","CommonCold","hermit:GhostlyPresence+1","hermit:BigShot+1","hermit:ItchyTrigger+1","hermit:GoldenBullet+1","hermit:Vantage+1","hermit:Combo+1","Slimebound:Tackle+1","Slimebound:Tackle+1","Slimebound:Tackle+1","hermit:Vantage+1","hermit:Gambit+1","Clumsy","hermit:GhostlyPresence+1","hermit:Combo+1","hermit:GoldenBullet+1","hermit:FromBeyond+1","hermit:Snipe+1","hermit:Enervate+1"],"relics":["sneckomod:SneckoTalon","Replay:Bottled Flurry","Juzu Bracelet","downfall:ShatteredFragment","ReplayTheSpireMod:Ring of Addiction","Toy Ornithopter","SacredBark","Matryoshka","Strawberry","Divine Protection","Pen Nib","Cursed Key","Mirror","PreservedInsect","Replay:Wax Seal","Shuriken","bronze:BronzeIdol","Pet Ghost","hermit:BartenderGlass","Nunchaku","Smiling Mask","Bottled Flame","Bottled Tornado","Bag of Marbles","Toolbox"],"acts_visited":["Exordium","TheCity","TheBeyond","TheEnding"],"potions_floor_usage":[8,11,14,23,26,38,40,50,52,52,55,56,56,56,56,56],"damage_taken":[{"damage":2,"enemies":"Jaw Worm","floor":2,"turns":3},{"damage":9,"enemies":"3 Sentries","floor":8,"turns":6},{"damage":4,"enemies":"downfall:FleeingMerchant","floor":9,"turns":4},{"damage":1,"enemies":"2 Louse","floor":10,"turns":2},{"damage":0,"enemies":"Small Slimes","floor":11,"turns":1},{"damage":7,"enemies":"3 Sentries","floor":14,"turns":4},{"damage":0,"enemies":"Blue Slaver","floor":15,"turns":2},{"damage":29,"enemies":"WA_ARCHETYPE_RETAIN","floor":16,"turns":6},{"damage":0,"enemies":"Spheric Guardian","floor":21,"turns":2},{"damage":2,"enemies":"Centurion and Healer","floor":22,"turns":3},{"damage":0,"enemies":"Snake Plant","floor":23,"turns":2},{"damage":4,"enemies":"downfall:FleeingMerchant","floor":25,"turns":4},{"damage":0,"enemies":"Cultist and Chosen","floor":26,"turns":3},{"damage":0,"enemies":"3 Cultists","floor":28,"turns":3},{"damage":0,"enemies":"Centurion and Healer","floor":32,"turns":2},{"damage":2,"enemies":"SI_MIRROR_ARCHETYPE","floor":33,"turns":4},{"damage":0,"enemies":"3 Shapes","floor":36,"turns":2},{"damage":0,"enemies":"Orb Walker","floor":37,"turns":3},{"damage":0,"enemies":"Transient","floor":38,"turns":5},{"damage":11,"enemies":"Reptomancer","floor":40,"turns":5},{"damage":10,"enemies":"Maw","floor":42,"turns":5},{"damage":2,"enemies":"Writhing Mass","floor":43,"turns":2},{"damage":0,"enemies":"Nemesis","floor":48,"turns":1},{"damage":0,"enemies":"4 Shapes","floor":49,"turns":1},{"damage":29,"enemies":"DF_ARCHETYPE_ORBS","floor":50,"turns":5},{"damage":10,"enemies":"downfall:CharBossMerchant","floor":52,"turns":4},{"damage":0,"enemies":"downfall:NeowBoss","floor":55,"turns":4},{"damage":0,"enemies":"downfall:NeowBossFinal","floor":56,"turns":5}],"seed_played":"-333960077295432749","potions_obtained":[{"floor":2,"key":"hermit:Eclipse"},{"floor":5,"key":"PowerPotion"},{"floor":5,"key":"Toxic Potion"},{"floor":10,"key":"PowerPotion"},{"floor":15,"key":"champ:CounterPotion"},{"floor":23,"key":"Milkshake"},{"floor":28,"key":"Cursed Concoction"},{"floor":32,"key":"Block Potion"},{"floor":37,"key":"Elixir"},{"floor":40,"key":"Block Potion"},{"floor":43,"key":"hermit:BlackBile"}],"is_trial":false,"path_per_floor":["R_BF","M","?","?","?","R","T","E","$","M","M","?","R","?","M","B",null,"R","?","?","M","M","M","T","$","M","T","M","?","?","?","M","B",null,"R_BF","M","M","M","?","E","T","M","M","?","R","$","?","E","M","B",null,"E","$","R","B","B",null],"character_chosen":"HERMIT","items_purchased":["hermit:BigShot","Replay:Wax Seal","Shuriken","Swift Potion","Elixir","Swift Potion","Toolbox"],"campfire_rested":1,"item_purchase_floors":[9,25,25,25,53,53,53],"current_hp_per_floor":[75,73,73,61,61,61,61,64,60,59,64,57,57,55,55,26,82,80,80,80,78,76,78,78,74,78,78,78,78,76,76,76,72,74,94,92,92,92,92,86,86,76,74,74,74,74,74,74,74,47,76,66,66,76,76,76],"gold":5,"neow_bonus":"BOSS_RELIC","is_daily":false,"chose_seed":false,"campfire_upgraded":3,"win_rate":0.0,"timestamp":1611997611,"path_taken":["R_BF","M","?","?","?","R","T","E","?","M","M","?","R","?","M","BOSS","R","?","?","M","M","M","T","?","M","?","M","?","?","?","M","BOSS","R_BF","M","M","M","?","E","T","M","M","?","R","$","?","E","M","BOSS","E","$","R","BOSS","BOSS"],"items_purchased_type":["Card","Relic","Relic","Potion","Potion","Potion","Relic"],"build_version":"2020-12-22","purchased_purges":4,"victory":true,"max_hp_per_floor":[75,75,75,75,75,75,75,82,82,82,82,82,82,82,82,82,82,80,80,80,78,78,78,78,78,78,78,78,78,76,76,76,74,74,94,92,92,92,92,92,92,92,92,90,90,90,78,78,78,76,76,76,76,76,76,76],"card_choices":[{"not_picked":["hermit:TakeCover","hermit:FlashPowder"],"picked":"hermit:TrackingShot","floor":2},{"not_picked":["hermit:Enervate","hermit:Coalescence"],"picked":"hermit:GhostlyPresence","floor":8},{"not_picked":["hermit:HoleUp","hermit:LoneWolf","hermit:Manifest"],"picked":"SKIP","floor":9},{"not_picked":["hermit:Cheat","hermit:Roulette"],"picked":"hermit:ItchyTrigger","floor":10},{"not_picked":["hermit:ItchyTrigger","hermit:BodyArmor"],"picked":"hermit:GoldenBullet","floor":11},{"not_picked":["hermit:TakeCover","hermit:Desperado"],"picked":"hermit:Vantage","floor":14},{"not_picked":["hermit:TakeCover","hermit:SprayPray"],"picked":"hermit:Combo","floor":15},{"not_picked":["hermit:RoundhouseKick","hermit:HighNoon"],"picked":"hermit:Roughhouse","floor":16},{"not_picked":["hermit:TakeCover","hermit:WideOpen+1","hermit:HighCaliber"],"picked":"SKIP","floor":21},{"not_picked":["hermit:Maintenance+1","hermit:Glare","hermit:Grudge"],"picked":"SKIP","floor":22},{"not_picked":["hermit:Midnight+1","hermit:Quickdraw","hermit:ShadowCloak"],"picked":"SKIP","floor":23},{"not_picked":["hermit:PistolWhip","hermit:Snipe"],"picked":"hermit:Vantage+1","floor":25},{"not_picked":["hermit:Desperado","hermit:TrackingShot"],"picked":"hermit:Gambit","floor":26},{"not_picked":["hermit:ItchyTrigger","hermit:Quickdraw","hermit:Glare"],"picked":"SKIP","floor":28},{"not_picked":["hermit:Horror+1","hermit:Spite","hermit:Virtue"],"picked":"SKIP","floor":32},{"not_picked":["hermit:RoundhouseKick","hermit:Roughhouse"],"picked":"hermit:FromBeyond","floor":33},{"not_picked":["hermit:CalledShot+1","hermit:Dive","hermit:ItchyTrigger+1"],"picked":"SKIP","floor":36},{"not_picked":["hermit:CalledShot","hermit:Malice+1"],"picked":"hermit:Snipe","floor":37},{"not_picked":["hermit:TakeAim","hermit:Dive","hermit:WideOpen+1"],"picked":"SKIP","floor":38},{"not_picked":["hermit:Feint+1","hermit:Ricochet","hermit:Glare+1"],"picked":"SKIP","floor":40},{"not_picked":["hermit:LowProfile+1","hermit:Shortfuse","hermit:Quickdraw"],"picked":"SKIP","floor":42},{"not_picked":["hermit:Roulette","hermit:Spite","hermit:Purgatory"],"picked":"SKIP","floor":43},{"not_picked":["hermit:Grudge","hermit:Roulette+1","hermit:Malice"],"picked":"SKIP","floor":48},{"not_picked":["hermit:WideOpen+1","hermit:FullyLoaded+1","hermit:LowProfile"],"picked":"SKIP","floor":49},{"not_picked":["hermit:Coalescence+1","hermit:HeroicBravado"],"picked":"hermit:Enervate+1","floor":52}],"player_experience":780780,"relics_obtained":[{"floor":1,"key":"Replay:Bottled Flurry"},{"floor":5,"key":"ReplayTheSpireMod:Ring of Addiction"},{"floor":5,"key":"Toy Ornithopter"},{"floor":5,"key":"SacredBark"},{"floor":7,"key":"Matryoshka"},{"floor":8,"key":"Strawberry"},{"floor":14,"key":"Pen Nib"},{"floor":24,"key":"PreservedInsect"},{"floor":27,"key":"bronze:BronzeIdol"},{"floor":27,"key":"Pet Ghost"},{"floor":39,"key":"Nunchaku"},{"floor":40,"key":"Smiling Mask"},{"floor":41,"key":"Bottled Flame"},{"floor":48,"key":"Bottled Tornado"},{"floor":52,"key":"Bag of Marbles"}],"event_choices":[{"damage_healed":0,"gold_gain":0,"player_choice":"Box","damage_taken":0,"relics_obtained":["Juzu Bracelet"],"max_hp_gain":0,"max_hp_loss":0,"event_name":"Big Fish","floor":3,"gold_loss":0,"cards_obtained":["Regret"]},{"damage_healed":0,"gold_gain":0,"player_choice":"Success","damage_taken":7,"relics_obtained":["Divine Protection"],"max_hp_gain":0,"max_hp_loss":0,"event_name":"Scrap Ooze","floor":12,"gold_loss":0},{"cards_removed":["hermit:Roughhouse"],"damage_healed":0,"gold_gain":0,"player_choice":"Offered Rare","damage_taken":0,"max_hp_gain":10,"max_hp_loss":0,"event_name":"Bonfire Elementals","floor":35,"gold_loss":0},{"cards_removed":["hermit:Defend_Hermit"],"damage_healed":0,"gold_gain":0,"player_choice":"Removed Skill","damage_taken":0,"max_hp_gain":0,"max_hp_loss":0,"event_name":"Falling","floor":44,"gold_loss":0}],"is_beta":false,"boss_relics":[{"not_picked":["Calling Bell","Replay:Drink Me"],"picked":"Cursed Key"},{"not_picked":["Runic Pyramid","Tiny House"],"picked":"hermit:BartenderGlass"}],"items_purged_floors":[9,25,46,53],"is_endless":false,"potions_floor_spawned":[2,10,15,23,28,32,33,37,40,42,43],"ascension_level":2}}