{"host":"3wgbc8rrx8r5g476","time":1611968655,"event":{"mods":["2.2 Compatiblity","Act Like it!","BaseMod","Better Note","Colored Powertips","Dota2Spire","Downfall","Evolution","Friendly Minions","Hubris","Infinite Spire","Minty Spire (QoL Compilation)","Shade Mod","Shop Mod","StSLib","The Death Knight","The Druid","The Marked","TheFirefly","Trackpad","Uncapped","Wandering Minibosses"],"gold_per_floor":[109,31,131,141,141,172,191,221,268,268,268],"floor_reached":10,"language":"ENG","playtime":591,"items_purged":[],"score":80,"play_id":"f92f078d-60b9-48e9-ab00-283811f9cd80","local_time":"20210130020415","is_ascension_mode":true,"campfire_choices":[],"circlet_count":0,"master_deck":["thefirefly:Strike","thefirefly:Strike","thefirefly:Strike","thefirefly:Strike","thefirefly:Defend","thefirefly:Defend","thefirefly:Defend","thefirefly:Defend","thefirefly:StealthMode","thefirefly:PhotonBlast","thefirefly:Rend","thefirefly:ChargedLaser","thefirefly:Pacify","thefirefly:InterceptingShot"],"relics":["thefirefly:StealthSystem","EVO:Axolotl","Lantern","infinitespire:BottledMercury","Happy Flower","Incense Burner","trackpad:PetRock"],"acts_visited":["Exordium"],"potions_floor_usage":[8],"damage_taken":[{"damage":5,"enemies":"Cultist","floor":1,"turns":4},{"damage":8,"enemies":"Jaw Worm","floor":4,"turns":4},{"damage":26,"enemies":"Lagavulin","floor":6,"turns":8},{"damage":0,"enemies":"Small Slimes","floor":7,"turns":4},{"damage":13,"enemies":"Gremlin Nob","floor":8,"turns":4},{"damage":11,"enemies":"Lagavulin","floor":10,"turns":4}],"seed_played":"3211572493702193877","potions_obtained":[{"floor":4,"key":"BlessingOfTheForge"}],"is_trial":false,"path_per_floor":["M","$","?","M","?","E","M","E","T","E"],"character_chosen":"THE_FIREFLY","items_purchased":["thefirefly:ChargedLaser"],"campfire_rested":0,"item_purchase_floors":[2],"current_hp_per_floor":[50,50,50,42,42,16,16,3,3,0,0],"gold":268,"neow_bonus":"RANDOM_COMMON_RELIC","is_daily":false,"chose_seed":false,"campfire_upgraded":0,"win_rate":0.0,"timestamp":1611968655,"path_taken":["M","?","?","?","?","E","M","E","T","E"],"items_purchased_type":["Card"],"build_version":"2020-12-22","purchased_purges":0,"victory":false,"max_hp_per_floor":[55,55,55,55,55,55,55,55,55,55,55],"card_choices":[{"not_picked":["thefirefly:FullProjection","thefirefly:QuantumTunneling"],"picked":"thefirefly:Rend","floor":1},{"not_picked":["thefirefly:FullProjection","thefirefly:Exile"],"picked":"thefirefly:Pacify","floor":4},{"not_picked":["thefirefly:BreachMissile","thefirefly:AuroralDischarge","thefirefly:MirrorShield"],"picked":"SKIP","floor":6},{"not_picked":["thefirefly:EphemeronForm","thefirefly:LaserBarrage"],"picked":"thefirefly:InterceptingShot","floor":7},{"not_picked":["thefirefly:FlakCannon","thefirefly:LaserBarrage","thefirefly:EvasiveManeuver"],"picked":"SKIP","floor":8}],"player_experience":509993,"relics_obtained":[{"floor":5,"key":"infinitespire:BottledMercury"},{"floor":6,"key":"Happy Flower"},{"floor":8,"key":"Incense Burner"},{"floor":9,"key":"trackpad:PetRock"}],"event_choices":[{"damage_healed":0,"gold_gain":100,"player_choice":"Gold","damage_taken":0,"max_hp_gain":0,"max_hp_loss":0,"event_name":"Wheel of Change","floor":3,"gold_loss":0}],"is_beta":false,"boss_relics":[],"items_purged_floors":[],"is_endless":false,"potions_floor_spawned":[4],"killed_by":"Lagavulin","ascension_level":1}}