{"host":"bgyhjzqafgkxdxsh","time":1611997959,"event":{"mods":["BaseMod","Colored Map","Downfall","Minty Spire (QoL Compilation)","Relic Stats","StSLib","everything is the same but u backflip on backflip"],"gold_per_floor":[99,116,126,126,137,72,99,99,119,19,30,30,63,63,82,184,184,84,104,120,136,136,165,239,139,139,153,170,202,220,320,333,430,430,430,446,213,213,311,311,311,358,358,374,374,374,399,499,512,512,512,544,103,103,103,103],"floor_reached":57,"language":"ENG","playtime":4316,"items_purged":["Guardian:Strike_Guardian","Pain"],"score":1372,"play_id":"affa734a-6119-43d9-9f4c-1243bff30728","local_time":"20210130191239","is_ascension_mode":false,"campfire_choices":[{"floor":1,"key":"RECALL"},{"data":"Guardian:TwinSlam","floor":8,"key":"SMITH"},{"data":"Guardian:BronzeArmor","floor":10,"key":"SMITH"},{"data":"Guardian:SentryBeam","floor":12,"key":"SMITH"},{"data":"Guardian:BaubleBeam","floor":18,"key":"SMITH"},{"data":"Guardian:TemporalShield","floor":25,"key":"SMITH"},{"data":"Guardian:PrismaticBeam","floor":35,"key":"SMITH"},{"data":"Guardian:VentSteam","floor":40,"key":"SMITH"},{"data":"Guardian:FastForward","floor":43,"key":"SMITH"},{"data":"Guardian:CurlUp","floor":45,"key":"SMITH"},{"data":"Guardian:ConstructionForm","floor":54,"key":"SMITH"}],"circlet_count":0,"master_deck":["Guardian:Defend_Guardian","Guardian:Defend_Guardian","Guardian:CurlUp+1","Guardian:TwinSlam+1","Guardian:PrismaticBeam+1","Guardian:FastForward+1","Guardian:ChargeCore","Guardian:Planning","Guardian:BronzeArmor+1","Guardian:SentryBeam+1","Guardian:BaubleBeam+1","Guardian:PrimingBeam+1","Guardian:Orbwalk+1","Guardian:Preprogram+1","Guardian:ShieldCharger+1","Guardian:TemporalShield+1","Guardian:PiercingHide+1","Guardian:TemporalStrike","Guardian:ConstructionForm+1","Guardian:VentSteam+1","Guardian:BaubleBeam+1","Guardian:Incinerate","Guardian:Repulse+1"],"relics":["Guardian:ModeShifter","Toy Ornithopter","Juzu Bracelet","downfall:HeartBlessingRed","Ancient Tea Set","Blood Vial","Astrolabe","downfall:HeartBlessingGreen","Oddly Smooth Stone","downfall:HeartBlessingBlue","Tiny Chest","Busted Crown","DollysMirror","White Beast Statue","Prayer Wheel","Pear","Strawberry","PreservedInsect","Vajra","Calipers"],"acts_visited":["Exordium","TheCity","TheBeyond","TheEnding"],"potions_floor_usage":[16,23,23,29,33,42,47,49,56,56],"damage_taken":[{"damage":2,"enemies":"Small Slimes","floor":2,"turns":4},{"damage":3,"enemies":"Cultist","floor":3,"turns":5},{"damage":9,"enemies":"Jaw Worm","floor":5,"turns":6},{"damage":5,"enemies":"downfall:FleeingMerchant","floor":6,"turns":4},{"damage":6,"enemies":"Exordium Wildlife","floor":9,"turns":6},{"damage":0,"enemies":"Large Slime","floor":11,"turns":6},{"damage":0,"enemies":"Lagavulin","floor":13,"turns":7},{"damage":11,"enemies":"3 Louse","floor":15,"turns":3},{"damage":24,"enemies":"WA_ARCHETYPE_RETAIN","floor":16,"turns":14},{"damage":17,"enemies":"3 Byrds","floor":19,"turns":4},{"damage":7,"enemies":"Snake Plant","floor":20,"turns":4},{"damage":22,"enemies":"Shelled Parasite and Fungi","floor":21,"turns":5},{"damage":0,"enemies":"Book of Stabbing","floor":23,"turns":4},{"damage":14,"enemies":"Chosen and Byrds","floor":27,"turns":5},{"damage":1,"enemies":"Snecko","floor":28,"turns":4},{"damage":0,"enemies":"Gremlin Leader","floor":29,"turns":6},{"damage":0,"enemies":"3 Cultists","floor":30,"turns":5},{"damage":4,"enemies":"Chosen and Byrds","floor":32,"turns":7},{"damage":43,"enemies":"DF_ARCHETYPE_CLAW","floor":33,"turns":11},{"damage":0,"enemies":"Orb Walker","floor":36,"turns":4},{"damage":8,"enemies":"downfall:FleeingMerchant","floor":37,"turns":4},{"damage":10,"enemies":"downfall:FleeingMerchant","floor":39,"turns":4},{"damage":0,"enemies":"2 Orb Walkers","floor":42,"turns":4},{"damage":0,"enemies":"3 Shapes","floor":44,"turns":4},{"damage":0,"enemies":"Giant Head","floor":47,"turns":6},{"damage":5,"enemies":"Writhing Mass","floor":49,"turns":4},{"damage":8,"enemies":"SI_POISON_ARCHETYPE","floor":50,"turns":8},{"damage":29,"enemies":"downfall:CharBossMerchant","floor":52,"turns":8},{"damage":0,"enemies":"downfall:NeowBoss","floor":55,"turns":11},{"damage":128,"enemies":"downfall:NeowBossFinal","floor":56,"turns":12}],"seed_played":"-8095672233721858073","potions_obtained":[{"floor":3,"key":"Block Potion"},{"floor":5,"key":"SpeedPotion"},{"floor":11,"key":"Slimebound:ThreeZeroPotion"},{"floor":16,"key":"Ancient Potion"},{"floor":19,"key":"SteroidPotion"},{"floor":23,"key":"Ancient Potion"},{"floor":29,"key":"Guardian:BlockOnCardUsePotion"},{"floor":32,"key":"Swift Potion"},{"floor":36,"key":"Block Potion"},{"floor":42,"key":"SteroidPotion"},{"floor":44,"key":"Dexterity Potion"},{"floor":47,"key":"LiquidBronze"},{"floor":49,"key":"Weak Potion"},{"floor":52,"key":"FairyPotion"}],"is_trial":false,"path_per_floor":["R","M","M","?","M","$","T","R","M","R","M","R","E","?","M","B",null,"R","M","M","M","?","E","T","R","?","M","M","E","M","?","M","B",null,"R","M","$","?","$","R","T","?","R","M","R","T","E","?","M","B",null,"E","$","R","B","B",null],"character_chosen":"GUARDIAN","items_purchased":["Guardian:Planning","DollysMirror","Guardian:Gem_Blue","Guardian:Incinerate","Guardian:Gem_Green","Vajra","Calipers"],"campfire_rested":0,"item_purchase_floors":[6,37,39,39,39,53,53],"current_hp_per_floor":[80,78,75,75,66,61,61,61,55,55,55,55,55,55,46,29,80,80,63,58,38,38,50,50,60,60,48,49,56,58,58,56,20,90,90,90,82,95,87,87,87,94,94,96,96,106,120,120,115,109,120,91,91,91,93,36],"gold":103,"neow_bonus":"RANDOM_COMMON_RELIC","is_daily":false,"chose_seed":false,"campfire_upgraded":10,"win_rate":0.0,"timestamp":1611997959,"path_taken":["R","M","M","?","?","$","T","R","M","R","M","R","E","?","M","BOSS","R","M","M","M","?","E","T","R","?","M","M","E","M","?","M","BOSS","R","M","$","?","$","R","T","?","R","M","R","?","E","?","M","BOSS","E","$","R","BOSS","BOSS"],"items_purchased_type":["Card","Relic","Card","Card","Card","Relic","Relic"],"build_version":"2020-12-22","purchased_purges":2,"victory":true,"max_hp_per_floor":[80,80,80,80,80,80,80,80,80,80,80,80,80,80,80,80,80,80,80,80,80,80,80,80,90,90,90,90,90,90,90,90,90,90,90,90,90,103,103,103,103,103,103,103,103,113,120,120,120,120,120,120,120,120,120,120],"relic_stats":{"Blood Vial":36,"Busted Crown":20,"counters":[30,179],"Astrolabe":["Guardian:PrimingBeam","Guardian:Orbwalk","Guardian:Preprogram"],"Tiny Chest":1,"Prayer Wheel":2,"PreservedInsect":0,"Juzu Bracelet":0,"obtain_stats":[{"Pear":46,"Calipers":53,"downfall:HeartBlessingRed":10,"Astrolabe":17,"Guardian:ModeShifter":0,"Oddly Smooth Stone":23,"Vajra":53,"downfall:HeartBlessingGreen":18,"PreservedInsect":52,"Juzu Bracelet":7,"Ancient Tea Set":13,"White Beast Statue":41,"Blood Vial":14,"Busted Crown":34,"downfall:HeartBlessingBlue":25,"DollysMirror":37,"Strawberry":47,"Tiny Chest":29,"Prayer Wheel":42,"Toy Ornithopter":0},{"Pear":24,"Calipers":28,"downfall:HeartBlessingRed":5,"Astrolabe":9,"Guardian:ModeShifter":0,"Oddly Smooth Stone":13,"Vajra":28,"downfall:HeartBlessingGreen":9,"PreservedInsect":28,"Juzu Bracelet":4,"Ancient Tea Set":7,"White Beast Statue":22,"Blood Vial":7,"Busted Crown":19,"downfall:HeartBlessingBlue":13,"DollysMirror":21,"Strawberry":25,"Tiny Chest":16,"Prayer Wheel":23,"Toy Ornithopter":0},{"Pear":130,"Calipers":156,"downfall:HeartBlessingRed":25,"Astrolabe":55,"Guardian:ModeShifter":0,"Oddly Smooth Stone":72,"Vajra":156,"downfall:HeartBlessingGreen":55,"PreservedInsect":156,"Juzu Bracelet":19,"Ancient Tea Set":38,"White Beast Statue":122,"Blood Vial":38,"Busted Crown":110,"downfall:HeartBlessingBlue":72,"DollysMirror":118,"Strawberry":136,"Tiny Chest":87,"Prayer Wheel":126,"Toy Ornithopter":0}],"Toy Ornithopter":45},"card_choices":[{"not_picked":["Guardian:Gem_Red","Guardian:ShieldSpikes"],"picked":"Guardian:Gem_Yellow","floor":2},{"not_picked":["Guardian:Recover","Guardian:Gem_Cyan"],"picked":"Guardian:PrismaticBeam","floor":3},{"not_picked":["Guardian:VentSteam","Guardian:Reroute"],"picked":"Guardian:ChargeCore","floor":5},{"not_picked":["Guardian:Preprogram","Guardian:GuardianWhirl"],"picked":"Guardian:Gem_Green","floor":6},{"not_picked":["Guardian:Gem_Yellow","Guardian:PrimingBeam"],"picked":"Guardian:BronzeArmor","floor":9},{"not_picked":["Guardian:ShieldCharger","Guardian:Gem_Cyan"],"picked":"Guardian:SentryBeam","floor":11},{"not_picked":["Guardian:Incinerate","Guardian:GuardianWhirl"],"picked":"Guardian:Gem_Red","floor":13},{"not_picked":["Guardian:PiercingHide","Guardian:MultiBeam"],"picked":"Guardian:Gem_Synthetic","floor":15},{"not_picked":["Guardian:HyperBeam_Guardian","Guardian:TimeSifter"],"picked":"Guardian:BaubleBeam","floor":16},{"not_picked":["Guardian:Gem_Green","Guardian:PrismaticBarrier"],"picked":"Guardian:Gem_Crimson","floor":19},{"not_picked":["Guardian:Gem_Green","Guardian:TemporalShield"],"picked":"Guardian:Gem_Cyan","floor":20},{"not_picked":["Guardian:Planning+1","Guardian:ChargeCore"],"picked":"Guardian:ShieldCharger+1","floor":21},{"not_picked":["Guardian:BronzeArmor","Guardian:ChargeCore"],"picked":"Guardian:TemporalShield","floor":23},{"not_picked":["Guardian:MultiBeam","Guardian:ShieldCharger"],"picked":"Guardian:Gem_Orange","floor":27},{"not_picked":["Guardian:Recover+1","Guardian:BronzeOrb"],"picked":"Guardian:PiercingHide+1","floor":28},{"not_picked":["Guardian:ShieldCharger+1","Guardian:TemporalStrike"],"picked":"Guardian:Gem_White","floor":29},{"not_picked":["Guardian:Suspension","Guardian:TemporalShield+1","Guardian:Planning+1"],"picked":"SKIP","floor":30},{"not_picked":["Guardian:TemporalShield","Guardian:Suspension"],"picked":"Guardian:TemporalStrike","floor":32},{"not_picked":["Guardian:StasisStrike","Guardian:SphericShield"],"picked":"Guardian:ConstructionForm","floor":33},{"not_picked":["Guardian:ShieldCharger+1"],"picked":"SKIP","floor":36},{"not_picked":[],"picked":"Guardian:VentSteam","floor":37},{"not_picked":[],"picked":"Guardian:Gem_Red","floor":39},{"not_picked":["Guardian:FloatingOrbs+1"],"picked":"SKIP","floor":44},{"not_picked":["Guardian:Planning"],"picked":"SKIP","floor":44},{"not_picked":["Guardian:ShieldSpikes"],"picked":"SKIP","floor":47},{"not_picked":["Guardian:ConstructionForm"],"picked":"SKIP","floor":49},{"not_picked":["Guardian:RollAttack"],"picked":"SKIP","floor":49},{"not_picked":[],"picked":"Guardian:Repulse+1","floor":52}],"player_experience":488949,"relics_obtained":[{"floor":7,"key":"Juzu Bracelet"},{"floor":13,"key":"Ancient Tea Set"},{"floor":23,"key":"Oddly Smooth Stone"},{"floor":29,"key":"Tiny Chest"},{"floor":41,"key":"White Beast Statue"},{"floor":42,"key":"Prayer Wheel"},{"floor":46,"key":"Pear"},{"floor":47,"key":"Strawberry"},{"floor":52,"key":"PreservedInsect"}],"event_choices":[{"damage_healed":0,"gold_gain":0,"player_choice":"Fight","damage_taken":0,"max_hp_gain":0,"max_hp_loss":0,"event_name":"Mysterious Sphere","floor":42,"gold_loss":0}],"is_beta":false,"boss_relics":[{"not_picked":["Snecko Eye","Runic Dome"],"picked":"Astrolabe"},{"not_picked":["Cursed Key","SacredBark"],"picked":"Busted Crown"}],"items_purged_floors":[37,39],"is_endless":false,"potions_floor_spawned":[3,5,11,16,19,23,29,32,36,42,44,47,49,52],"ascension_level":0}}