{"host":"kw4o7b3ro2ktmmbe","time":1611987613,"event":{"mods":["BaseMod","Evolution","Minty Spire (QoL Compilation)","StSLib","The Runesmith"],"gold_per_floor":[117,217,232,252,252,252,252,252,252,252,265,21,46,61,61,190,190,205,205,220,220,220,259,12,12,12,52,52,68,68,86,86,205,205,205,205],"floor_reached":35,"language":"ENG","playtime":4020,"items_purged":[],"score":421,"play_id":"108b95a3-2cb8-402f-bfdd-e2e622ed37e1","local_time":"20210130192013","is_ascension_mode":true,"campfire_choices":[{"data":"Runesmith:CraftReservo","floor":6.0,"key":"SMITH"},{"data":"Runesmith:Fortify","floor":8.0,"key":"SMITH"},{"data":"Runesmith:CraftVitae","floor":10.0,"key":"SMITH"},{"data":"Runesmith:CraftIndustria","floor":15.0,"key":"SMITH"},{"data":"Runesmith:Grindstone","floor":28.0,"key":"SMITH"},{"floor":32,"key":"REST"}],"circlet_count":0,"master_deck":["Runesmith:Strike_RS+1","Runesmith:Strike_RS+1","Runesmith:Strike_RS+1","Runesmith:Strike_RS+1","Runesmith:Defend_RS+1","Runesmith:Defend_RS+1","Runesmith:Defend_RS+1","Runesmith:Defend_RS+1","Runesmith:Fortify+1","Runesmith:CraftReservo+1","Runesmith:CraftVitae+1","Runesmith:Augment","Runesmith:CraftIndustria+1","Runesmith:ArcReactor","Runesmith:Grindstone+1","Runesmith:EarthShield","Necronomicurse","Runesmith:EarthShield","Runesmith:Reinforce+1","Runesmith:EnergizedChisel+1","Runesmith:CraftIndustria"],"relics":["Runesmith:BrokenRuby","EVO:Axolotl","Golden Idol","StrikeDummy","Meat on the Bone","War Paint","Cursed Key","Necronomicon","Lizard Tail","Frozen Egg 2","Art of War","Sozu"],"acts_visited":["Exordium","TheCity","TheBeyond"],"potions_floor_usage":[],"damage_taken":[{"damage":2.0,"enemies":"Jaw Worm","floor":1.0,"turns":5.0},{"damage":0.0,"enemies":"Cultist","floor":3.0,"turns":4.0},{"damage":1.0,"enemies":"Small Slimes","floor":4.0,"turns":4.0},{"damage":6.0,"enemies":"Looter","floor":11.0,"turns":2.0},{"damage":0.0,"enemies":"Gremlin Gang","floor":14.0,"turns":5.0},{"damage":17.0,"enemies":"The Guardian","floor":16.0,"turns":16.0},{"damage":17.0,"enemies":"Spheric Guardian","floor":18.0,"turns":6.0},{"damage":16.0,"enemies":"2 Thieves","floor":20.0,"turns":4.0},{"damage":16.0,"enemies":"Gremlin Leader","floor":23.0,"turns":16.0},{"damage":21.0,"enemies":"Book of Stabbing","floor":27.0,"turns":8.0},{"damage":19.0,"enemies":"3 Cultists","floor":29.0,"turns":9.0},{"damage":40,"enemies":"Snecko","floor":31,"turns":7},{"damage":8,"enemies":"Automaton","floor":33,"turns":15},{"damage":0,"enemies":"3 Shapes","floor":35,"turns":7}],"seed_played":"4981696652620447871","potions_obtained":[{"floor":4.0,"key":"FearPotion"},{"floor":23.0,"key":"BlessingOfTheForge"},{"floor":27.0,"key":"Swift Potion"}],"is_trial":false,"path_per_floor":["M","?","M","M","?","R","?","R","T","R","M","$","T","M","R","B",null,"M","?","M","?","?","E","$","$","T","E","R","M","T","M","R","B",null,"M"],"character_chosen":"RUNESMITH_CLASS","items_purchased":["Meat on the Bone","Frozen Egg 2"],"campfire_rested":1,"item_purchase_floors":[12,24],"current_hp_per_floor":[75,75,75,74,55,55,55,55,55,55,49,49,49,49,49,44,77,60,60,44,28,28,24,24,24,24,15,15,50,50,22,45,49,77,77,77],"gold":205,"neow_bonus":"TEN_PERCENT_HP_BONUS","is_daily":false,"chose_seed":false,"campfire_upgraded":5,"win_rate":0.0,"timestamp":1611987613,"path_taken":["M","?","M","?","?","R","?","R","T","R","?","$","?","M","R","BOSS","M","?","M","?","?","E","$","?","T","E","R","?","?","?","R","BOSS","M"],"items_purchased_type":["Relic","Relic"],"build_version":"2020-12-22","purchased_purges":0,"victory":false,"max_hp_per_floor":[77,77,77,77,77,77,77,77,77,77,77,77,77,77,77,77,77,77,77,77,77,77,77,77,77,77,77,77,77,77,77,77,77,77,77,77],"card_choices":[{"not_picked":["Runesmith:MakeshiftArmor","Runesmith:Empowerment","Runesmith:Overpower"],"picked":"SKIP","floor":1.0},{"not_picked":["Runesmith:CraftProtectio","Runesmith:Augment"],"picked":"Runesmith:CraftReservo","floor":3.0},{"not_picked":["Runesmith:Overpower","Runesmith:Firewall"],"picked":"Runesmith:CraftVitae","floor":4.0},{"not_picked":["Runesmith:Permafrost","Runesmith:HammerThrow"],"picked":"Runesmith:Augment","floor":11.0},{"not_picked":["Runesmith:ChiselStab","Runesmith:BackupBattery"],"picked":"Runesmith:CraftIndustria","floor":14.0},{"not_picked":["Runesmith:CraftMedicinae","Runesmith:Supernova"],"picked":"Runesmith:ArcReactor","floor":16.0},{"not_picked":["Runesmith:HammerThrow","Runesmith:Reinforce"],"picked":"Runesmith:Grindstone","floor":18.0},{"not_picked":["Runesmith:HammerAndChisel","Runesmith:Refine"],"picked":"Runesmith:EarthShield","floor":20.0},{"not_picked":["Runesmith:StaticCage","Runesmith:CraftProtectio","Runesmith:Firewall"],"picked":"SKIP","floor":23.0},{"not_picked":["Runesmith:Repurpose","Runesmith:StaticCage+1"],"picked":"Runesmith:EarthShield","floor":27.0},{"not_picked":["Runesmith:RuneHurl","Runesmith:Overpower+1"],"picked":"Runesmith:Reinforce+1","floor":29.0},{"not_picked":["Runesmith:ChiselStab+1","Runesmith:HeatExchange"],"picked":"Runesmith:EnergizedChisel+1","floor":31},{"not_picked":["Runesmith:CraftPrismatica","Runesmith:MetallurgicalResearch"],"picked":"Runesmith:CraftIndustria","floor":33}],"player_experience":1869615,"relics_obtained":[{"floor":9.0,"key":"StrikeDummy"},{"floor":13.0,"key":"War Paint"},{"floor":21.0,"key":"Necronomicon"},{"floor":23.0,"key":"Lizard Tail"},{"floor":27.0,"key":"Art of War"}],"event_choices":[{"damage_healed":0.0,"max_hp_gain":0.0,"max_hp_loss":0.0,"gold_gain":100.0,"event_name":"Golden Shrine","player_choice":"Pray","floor":2.0,"gold_loss":0.0,"damage_taken":0.0},{"damage_healed":0.0,"max_hp_gain":0.0,"max_hp_loss":0.0,"gold_gain":0.0,"event_name":"Golden Idol","player_choice":"Take Damage","floor":5.0,"gold_loss":0.0,"damage_taken":19.0,"relics_obtained":["Golden Idol"]},{"cards_removed":["Runesmith:CraftFirestone"],"damage_healed":0.0,"max_hp_gain":0.0,"max_hp_loss":0.0,"gold_gain":0.0,"event_name":"Bonfire Elementals","player_choice":"Offered Basic","floor":7.0,"gold_loss":0.0,"damage_taken":0.0},{"damage_healed":0.0,"max_hp_gain":0.0,"max_hp_loss":0.0,"gold_gain":0.0,"event_name":"Back to Basics","player_choice":"Simplicity","floor":19.0,"gold_loss":0.0,"damage_taken":0.0,"cards_upgraded":["Runesmith:Strike_RS","Runesmith:Strike_RS","Runesmith:Strike_RS","Runesmith:Strike_RS","Runesmith:Defend_RS","Runesmith:Defend_RS"]},{"damage_healed":0.0,"max_hp_gain":0.0,"max_hp_loss":0.0,"gold_gain":0.0,"event_name":"Cursed Tome","player_choice":"Obtained Book","floor":21.0,"gold_loss":0.0,"damage_taken":16.0},{"damage_healed":0.0,"max_hp_gain":0.0,"max_hp_loss":0.0,"gold_gain":0.0,"event_name":"Ghosts","player_choice":"Ignored","floor":22.0,"gold_loss":0.0,"damage_taken":0.0}],"is_beta":false,"boss_relics":[{"not_picked":["Fusion Hammer","Astrolabe"],"picked":"Cursed Key"},{"not_picked":["Snecko Eye","Tiny House"],"picked":"Sozu"}],"items_purged_floors":[],"is_endless":false,"potions_floor_spawned":[4,23,27],"killed_by":"3 Shapes","ascension_level":2}}