{"host":"88sw61cmk1203zgj","time":1611966093,"event":{"mods":["BaseMod","Minty Spire (QoL Compilation)"],"gold_per_floor":[112,112,112,123,140,140,167,167,167,186,186,199,238,253,253,351,351,367,22,43,43,56,56,94,94,94,135,150,183,202,218,218,317,317,332,350,375,375,388,388,388],"floor_reached":40,"language":"ENG","playtime":2371,"items_purged":[],"score":829,"play_id":"7b33569a-1c2d-4b78-bb5c-a93da03851c7","local_time":"20210129192133","is_ascension_mode":true,"campfire_choices":[{"data":"Bash","floor":6.0,"key":"SMITH"},{"data":"Bludgeon","floor":8.0,"key":"SMITH"},{"data":"True Grit","floor":15.0,"key":"SMITH"},{"data":"True Grit","floor":23.0,"key":"SMITH"},{"data":"True Grit","floor":25.0,"key":"SMITH"},{"floor":32.0,"key":"REST"}],"circlet_count":0,"master_deck":["AscendersBane","Strike_R+1","Strike_R","Strike_R","Strike_R","Strike_R","Defend_R","Defend_R","Defend_R","Defend_R","Bash+1","Shockwave+1","Twin Strike","Bludgeon+1","Dropkick","Pommel Strike","True Grit+1","Immolate","True Grit+1","Magnetism","True Grit+1","Dark Embrace+1","Shrug It Off+1","Corruption+1","True Grit+1","True Grit+1"],"relics":["Snecko Eye","Ornamental Fan","PreservedInsect","Golden Idol","Potion Belt","Black Star","Lee\u0027s Waffle","Blood Vial","Tiny Chest","Ice Cream","Sundial","Self Forming Clay","Toxic Egg 2","Frozen Egg 2","Fusion Hammer"],"acts_visited":["Exordium","TheCity","TheBeyond"],"potions_floor_usage":[40],"damage_taken":[{"damage":2.0,"enemies":"Jaw Worm","floor":1.0,"turns":2.0},{"damage":0.0,"enemies":"2 Louse","floor":4.0,"turns":2.0},{"damage":11.0,"enemies":"Small Slimes","floor":5.0,"turns":3.0},{"damage":15.0,"enemies":"3 Sentries","floor":7.0,"turns":6.0},{"damage":0.0,"enemies":"Gremlin Gang","floor":10.0,"turns":3.0},{"damage":9.0,"enemies":"Exordium Wildlife","floor":12.0,"turns":4.0},{"damage":0.0,"enemies":"Gremlin Nob","floor":13.0,"turns":2.0},{"damage":0.0,"enemies":"2 Fungi Beasts","floor":14.0,"turns":3.0},{"damage":6.0,"enemies":"Hexaghost","floor":16.0,"turns":7.0},{"damage":11.0,"enemies":"3 Byrds","floor":18.0,"turns":5.0},{"damage":4.0,"enemies":"2 Thieves","floor":20.0,"turns":4.0},{"damage":0.0,"enemies":"3 Cultists","floor":22.0,"turns":3.0},{"damage":8.0,"enemies":"Gremlin Leader","floor":24.0,"turns":3.0},{"damage":22.0,"enemies":"Book of Stabbing","floor":27.0,"turns":4.0},{"damage":11.0,"enemies":"Cultist and Chosen","floor":28.0,"turns":5.0},{"damage":11.0,"enemies":"Gremlin Leader","floor":29.0,"turns":4.0},{"damage":21.0,"enemies":"Shelled Parasite and Fungi","floor":30.0,"turns":5.0},{"damage":21.0,"enemies":"Snake Plant","floor":31.0,"turns":4.0},{"damage":25.0,"enemies":"Automaton","floor":33.0,"turns":7.0},{"damage":0.0,"enemies":"3 Darklings","floor":35.0,"turns":3.0},{"damage":31.0,"enemies":"3 Shapes","floor":36.0,"turns":4.0},{"damage":12.0,"enemies":"Transient","floor":37.0,"turns":5.0},{"damage":23.0,"enemies":"Maw","floor":39.0,"turns":6.0},{"damage":61,"enemies":"Reptomancer","floor":40,"turns":2}],"seed_played":"-8943777322893833905","potions_obtained":[{"floor":1.0,"key":"SkillPotion"},{"floor":4.0,"key":"Block Potion"},{"floor":14.0,"key":"PowerPotion"},{"floor":16.0,"key":"Weak Potion"},{"floor":18.0,"key":"Fire Potion"},{"floor":24.0,"key":"Regen Potion"},{"floor":29.0,"key":"CultistPotion"},{"floor":31.0,"key":"Energy Potion"},{"floor":33.0,"key":"DistilledChaos"},{"floor":35.0,"key":"AttackPotion"},{"floor":36.0,"key":"FairyPotion"},{"floor":39.0,"key":"Energy Potion"}],"is_trial":false,"path_per_floor":["M","?","?","M","M","R","E","R","T","M","?","M","E","M","R","B",null,"M","$","M","?","M","R","E","R","T","E","M","E","M","M","R","B",null,"M","M","M","?","M","E"],"character_chosen":"IRONCLAD","items_purchased":["Lee\u0027s Waffle","Magnetism"],"campfire_rested":1,"item_purchase_floors":[19,19],"current_hp_per_floor":[70,70,54,54,43,43,28,28,28,28,28,19,19,19,19,13,59,48,81,77,71,71,71,63,63,63,43,34,25,20,1,25,2,61,63,34,24,24,3,0,0],"gold":388,"neow_bonus":"BOSS_RELIC","is_daily":false,"chose_seed":false,"campfire_upgraded":5,"win_rate":0.0,"timestamp":1611966093,"path_taken":["M","?","?","M","M","R","E","R","T","M","?","M","E","M","R","BOSS","M","$","M","?","M","R","E","R","T","E","M","E","M","M","R","BOSS","M","?","M","?","M","E"],"items_purchased_type":["Relic","Card"],"build_version":"2020-12-22","purchased_purges":0,"victory":false,"max_hp_per_floor":[80,80,80,80,80,80,80,80,80,80,74,74,74,74,74,74,74,74,81,81,81,81,81,81,81,81,81,81,81,81,81,81,81,81,81,81,81,81,81,81,81],"card_choices":[{"not_picked":["Intimidate","Twin Strike"],"picked":"Shockwave","floor":1.0},{"not_picked":["Clash","Sword Boomerang"],"picked":"Twin Strike","floor":4.0},{"not_picked":["Fire Breathing","Reckless Charge","Rupture"],"picked":"SKIP","floor":5.0},{"not_picked":["Iron Wave","Heavy Blade"],"picked":"Bludgeon","floor":7.0},{"not_picked":["Cleave","Havoc"],"picked":"Dropkick","floor":10.0},{"not_picked":["Havoc","Evolve"],"picked":"Pommel Strike","floor":12.0},{"not_picked":["Second Wind","Clash","Iron Wave"],"picked":"SKIP","floor":13.0},{"not_picked":["Fire Breathing","Twin Strike"],"picked":"True Grit","floor":14.0},{"not_picked":["Offering","Feed"],"picked":"Immolate","floor":16.0},{"not_picked":["Ghostly Armor","Thunderclap"],"picked":"True Grit","floor":18.0},{"not_picked":["Combust","Flex","Twin Strike"],"picked":"SKIP","floor":20.0},{"not_picked":["Shrug It Off","Perfected Strike"],"picked":"True Grit","floor":22.0},{"not_picked":["Twin Strike","Disarm","Clash"],"picked":"SKIP","floor":24.0},{"not_picked":["Body Slam","Blood for Blood","Sever Soul"],"picked":"SKIP","floor":27.0},{"not_picked":["Pummel","Metallicize","Searing Blow"],"picked":"SKIP","floor":28.0},{"not_picked":["Rage+1","Evolve+1"],"picked":"Dark Embrace+1","floor":29.0},{"not_picked":["Iron Wave","Warcry+1"],"picked":"Shrug It Off+1","floor":30.0},{"not_picked":["Ghostly Armor+1","Body Slam","Searing Blow"],"picked":"SKIP","floor":31.0},{"not_picked":["Reaper","Brutality+1"],"picked":"Corruption+1","floor":33.0},{"not_picked":["Armaments+1","Bloodletting+1","Blood for Blood+1"],"picked":"SKIP","floor":35.0},{"not_picked":["Headbutt","Battle Trance+1"],"picked":"True Grit+1","floor":36.0},{"not_picked":["Iron Wave","Second Wind+1"],"picked":"True Grit+1","floor":37.0},{"not_picked":["Sword Boomerang","Intimidate+1","Infernal Blade+1"],"picked":"SKIP","floor":39.0}],"player_experience":1528107,"relics_obtained":[{"floor":7.0,"key":"Ornamental Fan"},{"floor":9.0,"key":"PreservedInsect"},{"floor":13.0,"key":"Potion Belt"},{"floor":24.0,"key":"Blood Vial"},{"floor":24.0,"key":"Tiny Chest"},{"floor":26.0,"key":"Ice Cream"},{"floor":27.0,"key":"Sundial"},{"floor":27.0,"key":"Self Forming Clay"},{"floor":29.0,"key":"Toxic Egg 2"},{"floor":29.0,"key":"Frozen Egg 2"}],"event_choices":[{"damage_healed":0.0,"max_hp_gain":0.0,"max_hp_loss":0.0,"gold_gain":0.0,"event_name":"Liars Game","player_choice":"Ignored","floor":2.0,"gold_loss":0.0,"damage_taken":0.0},{"damage_healed":0.0,"max_hp_gain":0.0,"max_hp_loss":0.0,"gold_gain":0.0,"event_name":"Shining Light","player_choice":"Entered Light","floor":3.0,"gold_loss":0.0,"damage_taken":16.0,"cards_upgraded":["Shockwave","Strike_R"]},{"damage_healed":0.0,"max_hp_gain":0.0,"max_hp_loss":6.0,"gold_gain":0.0,"event_name":"Golden Idol","player_choice":"Lose Max HP","floor":11.0,"gold_loss":0.0,"damage_taken":0.0,"relics_obtained":["Golden Idol"]},{"damage_healed":0.0,"max_hp_gain":0.0,"max_hp_loss":0.0,"gold_gain":0.0,"event_name":"Knowing Skull","player_choice":"","floor":21.0,"potions_obtained":[],"gold_loss":0.0,"damage_taken":6.0,"cards_obtained":[]},{"damage_healed":0.0,"max_hp_gain":0.0,"max_hp_loss":0.0,"gold_gain":0.0,"event_name":"Tomb of Lord Red Mask","player_choice":"Ignored","floor":38.0,"gold_loss":0.0,"damage_taken":0.0}],"is_beta":false,"boss_relics":[{"not_picked":["Sozu","Cursed Key"],"picked":"Black Star"},{"not_picked":["Mark of Pain","Empty Cage"],"picked":"Fusion Hammer"}],"items_purged_floors":[],"is_endless":false,"potions_floor_spawned":[1,4,14,16,18,24,29,31,33,35,36,39],"killed_by":"Reptomancer","ascension_level":13}}