{"host":"gcl3kjho9wmyw479","time":1611967259,"event":{"mods":["Act Like it!","BaseMod","Better Note","Minty Spire (QoL Compilation)","Permanent Neow","Quick Restart","Replay The Spire","Shop Mod","StSLib","SuperFastMode","Wandering Minibosses"],"gold_per_floor":[99,111,36,36,47,47,47,47,47,80,80,155,184,84,84,183,183,193,68,68,80,80,113,70,95,95,125,125,125,152,186,186,291,291,303,374,12,12,12,12,61,61,61,61,61,161,20,45,45,45,45,45,32,32,32],"floor_reached":54,"language":"ENG","playtime":3705,"items_purged":["Leap","Leap","Coolheaded","Conserve Battery"],"score":792,"play_id":"7f8e6df7-4bf4-4850-b82a-57cb46e63986","local_time":"20210129194059","daily_mods":["SealedDeck","Heirloom","Flight","DeadlyEvents","Elite Swarm"],"is_ascension_mode":true,"campfire_choices":[{"data":"Fusion","floor":6,"key":"SMITH"},{"data":"Gash","floor":8,"key":"SMITH"},{"data":"Beam Cell","floor":11,"key":"SMITH"},{"data":"Rebound","floor":15,"key":"SMITH"},{"floor":28,"key":"REST"},{"floor":29,"key":"RECALL"},{"floor":32,"key":"DIG"},{"floor":42,"key":"REST"},{"data":"Gash","floor":45,"key":"SMITH"},{"data":"Double Energy","floor":49,"key":"SMITH"},{"data":"Conserve Battery","floor":52,"key":"SMITH"}],"circlet_count":0,"master_deck":["Conserve Battery+1","Fusion+1","Gash+1","Go for the Eyes+1","Beam Cell+1","Reprogram+1","Rebound+1","Seek","FTL","Core Surge+1","Double Energy+1","Gash+1"],"relics":["Unceasing Top","Ring of Chaos","Turnip","FossilizedHelix","Ginger","Philosopher\u0027s Stone","Replay:Multitool","Lizard Tail","Replay:Rubber Ducky","Red Mask","Gambling Chip","Pocketwatch","ReplayTheSpireMod:DimensionalGlitch","MerchantsRug","Replay:Towering Pillar of Hats","Torii","Onion Ring"],"acts_visited":["Exordium","TheCity","TheBeyond","TheEnding"],"potions_floor_usage":[16,30,30,41,54],"damage_taken":[{"damage":0,"enemies":"Small Slimes","floor":2,"turns":4},{"damage":0,"enemies":"2 Louse","floor":5,"turns":2},{"damage":5,"enemies":"Gremlin Nob","floor":10,"turns":3},{"damage":0,"enemies":"Lagavulin","floor":13,"turns":4},{"damage":3,"enemies":"The Guardian","floor":16,"turns":3},{"damage":0,"enemies":"Shell Parasite","floor":18,"turns":2},{"damage":0,"enemies":"2 Thieves","floor":21,"turns":2},{"damage":0,"enemies":"Gremlin Leader","floor":23,"turns":3},{"damage":0,"enemies":"Book of Stabbing","floor":25,"turns":2},{"damage":45,"enemies":"Slavers","floor":27,"turns":8},{"damage":0,"enemies":"Masked Bandits","floor":30,"turns":2},{"damage":5,"enemies":"Gremlin Leader","floor":31,"turns":3},{"damage":0,"enemies":"Automaton","floor":33,"turns":3},{"damage":32,"enemies":"3 Shapes","floor":35,"turns":4},{"damage":0,"enemies":"2 Orb Walkers","floor":41,"turns":4},{"damage":0,"enemies":"Giant Head","floor":48,"turns":1},{"damage":33,"enemies":"Time Eater","floor":50,"turns":5},{"damage":104,"enemies":"Shield and Spear","floor":54,"turns":6}],"seed_played":"-827662223567346833","potions_obtained":[{"floor":10,"key":"Venom Potion"},{"floor":21,"key":"Death Potion"},{"floor":27,"key":"Reflective Coating"},{"floor":36,"key":"EssenceOfSteel"},{"floor":36,"key":"AttackPotion"},{"floor":48,"key":"Reflective Coating"}],"is_trial":true,"path_per_floor":["?","M","$","?","M","R","WH","R","T","E","R","?","E","$","R","B",null,"M","$","?","M","WH","E","$","E","T","E","R","R","?","E","R","B",null,"M","?","$","WH","WH","R","WH","R","T","R","R","?","$","E","R","B",null,"R","$","E"],"character_chosen":"DEFECT","items_purchased":["FTL","MerchantsRug","Replay:Towering Pillar of Hats","Block Potion"],"campfire_rested":2,"item_purchase_floors":[24,37,37,53],"current_hp_per_floor":[75,75,75,75,75,75,75,75,75,70,70,63,63,63,63,60,75,75,75,75,75,75,75,75,75,75,30,52,52,62,57,57,57,75,43,25,25,25,25,47,47,69,69,75,75,75,75,75,75,42,75,75,75,0,0],"gold":32,"neow_bonus":"RANDOM_EVENT","is_daily":false,"chose_seed":false,"campfire_upgraded":7,"win_rate":0.0,"timestamp":1611967259,"path_taken":["?","M","$","?","M","R","WH","R","T","E","R","?","E","$","R","BOSS","M","$","?","M","WH","E","$","E","T","E","R","R","?","E","R","BOSS","M","?","$","WH","WH","R","WH","R","T","R","R","?","$","E","R","BOSS","R","$","E"],"items_purchased_type":["Card","Relic","Relic","Potion"],"build_version":"2020-12-22","purchased_purges":4,"victory":false,"max_hp_per_floor":[75,75,75,75,75,75,75,75,75,75,75,75,75,75,75,75,75,75,75,75,75,75,75,75,75,75,75,75,75,75,75,75,75,75,75,75,75,75,75,75,75,75,75,75,75,75,75,75,75,75,75,75,75,75,75],"card_choices":[{"not_picked":["Cold Snap","Chaos"],"picked":"Rebound","floor":2},{"not_picked":["Heatsinks","ReplayTheSpireMod:Reroute Power","Beam Cell"],"picked":"SKIP","floor":5},{"not_picked":["Fission","Biased Cognition","Echo Form"],"picked":"SKIP","floor":10},{"not_picked":["Reboot","Multi-Cast","Mirror Shield"],"picked":"SKIP","floor":13},{"not_picked":["Hyperbeam","All For One"],"picked":"Seek","floor":16},{"not_picked":["Beam Cell","Rebound+1","Panic Button"],"picked":"SKIP","floor":18},{"not_picked":["Go for the Eyes","Chill+1","Melter"],"picked":"SKIP","floor":21},{"not_picked":["ReplayRNGCard","Reboot","Biased Cognition"],"picked":"SKIP","floor":23},{"not_picked":["Echo Form","Seek","Electrodynamics"],"picked":"SKIP","floor":25},{"not_picked":["Hyperbeam","Buffer","Rainbow"],"picked":"SKIP","floor":27},{"not_picked":["Creative AI","Biased Cognition"],"picked":"Core Surge","floor":31},{"not_picked":["Compile Driver+1","ReplayTheSpireMod:Calculation Training"],"picked":"Double Energy","floor":35},{"not_picked":["ReplayTheSpireMod:System Scan","Ball Lightning"],"picked":"Gash","floor":38},{"not_picked":["ReplayTheSpireMod:Fabricate Wheel","Fission","Mirror Shield"],"picked":"SKIP","floor":48}],"player_experience":186750,"relics_obtained":[{"floor":10,"key":"FossilizedHelix"},{"floor":13,"key":"Ginger"},{"floor":23,"key":"MawBank"},{"floor":25,"key":"Replay:Multitool"},{"floor":26,"key":"Lizard Tail"},{"floor":27,"key":"Replay:Rubber Ducky"},{"floor":30,"key":"Red Mask"},{"floor":31,"key":"Gambling Chip"},{"floor":32,"key":"Pocketwatch"},{"floor":36,"key":"Potion Belt"},{"floor":41,"key":"Torii"},{"floor":43,"key":"MealTicket"},{"floor":48,"key":"Onion Ring"}],"event_choices":[{"damage_healed":0,"gold_gain":0,"player_choice":"Leave","damage_taken":0,"max_hp_gain":0,"max_hp_loss":0,"event_name":"The Cleric","floor":4,"gold_loss":0},{"damage_healed":0,"gold_gain":75,"player_choice":"Touch","damage_taken":7,"max_hp_gain":0,"max_hp_loss":0,"event_name":"FaceTrader","floor":12,"gold_loss":0},{"damage_healed":0,"gold_gain":0,"player_choice":"Fought Bandits","damage_taken":0,"max_hp_gain":0,"max_hp_loss":0,"event_name":"Masked Bandits","floor":30,"gold_loss":0},{"damage_healed":0,"gold_gain":0,"player_choice":"Fight","damage_taken":0,"max_hp_gain":0,"max_hp_loss":0,"event_name":"Mysterious Sphere","floor":41,"gold_loss":0},{"damage_healed":0,"gold_gain":100,"player_choice":"Pray","damage_taken":0,"max_hp_gain":0,"max_hp_loss":0,"event_name":"Golden Shrine","floor":46,"gold_loss":0}],"is_beta":false,"boss_relics":[{"not_picked":["Sozu","Black Star"],"picked":"Philosopher\u0027s Stone"},{"not_picked":["Snecko Eye","Velvet Choker"],"picked":"ReplayTheSpireMod:DimensionalGlitch"}],"items_purged_floors":[3,14,19,47],"is_endless":false,"potions_floor_spawned":[10,21,27,48],"killed_by":"Shield and Spear","ascension_level":4}}