{"host":"yx5rao87132cy5xq","time":1611987619,"event":{"mods":["2.2 Compatiblity","AchievementEnabler","BaseMod","Bestiary","Colored Map","Colored Powertips","Minty Spire (QoL Compilation)","Quick Restart","Relic Stats","Slay-I","SuperFastMode"],"gold_per_floor":[114,132,147,161,236,236,256,285,365,396,396,20,40,96,96,173,173,187,201,201,214,214,214,241,241,265,294,294,319,319,90,90,90,90],"floor_reached":33,"language":"ENG","playtime":1545,"items_purged":["Perfected Strike"],"score":592,"play_id":"f4cbe7f8-a0b0-4a34-ad0d-99702890d4a2","local_time":"20210130072019","is_ascension_mode":true,"campfire_choices":[{"floor":6,"key":"REST"},{"data":"Whirlwind","floor":11,"key":"SMITH"},{"data":"Fiend Fire","floor":15,"key":"SMITH"},{"floor":23,"key":"REST"},{"floor":25,"key":"REST"},{"floor":30,"key":"REST"},{"floor":32,"key":"REST"}],"circlet_count":0,"master_deck":["AscendersBane","Strike_R","Strike_R+1","Strike_R","Strike_R+1","Strike_R","Defend_R","Defend_R","Defend_R","Defend_R","Bash","Iron Wave","Twin Strike","Whirlwind+1","Power Through","True Grit","Inflame","Power Through","Armaments","Fiend Fire+1","Juggernaut","Shrug It Off+1","RitualDagger","Flame Barrier","Evolve","Spot Weakness","Fire Breathing+1","Dark Embrace","Reaper+1"],"relics":["Burning Blood","Dream Catcher","Bag of Marbles","Singing Bowl","Incense Burner","Medical Kit","Lantern","MealTicket","Mark of Pain","Omamori","Bronze Scales","Molten Egg 2","Whetstone","Pen Nib"],"acts_visited":["Exordium","TheCity"],"potions_floor_usage":[14,18,24,27,27],"damage_taken":[{"damage":6,"enemies":"Cultist","floor":1,"turns":4},{"damage":14,"enemies":"Jaw Worm","floor":2,"turns":5},{"damage":11,"enemies":"2 Louse","floor":3,"turns":3},{"damage":2,"enemies":"Looter","floor":4,"turns":3},{"damage":3,"enemies":"Blue Slaver","floor":7,"turns":3},{"damage":15,"enemies":"Gremlin Nob","floor":8,"turns":5},{"damage":13,"enemies":"Lagavulin","floor":10,"turns":5},{"damage":0,"enemies":"2 Fungi Beasts","floor":13,"turns":1},{"damage":12,"enemies":"Lagavulin Event","floor":14,"turns":5},{"damage":12,"enemies":"Slime Boss","floor":16,"turns":7},{"damage":0,"enemies":"2 Thieves","floor":18,"turns":1},{"damage":14,"enemies":"Shell Parasite","floor":19,"turns":2},{"damage":18,"enemies":"Snecko","floor":21,"turns":5},{"damage":75,"enemies":"Book of Stabbing","floor":24,"turns":8},{"damage":35,"enemies":"Slavers","floor":27,"turns":5},{"damage":0,"enemies":"Gremlin Leader","floor":29,"turns":7},{"damage":93,"enemies":"Champ","floor":33,"turns":15}],"seed_played":"104222562145575098","potions_obtained":[{"floor":3,"key":"SteroidPotion"},{"floor":7,"key":"HeartOfIron"},{"floor":16,"key":"Fruit Juice"},{"floor":18,"key":"Weak Potion"},{"floor":24,"key":"BloodPotion"}],"is_trial":false,"path_per_floor":["M","M","M","M","?","R","M","E","T","E","R","$","M","?","R","B",null,"M","M","?","M","?","R","E","R","T","E","?","E","R","$","R","B"],"character_chosen":"IRONCLAD","items_purchased":["Power Through","Medical Kit","Lantern","Pen Nib"],"campfire_rested":5,"item_purchase_floors":[12,12,12,31],"current_hp_per_floor":[68,60,55,59,48,70,73,64,64,59,59,59,65,59,59,53,71,84,76,70,58,58,83,14,39,39,28,28,34,61,76,90,0,0],"gold":90,"neow_bonus":"RANDOM_COMMON_RELIC","is_daily":false,"chose_seed":false,"campfire_upgraded":2,"win_rate":0.0,"timestamp":1611987619,"path_taken":["M","M","?","M","?","R","M","E","T","E","R","$","M","?","R","BOSS","M","M","?","M","?","R","E","R","T","E","?","E","R","$","R","BOSS"],"items_purchased_type":["Card","Relic","Relic","Relic"],"build_version":"2020-12-22","purchased_purges":1,"victory":false,"max_hp_per_floor":[75,75,75,75,75,75,75,75,75,77,77,77,77,77,77,77,77,84,84,84,84,84,84,84,84,84,86,86,86,88,88,90,90,90],"relic_stats":{"Dream Catcher":5,"Singing Bowl":10,"counters":[17,84],"Bronze Scales":[81],"MealTicket":15,"Pen Nib":[1],"Whetstone":["Strike_R","Strike_R"],"Medical Kit":[31],"obtain_stats":[{"Lantern":12,"Singing Bowl":9,"Pen Nib":31,"Incense Burner":10,"Omamori":24,"Whetstone":29,"Medical Kit":12,"Burning Blood":0,"Dream Catcher":0,"Bronze Scales":26,"MealTicket":14,"Molten Egg 2":27,"Mark of Pain":17,"Bag of Marbles":8},{"Lantern":7,"Singing Bowl":6,"Pen Nib":16,"Incense Burner":7,"Omamori":14,"Whetstone":16,"Medical Kit":7,"Burning Blood":0,"Dream Catcher":0,"Bronze Scales":14,"MealTicket":9,"Molten Egg 2":15,"Mark of Pain":10,"Bag of Marbles":6},{"Lantern":28,"Singing Bowl":23,"Pen Nib":69,"Incense Burner":28,"Omamori":57,"Whetstone":69,"Medical Kit":28,"Burning Blood":0,"Dream Catcher":0,"Bronze Scales":57,"MealTicket":34,"Molten Egg 2":62,"Mark of Pain":41,"Bag of Marbles":23}],"Burning Blood":96},"card_choices":[{"not_picked":["Twin Strike","Infernal Blade"],"picked":"Iron Wave","floor":1},{"not_picked":["Anger","Burning Pact"],"picked":"Twin Strike","floor":2},{"not_picked":["Pommel Strike","Dark Embrace"],"picked":"Perfected Strike","floor":3},{"not_picked":["Impervious","Sword Boomerang"],"picked":"Whirlwind","floor":4},{"not_picked":["Headbutt","Flex"],"picked":"Power Through","floor":6},{"not_picked":["Inflame","Hemokinesis"],"picked":"True Grit","floor":7},{"not_picked":["Clash","Blood for Blood"],"picked":"Inflame","floor":8},{"not_picked":["Searing Blow","Cleave","Clash"],"picked":"Singing Bowl","floor":10},{"not_picked":["Sword Boomerang","Perfected Strike"],"picked":"Armaments","floor":13},{"not_picked":["Cleave","Flex"],"picked":"Fiend Fire","floor":14},{"not_picked":["Bludgeon","Reaper"],"picked":"Juggernaut","floor":16},{"not_picked":["Combust","Armaments","Havoc"],"picked":"Singing Bowl","floor":18},{"not_picked":["Thunderclap+1","Sentinel"],"picked":"Shrug It Off+1","floor":19},{"not_picked":["Cleave+1","Iron Wave"],"picked":"Flame Barrier","floor":21},{"not_picked":["Body Slam","Clothesline"],"picked":"Spot Weakness","floor":23},{"not_picked":["Headbutt","Intimidate"],"picked":"Fire Breathing+1","floor":24},{"not_picked":["Flex","Evolve"],"picked":"Dark Embrace","floor":25},{"not_picked":["Perfected Strike+1","Pommel Strike+1","Evolve"],"picked":"Singing Bowl","floor":27},{"not_picked":["Clash+1","Flex"],"picked":"Reaper+1","floor":29},{"not_picked":["Clothesline+1","Clash+1","Iron Wave+1"],"picked":"Singing Bowl","floor":30},{"not_picked":["Twin Strike+1","Infernal Blade","Clothesline+1"],"picked":"Singing Bowl","floor":32}],"player_experience":908628,"relics_obtained":[{"floor":8,"key":"Bag of Marbles"},{"floor":9,"key":"Singing Bowl"},{"floor":10,"key":"Incense Burner"},{"floor":14,"key":"MealTicket"},{"floor":24,"key":"Omamori"},{"floor":26,"key":"Bronze Scales"},{"floor":27,"key":"Molten Egg 2"},{"floor":29,"key":"Whetstone"}],"event_choices":[{"damage_healed":0,"gold_gain":75,"player_choice":"Gather Gold","damage_taken":11,"max_hp_gain":0,"max_hp_loss":0,"event_name":"World of Goop","floor":5,"gold_loss":0},{"damage_healed":0,"gold_gain":0,"player_choice":"Searched \u00271\u0027 times","damage_taken":0,"max_hp_gain":0,"max_hp_loss":0,"event_name":"Dead Adventurer","floor":14,"gold_loss":0},{"damage_healed":0,"gold_gain":0,"player_choice":"Joined the Cult","damage_taken":6,"max_hp_gain":0,"max_hp_loss":0,"event_name":"Nest","floor":20,"gold_loss":0,"cards_obtained":["RitualDagger"]},{"damage_healed":0,"gold_gain":0,"player_choice":"Read","damage_taken":0,"max_hp_gain":0,"max_hp_loss":0,"event_name":"The Library","floor":22,"gold_loss":0,"cards_obtained":["Evolve"]},{"damage_healed":0,"gold_gain":0,"player_choice":"Ignored","damage_taken":0,"max_hp_gain":0,"max_hp_loss":0,"event_name":"N\u0027loth","floor":28,"gold_loss":0}],"is_beta":false,"boss_relics":[{"not_picked":["Philosopher\u0027s Stone","Runic Pyramid"],"picked":"Mark of Pain"}],"items_purged_floors":[31],"is_endless":false,"potions_floor_spawned":[3,7,8,13,16,18,19,24],"killed_by":"Champ","ascension_level":15}}