{"host":"bgyhjzqafgkxdxsh","time":1611972099,"event":{"mods":["BaseMod","Colored Map","Downfall","Minty Spire (QoL Compilation)","Relic Stats","StSLib","everything is the same but u backflip on backflip"],"gold_per_floor":[99,119,269,281,296,331,356,375,375,407,307,319,51,62,78,78,78,78],"floor_reached":16,"language":"ENG","playtime":1680,"items_purged":["downfall:Icky"],"score":114,"play_id":"9df97e59-a2c5-4867-a78f-cb8c7327150c","local_time":"20210130120139","is_ascension_mode":false,"campfire_choices":[{"data":"Guardian:TwinSlam","floor":1,"key":"SMITH"},{"floor":11,"key":"RECALL"}],"circlet_count":0,"master_deck":["Guardian:Strike_Guardian","Guardian:Strike_Guardian","Guardian:Strike_Guardian","Guardian:Strike_Guardian","Guardian:Defend_Guardian","Guardian:Defend_Guardian","Guardian:Defend_Guardian","Guardian:Defend_Guardian+1","Guardian:CurlUp+1","Guardian:TwinSlam+1","Guardian:PrismaticBeam","Guardian:SentryBeam","Guardian:VentSteam","Guardian:SpikerProtocol","Guardian:PolyBeam","Guardian:Gem_Blue","Guardian:Gem_Lightblue","Guardian:CrystalBeam"],"relics":["Guardian:ModeShifter","War Paint","Pen Nib","Omamori","downfall:HeartBlessingGreen","Centennial Puzzle"],"acts_visited":["Exordium"],"potions_floor_usage":[15,16],"damage_taken":[{"damage":6,"enemies":"2 Louse","floor":2,"turns":4},{"damage":1,"enemies":"Cultist","floor":4,"turns":6},{"damage":1,"enemies":"Jaw Worm","floor":5,"turns":4},{"damage":26,"enemies":"Lagavulin","floor":6,"turns":7},{"damage":1,"enemies":"2 Fungi Beasts","floor":8,"turns":4},{"damage":12,"enemies":"3 Sentries","floor":10,"turns":8},{"damage":4,"enemies":"Exordium Wildlife","floor":12,"turns":6},{"damage":10,"enemies":"downfall:FleeingMerchant","floor":13,"turns":4},{"damage":1,"enemies":"2 Fungi Beasts","floor":14,"turns":3},{"damage":10,"enemies":"Exordium Wildlife","floor":15,"turns":4},{"damage":49,"enemies":"WA_ARCHETYPE_RETAIN","floor":16,"turns":7}],"seed_played":"4226273701224654306","potions_obtained":[{"floor":2,"key":"Strength Potion"},{"floor":8,"key":"FairyPotion"},{"floor":14,"key":"SkillPotion"},{"floor":15,"key":"SmokeBomb"}],"is_trial":false,"path_per_floor":["R","M","?","M","M","E","T","M","?","E","R","M","$","M","M","B"],"character_chosen":"GUARDIAN","items_purchased":["Centennial Puzzle","Guardian:Gem_Lightblue"],"campfire_rested":0,"item_purchase_floors":[13,13],"current_hp_per_floor":[88,82,82,81,80,54,54,53,53,41,41,37,27,26,16,0,0,0],"gold":78,"neow_bonus":"TEN_PERCENT_HP_BONUS","is_daily":false,"chose_seed":false,"campfire_upgraded":1,"win_rate":0.0,"timestamp":1611972099,"path_taken":["R","M","?","M","M","E","T","M","?","E","R","M","$","?","M","BOSS"],"items_purchased_type":["Relic","Card"],"build_version":"2020-12-22","purchased_purges":1,"victory":false,"max_hp_per_floor":[88,88,88,88,88,88,88,88,88,88,88,88,88,88,88,88,88,88],"relic_stats":{"Centennial Puzzle":[9],"counters":[11,57],"Pen Nib":[7],"War Paint":["Guardian:CurlUp","Guardian:Defend_Guardian"],"obtain_stats":[{"Centennial Puzzle":13,"Guardian:ModeShifter":0,"downfall:HeartBlessingGreen":11,"Pen Nib":7,"Omamori":10,"War Paint":6},{"Centennial Puzzle":8,"Guardian:ModeShifter":0,"downfall:HeartBlessingGreen":6,"Pen Nib":4,"Omamori":6,"War Paint":4},{"Centennial Puzzle":43,"Guardian:ModeShifter":0,"downfall:HeartBlessingGreen":33,"Pen Nib":21,"Omamori":33,"War Paint":21}]},"card_choices":[{"not_picked":["Guardian:GuardianWhirl","Guardian:MultiBeam"],"picked":"Guardian:PrismaticBeam","floor":2},{"not_picked":["Guardian:Gem_Lightblue","Guardian:WalkerClaw"],"picked":"Guardian:SentryBeam","floor":4},{"not_picked":["Guardian:RollAttack","Guardian:MultiBeam"],"picked":"Guardian:VentSteam","floor":5},{"not_picked":["Guardian:VentSteam","Guardian:Emergency","Guardian:PrismaticBeam"],"picked":"SKIP","floor":6},{"not_picked":["Guardian:MultiBeam","Guardian:TemporalShield"],"picked":"Guardian:SpikerProtocol","floor":8},{"not_picked":["Guardian:BaubleBeam","Guardian:RollAttack"],"picked":"Guardian:Gem_Lightblue","floor":10},{"not_picked":["Guardian:SentryBeam","Guardian:GuardianWhirl"],"picked":"Guardian:PolyBeam","floor":12},{"not_picked":["Guardian:Clone","Guardian:Gem_Lightblue"],"picked":"Guardian:Gem_Blue","floor":13},{"not_picked":["Guardian:Planning","Guardian:WalkerClaw","Guardian:PrismaticBarrier"],"picked":"SKIP","floor":14},{"not_picked":["Guardian:TemporalStrike","Guardian:PolyBeam"],"picked":"Guardian:CrystalBeam","floor":15}],"player_experience":466609,"relics_obtained":[{"floor":6,"key":"War Paint"},{"floor":7,"key":"Pen Nib"},{"floor":10,"key":"Omamori"}],"event_choices":[{"damage_healed":0,"gold_gain":0,"player_choice":"Ignored","damage_taken":0,"max_hp_gain":0,"max_hp_loss":0,"event_name":"NoteForYourself","floor":9,"gold_loss":0}],"is_beta":false,"boss_relics":[],"items_purged_floors":[13],"is_endless":false,"potions_floor_spawned":[2,8,14,15],"killed_by":"WA_ARCHETYPE_RETAIN","ascension_level":0}}