{"host":"hixkpep13ay54y5b","time":1611967003,"event":{"mods":["AchievementEnabler","BaseMod","BetterRewards","Card Forge","Colored Map","Hubris","Infinite Spire","Minty Spire (QoL Compilation)","Quick Restart","Replay The Spire","Shop Mod","StSLib","SuperFastMode"],"gold_per_floor":[119,131,131,147,160,193,193,193,218,218,70,80,80,115,115,212,212,225,225,235,235,252,286,275,302,326,341,372,372,372,392,392,520,520,570,620,620,673,736,736,809,878,878,968,968,1057,1057,1140,1140,1318,1318,1402,1484,1574,1672,1593,1593,1702,1809,1809,1809,1935,1685,1794,1910,1910,2094,2194,2332,2475,2622,2793,2793,2969,2969,3156,3179,3375,3295,3517,3517,3734,3734,4071,4071,4322,4588,4877,5172,5502,5843,6214,6214,6240,6240,6614,6154,6154,6535,6601,7082,7082,7533,7533,8016,8016,8534,9097,9677,10280,10305,10305,10330,10330,10993,11723,11723,12551,12551,13362,14223,14223,15132,14977,14977,15939,15939,15939,16982,16982,16982,16982,18096,18096,19373,19373,20628,20628,21969,23442,24956,24956,26562,28285,28285,30116,30116,32070,31922,33989,33989,36255,36255,38605,41257,40953,43618,46454,49481,52692,52719,52719,56156,59811,63712,63712,67870,67870,72340,72340,77036,82041,87357,93027,99069,105525,112378,112378,112431,112431,119758,119507,119507,127275,127343,135683,135683,144497,153894,163904,174545,174545,185888,185888,197975,197975,210843,210943,210790,224497,239099,239099,254516,254516,254516,254516,254516,254516],"floor_reached":207,"language":"ENG","playtime":11321,"items_purged":[],"score":4530,"play_id":"4a1a2cfd-19b8-4a85-ba16-a92e56e276f7","local_time":"20210129193643","is_ascension_mode":false,"campfire_choices":[{"floor":7.0,"key":"REST"},{"floor":13.0,"key":"REST"},{"floor":15.0,"key":"REST"},{"data":"Enlightenment","floor":32.0,"key":"SMITH"},{"floor":40.0,"key":"REST"},{"floor":49.0,"key":"REST"},{"floor":57.0,"key":"REST"},{"floor":61.0,"key":"REST"},{"floor":66.0,"key":"REST"},{"floor":75.0,"key":"RECALL"},{"floor":83.0,"key":"DIG"},{"floor":95.0,"key":"REST"},{"floor":98.0,"key":"REST"},{"floor":117.0,"key":"REST"},{"floor":125.0,"key":"REST"},{"floor":131.0,"key":"REST"},{"floor":134.0,"key":"REST"},{"floor":142.0,"key":"REST"},{"floor":151.0,"key":"REST"},{"floor":166.0,"key":"REST"},{"floor":168.0,"key":"REST"},{"floor":180.0,"key":"REST"},{"floor":183.0,"key":"REST"},{"floor":194.0,"key":"REST"},{"floor":202.0,"key":"REST"},{"floor":205.0,"key":"REST"}],"circlet_count":1,"master_deck":["Blizzard+1","Buffer+1","Capacitor+1","Cold Snap+1","Chill+1","Defragment+1","Echo Form+1","Glacier+1","Genetic Algorithm+1","Redo+1","Defragment+1","Echo Form+1"],"relics":["Hammer of Thor","Seething Fire","Anvil of the Gods","NeowsBlessing","Omamori","infinitespire:Freezer","Inserter","MutagenicStrength","hubris:BottledHeart","ReplayTheSpireMod:Shallot","MerchantsRug","Snack Pack","hubris:ToyBattleship","HornCleat","hubris:TerracottaHorce","ReplayTheSpireMod:ShopPack","infinitespire:EvilPickle","hubris:Stopwatch","Shuriken","infinitespire:SolderingIron","Turnip","ReplayTheSpireMod:Lightbulb","hubris:ScarierMask","ReplayTheSpireMod:ShopPack","Nuclear Battery","Replay:Wax Seal","Oddly Smooth Stone","Akabeko","Gremlin Horn","hubris:CrystalStatue","Boot","Replay:Wanted Poster","Raider\u0027s Mask","Lantern","DataDisk","Tiny Chest","Quantum Egg","hubris:HollowSoul","hubris:DeckOfHolding","Whetstone","Dream Catcher","Lizard Tail","Juzu Bracelet","hubris:Backtick","Calipers","Smiling Mask","infinitespire:WardingShard","Ancient Tea Set","Pen Nib","Blue Doll","infinitespire:FocusingShard","hubris:CuriousFeather","Busted Crown","hubris:SlimyHat","hubris:MobiusCoin","Art of War","Pocketwatch","Circlet","Replay:Kaleidoscope","Tiny House","Onion Ring","Replay:Antivirus Software","Strange Spoon","infinitespire:Joker Card","Bag of Preparation","Replay:Bandana","Cables","hubris:FunFungus","infinitespire:Lucky Rock","Potion Belt","Ginger","Pear","Iron Hammer","Replay:Rubber Ducky","Replay:Bottled Steam","hubris:TenFootPole"],"acts_visited":["Exordium","TheCity","TheBeyond","Exordium","TheCity","TheBeyond","Exordium","TheCity","TheBeyond","TheBeyond","Exordium","TheCity","TheBeyond","TheEnding"],"potions_floor_usage":[],"damage_taken":[{"damage":0.0,"enemies":"2 Louse","floor":1.0,"turns":1.0},{"damage":0.0,"enemies":"Jaw Worm","floor":2.0,"turns":1.0},{"damage":0.0,"enemies":"Small Slimes","floor":4.0,"turns":1.0},{"damage":4.0,"enemies":"3 Louse","floor":5.0,"turns":6.0},{"damage":4.0,"enemies":"Gremlin Nob","floor":6.0,"turns":6.0},{"damage":0.0,"enemies":"Looter","floor":12.0,"turns":4.0},{"damage":0.0,"enemies":"Lagavulin","floor":14.0,"turns":5.0},{"damage":5.0,"enemies":"Slime Boss","floor":16.0,"turns":8.0},{"damage":15.0,"enemies":"3 Byrds","floor":18.0,"turns":4.0},{"damage":8.0,"enemies":"Shell Parasite","floor":20.0,"turns":7.0},{"damage":0.0,"enemies":"Centurion and Healer","floor":22.0,"turns":6.0},{"damage":0.0,"enemies":"Nightmare","floor":23.0,"turns":7.0},{"damage":0.0,"enemies":"Replay:Snechameleon","floor":25.0,"turns":6.0},{"damage":0.0,"enemies":"Chosen and Byrds","floor":27.0,"turns":9.0},{"damage":0.0,"enemies":"Gremlin Leader","floor":28.0,"turns":6.0},{"damage":0.0,"enemies":"3 Cultists","floor":31.0,"turns":5.0},{"damage":0.0,"enemies":"Pondfish","floor":33.0,"turns":8.0},{"damage":0.0,"enemies":"Orb Walker","floor":35.0,"turns":7.0},{"damage":0.0,"enemies":"3 Darklings","floor":36.0,"turns":4.0},{"damage":0.0,"enemies":"Maw","floor":38.0,"turns":7.0},{"damage":0.0,"enemies":"4 Shapes","floor":39.0,"turns":7.0},{"damage":0.0,"enemies":"Nemesis","floor":41.0,"turns":15.0},{"damage":0.0,"enemies":"Sphere and 2 Shapes","floor":42.0,"turns":12.0},{"damage":0.0,"enemies":"Nightmare","floor":44.0,"turns":10.0},{"damage":0.0,"enemies":"Giant Head","floor":46.0,"turns":8.0},{"damage":0.0,"enemies":"Jaw Worm Horde","floor":48.0,"turns":5.0},{"damage":0.0,"enemies":"Awakened One","floor":50.0,"turns":8.0},{"damage":0.0,"enemies":"Small Slimes","floor":52.0,"turns":4.0},{"damage":0.0,"enemies":"Cultist","floor":53.0,"turns":5.0},{"damage":0.0,"enemies":"2 Louse","floor":54.0,"turns":4.0},{"damage":0.0,"enemies":"Red Slaver","floor":55.0,"turns":4.0},{"damage":0.0,"enemies":"3 Sentries","floor":58.0,"turns":4.0},{"damage":0.0,"enemies":"Looter","floor":59.0,"turns":4.0},{"damage":0.0,"enemies":"Gremlin Nob","floor":62.0,"turns":4.0},{"damage":0.0,"enemies":"Lagavulin","floor":64.0,"turns":7.0},{"damage":0.0,"enemies":"2 Fungi Beasts","floor":65.0,"turns":3.0},{"damage":0.0,"enemies":"Fading Forest","floor":67.0,"turns":6.0},{"damage":0.0,"enemies":"2 Thieves","floor":69.0,"turns":4.0},{"damage":0.0,"enemies":"Shell Parasite","floor":70.0,"turns":4.0},{"damage":0.0,"enemies":"Shelled Parasite and Fungi","floor":71.0,"turns":5.0},{"damage":0.0,"enemies":"Sentry and Sphere","floor":72.0,"turns":3.0},{"damage":0.0,"enemies":"Book of Stabbing","floor":74.0,"turns":5.0},{"damage":0.0,"enemies":"Snecko","floor":76.0,"turns":5.0},{"damage":0.0,"enemies":"Chosen and Byrds","floor":78.0,"turns":6.0},{"damage":0.0,"enemies":"Slavers","floor":80.0,"turns":5.0},{"damage":0.0,"enemies":"Centurion and Healer","floor":82.0,"turns":5.0},{"damage":0.0,"enemies":"Automaton","floor":84.0,"turns":1.0},{"damage":0.0,"enemies":"3 Shapes","floor":86.0,"turns":4.0},{"damage":0.0,"enemies":"Orb Walker","floor":87.0,"turns":7.0},{"damage":0.0,"enemies":"Transient","floor":88.0,"turns":5.0},{"damage":0.0,"enemies":"Maw","floor":89.0,"turns":7.0},{"damage":0.0,"enemies":"Jaw Worm Horde","floor":90.0,"turns":4.0},{"damage":0.0,"enemies":"R_Hoarder","floor":91.0,"turns":7.0},{"damage":0.0,"enemies":"3 Darklings","floor":92.0,"turns":5.0},{"damage":0.0,"enemies":"Nemesis","floor":96.0,"turns":12.0},{"damage":0.0,"enemies":"Writhing Mass","floor":99.0,"turns":5.0},{"damage":0.0,"enemies":"Donu and Deca","floor":101.0,"turns":6.0},{"damage":0.0,"enemies":"Jaw Worm","floor":103.0,"turns":4.0},{"damage":0.0,"enemies":"Cultist","floor":105.0,"turns":4.0},{"damage":0.0,"enemies":"2 Louse","floor":107.0,"turns":3.0},{"damage":0.0,"enemies":"3 Sentries","floor":108.0,"turns":4.0},{"damage":0.0,"enemies":"Large Slime","floor":109.0,"turns":5.0},{"damage":0.0,"enemies":"Nightmare_Alpha","floor":110.0,"turns":9.0},{"damage":0.0,"enemies":"Lagavulin Event","floor":113.0,"turns":5.0},{"damage":0.0,"enemies":"Blue Slaver","floor":115.0,"turns":4.0},{"damage":0.0,"enemies":"3 Sentries","floor":116.0,"turns":4.0},{"damage":0.0,"enemies":"Hexaghost","floor":118.0,"turns":6.0},{"damage":0.0,"enemies":"2 Thieves","floor":120.0,"turns":4.0},{"damage":0.0,"enemies":"3 Byrds","floor":121.0,"turns":3.0},{"damage":0.0,"enemies":"Snecko","floor":123.0,"turns":5.0},{"damage":0.0,"enemies":"Centurion and Healer","floor":126.0,"turns":3.0},{"damage":0.0,"enemies":"Slavers","floor":129.0,"turns":5.0},{"damage":0.0,"enemies":"Gremlin Leader","floor":133.0,"turns":4.0},{"damage":0.0,"enemies":"Automaton","floor":135.0,"turns":2.0},{"damage":0.0,"enemies":"3 Darklings","floor":137.0,"turns":4.0},{"damage":0.0,"enemies":"3 Shapes","floor":139.0,"turns":3.0},{"damage":3.0,"enemies":"Jaw Worm Horde","floor":140.0,"turns":4.0},{"damage":0.0,"enemies":"Sphere and 2 Shapes","floor":141.0,"turns":4.0},{"damage":0.0,"enemies":"Spire Growth","floor":143.0,"turns":6.0},{"damage":0.0,"enemies":"R_Hoarder","floor":144.0,"turns":7.0},{"damage":0.0,"enemies":"Jaw Worm Horde","floor":146.0,"turns":3.0},{"damage":0.0,"enemies":"Sphere and 2 Shapes","floor":148.0,"turns":4.0},{"damage":0.0,"enemies":"4 Shapes","floor":150.0,"turns":4.0},{"damage":0.0,"enemies":"Time Eater","floor":152.0,"turns":9.0},{"damage":0.0,"enemies":"Cultist","floor":154.0,"turns":4.0},{"damage":0.0,"enemies":"Small Slimes","floor":155.0,"turns":3.0},{"damage":0.0,"enemies":"2 Louse","floor":157.0,"turns":4.0},{"damage":0.0,"enemies":"Exordium Wildlife","floor":158.0,"turns":3.0},{"damage":0.0,"enemies":"Gremlin Gang","floor":159.0,"turns":2.0},{"damage":0.0,"enemies":"Gremlin Nob","floor":160.0,"turns":5.0},{"damage":0.0,"enemies":"3 Sentries","floor":163.0,"turns":4.0},{"damage":0.0,"enemies":"Large Slime","floor":164.0,"turns":3.0},{"damage":0.0,"enemies":"Lots of Slimes","floor":165.0,"turns":2.0},{"damage":0.0,"enemies":"3 Louse","floor":167.0,"turns":2.0},{"damage":0.0,"enemies":"Hexaghost","floor":169.0,"turns":6.0},{"damage":0.0,"enemies":"Spheric Guardian","floor":171.0,"turns":4.0},{"damage":0.0,"enemies":"2 Thieves","floor":172.0,"turns":3.0},{"damage":0.0,"enemies":"Shelled Parasite and Fungi","floor":173.0,"turns":4.0},{"damage":0.0,"enemies":"Centurion and Healer","floor":174.0,"turns":4.0},{"damage":0.0,"enemies":"Snecko","floor":175.0,"turns":4.0},{"damage":0.0,"enemies":"Slavers","floor":176.0,"turns":4.0},{"damage":0.0,"enemies":"Shelled Parasite and Fungi","floor":177.0,"turns":3.0},{"damage":0.0,"enemies":"Gremlin Leader","floor":181.0,"turns":5.0},{"damage":0.0,"enemies":"Cultist and Chosen","floor":184.0,"turns":4.0},{"damage":0.0,"enemies":"Champ","floor":186.0,"turns":6.0},{"damage":0.0,"enemies":"3 Darklings","floor":188.0,"turns":4.0},{"damage":0.0,"enemies":"3 Shapes","floor":189.0,"turns":3.0},{"damage":0.0,"enemies":"Jaw Worm Horde","floor":190.0,"turns":3.0},{"damage":0.0,"enemies":"Spire Growth","floor":191.0,"turns":5.0},{"damage":0.0,"enemies":"R_Hoarder","floor":193.0,"turns":5.0},{"damage":0.0,"enemies":"Reptomancer","floor":195.0,"turns":5.0},{"damage":0.0,"enemies":"Writhing Mass","floor":197.0,"turns":4.0},{"damage":0.0,"enemies":"4 Shapes","floor":200.0,"turns":3.0},{"damage":0.0,"enemies":"3 Darklings","floor":201.0,"turns":4.0},{"damage":0.0,"enemies":"infinitespire:LordOfFortification","floor":203.0,"turns":45.0},{"damage":0,"enemies":"Shield and Spear","floor":207,"turns":1}],"seed_played":"-304614377948754054","potions_obtained":[{"floor":1.0,"key":"FearPotion"},{"floor":2.0,"key":"Block Potion"},{"floor":6.0,"key":"Dexterity Potion"},{"floor":36.0,"key":"SpeedPotion"},{"floor":50.0,"key":"LiquidMemories"},{"floor":89.0,"key":"Energy Potion"},{"floor":91.0,"key":"CultistPotion"},{"floor":99.0,"key":"DistilledChaos"},{"floor":101.0,"key":"SkillPotion"},{"floor":159.0,"key":"FocusPotion"},{"floor":190.0,"key":"FocusPotion"},{"floor":191.0,"key":"PotionOfCapacity"}],"is_trial":false,"path_per_floor":["M","M","$","M","M","E","R","?","T","?","$","M","R","E","R","B",null,"M","?","M","?","M","NM","$","E","T","M","E","AVR","?","M","R","B",null,"M","M","$","M","M","R","E","M","T","NM","?","E","AVR","M","R","B",null,"M","M","M","M","$","R","E","M","T","R","E","$","E","M","R","B",null,"M","M","M","M","AVR","E","R","M","T","M","$","E","$","M","R_BF","B",null,"M","M","M","M","M","E","M","$","T","R","E","$","R","M","R_BF","B",null,"M","T","M","?","M","E","M","NM","T","$","?","T","M","E","R","B",null,"M","M","$","M","$","R","M","?","T","E","AVR","R","?","E","R","B",null,"M","$","M","M","M","R","M","E","T","M","?","M","$","M","R","B",null,"M","M","$","M","M","M","E","T","T","E","M","M","R","M","R","B",null,"M","M","M","M","M","E","M","$","T","R","E","$","R","M","R_BF","B",null,"M","M","M","M","$","E","R","E","T","M","?","$","M","M","R_BF","B",null,"R","$","E"],"character_chosen":"DEFECT","items_purchased":["infinitespire:Freezer","MerchantsRug","Replay:Wax Seal","hubris:CrystalStatue","Flashbang","Lizard Tail","Juzu Bracelet","hubris:SlimyHat","Strange Spoon","infinitespire:Joker Card","Pear","hubris:TenFootPole"],"campfire_rested":23,"item_purchase_floors":[11,24,56,63,79,97,97,124,149,156,182,199],"current_hp_per_floor":[75,75,75,75,71,67,75,75,75,75,75,75,75,75,75,70,75,60,60,52,1,1,1,1,1,1,1,1,1,1,1,1,1,1,1,1,1,1,1,1,1,1,1,1,1,1,1,1,1,1,1,1,1,1,1,1,1,1,1,1,1,1,1,1,1,1,1,1,1,1,1,1,1,1,1,1,1,1,1,1,1,1,1,1,1,1,1,1,1,1,1,1,1,1,1,1,1,1,1,1,1,1,1,1,1,1,1,1,1,1,1,1,1,1,1,1,1,1,1,1,1,1,1,1,1,1,1,1,1,1,1,1,1,1,1,1,1,1,1,1,1,1,1,1,1,1,1,1,1,1,1,1,1,1,1,1,1,1,1,1,1,1,1,1,1,1,1,1,1,1,1,1,1,1,1,1,1,1,1,1,1,1,1,1,1,1,1,1,1,1,1,1,1,1,1,1,1,1,1,1,1,1,1,1,1,1,1,1],"gold":254516,"neow_bonus":"THREE_ENEMY_KILL","is_daily":false,"chose_seed":false,"campfire_upgraded":1,"win_rate":0.0,"timestamp":1611967003,"path_taken":["M","M","$","M","M","E","R","?","T","?","?","M","R","E","R","BOSS","M","?","M","?","M","NM","$","E","T","M","E","AVR","?","M","R","BOSS","M","M","$","M","M","R","E","M","T","NM","?","E","AVR","M","R","BOSS","M","M","M","M","$","R","E","M","T","R","E","$","E","M","R","BOSS","M","M","M","M","AVR","E","R","M","T","M","$","E","$","M","R_BF","BOSS","M","M","M","M","M","E","M","$","T","R","E","$","R","M","R_BF","BOSS","M","?","M","?","M","E","M","NM","T","$","?","?","M","E","R","BOSS","M","M","$","M","$","R","M","?","T","E","AVR","R","?","E","R","BOSS","M","$","M","M","M","R","M","E","T","M","?","M","$","M","R","BOSS","M","M","$","M","M","M","E","?","T","E","M","M","R","M","R","BOSS","M","M","M","M","M","E","M","$","T","R","E","$","R","M","R_BF","BOSS","M","M","M","M","$","E","R","E","T","M","?","$","M","M","R_BF","BOSS","R","$","E"],"items_purchased_type":["Relic","Relic","Relic","Relic","Potion","Relic","Relic","Relic","Relic","Relic","Relic","Relic"],"build_version":"2020-12-22","purchased_purges":0,"victory":false,"max_hp_per_floor":[75,75,75,75,75,75,75,75,75,75,75,75,75,75,75,75,75,75,75,75,1,1,1,1,1,1,1,1,1,1,1,1,1,1,1,1,1,1,1,1,1,1,1,1,1,1,1,1,1,1,1,1,1,1,1,1,1,1,1,1,1,1,1,1,1,1,1,1,1,1,1,1,1,1,1,1,1,1,1,1,1,1,1,1,1,1,1,1,1,1,1,1,1,1,1,1,1,1,1,1,1,1,1,1,1,1,1,1,1,1,1,1,1,1,1,1,1,1,1,1,1,1,1,1,1,1,1,1,1,1,1,1,1,1,1,1,1,1,1,1,1,1,1,1,1,1,1,1,1,1,1,1,1,1,1,1,1,1,1,1,1,1,1,1,1,1,1,1,1,1,1,1,1,1,1,1,1,1,1,1,1,1,1,1,1,1,1,1,1,1,1,1,1,1,1,1,1,1,1,1,1,1,1,1,1,1,1,1],"card_choices":[{"not_picked":["ReplayGash","BootSequence","Sunder"],"picked":"SKIP","floor":1.0},{"not_picked":["Compile Driver","Panic Button","Go for the Eyes"],"picked":"SKIP","floor":2.0},{"not_picked":["Streamline","BasicCrystalCard","Barrage"],"picked":"SKIP","floor":4.0},{"not_picked":["hubris:Ukulele","hubris:PowerSurge","Hologram"],"picked":"SKIP","floor":5.0},{"not_picked":["Panic Button","FIFO Queue","BasicCrystalCard"],"picked":"SKIP","floor":6.0},{"not_picked":["Cold Snap","BootSequence","Thunder Strike"],"picked":"SKIP","floor":12.0},{"not_picked":["Rebound","Stack","Hologram"],"picked":"SKIP","floor":14.0},{"not_picked":["Stack","Streamline+1","Barrage"],"picked":"SKIP","floor":18.0},{"not_picked":["Stack","Rebound","Steam"],"picked":"SKIP","floor":20.0},{"not_picked":["Gash","Ball Lightning","Stack"],"picked":"SKIP","floor":22.0},{"not_picked":["Gash","Leap","Force Field"],"picked":"SKIP","floor":23.0},{"not_picked":["Skim","ReplaySolidLightProjector","hubris:Ukulele"],"picked":"SKIP","floor":25.0},{"not_picked":["Darkness+1","Stack","Coolheaded"],"picked":"SKIP","floor":27.0},{"not_picked":["Reprogram","Coolheaded","Leap"],"picked":"SKIP","floor":28.0},{"not_picked":["hubris:EnhanceAbility","Dark Shackles"],"picked":"Enlightenment","floor":29.0},{"not_picked":["Redo","Go for the Eyes","Ball Lightning+1"],"picked":"SKIP","floor":31.0},{"not_picked":["Conserve Battery","Rebound","Ball Lightning"],"picked":"SKIP","floor":35.0},{"not_picked":["Sweeping Beam+1","Reinforced Body","Panic Button"],"picked":"SKIP","floor":36.0},{"not_picked":["Beam Cell","Leap+1","Static Discharge"],"picked":"SKIP","floor":38.0},{"not_picked":["hubris:Ukulele","FTL+1","Conserve Battery+1"],"picked":"SKIP","floor":39.0},{"not_picked":["Conserve Battery+1","Cold Snap+1","Redo+1"],"picked":"SKIP","floor":41.0},{"not_picked":["Aggregate+1","Storm","Stack"],"picked":"SKIP","floor":42.0},{"not_picked":["Cold Snap","Coolheaded","Turbo+1"],"picked":"SKIP","floor":44.0},{"not_picked":["Barrage","Lockon+1","Scrape"],"picked":"SKIP","floor":46.0},{"not_picked":["Coolheaded","Streamline","Crystallizer"],"picked":"SKIP","floor":48.0},{"not_picked":["Rebound","Coolheaded","Streamline"],"picked":"SKIP","floor":52.0},{"not_picked":["Coolheaded","Conserve Battery","FIFO Queue"],"picked":"SKIP","floor":53.0},{"not_picked":["Streamline","hubris:Ukulele","Sweeping Beam"],"picked":"SKIP","floor":54.0},{"not_picked":["Capacitor","BasicCrystalCard","Double Energy"],"picked":"SKIP","floor":55.0},{"not_picked":["Coolheaded","Go for the Eyes","hubris:SpecializedCircuitry"],"picked":"SKIP","floor":58.0},{"not_picked":["Cold Snap","Coolheaded","Barrage"],"picked":"SKIP","floor":59.0},{"not_picked":["White Noise","Ball Lightning","hubris:Prefetch"],"picked":"SKIP","floor":62.0},{"not_picked":["Time Bomb","Conserve Battery","Doom and Gloom"],"picked":"SKIP","floor":64.0},{"not_picked":["Steam","Hologram","Rebound"],"picked":"SKIP","floor":65.0},{"not_picked":["Streamline","Redo+1","Go for the Eyes"],"picked":"SKIP","floor":69.0},{"not_picked":["Coolheaded","Leap+1","ReplayTheSpireMod:Calculation Training+1"],"picked":"SKIP","floor":70.0},{"not_picked":["Stack","Beam Cell+1","Rebound+1"],"picked":"SKIP","floor":71.0},{"not_picked":["Steam","Force Field","Streamline"],"picked":"SKIP","floor":72.0},{"not_picked":["Echo Form","Beam Cell","ReplayTheSpireMod:GoodbyeWorld+1"],"picked":"SKIP","floor":74.0},{"not_picked":["Coolheaded+1","FIFO Queue","Static Discharge+1"],"picked":"SKIP","floor":76.0},{"not_picked":["Coolheaded+1","FIFO Queue","Static Discharge+1"],"picked":"SKIP","floor":76.0},{"not_picked":["Steam+1","Melter","Go for the Eyes"],"picked":"SKIP","floor":78.0},{"not_picked":["Reprogram+1","Consume","BasicCrystalCard"],"picked":"SKIP","floor":80.0},{"not_picked":["Scrape+1","Leap","Rebound"],"picked":"SKIP","floor":82.0},{"not_picked":["Coolheaded","Leap","Cold Snap"],"picked":"SKIP","floor":86.0},{"not_picked":["ReplayTheSpireMod:Repulse+1","ReplaySort","Force Field+1"],"picked":"SKIP","floor":87.0},{"not_picked":["Panic Button+1","Darkness","Consume+1"],"picked":"SKIP","floor":88.0},{"not_picked":["Beam Cell","Compile Driver","Steam"],"picked":"SKIP","floor":89.0},{"not_picked":["White Noise+1","Auto Shields","Reinforced Body"],"picked":"SKIP","floor":90.0},{"not_picked":["Rebound+1","Glacier+1","Ball Lightning+1"],"picked":"SKIP","floor":91.0},{"not_picked":["Auto Shields","Barrage+1","Double Energy"],"picked":"SKIP","floor":92.0},{"not_picked":["ReplaySort+1","Coolheaded","Doom and Gloom+1"],"picked":"SKIP","floor":96.0},{"not_picked":["Conserve Battery+1","Redo+1","Creative AI"],"picked":"SKIP","floor":99.0},{"not_picked":["Coolheaded","Self Repair","Hologram"],"picked":"SKIP","floor":103.0},{"not_picked":["BasicCrystalCard","Hologram","Sunder"],"picked":"SKIP","floor":105.0},{"not_picked":["Panic Button","Compile Driver","Barrage"],"picked":"SKIP","floor":107.0},{"not_picked":["White Noise","Compile Driver","Streamline"],"picked":"SKIP","floor":108.0},{"not_picked":["ReplayTheSpireMod:Omega Cannon","Steam","Doom and Gloom"],"picked":"SKIP","floor":109.0},{"not_picked":["ReplayTheSpireMod:Omega Cannon","Steam","Doom and Gloom"],"picked":"SKIP","floor":109.0},{"not_picked":["Hologram","Redo","Panic Button"],"picked":"SKIP","floor":110.0},{"not_picked":["Go for the Eyes","Gash","Hologram"],"picked":"SKIP","floor":115.0},{"not_picked":["Reinforced Body","Consume","BasicCrystalCard"],"picked":"SKIP","floor":116.0},{"not_picked":["Ball Lightning"],"picked":"SKIP","floor":120.0},{"not_picked":["Streamline"],"picked":"SKIP","floor":121.0},{"not_picked":["Stack"],"picked":"SKIP","floor":123.0},{"not_picked":["Stack"],"picked":"SKIP","floor":126.0},{"not_picked":["Streamline"],"picked":"SKIP","floor":129.0},{"not_picked":["ReplayTheSpireMod:GoodbyeWorld"],"picked":"SKIP","floor":133.0},{"not_picked":["Lockon"],"picked":"SKIP","floor":137.0},{"not_picked":["ReplaySolidLightProjector+1"],"picked":"SKIP","floor":139.0},{"not_picked":["Crystallizer"],"picked":"SKIP","floor":140.0},{"not_picked":["Streamline+1"],"picked":"SKIP","floor":141.0},{"not_picked":["BasicCrystalCard+1"],"picked":"SKIP","floor":143.0},{"not_picked":["Static Discharge"],"picked":"SKIP","floor":144.0},{"not_picked":["Coolheaded"],"picked":"SKIP","floor":146.0},{"not_picked":["Melter+1"],"picked":"SKIP","floor":148.0},{"not_picked":["Sweeping Beam"],"picked":"SKIP","floor":150.0},{"not_picked":["ReplayTheSpireMod:GoodbyeWorld"],"picked":"SKIP","floor":154.0},{"not_picked":["Compile Driver"],"picked":"SKIP","floor":155.0},{"not_picked":["Conserve Battery"],"picked":"SKIP","floor":157.0},{"not_picked":["Go for the Eyes"],"picked":"SKIP","floor":158.0},{"not_picked":["FTL"],"picked":"SKIP","floor":159.0},{"not_picked":["Heatsinks"],"picked":"SKIP","floor":160.0},{"not_picked":["ReplayTheSpireMod:GoodbyeWorld"],"picked":"SKIP","floor":163.0},{"not_picked":["Leap"],"picked":"SKIP","floor":164.0},{"not_picked":["Panic Button"],"picked":"SKIP","floor":165.0},{"not_picked":["Fusion"],"picked":"SKIP","floor":167.0},{"not_picked":["Stack+1"],"picked":"SKIP","floor":171.0},{"not_picked":["Lockon"],"picked":"SKIP","floor":172.0},{"not_picked":["Aggregate"],"picked":"SKIP","floor":173.0},{"not_picked":["Streamline"],"picked":"SKIP","floor":174.0},{"not_picked":["BasicCrystalCard"],"picked":"SKIP","floor":175.0},{"not_picked":["Reboot"],"picked":"SKIP","floor":176.0},{"not_picked":["Reprogram"],"picked":"SKIP","floor":177.0},{"not_picked":["Reinforced Body"],"picked":"SKIP","floor":181.0},{"not_picked":["Scrape"],"picked":"SKIP","floor":184.0},{"not_picked":["Blizzard"],"picked":"SKIP","floor":188.0},{"not_picked":["Go for the Eyes+1"],"picked":"SKIP","floor":189.0},{"not_picked":["Tempest"],"picked":"SKIP","floor":190.0},{"not_picked":["Hologram"],"picked":"SKIP","floor":191.0},{"not_picked":["Gash+1"],"picked":"SKIP","floor":193.0},{"not_picked":["Glacier"],"picked":"SKIP","floor":195.0},{"not_picked":["Crystallizer"],"picked":"SKIP","floor":197.0},{"not_picked":["Fusion+1"],"picked":"SKIP","floor":200.0},{"not_picked":["Turbo+1"],"picked":"SKIP","floor":201.0}],"player_experience":164551,"relics_obtained":[{"floor":6.0,"key":"Omamori"},{"floor":9.0,"key":"Vajra"},{"floor":14.0,"key":"Anchor"},{"floor":23.0,"key":"ReplayTheSpireMod:Shallot"},{"floor":25.0,"key":"Snack Pack"},{"floor":26.0,"key":"hubris:ToyBattleship"},{"floor":28.0,"key":"HornCleat"},{"floor":41.0,"key":"Shuriken"},{"floor":43.0,"key":"infinitespire:SolderingIron"},{"floor":44.0,"key":"Turnip"},{"floor":46.0,"key":"ReplayTheSpireMod:Lightbulb"},{"floor":58.0,"key":"Oddly Smooth Stone"},{"floor":60.0,"key":"Akabeko"},{"floor":62.0,"key":"Gremlin Horn"},{"floor":64.0,"key":"Boot"},{"floor":74.0,"key":"Lantern"},{"floor":77.0,"key":"DataDisk"},{"floor":80.0,"key":"Tiny Chest"},{"floor":83.0,"key":"Quantum Egg"},{"floor":91.0,"key":"hubris:DeckOfHolding"},{"floor":94.0,"key":"Whetstone"},{"floor":96.0,"key":"Dream Catcher"},{"floor":104.0,"key":"Smiling Mask"},{"floor":108.0,"key":"infinitespire:WardingShard"},{"floor":110.0,"key":"Ancient Tea Set"},{"floor":111.0,"key":"Pen Nib"},{"floor":114.0,"key":"infinitespire:FocusingShard"},{"floor":116.0,"key":"hubris:CuriousFeather"},{"floor":128.0,"key":"hubris:MobiusCoin"},{"floor":129.0,"key":"Art of War"},{"floor":133.0,"key":"Replay:Kaleidoscope"},{"floor":144.0,"key":"Onion Ring"},{"floor":145.0,"key":"Replay:Antivirus Software"},{"floor":160.0,"key":"Bag of Preparation"},{"floor":161.0,"key":"Replay:Bandana"},{"floor":162.0,"key":"Cables"},{"floor":163.0,"key":"hubris:FunFungus"},{"floor":176.0,"key":"infinitespire:Lucky Rock"},{"floor":179.0,"key":"Potion Belt"},{"floor":181.0,"key":"Ginger"},{"floor":193.0,"key":"Iron Hammer"},{"floor":195.0,"key":"Replay:Rubber Ducky"},{"floor":196.0,"key":"Replay:Bottled Steam"}],"event_choices":[{"damage_healed":0.0,"max_hp_gain":0.0,"max_hp_loss":0.0,"gold_gain":0.0,"event_name":"The Cleric","player_choice":"Leave","floor":10.0,"gold_loss":0.0,"damage_taken":0.0},{"damage_healed":0.0,"max_hp_gain":0.0,"max_hp_loss":0.0,"gold_gain":0.0,"event_name":"Drug Dealer","player_choice":"Inject Mutagens","floor":19.0,"gold_loss":0.0,"damage_taken":0.0,"relics_obtained":["MutagenicStrength"]},{"damage_healed":0.0,"max_hp_gain":0.0,"max_hp_loss":0.0,"gold_gain":0.0,"event_name":"Back to Basics","player_choice":"Simplicity","floor":30.0,"gold_loss":0.0,"damage_taken":0.0,"cards_upgraded":[]},{"cards_removed":["Enlightenment"],"damage_healed":0.0,"max_hp_gain":0.0,"max_hp_loss":0.0,"gold_gain":0.0,"event_name":"Bonfire Elementals","player_choice":"Offered Uncommon","floor":45.0,"gold_loss":0.0,"damage_taken":0.0},{"damage_healed":0.0,"max_hp_gain":0.0,"max_hp_loss":0.0,"gold_gain":0.0,"event_name":"Golden Wing","player_choice":"Ignored","floor":106.0,"gold_loss":0.0,"damage_taken":0.0},{"damage_healed":0.0,"max_hp_gain":0.0,"max_hp_loss":0.0,"gold_gain":0.0,"event_name":"Dead Adventurer","player_choice":"Searched \u00273\u0027 times","floor":113.0,"gold_loss":0.0,"damage_taken":0.0,"relics_obtained":["Blue Doll"]},{"damage_healed":0.0,"max_hp_gain":0.0,"max_hp_loss":0.0,"gold_gain":0.0,"event_name":"Match and Keep!","player_choice":"0 cards matched","floor":127.0,"gold_loss":0.0,"damage_taken":0.0,"cards_obtained":[]},{"damage_healed":0.0,"max_hp_gain":0.0,"max_hp_loss":0.0,"gold_gain":0.0,"event_name":"Drug Dealer","player_choice":"Inject Mutagens","floor":132.0,"gold_loss":0.0,"damage_taken":0.0,"relics_obtained":["Circlet"]},{"damage_healed":0.0,"max_hp_gain":0.0,"max_hp_loss":0.0,"gold_gain":0.0,"event_name":"Wheel of Change","player_choice":"Full Heal","floor":147.0,"gold_loss":0.0,"damage_taken":0.0},{"damage_healed":0.0,"max_hp_gain":0.0,"max_hp_loss":0.0,"gold_gain":100.0,"event_name":"Golden Shrine","player_choice":"Pray","floor":198.0,"gold_loss":0.0,"damage_taken":0.0}],"is_beta":false,"boss_relics":[{"not_picked":["SlaversCollar","hubris:BlackHole"],"picked":"Inserter"},{"not_picked":["Philosopher\u0027s Stone","Pandora\u0027s Box"],"picked":"hubris:Stopwatch"},{"not_picked":["ReplayTheSpireMod:DimensionalGlitch","hubris:RunicObelisk"],"picked":"Nuclear Battery"},{"not_picked":["Empty Cage","Fusion Hammer"],"picked":"Replay:Wanted Poster"},{"not_picked":["Replay:Grab Bag","ChewingGum"],"picked":"hubris:HollowSoul"},{"not_picked":["Philosopher\u0027s Stone","hubris:RunicObelisk"],"picked":"hubris:Backtick"},{"not_picked":["Kintsugi","hubris:RunicObelisk"],"picked":"Busted Crown"},{"not_picked":["Replay:Bronze Core","hubris:GrandSneckoEye"],"picked":"Tiny House"},{"not_picked":["Replay:Grab Bag","Fusion Hammer","Painkiller Herb"]},{"not_picked":["Calling Bell","Cursed Key","hubris:GrandSneckoEye"]},{"not_picked":["Astrolabe","Replay:Ancient Bell","Replay:Drink Me"]},{"not_picked":["Painkiller Herb","Honey Jar","Runic Dome"]}],"items_purged_floors":[],"is_endless":true,"potions_floor_spawned":[1,2,6,14,16,22,25,31,36,38,39,50,52,53,55,62,67,69,71,78,80,82,89,91,96,99,101,105,108,110,118,120,126,129,135,137,141,143,146,155,158,159,165,167,169,171,174,177,184,188,190,191],"killed_by":"Shield and Spear","ascension_level":0}}