{"host":"zsnmfqgcm92hlreo","time":1611990163,"event":{"mods":["AchievementEnabler","BaseMod","Bestiary","Block Reminder","Colored Powertips","Minty Spire (QoL Compilation)","Permanent Neow","Quick Restart","Relic Stats","Weighted Paths"],"gold_per_floor":[12,12,12,87,102,102,102],"floor_reached":6,"language":"ENG","playtime":209,"items_purged":[],"score":68,"play_id":"957a4fb1-8f91-44b2-afc3-67fff789db12","local_time":"20210130010243","is_ascension_mode":true,"campfire_choices":[],"circlet_count":0,"master_deck":["AscendersBane","Strike_G","Strike_G","Strike_G","Strike_G","Defend_G","Defend_G","Defend_G","Defend_G","Defend_G","Survivor","Neutralize","Terror","Cloak And Dagger"],"relics":["Ring of the Snake","Calipers"],"acts_visited":["Exordium"],"potions_floor_usage":[6,6,6],"damage_taken":[{"damage":6.0,"enemies":"Cultist","floor":1.0,"turns":5.0},{"damage":7.0,"enemies":"Small Slimes","floor":5.0,"turns":4.0},{"damage":36,"enemies":"3 Sentries","floor":6,"turns":6}],"seed_played":"-2596023062609349258","potions_obtained":[{"floor":1.0,"key":"PowerPotion"},{"floor":5.0,"key":"EntropicBrew"}],"is_trial":false,"path_per_floor":["M","$","?","?","M","E"],"character_chosen":"THE_SILENT","items_purchased":[],"campfire_rested":0,"item_purchase_floors":[],"current_hp_per_floor":[53,53,46,35,28,0,0],"gold":102,"neow_bonus":"ONE_RARE_RELIC","is_daily":false,"chose_seed":false,"campfire_upgraded":0,"win_rate":0.0,"timestamp":1611990163,"path_taken":["M","?","?","?","?","E"],"items_purchased_type":[],"build_version":"2020-12-22","purchased_purges":0,"victory":false,"max_hp_per_floor":[66,66,66,66,66,66,66],"relic_stats":{"counters":[3,15],"obtain_stats":[{"Calipers":0,"Ring of the Snake":0},{"Calipers":0,"Ring of the Snake":0},{"Calipers":0,"Ring of the Snake":0}],"Ring of the Snake":[6]},"card_choices":[{"not_picked":["Flying Knee","Acrobatics"],"picked":"Terror","floor":1.0},{"not_picked":["Deflect","Outmaneuver"],"picked":"Cloak And Dagger","floor":5.0}],"player_experience":957450,"relics_obtained":[],"event_choices":[{"cards_removed":["Strike_G"],"damage_healed":0.0,"max_hp_gain":0.0,"max_hp_loss":0.0,"gold_gain":0.0,"event_name":"Golden Wing","player_choice":"Card Removal","floor":3.0,"gold_loss":0.0,"damage_taken":7.0},{"damage_healed":0.0,"max_hp_gain":0.0,"max_hp_loss":0.0,"gold_gain":75.0,"event_name":"World of Goop","player_choice":"Gather Gold","floor":4.0,"gold_loss":0.0,"damage_taken":11.0}],"is_beta":false,"boss_relics":[],"items_purged_floors":[],"is_endless":false,"potions_floor_spawned":[1,5],"killed_by":"3 Sentries","ascension_level":20}}