{"host":"m5bsg12zcyqnofur","time":1611984545,"event":{"mods":["AchievementEnabler","BaseMod","BetterRewards","Colored Powertips","Hermit","Highlight Path","Minty Spire (QoL Compilation)","Quick Restart","Replay The Spire","Shop Mod","StSLib","The Bug Knight"],"gold_per_floor":[132,315,327,396,43,139,139,217,217,274,355,8,89,185,185,500,500,542,33,63,108,141,141,56,113,113,218,218,293,377,476,476,791,791,833,544,544,544,544,544,544,646,646,721,721,721,350,455,59,161,161,476,476,536,349,349,134,173,248,248,440,521,617,617,665,665,755,755,1064,1064,1106,1151,918,1008,1008,1008,1113,863,947,977,1007,1097,1097,1184,1184,1478,1478,1529,1751,1805,1859,1591,1591,1621,1214,1301,1301,1391,1391,1445,1484,1484,1790,1790,1850,1700,1730,1805,1805,1910,1910,1949,2024,2066,2144,2225,2318,2351,2351,2654,2654,2711,2445,2445,2538,2310,2310,2358,2358,2445,2475,2574,2628,2703,2760,2760,3054,3054,3054],"floor_reached":138,"language":"ENG","playtime":10859,"items_purged":["Dodge and Roll","Dodge and Roll","Dodge and Roll","Underhanded Strike","Prepared","Venomology","Prepared+1","Tactician+1","Fluid Movement"],"score":5507,"play_id":"8f77d3ce-3e3e-4a98-b683-168a9ebbbeb5","local_time":"20210129232905","daily_mods":["SealedDeck","Heirloom","DeadlyEvents","Elite Swarm","Lethality","Midas"],"is_ascension_mode":true,"campfire_choices":[{"floor":7.0,"key":"REST"},{"floor":15.0,"key":"DIG"},{"floor":23,"key":"DIG"},{"data":"1","floor":32,"key":"LIFT"},{"data":"2","floor":43,"key":"LIFT"},{"data":"3","floor":46,"key":"LIFT"},{"floor":51,"key":"DIG"},{"floor":60,"key":"DIG"},{"floor":64,"key":"DIG"},{"floor":66,"key":"DIG"},{"floor":68,"key":"DIG"},{"floor":76,"key":"DIG"},{"floor":83,"key":"DIG"},{"floor":85,"key":"DIG"},{"floor":93,"key":"DIG"},{"floor":97,"key":"DIG"},{"floor":99,"key":"DIG"},{"floor":102,"key":"DIG"},{"floor":111,"key":"DIG"},{"floor":119,"key":"DIG"},{"floor":127,"key":"DIG"},{"floor":129,"key":"DIG"},{"floor":136,"key":"DIG"}],"circlet_count":0,"master_deck":["Blade Dance","ReplayTheSpireMod:Scrap Shanks+1","After Image+1","Envenom+1","After Image+1","Tools of the Trade+1","Adrenaline+1","Wraith Form v2+1","Burst+1","Wraith Form v2+1","Phantasmal Killer+1","Accuracy+1","ReplayTheSpireMod:Scrap Shanks+1","Envenom+1","Wraith Form v2+1","A Thousand Cuts+1","Accuracy+1","Accuracy+1","After Image+1","A Thousand Cuts+1"],"relics":["Ring of the Snake","Ring of Chaos","The Specimen","Pondfish Scales","Lizard Tail","Unceasing Top","ReplayTheSpireMod:TigerMarble","Shovel","Frozen Egg 2","Ring of Chaos","Membership Card","MerchantsRug","Mummified Hand","Turnip","Ice Cream","HollowMod:StagPassRelic","Bottled Tornado","Nloth\u0027s Gift","Gambling Chip","Girya","Darkstone Periapt","Replay:Drink Me","Whetstone","ReplayTheSpireMod:Shallot","Iron Hammer","Paper Crane","HollowMod:JonisBlessing","Replay:Accelerometer","Gremlin Horn","TungstenRod","Replay:WaspNest","Lee\u0027s Waffle","Molten Egg 2","Happy Flower","Runic Pyramid","Ring of Chaos","Replay:Multitool","DollysMirror","War Paint","Vampiric Spirits","Byrd Skull","Replay:Ringing Soul","StoneCalendar","Tingsha","Letter Opener","Pen Nib","Red Mask","Toxic Egg 2","Mercury Hourglass","Replay:PocketPolymizer","Chameleon Ring","Runic Dome","Ancient Tea Set","Medical Kit","Nunchaku","ReplayTheSpireMod:Ninjato","PreservedInsect","TwistedFunnel","Bag of Preparation","Ornamental Fan","WristBlade","Ring of Chaos","Strawberry","Sling","Replay:Rubber Ducky","MealTicket","Matryoshka","Garlic","FossilizedHelix","Replay:Bottled Eggs","Incense Burner","Eternal Feather"],"acts_visited":["Exordium","TheCity","TheBeyond","Exordium","TheCity","TheBeyond","Exordium","TheCity","TheBeyond"],"potions_floor_usage":[20,21,25,30,31,33,35,42,44,44,48,50,52,54,59,69,69,72,77],"damage_taken":[{"damage":0.0,"enemies":"Jaw Worm","floor":1.0,"turns":1.0},{"damage":0.0,"enemies":"2 Louse","floor":4.0,"turns":1.0},{"damage":0.0,"enemies":"3 Sentries","floor":6.0,"turns":2.0},{"damage":25.0,"enemies":"HollowMod:MossKnight","floor":8.0,"turns":3.0},{"damage":0.0,"enemies":"Cultist","floor":10.0,"turns":3.0},{"damage":0.0,"enemies":"Gremlin Nob","floor":11.0,"turns":3.0},{"damage":0.0,"enemies":"Lagavulin","floor":13.0,"turns":4.0},{"damage":0.0,"enemies":"HollowMod:MossKnight","floor":14.0,"turns":3.0},{"damage":8.0,"enemies":"Hexaghost","floor":16.0,"turns":4.0},{"damage":18,"enemies":"2 Thieves","floor":18,"turns":3},{"damage":1,"enemies":"Chosen","floor":20,"turns":2},{"damage":6,"enemies":"Shelled Parasite and Fungi","floor":21,"turns":2},{"damage":5,"enemies":"Cultist and Chosen","floor":22,"turns":3},{"damage":0,"enemies":"Snake Plant","floor":25,"turns":2},{"damage":0,"enemies":"HollowMod:Nosk","floor":27,"turns":3},{"damage":11,"enemies":"Book of Stabbing","floor":29,"turns":3},{"damage":0,"enemies":"Gremlin Leader","floor":30,"turns":2},{"damage":0,"enemies":"Book of Stabbing","floor":31,"turns":2},{"damage":0,"enemies":"Collector","floor":33,"turns":3},{"damage":0,"enemies":"3 Shapes","floor":35,"turns":2},{"damage":0,"enemies":"R_Hoarder","floor":42,"turns":4},{"damage":0,"enemies":"Giant Head","floor":44,"turns":2},{"damage":0,"enemies":"R_Hoarder","floor":48,"turns":4},{"damage":0,"enemies":"HollowMod:StalkingDevout","floor":50,"turns":2},{"damage":0,"enemies":"Donu and Deca","floor":52,"turns":3},{"damage":0,"enemies":"Cultist","floor":54,"turns":2},{"damage":0,"enemies":"2 Louse","floor":58,"turns":2},{"damage":0,"enemies":"Gremlin Nob","floor":59,"turns":2},{"damage":0,"enemies":"Lagavulin Event","floor":61,"turns":2},{"damage":0,"enemies":"Lagavulin","floor":63,"turns":1},{"damage":0,"enemies":"Small Slimes","floor":65,"turns":1},{"damage":0,"enemies":"Gremlin Nob","floor":67,"turns":1},{"damage":0,"enemies":"Slime Boss","floor":69,"turns":1},{"damage":0,"enemies":"Spheric Guardian","floor":71,"turns":1},{"damage":0,"enemies":"Shell Parasite","floor":72,"turns":1},{"damage":0,"enemies":"Masked Bandits","floor":74,"turns":1},{"damage":0,"enemies":"HollowMod:Nosk","floor":77,"turns":1},{"damage":0,"enemies":"Book of Stabbing","floor":79,"turns":2},{"damage":0,"enemies":"Snake Plant","floor":80,"turns":2},{"damage":0,"enemies":"Centurion and Healer","floor":81,"turns":2},{"damage":0,"enemies":"Slavers","floor":82,"turns":1},{"damage":0,"enemies":"Book of Stabbing","floor":84,"turns":2},{"damage":0,"enemies":"Champ","floor":86,"turns":2},{"damage":0,"enemies":"3 Shapes","floor":88,"turns":2},{"damage":0,"enemies":"3 Darklings","floor":90,"turns":1},{"damage":0,"enemies":"Sphere and 2 Shapes","floor":91,"turns":2},{"damage":0,"enemies":"Transient","floor":94,"turns":3},{"damage":0,"enemies":"Giant Head","floor":96,"turns":2},{"damage":0,"enemies":"Reptomancer","floor":98,"turns":1},{"damage":0,"enemies":"Writhing Mass","floor":100,"turns":2},{"damage":0,"enemies":"3 Darklings","floor":101,"turns":1},{"damage":0,"enemies":"Replay:Hell Engine","floor":103,"turns":1},{"damage":0,"enemies":"2 Louse","floor":105,"turns":2},{"damage":0,"enemies":"Lagavulin","floor":110,"turns":2},{"damage":0,"enemies":"Small Slimes","floor":112,"turns":2},{"damage":0,"enemies":"Gremlin Nob","floor":113,"turns":2},{"damage":0,"enemies":"Cultist","floor":114,"turns":2},{"damage":0,"enemies":"Lagavulin","floor":115,"turns":2},{"damage":0,"enemies":"3 Sentries","floor":116,"turns":2},{"damage":0,"enemies":"HollowMod:MossKnight","floor":117,"turns":3},{"damage":0,"enemies":"Lots of Slimes","floor":118,"turns":1},{"damage":0,"enemies":"The Guardian","floor":120,"turns":3},{"damage":0,"enemies":"Chosen","floor":122,"turns":3},{"damage":0,"enemies":"Book of Stabbing","floor":125,"turns":2},{"damage":0,"enemies":"Spheric Guardian","floor":128,"turns":2},{"damage":0,"enemies":"Slavers","floor":130,"turns":2},{"damage":0,"enemies":"Chosen and Byrds","floor":131,"turns":2},{"damage":0,"enemies":"Book of Stabbing","floor":132,"turns":2},{"damage":0,"enemies":"Centurion and Healer","floor":133,"turns":2},{"damage":0,"enemies":"Slavers","floor":134,"turns":2},{"damage":0,"enemies":"Shelled Parasite and Fungi","floor":135,"turns":2},{"damage":0,"enemies":"Champ","floor":137,"turns":3}],"seed_played":"8076136276915734220","potions_obtained":[{"floor":1.0,"key":"Explosive Potion"},{"floor":2.0,"key":"GamblersBrew"},{"floor":10.0,"key":"CultistPotion"},{"floor":14.0,"key":"LifebloodPotion"},{"floor":20,"key":"DuplicationPotion"},{"floor":25,"key":"LiquidMemories"},{"floor":44,"key":"Poison Potion"},{"floor":58,"key":"Fruit Juice"},{"floor":63,"key":"Languid Potion"},{"floor":69,"key":"Block Potion"},{"floor":71,"key":"Energy Potion"},{"floor":77,"key":"Explosive Potion"},{"floor":81,"key":"CunningPotion"},{"floor":82,"key":"Venom Potion"},{"floor":100,"key":"PowerPotion"}],"is_trial":true,"path_per_floor":["M","?","?","M","$","E","R","E","T","M","E","$","E","E","R","B",null,"M","$","M","M","M","R","$","M","T","E","?","E","E","E","R","B",null,"M","$","PTL","PTL","?","?","?","E","R","E","T","R","$","E","$","E","R","B",null,"M","$","?","$","M","E","R","?","T","E","R","M","R","E","R","B",null,"M","M","$","?","?","R","E","$","E","M","M","E","R","E","R","B",null,"M","?","M","M","$","R","M","$","E","R","E","R","M","M","R","B",null,"M","$","?","?","?","E","R","M","E","M","E","E","E","M","R","B",null,"M","$","?","E","$","R","M","R","E","M","E","M","E","M","R","B",null],"character_chosen":"THE_SILENT","items_purchased":["The Specimen","Bottled Lightning","Membership Card","Tools of the Trade+1","MerchantsRug","Mummified Hand","Turnip","HollowMod:StagPassRelic","BargainBundle","Whetstone","Prepared","ReplayTheSpireMod:Shallot","Accuracy+1","HollowMod:JonisBlessing","Replay:Accelerometer","Gremlin Horn","TungstenRod","ReplayTheSpireMod:Scrap Shanks+1","Replay:WaspNest","Lee\u0027s Waffle","Replay:Multitool","Tactician","DollysMirror","War Paint","Vampiric Spirits","Accuracy+1","Letter Opener","Pen Nib","Accuracy+1","Mercury Hourglass","Ancient Tea Set","Medical Kit","ReplayTheSpireMod:Ninjato","PreservedInsect","TwistedFunnel","Strawberry","Sling","Garlic","FossilizedHelix","Replay:Bottled Eggs"],"campfire_rested":1,"item_purchase_floors":[5,12,19,19,19,19,19,24,36,36,36,36,47,47,47,47,49,49,49,49,55,55,57,57,57,73,73,73,78,78,92,92,95,95,95,106,106,123,126,126],"current_hp_per_floor":[63,46,51,51,51,51,70,45,45,45,45,45,45,45,45,37,62,44,44,43,37,32,32,32,32,32,32,32,21,21,21,21,21,45,45,45,45,45,45,45,45,45,45,45,45,45,45,45,60,60,60,60,60,60,60,49,49,49,49,49,49,49,52,52,52,52,52,52,52,64,64,67,70,70,74,74,74,77,77,77,77,77,77,77,77,80,80,80,80,80,80,80,80,80,80,80,80,80,80,80,80,80,80,80,80,87,87,77,77,77,77,77,77,77,77,80,80,80,80,80,88,88,90,90,90,90,90,90,90,90,90,90,90,90,90,90,90,90,90],"gold":3054,"neow_bonus":"","is_daily":false,"chose_seed":false,"campfire_upgraded":0,"win_rate":0.0,"timestamp":1611984545,"path_taken":["M","?","?","M","$","E","R","?","T","M","E","$","?","E","R","BOSS","M","$","M","M","M","R","$","M","T","E","?","E","?","E","R","BOSS","M","$","PTL","PTL","?","?","?","E","R","E","T","R","$","E","$","E","R","BOSS","M","$","?","$","?","E","R","?","T","E","R","M","R","E","R","BOSS","M","M","$","?","?","R","E","$","E","M","M","?","R","E","R","BOSS","M","?","M","M","$","R","M","$","E","R","E","R","M","M","R","BOSS","M","$","?","?","?","E","R","M","E","M","?","E","?","M","R","BOSS","M","$","?","?","$","R","M","R","E","?","E","M","?","M","R","BOSS"],"items_purchased_type":["Relic","Relic","Relic","Card","Relic","Relic","Relic","Relic","Relic","Relic","Card","Relic","Card","Relic","Relic","Relic","Relic","Card","Relic","Relic","Relic","Card","Relic","Relic","Relic","Card","Relic","Relic","Card","Relic","Relic","Relic","Relic","Relic","Relic","Relic","Relic","Relic","Relic","Relic"],"build_version":"2020-12-22","purchased_purges":9,"victory":false,"max_hp_per_floor":[70,70,70,70,70,70,70,70,70,70,70,70,70,70,70,70,70,70,70,70,70,70,70,70,70,70,70,70,70,70,70,70,70,53,53,53,53,53,53,53,53,53,53,53,53,53,53,53,60,60,60,60,60,60,60,60,60,60,65,65,65,65,68,68,68,68,68,68,68,68,68,71,74,74,74,74,74,77,77,77,77,77,77,77,77,80,80,80,80,80,80,80,80,80,80,80,80,80,80,80,80,80,80,80,80,87,87,87,87,87,87,87,87,87,87,90,90,90,90,90,90,90,90,90,90,90,90,90,90,90,90,90,90,90,90,90,90,90,90],"card_choices":[{"not_picked":["Slice","Endless Agony"],"picked":"Dagger Throw","floor":1.0},{"not_picked":["Acrobatics","ReplayTheSpireMod:Tripwire"],"picked":"Prepared","floor":2.0},{"not_picked":["PiercingWail","Footwork","Deflect"],"picked":"SKIP","floor":4.0},{"not_picked":["A Thousand Cuts","Doppelganger"],"picked":"Venomology","floor":6.0},{"not_picked":["Poison Darts","Doppelganger"],"picked":"After Image","floor":8.0},{"not_picked":["Cloak And Dagger","Acrobatics","Hidden Blade"],"picked":"SKIP","floor":10.0},{"not_picked":["Storm of Steel","Wraith Form v2","Poison Darts"],"picked":"SKIP","floor":11.0},{"not_picked":["Wraith Form v2","Phantasmal Killer"],"picked":"Envenom","floor":13.0},{"not_picked":["Bullet Time","Malaise","Replay:Bag of Tricks"],"picked":"SKIP","floor":14.0},{"not_picked":["Storm of Steel","Bullet Time"],"picked":"After Image+1","floor":16.0},{"not_picked":["Bouncing Flask","Poisoned Stab+1","Infinite Blades+1"],"picked":"SKIP","floor":18},{"not_picked":["Outmaneuver","Deflect+1","Dodge and Roll"],"picked":"SKIP","floor":20},{"not_picked":["Blade Dance","Fluid Movement+1"],"picked":"Dagger Throw+1","floor":21},{"not_picked":["PiercingWail","Dagger Throw","Footwork+1"],"picked":"SKIP","floor":22},{"not_picked":["ReplayTheSpireMod:Necrosis","Poisoned Stab+1","ReplayTheSpireMod:Exploit Weakness"],"picked":"SKIP","floor":25},{"not_picked":["Wraith Form v2+1","Poison Darts"],"picked":"Adrenaline","floor":27},{"not_picked":["Grand Finale","Wraith Form v2+1","Replay:Bag of Tricks"],"picked":"SKIP","floor":29},{"not_picked":["Grand Finale","Replay:Bag of Tricks"],"picked":"Wraith Form v2+1","floor":29},{"not_picked":["Poison Darts","Replay:Bag of Tricks"],"picked":"Burst","floor":30},{"not_picked":["Glass Knife","Venomology"],"picked":"Wraith Form v2+1","floor":31},{"not_picked":["Footwork+1","Blade Dance","Dagger Throw"],"picked":"SKIP","floor":35},{"not_picked":["Burst","Bullet Time","Atom Bomb"],"picked":"SKIP","floor":42},{"not_picked":["Storm of Steel","Tools of the Trade+1"],"picked":"Phantasmal Killer","floor":44},{"not_picked":["Venomology","ReplayTheSpireMod:From All Sides","Poison Darts"],"picked":"SKIP","floor":48},{"not_picked":["Grand Finale+1","Glass Knife+1","Adrenaline"],"picked":"SKIP","floor":50},{"not_picked":["Caltrops+1","Backstab+1","Blur"],"picked":"SKIP","floor":54},{"not_picked":["Dodge and Roll","Prepared","Outmaneuver"],"picked":"SKIP","floor":58},{"not_picked":["Poison Darts","ReplayTheSpireMod:Necrosis","Bullet Time"],"picked":"SKIP","floor":59},{"not_picked":["Venomology","After Image+1"],"picked":"Wraith Form v2+1","floor":63},{"not_picked":["PiercingWail","Dagger Spray+1","Dodge and Roll"],"picked":"SKIP","floor":65},{"not_picked":["Unload+1","Storm of Steel","ReplayTheSpireMod:Necrosis"],"picked":"SKIP","floor":67},{"not_picked":["Deflect","Well Laid Plans+1","Flying Knee+1"],"picked":"SKIP","floor":71},{"not_picked":["Deflect","All Out Attack+1"],"picked":"A Thousand Cuts+1","floor":72},{"not_picked":["Burst+1","Corpse Explosion+1","Wraith Form v2+1"],"picked":"SKIP","floor":77},{"not_picked":["Burst+1","ReplayTheSpireMod:From All Sides+1","Bullet Time+1"],"picked":"SKIP","floor":79},{"not_picked":["Bane+1","Quick Slash+1","Blade Dance+1"],"picked":"SKIP","floor":80},{"not_picked":["Distraction+1","Unload+1","Expertise+1"],"picked":"SKIP","floor":81},{"not_picked":["Burst+1","Grand Finale+1","Poison Darts+1"],"picked":"SKIP","floor":82},{"not_picked":["Adrenaline+1","Bullet Time+1","Replay:Bag of Tricks+1"],"picked":"SKIP","floor":84},{"not_picked":["Malaise+1","Replay:Bag of Tricks+1"],"picked":"After Image+1","floor":86},{"not_picked":["Slice+1","Dodge and Roll+1","Acrobatics+1"],"picked":"SKIP","floor":88},{"not_picked":["Quick Slash+1","Bane+1","Dagger Throw+1"],"picked":"SKIP","floor":90},{"not_picked":["Crippling Poison+1","Blade Dance+1","Draining Mist+1"],"picked":"SKIP","floor":91},{"not_picked":["Deadly Poison+1","Escape Plan+1","Prepared+1"],"picked":"SKIP","floor":94},{"not_picked":["Envenom+1","Die Die Die+1","Unload+1"],"picked":"SKIP","floor":96},{"not_picked":["Die Die Die+1","Unload+1","Poison Darts+1"],"picked":"SKIP","floor":98},{"not_picked":["Quick Slash+1","Sucker Punch+1","Distraction+1"],"picked":"SKIP","floor":100},{"not_picked":["Hidden Blade+1","ReplayTheSpireMod:Exploit Weakness+1","Dagger Spray+1"],"picked":"SKIP","floor":101},{"not_picked":["Quick Slash+1","Acrobatics+1","Poisoned Stab+1"],"picked":"SKIP","floor":105},{"not_picked":["Burst+1","Envenom+1","ReplayTheSpireMod:From All Sides+1"],"picked":"SKIP","floor":110},{"not_picked":["Flying Knee+1","Prepared+1","Quick Slash+1"],"picked":"SKIP","floor":112},{"not_picked":["Poison Darts+1","ReplayTheSpireMod:From All Sides+1","Unload+1"],"picked":"SKIP","floor":113},{"not_picked":["Poison Darts+1","Blade Dance+1","Escape Plan+1"],"picked":"SKIP","floor":114},{"not_picked":["ReplayTheSpireMod:Necrosis+1","Corpse Explosion+1","Atom Bomb+1"],"picked":"SKIP","floor":115},{"not_picked":["Bullet Time+1","Unload+1"],"picked":"A Thousand Cuts+1","floor":116},{"not_picked":["Envenom+1","Venomology+1","Poison Darts+1"],"picked":"SKIP","floor":117},{"not_picked":["Cloak And Dagger+1","Toxin Wave+1","Hidden Blade+1"],"picked":"SKIP","floor":118},{"not_picked":["Dagger Spray+1","Sucker Punch+1","Caltrops+1"],"picked":"SKIP","floor":122},{"not_picked":["Die Die Die+1","Grand Finale+1","Bullet Time+1"],"picked":"SKIP","floor":125},{"not_picked":["Poison Darts+1","PiercingWail+1","Sucker Punch+1"],"picked":"SKIP","floor":128},{"not_picked":["ReplayTheSpireMod:From All Sides+1","Unload+1","Adrenaline+1"],"picked":"SKIP","floor":130},{"not_picked":["Bane+1","Flying Knee+1","Deadly Poison+1"],"picked":"SKIP","floor":131},{"not_picked":["ReplayTheSpireMod:Necrosis+1","Glass Knife+1","After Image+1"],"picked":"SKIP","floor":132},{"not_picked":["Replay:Poison Smokescreen+1","ReplayTheSpireMod:Necrosis+1","Hidden Blade+1"],"picked":"SKIP","floor":133},{"not_picked":["Wraith Form v2+1","Burst+1","ReplayTheSpireMod:Necrosis+1"],"picked":"SKIP","floor":134},{"not_picked":["Quick Slash+1","ReplayTheSpireMod:Shiv Toss+1","Caltrops+1"],"picked":"SKIP","floor":135}],"player_experience":287116,"relics_obtained":[{"floor":2.0,"key":"MawBank"},{"floor":6.0,"key":"Pondfish Scales"},{"floor":8.0,"key":"Lizard Tail"},{"floor":9.0,"key":"Bottled Flame"},{"floor":11.0,"key":"Unceasing Top"},{"floor":13.0,"key":"ReplayTheSpireMod:TigerMarble"},{"floor":14.0,"key":"Shovel"},{"floor":15.0,"key":"Frozen Egg 2"},{"floor":23,"key":"Ice Cream"},{"floor":26,"key":"Bottled Tornado"},{"floor":27,"key":"Question Card"},{"floor":29,"key":"Gambling Chip"},{"floor":30,"key":"Girya"},{"floor":31,"key":"Darkstone Periapt"},{"floor":42,"key":"Iron Hammer"},{"floor":44,"key":"Art of War"},{"floor":45,"key":"Paper Crane"},{"floor":50,"key":"Molten Egg 2"},{"floor":51,"key":"Happy Flower"},{"floor":61,"key":"Byrd Skull"},{"floor":62,"key":"Replay:Ringing Soul"},{"floor":64,"key":"StoneCalendar"},{"floor":68,"key":"Tingsha"},{"floor":74,"key":"Red Mask"},{"floor":76,"key":"Toxic Egg 2"},{"floor":83,"key":"Replay:PocketPolymizer"},{"floor":85,"key":"Chameleon Ring"},{"floor":93,"key":"Nunchaku"},{"floor":97,"key":"Bag of Preparation"},{"floor":99,"key":"Tiny Chest"},{"floor":102,"key":"Ornamental Fan"},{"floor":111,"key":"MealTicket"},{"floor":119,"key":"Matryoshka"},{"floor":127,"key":"Incense Burner"},{"floor":129,"key":"Eternal Feather"}],"event_choices":[{"cards_removed":["Quick Slash"],"damage_healed":5.0,"max_hp_gain":0.0,"max_hp_loss":0.0,"gold_gain":0.0,"event_name":"Bonfire Elementals","player_choice":"Offered Common","floor":3.0,"gold_loss":0.0,"damage_taken":0.0},{"cards_removed":["Quick Slash"],"damage_healed":5.0,"max_hp_gain":0.0,"max_hp_loss":0.0,"gold_gain":0.0,"event_name":"Bonfire Elementals","player_choice":"Offered Special","floor":3.0,"gold_loss":0.0,"damage_taken":0.0},{"damage_healed":0,"gold_gain":0,"player_choice":"Traded Relic","damage_taken":0,"relics_obtained":["Nloth\u0027s Gift"],"max_hp_gain":0,"max_hp_loss":0,"event_name":"N\u0027loth","floor":28,"relics_lost":["Question Card"],"gold_loss":0},{"damage_healed":0,"gold_gain":0,"player_choice":"Memory 1","damage_taken":0,"max_hp_gain":0,"max_hp_loss":0,"event_name":"SensoryStone","floor":39,"gold_loss":0},{"cards_removed":["Dagger Throw"],"damage_healed":0,"gold_gain":0,"player_choice":"Removed Attack","damage_taken":0,"max_hp_gain":0,"max_hp_loss":0,"event_name":"Falling","floor":40,"gold_loss":0},{"damage_healed":0,"gold_gain":0,"player_choice":"Bought 0 Potions","damage_taken":0,"max_hp_gain":0,"max_hp_loss":0,"event_name":"The Woman in Blue","floor":41,"gold_loss":0},{"damage_healed":0,"gold_gain":0,"player_choice":"Entered Light","damage_taken":12,"max_hp_gain":0,"max_hp_loss":0,"event_name":"Shining Light","floor":56,"gold_loss":0,"cards_upgraded":["Envenom","After Image"]},{"damage_healed":0,"gold_gain":0,"player_choice":"Searched \u00271\u0027 times","damage_taken":0,"max_hp_gain":0,"max_hp_loss":0,"event_name":"Dead Adventurer","floor":61,"gold_loss":0},{"damage_healed":0,"gold_gain":0,"player_choice":"Fought Bandits","damage_taken":0,"max_hp_gain":0,"max_hp_loss":0,"event_name":"Masked Bandits","floor":74,"gold_loss":0},{"damage_healed":4,"gold_gain":0,"player_choice":"Full Heal","damage_taken":0,"max_hp_gain":0,"max_hp_loss":0,"event_name":"Wheel of Change","floor":75,"gold_loss":0},{"damage_healed":0,"gold_gain":222,"player_choice":"Wore Mask","damage_taken":0,"max_hp_gain":0,"max_hp_loss":0,"event_name":"Tomb of Lord Red Mask","floor":89,"gold_loss":0},{"damage_healed":0,"gold_gain":30,"player_choice":"Searched \u00273\u0027 times","damage_taken":0,"relics_obtained":["Replay:Rubber Ducky"],"max_hp_gain":0,"max_hp_loss":0,"event_name":"Dead Adventurer","floor":107,"gold_loss":0},{"damage_healed":0,"gold_gain":75,"player_choice":"Gather Gold","damage_taken":11,"max_hp_gain":0,"max_hp_loss":0,"event_name":"World of Goop","floor":108,"gold_loss":0},{"damage_healed":0,"gold_gain":0,"player_choice":"Forge","damage_taken":0,"max_hp_gain":0,"max_hp_loss":0,"event_name":"Accursed Blacksmith","floor":109,"gold_loss":0,"cards_upgraded":["Phantasmal Killer"]}],"is_beta":false,"boss_relics":[{"not_picked":["ReplayTheSpireMod:DimensionalGlitch","Ectoplasm"],"picked":"Ring of Chaos"},{"not_picked":["Snecko Eye","SlaversCollar"],"picked":"Replay:Drink Me"},{"not_picked":["Snecko Heart","Replay:Bronze Core"],"picked":"Runic Pyramid"},{"not_picked":["Kintsugi","Calling Bell","Abe\u0027s Treasure"]},{"not_picked":["Velvet Choker","Replay:Wanted Poster"],"picked":"Runic Dome"},{"not_picked":["Ring of the Serpent","Replay:Ancient Bell"],"picked":"WristBlade"},{"not_picked":["Velvet Choker","Abe\u0027s Treasure","Empty Cage"]},{"not_picked":["Replay:Grab Bag","Calling Bell","Replay:Ancient Bell"]}],"items_purged_floors":[5,12,19,24,36,78,92,95,123],"is_endless":true,"potions_floor_spawned":[1,10,13,14,20,25,29,31,44,48,52,54,58,63,69,71,77,81,82,90,94,100,105,116,117,118,120,128,131,132,133,134],"ascension_level":9}}