{"host":"8u7tvcybuv0u72fd","time":1611970628,"event":{"mods":["BaseMod","BetterRewards","Colored Map","Colored Powertips","Minty Spire (QoL Compilation)","Quick Restart","Shop Mod"],"gold_per_floor":[115,115,135,135,154,154,189,189,189,223,237,247,271,89,89,193,193,211,211,211,224,38,38,71,71,94,112,126,152,168,168,168,273,273,292,292,292,342,267,267,19,19,46,46,74,125,125,157,157,157,157,157,33,65,65],"floor_reached":56,"language":"ENG","playtime":2433,"items_purged":["Strike_R","Strike_R","Regret","Madness","Normality"],"score":1722,"play_id":"18a9b0b9-fd14-4fec-bcc6-c4a7afc1fc3e","local_time":"20210129203708","is_ascension_mode":false,"campfire_choices":[{"data":"Uppercut","floor":6.0,"key":"SMITH"},{"data":"Shrug It Off","floor":8.0,"key":"SMITH"},{"data":"Bash","floor":15.0,"key":"SMITH"},{"data":"Double Tap","floor":23,"key":"SMITH"},{"data":"Headbutt","floor":25,"key":"SMITH"},{"data":"Dropkick","floor":32,"key":"SMITH"},{"data":"Reaper","floor":40,"key":"SMITH"},{"data":"Defend_R","floor":42,"key":"SMITH"},{"data":"Madness","floor":47,"key":"SMITH"},{"floor":49,"key":"RECALL"},{"data":"Defend_R","floor":52,"key":"SMITH"}],"circlet_count":0,"master_deck":["Strike_R","Strike_R+1","Strike_R","Defend_R+1","Defend_R+1","Defend_R+1","Defend_R+1","Bash+1","Body Slam+1","Shrug It Off+1","Clash+1","Uppercut+1","Headbutt+1","Double Tap+1","Necronomicurse","Cleave+1","Dropkick+1","Reaper+1","Iron Wave+1","Madness+1","Decay","Fire Breathing+1"],"relics":["Burning Blood","PreservedInsect","Tiny Chest","Bag of Marbles","Sling","Boot","Membership Card","Gremlin Horn","Torii","Orichalcum","Self Forming Clay","Mango","Whetstone","MerchantsRug","Akabeko","Cursed Key","Pear","Necronomicon","HornCleat","Potion Belt","War Paint","Juzu Bracelet","Runic Cube","Turnip","Kunai","Paper Frog","Ice Cream","Regal Pillow","TungstenRod","CaptainsWheel","Nunchaku","Shuriken"],"acts_visited":["Exordium","TheCity","TheBeyond","TheEnding"],"potions_floor_usage":[46,54,55,55,55,55,55,55,55],"damage_taken":[{"damage":0.0,"enemies":"Small Slimes","floor":1.0,"turns":3.0},{"damage":0.0,"enemies":"Cultist","floor":3.0,"turns":3.0},{"damage":0.0,"enemies":"2 Louse","floor":5.0,"turns":2.0},{"damage":6.0,"enemies":"3 Sentries","floor":7.0,"turns":5.0},{"damage":0.0,"enemies":"Gremlin Nob","floor":10.0,"turns":2.0},{"damage":0.0,"enemies":"Large Slime","floor":11.0,"turns":3.0},{"damage":1.0,"enemies":"Red Slaver","floor":12.0,"turns":2.0},{"damage":5.0,"enemies":"Hexaghost","floor":16.0,"turns":9.0},{"damage":1.0,"enemies":"Chosen","floor":18.0,"turns":2.0},{"damage":3,"enemies":"Spheric Guardian","floor":21,"turns":3},{"damage":0,"enemies":"Gremlin Leader","floor":24,"turns":2},{"damage":0,"enemies":"Centurion and Healer","floor":27,"turns":3},{"damage":0,"enemies":"Cultist and Chosen","floor":28,"turns":2},{"damage":0,"enemies":"Slavers","floor":29,"turns":1},{"damage":0,"enemies":"Sentry and Sphere","floor":30,"turns":1},{"damage":33,"enemies":"Automaton","floor":33,"turns":7},{"damage":0,"enemies":"3 Darklings","floor":35,"turns":2},{"damage":0,"enemies":"Mind Bloom Boss Battle","floor":38,"turns":2},{"damage":1,"enemies":"Giant Head","floor":45,"turns":5},{"damage":23,"enemies":"2 Orb Walkers","floor":46,"turns":4},{"damage":7,"enemies":"Reptomancer","floor":48,"turns":4},{"damage":82,"enemies":"Donu and Deca","floor":50,"turns":11},{"damage":39,"enemies":"Shield and Spear","floor":54,"turns":7},{"damage":31,"enemies":"The Heart","floor":55,"turns":7}],"seed_played":"-1090154179468265765","potions_obtained":[{"floor":1.0,"key":"SteroidPotion"},{"floor":7.0,"key":"LiquidBronze"},{"floor":11.0,"key":"Fire Potion"},{"floor":12.0,"key":"EntropicBrew"},{"floor":18.0,"key":"Dexterity Potion"},{"floor":29,"key":"FearPotion"},{"floor":33,"key":"SteroidPotion"},{"floor":38,"key":"DuplicationPotion"},{"floor":46,"key":"Regen Potion"},{"floor":54,"key":"HeartOfIron"}],"is_trial":false,"path_per_floor":["M","?","M","?","M","R","E","R","T","E","M","M","T","$","R","B",null,"M","T","?","M","$","R","E","R","T","M","M","E","M","T","R","B",null,"M","?","?","?","$","R","$","R","T","T","E","?","R","E","R","B",null,"R","$","E","B",null],"character_chosen":"IRONCLAD","items_purchased":["PreservedInsect","Tiny Chest","Bag of Marbles","Body Slam","Sling","Boot","Membership Card","Gremlin Horn","Shrug It Off","SpeedPotion","FearPotion","MerchantsRug","Fruit Juice","Akabeko","HornCleat","Kunai","Paper Frog","Nunchaku"],"campfire_rested":0,"item_purchase_floors":[0,0,0,0,0,0,0,0,0,0,0,14,14,14,22,41,41,53],"current_hp_per_floor":[38,38,44,37,43,43,43,43,43,63,69,74,74,79,79,80,99,99,109,93,96,96,96,102,102,102,108,109,109,109,109,109,82,109,109,95,95,101,101,101,101,101,101,101,109,92,92,108,108,42,109,109,109,91,105],"gold":65,"neow_bonus":"","is_daily":false,"chose_seed":false,"campfire_upgraded":10,"win_rate":0.0,"timestamp":1611970628,"path_taken":["M","?","?","?","M","R","E","R","T","E","M","M","?","$","R","BOSS","M","?","?","M","$","R","E","R","T","M","M","E","?","?","R","BOSS","M","?","?","?","$","R","$","R","T","?","E","?","R","E","R","BOSS","R","$","E","BOSS"],"items_purchased_type":["Relic","Relic","Relic","Card","Relic","Relic","Relic","Relic","Card","Potion","Potion","Relic","Potion","Relic","Relic","Relic","Relic","Relic"],"build_version":"2020-12-22","purchased_purges":5,"victory":true,"max_hp_per_floor":[80,80,80,80,80,80,80,80,80,94,94,94,94,99,99,99,99,99,109,109,109,109,109,109,109,109,109,109,109,109,109,109,109,109,109,109,109,109,109,109,109,109,109,109,109,109,109,109,109,109,109,109,109,109,109],"card_choices":[{"not_picked":["Perfected Strike","Thunderclap","Whirlwind"],"picked":"SKIP","floor":1.0},{"not_picked":["Clothesline","Cleave"],"picked":"Clash","floor":3.0},{"not_picked":["Iron Wave","Dropkick"],"picked":"Uppercut","floor":5.0},{"not_picked":["Power Through","Entrench","Havoc"],"picked":"SKIP","floor":7.0},{"not_picked":["Havoc","Clash","Hemokinesis"],"picked":"SKIP","floor":10.0},{"not_picked":["Pummel","Evolve"],"picked":"Headbutt","floor":11.0},{"not_picked":["Inflame","Limit Break","Clothesline"],"picked":"SKIP","floor":12.0},{"not_picked":["Brutality","Berserk"],"picked":"Double Tap","floor":16.0},{"not_picked":["Dropkick","Perfected Strike","Feel No Pain"],"picked":"SKIP","floor":18.0},{"not_picked":["Uppercut","Clash+1","Flame Barrier"],"picked":"SKIP","floor":21},{"not_picked":["Uppercut","Clash+1","Flame Barrier"],"picked":"SKIP","floor":21},{"not_picked":["Armaments","Twin Strike","True Grit"],"picked":"SKIP","floor":24},{"not_picked":["Armaments","Twin Strike","True Grit"],"picked":"SKIP","floor":24},{"not_picked":["Wild Strike+1","Perfected Strike","Intimidate"],"picked":"SKIP","floor":27},{"not_picked":["Wild Strike","Clash"],"picked":"Cleave+1","floor":28},{"not_picked":["True Grit","Bludgeon"],"picked":"Dropkick","floor":29},{"not_picked":["Thunderclap","Second Wind","Perfected Strike+1"],"picked":"SKIP","floor":30},{"not_picked":["Corruption","Berserk"],"picked":"Reaper","floor":33},{"not_picked":["Perfected Strike+1","Iron Wave+1","True Grit"],"picked":"SKIP","floor":35},{"not_picked":["Perfected Strike+1","True Grit"],"picked":"Iron Wave+1","floor":35},{"not_picked":["Body Slam","Headbutt+1","Inflame"],"picked":"SKIP","floor":45},{"not_picked":["Double Tap","Body Slam+1","Dropkick"],"picked":"SKIP","floor":48},{"not_picked":["Rupture","Corruption"],"picked":"Fire Breathing+1","floor":54}],"player_experience":1449789,"relics_obtained":[{"floor":7.0,"key":"Orichalcum"},{"floor":9.0,"key":"Self Forming Clay"},{"floor":10.0,"key":"Mango"},{"floor":13.0,"key":"Whetstone"},{"floor":19.0,"key":"Pear"},{"floor":20,"key":"Necronomicon"},{"floor":24,"key":"Omamori"},{"floor":26,"key":"Potion Belt"},{"floor":29,"key":"War Paint"},{"floor":31,"key":"Juzu Bracelet"},{"floor":38,"key":"Turnip"},{"floor":44,"key":"Ice Cream"},{"floor":45,"key":"Regal Pillow"},{"floor":46,"key":"TungstenRod"},{"floor":48,"key":"CaptainsWheel"},{"floor":54,"key":"Shuriken"}],"event_choices":[{"damage_healed":0.0,"max_hp_gain":0.0,"max_hp_loss":0.0,"gold_gain":0.0,"event_name":"Upgrade Shrine","player_choice":"Upgraded","floor":2.0,"gold_loss":0.0,"damage_taken":0.0,"cards_upgraded":["Body Slam"]},{"damage_healed":0.0,"max_hp_gain":0.0,"max_hp_loss":0.0,"gold_gain":0.0,"event_name":"Scrap Ooze","player_choice":"Success","floor":4.0,"gold_loss":0.0,"damage_taken":7.0,"relics_obtained":["Torii"]},{"damage_healed":0,"gold_gain":0,"player_choice":"Obtained Book","damage_taken":16,"max_hp_gain":0,"max_hp_loss":0,"event_name":"Cursed Tome","floor":20,"gold_loss":0},{"damage_healed":0,"gold_gain":0,"player_choice":"Embrace Madness","damage_taken":14,"max_hp_gain":0,"max_hp_loss":0,"event_name":"Winding Halls","floor":36,"gold_loss":0,"cards_obtained":["Madness","Madness"]},{"damage_healed":0,"gold_gain":0,"player_choice":"Memory 1","damage_taken":0,"max_hp_gain":0,"max_hp_loss":0,"event_name":"SensoryStone","floor":37,"gold_loss":0},{"damage_healed":0,"gold_gain":0,"player_choice":"Fight","damage_taken":0,"max_hp_gain":0,"max_hp_loss":0,"event_name":"MindBloom","floor":38,"gold_loss":0},{"damage_healed":0,"gold_gain":0,"player_choice":"Fight","damage_taken":0,"max_hp_gain":0,"max_hp_loss":0,"event_name":"Mysterious Sphere","floor":46,"gold_loss":0}],"is_beta":false,"boss_relics":[{"not_picked":["Runic Pyramid","Velvet Choker"],"picked":"Cursed Key"},{"not_picked":["Empty Cage","Sozu"],"picked":"Runic Cube"}],"items_purged_floors":[0,0,22,39,53],"is_endless":false,"potions_floor_spawned":[1,7,11,12,18,29,33,38,45,46,54],"ascension_level":0}}