{"host":"9p8ljyyt9iu4be92","time":1611979936,"event":{"mods":["AchievementEnabler","BaseMod","Challenge The Spire","Colored Map","Downfall","Hubris","Minty Spire (QoL Compilation)","StSLib","The Bug Knight","slay the spire mod where everything is the same but ironclad has a cowboy hat"],"gold_per_floor":[99,99,108,136,160,60,86,105,105,62,100,129,173,173,200,310,310,310,362,362,383,211,256,326,365,392,414,276,303,103,136,152,262,262,262,281,281,281,308,344,368,378,378,138,154,166,166,195,223,223,223,223],"floor_reached":50,"language":"ENG","playtime":4548,"items_purged":[],"score":595,"play_id":"992f4f0e-5c07-492d-bc1e-350ffd0f7da3","local_time":"20210129231216","is_ascension_mode":false,"campfire_choices":[{"floor":1.0,"key":"RECALL"},{"data":"bronze:WhirlingStrike","floor":6.0,"key":"SMITH"},{"data":"bronze:Frontload","floor":9.0,"key":"SMITH"},{"data":"bronze:AlphaBuild","floor":18.0,"key":"SMITH"},{"data":"Apotheosis","floor":30.0,"key":"SMITH"},{"data":"bronze:ItsAFeature","floor":35.0,"key":"SMITH"},{"data":"bronze:Flail","floor":43,"key":"SMITH"},{"floor":47,"key":"REST"}],"circlet_count":0,"master_deck":["bronze:Defend","bronze:Defend","bronze:Replicate","bronze:Goto","bronze:WhirlingStrike+1","bronze:CutThrough","bronze:Frontload+1","bronze:Deprecate","bronze:Virus","bronze:BuggyMess","bronze:Return","bronze:ClassDefault","bronze:DelayedGuard","bronze:Boost","bronze:DelayedSlice+1","Bite","Bite","Bite","Bite","Bite","bronze:Flail+1","bronze:FineTuning","bronze:Repair","bronze:ItsAFeature+1","bronze:BurnOut","bronze:Shield+1","hubris:DuctTapeCard","FollowUp","bronze:Format"],"relics":["bronze:PlatinumCore","CeramicFish","downfall:HeartBlessingRed","Bronze Scales","Bird Faced Urn","Singing Bowl","bronze:BottledCode","PreservedInsect","White Beast Statue","Art of War","Matryoshka","Tiny Chest","hubris:ToyBattleship","downfall:HeartBlessingGreen","downfall:HeartBlessingBlue","Pen Nib","hubris:CrackedHourglass","hubris:DisguiseKit","Nunchaku","Bag of Marbles","Toy Ornithopter","hubris:DuctTape"],"acts_visited":["Exordium","TheCity","TheBeyond"],"potions_floor_usage":[50,50,50,50],"damage_taken":[{"damage":0.0,"enemies":"Small Slimes","floor":4.0,"turns":3.0},{"damage":0.0,"enemies":"2 Louse","floor":5.0,"turns":2.0},{"damage":0.0,"enemies":"Cultist","floor":8.0,"turns":2.0},{"damage":0.0,"enemies":"downfall:FleeingMerchant","floor":10.0,"turns":4.0},{"damage":6.0,"enemies":"3 Sentries","floor":11.0,"turns":4.0},{"damage":0.0,"enemies":"3 Louse","floor":12.0,"turns":1.0},{"damage":10.0,"enemies":"Gremlin Nob","floor":13.0,"turns":4.0},{"damage":12.0,"enemies":"Large Slime","floor":15.0,"turns":3.0},{"damage":28.0,"enemies":"IC_STATUS_ARCHETYPE","floor":16.0,"turns":5.0},{"damage":0.0,"enemies":"3 Byrds","floor":21.0,"turns":2.0},{"damage":8.0,"enemies":"downfall:FleeingMerchant","floor":22.0,"turns":4.0},{"damage":24.0,"enemies":"Gremlin Leader","floor":25.0,"turns":6.0},{"damage":0.0,"enemies":"Spheric Guardian","floor":26.0,"turns":1.0},{"damage":18.0,"enemies":"Shelled Parasite and Fungi","floor":27.0,"turns":2.0},{"damage":0.0,"enemies":"downfall:FleeingMerchant","floor":28.0,"turns":4.0},{"damage":0.0,"enemies":"Book of Stabbing","floor":31.0,"turns":2.0},{"damage":11.0,"enemies":"Sentry and Sphere","floor":32.0,"turns":3.0},{"damage":16.0,"enemies":"WA_ARCHETYPE_CALM","floor":33.0,"turns":9.0},{"damage":7.0,"enemies":"3 Shapes","floor":36.0,"turns":3.0},{"damage":1,"enemies":"Nemesis","floor":40,"turns":5},{"damage":0,"enemies":"3 Darklings","floor":42,"turns":2},{"damage":11,"enemies":"Jaw Worm Horde","floor":45,"turns":2},{"damage":19,"enemies":"4 Shapes","floor":46,"turns":3},{"damage":8,"enemies":"3 Darklings","floor":48,"turns":2},{"damage":0,"enemies":"Jaw Worm Horde","floor":49,"turns":2},{"damage":11,"enemies":"SI_POISON_ARCHETYPE","floor":50,"turns":4}],"seed_played":"-8232534287720013401","potions_obtained":[{"floor":8.0,"key":"SkillPotion"},{"floor":12.0,"key":"GamblersBrew"},{"floor":15.0,"key":"Weak Potion"},{"floor":21.0,"key":"champ:CounterPotion"},{"floor":27.0,"key":"BlessingOfTheForge"},{"floor":28.0,"key":"SteroidPotion"},{"floor":33.0,"key":"Block Potion"},{"floor":40,"key":"DuplicationPotion"},{"floor":46,"key":"LiquidMemories"},{"floor":49,"key":"EntropicBrew"}],"is_trial":false,"path_per_floor":["R","?","?","M","M","R","T","M","R","$","E","M","E","?","M","B",null,"R","T","?","M","$","?","T","E","M","M","$","T","R","E","M","B",null,"R","M","?","?","?","E","T","M","R","$","M","M","R","M","M","B"],"character_chosen":"THE_AUTOMATON","items_purchased":["bronze:BuggyMess","PreservedInsect","Apotheosis","Matryoshka","bronze:ItsAFeature","hubris:DuctTape"],"campfire_rested":1,"item_purchase_floors":[10,22,28,28,28,44],"current_hp_per_floor":[77,74,74,74,74,74,74,74,74,74,68,68,60,60,50,24,77,77,77,67,67,61,48,48,28,28,18,37,37,47,49,53,64,64,64,66,66,66,66,66,66,68,68,68,69,56,72,64,72,0,0,0],"gold":223,"neow_bonus":"TEN_PERCENT_HP_BONUS","is_daily":false,"chose_seed":false,"campfire_upgraded":6,"win_rate":0.0,"timestamp":1611979936,"path_taken":["R","?","?","M","M","R","T","M","R","$","E","M","E","?","M","BOSS","R","?","?","M","$","?","T","E","M","M","$","?","R","E","M","BOSS","R","M","?","?","?","E","T","M","R","$","M","M","R","M","M","BOSS"],"items_purchased_type":["Card","Relic","Card","Relic","Card","Relic"],"build_version":"2020-12-22","purchased_purges":0,"victory":false,"max_hp_per_floor":[77,77,77,77,77,77,77,77,77,77,77,77,77,77,77,77,77,77,77,67,67,69,48,48,48,48,48,50,50,60,62,64,64,64,64,66,66,66,66,66,66,68,68,68,70,72,72,72,72,72,72,72],"card_choices":[{"not_picked":["bronze:WildBeam","bronze:Allocate"],"picked":"bronze:CutThrough","floor":4.0},{"not_picked":["bronze:FollowUp","bronze:Iterate"],"picked":"bronze:Frontload","floor":5.0},{"not_picked":["bronze:ForLoop","bronze:BugBarrage"],"picked":"bronze:Deprecate","floor":8.0},{"not_picked":["bronze:Philosophize","bronze:ForLoop"],"picked":"bronze:Virus","floor":10.0},{"not_picked":["bronze:BugBarrage","bronze:Safeguard"],"picked":"bronze:Return","floor":11.0},{"not_picked":["bronze:WhirlingStrike","bronze:BitShift"],"picked":"bronze:ClassDefault","floor":12.0},{"not_picked":["bronze:HardenedForm","bronze:Turbo"],"picked":"bronze:DelayedGuard","floor":13.0},{"not_picked":["bronze:Branch","bronze:DigitalCarnage"],"picked":"bronze:Boost","floor":15.0},{"not_picked":["bronze:CleanCode","bronze:ThunderWave"],"picked":"bronze:AlphaBuild","floor":16.0},{"not_picked":["bronze:MaxOutput+1","bronze:ItsAFeature"],"picked":"bronze:DelayedSlice+1","floor":21.0},{"not_picked":["bronze:Iterate","bronze:DelayedSlice+1","bronze:Branch+1"],"picked":"Singing Bowl","floor":22.0},{"not_picked":["bronze:WildBeam+1","bronze:DarkDash"],"picked":"bronze:Flail","floor":25.0},{"not_picked":["bronze:Overload","bronze:HardenedForm"],"picked":"bronze:FineTuning","floor":26.0},{"not_picked":["bronze:WildBeam","bronze:BronzeOrb"],"picked":"bronze:Repair","floor":27.0},{"not_picked":["bronze:BugBarrage","bronze:FineTuning","bronze:Deprecate+1"],"picked":"Singing Bowl","floor":28.0},{"not_picked":["bronze:Frontload","bronze:Turbo","bronze:Branch+1"],"picked":"Singing Bowl","floor":31.0},{"not_picked":["bronze:DelayedSlice+1","bronze:Branch","bronze:Fortify"],"picked":"Singing Bowl","floor":32.0},{"not_picked":["bronze:SpaghettiCode","bronze:FindAndReplace"],"picked":"bronze:BurnOut","floor":33.0},{"not_picked":["bronze:Boost","bronze:DarkDash","bronze:DelayedSlice"],"picked":"Singing Bowl","floor":36.0},{"not_picked":["bronze:CloningBeam+1","bronze:OilSpill+1","Protect"],"picked":"bronze:Shield+1","floor":40},{"not_picked":["bronze:Return+1","bronze:GetLatest","bronze:ForLoop","EmptyMind"],"picked":"Singing Bowl","floor":42},{"not_picked":["bronze:OilSpill+1","bronze:DelayedSlice+1","bronze:Frontload+1","SashWhip"],"picked":"Singing Bowl","floor":45},{"not_picked":["bronze:WhirlingStrike","bronze:BuggyMess","bronze:NullPointer","Judgement"],"picked":"Singing Bowl","floor":46},{"not_picked":["bronze:CutThrough+1","bronze:Overheat","bronze:Branch+1"],"picked":"FollowUp","floor":48},{"not_picked":["bronze:WildBeam","bronze:Branch+1","FollowUp"],"picked":"bronze:Format","floor":49}],"player_experience":521390,"relics_obtained":[{"floor":7.0,"key":"Bronze Scales"},{"floor":11.0,"key":"Bird Faced Urn"},{"floor":13.0,"key":"Singing Bowl"},{"floor":24.0,"key":"White Beast Statue"},{"floor":25.0,"key":"Art of War"},{"floor":29.0,"key":"Tiny Chest"},{"floor":29.0,"key":"hubris:ToyBattleship"},{"floor":31.0,"key":"Pen Nib"},{"floor":39.0,"key":"hubris:DisguiseKit"},{"floor":39.0,"key":"Nunchaku"},{"floor":40,"key":"Bag of Marbles"},{"floor":41,"key":"Toy Ornithopter"}],"event_choices":[{"damage_healed":0.0,"max_hp_gain":0.0,"max_hp_loss":0.0,"gold_gain":0.0,"event_name":"Scrap Ooze","player_choice":"Success","floor":2.0,"gold_loss":0.0,"damage_taken":3.0,"relics_obtained":["CeramicFish"]},{"cards_removed":["bronze:Defend"],"damage_healed":0.0,"max_hp_gain":0.0,"max_hp_loss":0.0,"gold_gain":0.0,"event_name":"Bonfire Elementals","player_choice":"Offered Basic","floor":14.0,"gold_loss":0.0,"damage_taken":0.0},{"damage_healed":0.0,"max_hp_gain":0.0,"max_hp_loss":21.0,"gold_gain":0.0,"event_name":"Vampires","player_choice":"Became a vampire","floor":23.0,"gold_loss":0.0,"damage_taken":0.0,"cards_obtained":["Bite","Bite","Bite","Bite","Bite"]},{"cards_removed":["bronze:Defend"],"damage_healed":0.0,"max_hp_gain":0.0,"max_hp_loss":0.0,"gold_gain":0.0,"event_name":"Falling","player_choice":"Removed Skill","floor":38.0,"gold_loss":0.0,"damage_taken":0.0}],"is_beta":false,"boss_relics":[{"not_picked":["Astrolabe","Busted Crown"],"picked":"bronze:PlatinumCore"},{"not_picked":["Pandora\u0027s Box","Fusion Hammer"],"picked":"hubris:CrackedHourglass"}],"items_purged_floors":[],"is_endless":false,"potions_floor_spawned":[8,12,15,21,25,26,27,28,31,32,33,36,40,42,45,46,48,49],"killed_by":"SI_POISON_ARCHETYPE","ascension_level":0}}