{"host":"b96hyfeqj1peltkw","time":1611985857,"event":{"mods":["AchievementEnabler","Act Like it!","BaseMod","Block Reminder","Gensokyo","Minty Spire (QoL Compilation)","Practice Mode","StSLib"],"gold_per_floor":[117,29,29,10,30,30,48,48,48,78,78,78,78,391,391,468,468,483,443,189,78,96,96,112,112,112,112,112,131,146,46,46,121,121,140,140,15,15,25,25,25],"floor_reached":40,"language":"ENG","playtime":1284,"items_purged":["Strike_B","Storm","Defend_B"],"score":624,"play_id":"02645204-0897-47ca-8d9b-92407cb92c75","local_time":"20210130135057","is_ascension_mode":true,"campfire_choices":[{"data":"Zap","floor":6,"key":"SMITH"},{"data":"Go for the Eyes","floor":8,"key":"SMITH"},{"data":"Melter","floor":11,"key":"SMITH"},{"data":"Skim","floor":13,"key":"SMITH"},{"floor":15,"key":"REST"},{"data":"Reinforced Body","floor":23,"key":"SMITH"},{"floor":27,"key":"REST"},{"floor":32,"key":"REST"}],"circlet_count":0,"master_deck":["AscendersBane","Strike_B","Defend_B","Defend_B","Zap+1","Melter+1","Conserve Battery","Skim+1","Go for the Eyes+1","Seek","Reinforced Body+1","Reprogram+1","Gash","Thunder Strike","Steam"],"relics":["Cracked Core","NeowsBlessing","DataDisk","Black Star","Chemical X","Vajra","Empty Cage","Gensokyo:EmptyGrave"],"acts_visited":["Gensokyo:Gensokyo","Gensokyo:Gensokyoer","Gensokyo:Gensokyoest"],"potions_floor_usage":[40,40],"damage_taken":[{"damage":0,"enemies":"Gensokyo:2_Kodama","floor":1,"turns":1},{"damage":0,"enemies":"Gensokyo:3_Fairies","floor":5,"turns":1},{"damage":0,"enemies":"Gensokyo:Gryphon","floor":7,"turns":1},{"damage":11,"enemies":"Gensokyo:Cirno","floor":10,"turns":6},{"damage":15,"enemies":"Gensokyo:CorruptedTreant","floor":14,"turns":3},{"damage":40,"enemies":"Gensokyo:Yukari","floor":16,"turns":14},{"damage":16,"enemies":"Gensokyo:Chomper","floor":18,"turns":5},{"damage":1,"enemies":"Gensokyo:CosmicMonolith","floor":22,"turns":6},{"damage":36,"enemies":"Gensokyo:Swordslinger","floor":24,"turns":7},{"damage":21,"enemies":"Gensokyo:Mirror_and_Dog","floor":29,"turns":4},{"damage":16,"enemies":"Gensokyo:Wraith","floor":30,"turns":6},{"damage":16,"enemies":"Gensokyo:Eternal_Rivals","floor":33,"turns":14},{"damage":0,"enemies":"Gensokyo:3_Bats","floor":35,"turns":6},{"damage":51,"enemies":"Gensokyo:3_Boulders","floor":39,"turns":10},{"damage":20,"enemies":"Gensokyo:Doremy","floor":40,"turns":2}],"seed_played":"-8698065843937517839","potions_obtained":[{"floor":1,"key":"Strength Potion"},{"floor":5,"key":"FearPotion"}],"is_trial":false,"path_per_floor":["M","$","?","COS","M","R","M","R","T","E","R","?","R","M","R","B",null,"M","?","$","COS","M","R","M","?","T","R","?","M","M","$","R","B",null,"M","?","$","?","M","E"],"character_chosen":"DEFECT","items_purchased":["Storm","Conserve Battery","Chemical X","Reinforced Body"],"campfire_rested":3,"item_purchase_floors":[2,2,20,20],"current_hp_per_floor":[68,68,53,53,53,53,53,53,53,42,42,42,42,27,49,9,59,43,43,43,43,42,42,6,6,6,28,39,18,2,2,24,59,71,71,69,69,69,18,0,0],"gold":25,"neow_bonus":"THREE_ENEMY_KILL","is_daily":false,"chose_seed":false,"campfire_upgraded":5,"win_rate":0.0,"timestamp":1611985857,"path_taken":["M","?","?","COS","?","R","M","R","T","E","R","?","R","?","R","BOSS","M","?","?","COS","M","R","M","?","T","R","?","?","M","$","R","BOSS","M","?","$","?","M","E"],"items_purchased_type":["Card","Card","Relic","Card"],"build_version":"2020-12-22","purchased_purges":3,"victory":false,"max_hp_per_floor":[75,75,75,75,75,75,75,75,75,75,75,75,75,75,75,75,75,75,75,75,75,75,75,75,75,75,75,75,75,75,75,75,75,75,75,69,69,69,69,69,69],"card_choices":[{"not_picked":["Streamline","Ball Lightning"],"picked":"Melter","floor":1},{"not_picked":["Barrage","All For One"],"picked":"Skim","floor":5},{"not_picked":["Beam Cell","Rebound"],"picked":"Go for the Eyes","floor":7},{"not_picked":["Blizzard","Sunder","Conserve Battery"],"picked":"SKIP","floor":10},{"not_picked":["Chill","Genetic Algorithm"],"picked":"Coolheaded","floor":14},{"not_picked":["Buffer","Creative AI"],"picked":"Seek","floor":16},{"not_picked":["Skim","Conserve Battery","Compile Driver"],"picked":"SKIP","floor":18},{"not_picked":["Ball Lightning+1","Leap+1"],"picked":"Reprogram+1","floor":22},{"not_picked":["Machine Learning","Aggregate","BootSequence"],"picked":"SKIP","floor":22},{"not_picked":["Redo","Cold Snap"],"picked":"Gash","floor":24},{"not_picked":["Ball Lightning+1","Chaos","Cold Snap"],"picked":"SKIP","floor":29},{"not_picked":["Sweeping Beam","Leap"],"picked":"Thunder Strike","floor":30},{"not_picked":["Compile Driver+1","Aggregate"],"picked":"Steam","floor":35},{"not_picked":["Streamline","Go for the Eyes+1","Coolheaded+1"],"picked":"SKIP","floor":39}],"player_experience":1369830,"relics_obtained":[{"floor":9,"key":"DataDisk"},{"floor":10,"key":"Unceasing Top"},{"floor":26,"key":"Vajra"}],"event_choices":[],"is_beta":false,"boss_relics":[{"not_picked":["Cursed Key","Fusion Hammer"],"picked":"Black Star"},{"not_picked":["Coffee Dripper","Busted Crown"],"picked":"Empty Cage"}],"items_purged_floors":[20,31,37],"is_endless":false,"potions_floor_spawned":[1,5,29,33,35,39],"killed_by":"Gensokyo:Doremy","ascension_level":13}}