{"host":"2yqfi47fogfu1ic4","time":1611990994,"event":{"mods":["AchievementEnabler","BaseMod","Colored Map","Colored Powertips","Highlight Path","Minty Spire (QoL Compilation)","Permanent Neow","Relic Stats","StSLib"],"gold_per_floor":[116,116,116,128,145,145,156,156,156,156,185,216,263,275,287,373,385,411,438,365,302,302,302,335,335,409,409,426,453,466,366,366,444,444,454,454,454,172,185,185,407,441,441,473,50,50,50,60,60,60,60,60,60,60,87,87,87],"floor_reached":56,"language":"DEU","playtime":4047,"items_purged":["Strike_G","Strike_G","Strike_G"],"score":2008,"play_id":"e77cd770-2a2a-49da-b13a-71d9a27ec35a","local_time":"20210130081634","is_ascension_mode":true,"campfire_choices":[{"data":"Terror","floor":6.0,"key":"SMITH"},{"data":"All Out Attack","floor":8.0,"key":"SMITH"},{"data":"Flying Knee","floor":10.0,"key":"SMITH"},{"data":"Blade Dance","floor":15.0,"key":"SMITH"},{"floor":23.0,"key":"REST"},{"floor":27.0,"key":"REST"},{"data":"Blade Dance","floor":32.0,"key":"SMITH"},{"data":"Bullet Time","floor":40.0,"key":"SMITH"},{"data":"Madness","floor":46,"key":"SMITH"},{"floor":49,"key":"RECALL"},{"floor":53,"key":"REST"}],"circlet_count":0,"master_deck":["AscendersBane","Strike_G","Defend_G","Defend_G","Defend_G","Survivor","Neutralize","Leg Sweep","Calculated Gamble","Terror+1","Flying Knee+1","All Out Attack+1","Blade Dance+1","PiercingWail","Storm of Steel","Burst","Masterful Stab","Leg Sweep","Bullet Time+1","Endless Agony","Slice","Blade Dance+1","After Image","PiercingWail","Madness+1","Madness","Dash","Blade Dance","Accuracy+1","Night Terror"],"relics":["WristBlade","White Beast Statue","MawBank","Thread and Needle","SacredBark","Bag of Marbles","Sundial","Enchiridion","Red Mask","Runic Pyramid","Pen Nib","Ancient Tea Set","CaptainsWheel","Ninja Scroll","Vajra","Lee\u0027s Waffle","Pantograph"],"acts_visited":["Exordium","TheCity","TheBeyond","TheEnding"],"potions_floor_usage":[56],"damage_taken":[{"damage":2.0,"enemies":"Jaw Worm","floor":1.0,"turns":5.0},{"damage":0.0,"enemies":"2 Louse","floor":4.0,"turns":3.0},{"damage":0.0,"enemies":"Small Slimes","floor":5.0,"turns":4.0},{"damage":1.0,"enemies":"3 Louse","floor":7.0,"turns":5.0},{"damage":13.0,"enemies":"Lagavulin","floor":11.0,"turns":7.0},{"damage":0.0,"enemies":"2 Fungi Beasts","floor":12.0,"turns":3.0},{"damage":17.0,"enemies":"3 Sentries","floor":13.0,"turns":6.0},{"damage":2.0,"enemies":"Slime Boss","floor":16.0,"turns":7.0},{"damage":3.0,"enemies":"Spheric Guardian","floor":18.0,"turns":4.0},{"damage":0.0,"enemies":"Shell Parasite","floor":19.0,"turns":3.0},{"damage":18.0,"enemies":"Book of Stabbing","floor":24.0,"turns":4.0},{"damage":13.0,"enemies":"Chosen and Byrds","floor":28.0,"turns":6.0},{"damage":0.0,"enemies":"Masked Bandits","floor":29.0,"turns":3.0},{"damage":0.0,"enemies":"Cultist and Chosen","floor":30.0,"turns":3.0},{"damage":0.0,"enemies":"Champ","floor":33.0,"turns":9.0},{"damage":0.0,"enemies":"3 Shapes","floor":35.0,"turns":7.0},{"damage":6.0,"enemies":"3 Darklings","floor":39.0,"turns":6.0},{"damage":17.0,"enemies":"Giant Head","floor":42.0,"turns":6.0},{"damage":0.0,"enemies":"Nemesis","floor":44.0,"turns":5.0},{"damage":9,"enemies":"Maw","floor":48,"turns":6},{"damage":9,"enemies":"Time Eater","floor":50,"turns":6},{"damage":25,"enemies":"Donu and Deca","floor":51,"turns":12},{"damage":29,"enemies":"Shield and Spear","floor":55,"turns":5},{"damage":89,"enemies":"The Heart","floor":56,"turns":3}],"seed_played":"-2909805234217738913","potions_obtained":[{"floor":5.0,"key":"LiquidBronze"},{"floor":11.0,"key":"SteroidPotion"},{"floor":12.0,"key":"Ancient Potion"},{"floor":13.0,"key":"DuplicationPotion"},{"floor":16.0,"key":"Poison Potion"},{"floor":19.0,"key":"Strength Potion"},{"floor":24.0,"key":"DuplicationPotion"},{"floor":29.0,"key":"AttackPotion"},{"floor":30.0,"key":"Swift Potion"},{"floor":33.0,"key":"Poison Potion"},{"floor":35.0,"key":"SteroidPotion"},{"floor":39.0,"key":"GhostInAJar"},{"floor":44.0,"key":"CultistPotion"}],"is_trial":false,"path_per_floor":["M","?","?","M","M","R","M","R","T","R","E","M","E","?","R","B",null,"M","M","?","$","?","R","E","?","T","R","M","?","M","$","R","B",null,"M","?","?","$","M","R","?","E","T","E","$","R","$","M","R","B","B",null,"R","$","E","B"],"character_chosen":"THE_SILENT","items_purchased":["Pen Nib","Vajra","Lee\u0027s Waffle","Night Terror"],"campfire_rested":3,"item_purchase_floors":[38,45,45,45],"current_hp_per_floor":[57,57,57,57,57,57,56,56,56,56,43,43,26,19,19,17,54,51,51,51,51,33,54,36,15,15,36,23,23,23,23,23,23,59,59,46,46,46,40,40,40,23,23,23,78,78,78,69,69,60,35,67,78,78,49,0,0],"gold":87,"neow_bonus":"BOSS_RELIC","is_daily":false,"chose_seed":false,"campfire_upgraded":7,"win_rate":0.0,"timestamp":1611990994,"path_taken":["M","?","?","M","M","R","M","R","T","R","E","M","E","?","R","BOSS","M","M","?","$","?","R","E","?","T","R","M","?","M","$","R","BOSS","M","?","?","$","M","R","?","E","T","E","$","R","?","M","R","BOSS","BOSS","R","$","E","BOSS"],"items_purchased_type":["Relic","Relic","Relic","Card"],"build_version":"2020-12-22","purchased_purges":3,"victory":false,"max_hp_per_floor":[66,66,66,66,66,66,66,66,66,66,66,66,66,66,66,66,66,66,66,66,66,71,71,71,71,71,71,71,71,71,71,71,71,71,71,71,71,71,71,71,71,71,71,71,78,78,78,78,78,78,78,78,78,78,78,78,78],"relic_stats":{"Lee\u0027s Waffle":55,"counters":[24,128],"Sundial":[6],"Pantograph":25,"Pen Nib":[18],"MawBank":120,"obtain_stats":[{"Lee\u0027s Waffle":45,"SacredBark":17,"Enchiridion":25,"Vajra":45,"Thread and Needle":13,"Pen Nib":38,"MawBank":11,"Ancient Tea Set":42,"White Beast Statue":9,"CaptainsWheel":43,"WristBlade":0,"Sundial":24,"Ninja Scroll":44,"Pantograph":55,"Bag of Marbles":20,"Red Mask":29,"Ring of the Snake":0,"Runic Pyramid":34},{"Lee\u0027s Waffle":19,"SacredBark":8,"Enchiridion":11,"Vajra":19,"Thread and Needle":7,"Pen Nib":16,"MawBank":5,"Ancient Tea Set":18,"White Beast Statue":4,"CaptainsWheel":18,"WristBlade":0,"Sundial":11,"Ninja Scroll":19,"Pantograph":23,"Bag of Marbles":10,"Red Mask":13,"Ring of the Snake":0,"Runic Pyramid":15},{"Lee\u0027s Waffle":96,"SacredBark":40,"Enchiridion":51,"Vajra":96,"Thread and Needle":33,"Pen Nib":79,"MawBank":24,"Ancient Tea Set":91,"White Beast Statue":17,"CaptainsWheel":91,"WristBlade":0,"Sundial":51,"Ninja Scroll":96,"Pantograph":125,"Bag of Marbles":47,"Red Mask":60,"Ring of the Snake":0,"Runic Pyramid":72}]},"card_choices":[{"not_picked":["Acrobatics","Flying Knee"],"picked":"Leg Sweep","floor":1.0},{"not_picked":["Deadly Poison","Flying Knee"],"picked":"Terror","floor":4.0},{"not_picked":["Reflex","Deadly Poison"],"picked":"Flying Knee","floor":5.0},{"not_picked":["Distraction","Backflip"],"picked":"All Out Attack","floor":7.0},{"not_picked":["Distraction","Outmaneuver"],"picked":"Blade Dance","floor":11.0},{"not_picked":["Deadly Poison","Underhanded Strike"],"picked":"PiercingWail","floor":12.0},{"not_picked":["Catalyst","Calculated Gamble"],"picked":"Storm of Steel","floor":13.0},{"not_picked":["Glass Knife","Tools of the Trade"],"picked":"Burst","floor":16.0},{"not_picked":["PiercingWail","Outmaneuver"],"picked":"Masterful Stab","floor":18.0},{"not_picked":["Deflect","Escape Plan"],"picked":"Leg Sweep","floor":19.0},{"not_picked":["Dash","Prepared+1"],"picked":"Bullet Time","floor":24.0},{"not_picked":["Deflect","Heel Hook"],"picked":"Endless Agony","floor":28.0},{"not_picked":["Leg Sweep","Riddle With Holes"],"picked":"Slice","floor":29.0},{"not_picked":["Crippling Poison","Predator"],"picked":"Blade Dance","floor":30.0},{"not_picked":["Night Terror","Grand Finale"],"picked":"After Image","floor":33.0},{"not_picked":["Heel Hook","Predator"],"picked":"PiercingWail","floor":35.0},{"not_picked":["Skewer","Flying Knee+1"],"picked":"Dash","floor":39.0},{"not_picked":["Expertise","Cloak And Dagger"],"picked":"Blade Dance","floor":42.0},{"not_picked":["Predator+1","PiercingWail+1"],"picked":"Accuracy+1","floor":44.0},{"not_picked":["Tactician","Masterful Stab","Terror+1"],"picked":"SKIP","floor":48},{"not_picked":["Dagger Throw+1","Deflect","Flying Knee+1"],"picked":"SKIP","floor":55}],"player_experience":1597533,"relics_obtained":[{"floor":9.0,"key":"White Beast Statue"},{"floor":11.0,"key":"MawBank"},{"floor":13.0,"key":"Thread and Needle"},{"floor":24.0,"key":"Sundial"},{"floor":25.0,"key":"Enchiridion"},{"floor":29.0,"key":"Red Mask"},{"floor":42.0,"key":"Ancient Tea Set"},{"floor":43.0,"key":"CaptainsWheel"},{"floor":44.0,"key":"Ninja Scroll"},{"floor":55,"key":"Pantograph"}],"event_choices":[{"damage_healed":0.0,"max_hp_gain":0.0,"max_hp_loss":0.0,"gold_gain":0.0,"cards_transformed":["Defend_G"],"event_name":"Living Wall","player_choice":"Change","floor":2.0,"gold_loss":0.0,"damage_taken":0.0,"cards_obtained":["Calculated Gamble"]},{"damage_healed":0.0,"max_hp_gain":0.0,"max_hp_loss":0.0,"gold_gain":0.0,"event_name":"Liars Game","player_choice":"Ignored","floor":3.0,"gold_loss":0.0,"damage_taken":0.0},{"cards_removed":["Strike_G"],"damage_healed":0.0,"max_hp_gain":0.0,"max_hp_loss":0.0,"gold_gain":0.0,"event_name":"Golden Wing","player_choice":"Card Removal","floor":14.0,"gold_loss":0.0,"damage_taken":7.0},{"damage_healed":0.0,"max_hp_gain":0.0,"max_hp_loss":0.0,"gold_gain":0.0,"event_name":"Addict","player_choice":"Obtained Relic","floor":20.0,"gold_loss":85.0,"damage_taken":0.0,"relics_obtained":["Bag of Marbles"]},{"damage_healed":0.0,"max_hp_gain":5.0,"max_hp_loss":0.0,"gold_gain":0.0,"event_name":"Forgotten Altar","player_choice":"Shed Blood","floor":22.0,"gold_loss":0.0,"damage_taken":23.0},{"damage_healed":0.0,"max_hp_gain":0.0,"max_hp_loss":0.0,"gold_gain":0.0,"event_name":"Cursed Tome","player_choice":"Obtained Book","floor":25.0,"gold_loss":0.0,"damage_taken":21.0},{"damage_healed":0.0,"max_hp_gain":0.0,"max_hp_loss":0.0,"gold_gain":0.0,"event_name":"Masked Bandits","player_choice":"Fought Bandits","floor":29.0,"gold_loss":0.0,"damage_taken":0.0},{"damage_healed":0.0,"max_hp_gain":0.0,"max_hp_loss":0.0,"gold_gain":0.0,"event_name":"Winding Halls","player_choice":"Embrace Madness","floor":36.0,"gold_loss":0.0,"damage_taken":13.0,"cards_obtained":["Madness","Madness"]},{"cards_removed":["Defend_G"],"damage_healed":0.0,"max_hp_gain":0.0,"max_hp_loss":0.0,"gold_gain":0.0,"event_name":"Falling","player_choice":"Removed Skill","floor":37.0,"gold_loss":0.0,"damage_taken":0.0},{"damage_healed":0.0,"max_hp_gain":0.0,"max_hp_loss":0.0,"gold_gain":222.0,"event_name":"Tomb of Lord Red Mask","player_choice":"Wore Mask","floor":41.0,"gold_loss":0.0,"damage_taken":0.0}],"is_beta":false,"boss_relics":[{"not_picked":["Coffee Dripper","Empty Cage"],"picked":"SacredBark"},{"not_picked":["Tiny House","Sozu"],"picked":"Runic Pyramid"}],"items_purged_floors":[21,31,38],"is_endless":false,"potions_floor_spawned":[5,11,12,13,16,18,19,24,28,29,30,33,35,39,42,44,48,55],"killed_by":"The Heart","ascension_level":20}}