{"host":"yx5rao87132cy5xq","time":1611981310,"event":{"mods":["2.2 Compatiblity","AchievementEnabler","BaseMod","Bestiary","Colored Map","Colored Powertips","Minty Spire (QoL Compilation)","Quick Restart","Relic Stats","Slay-I","SuperFastMode"],"gold_per_floor":[214,214,227,227,244,244,14,14,14,14,47,47,66,77,77,154,154,154,154,154],"floor_reached":19,"language":"ENG","playtime":766,"items_purged":[],"score":292,"play_id":"201db541-b1aa-4051-9347-d5efc876fb09","local_time":"20210130053510","is_ascension_mode":true,"campfire_choices":[{"data":"Bash","floor":6,"key":"SMITH"},{"data":"Shrug It Off","floor":12,"key":"SMITH"},{"data":"Carnage","floor":15,"key":"SMITH"}],"circlet_count":0,"master_deck":["AscendersBane","Strike_R","Strike_R","Strike_R","Strike_R","Strike_R+1","Defend_R","Defend_R","Defend_R","Defend_R","Bash+1","Iron Wave+1","Cleave","Shrug It Off+1","Battle Trance","Carnage+1","Shrug It Off"],"relics":["Burning Blood","Frozen Eye","Pantograph","Singing Bowl","Ectoplasm"],"acts_visited":["Exordium","TheCity"],"potions_floor_usage":[16],"damage_taken":[{"damage":12,"enemies":"2 Louse","floor":1,"turns":3},{"damage":5,"enemies":"Small Slimes","floor":3,"turns":4},{"damage":2,"enemies":"Jaw Worm","floor":5,"turns":5},{"damage":17,"enemies":"3 Sentries","floor":11,"turns":8},{"damage":5,"enemies":"2 Fungi Beasts","floor":13,"turns":3},{"damage":4,"enemies":"Looter","floor":14,"turns":2},{"damage":52,"enemies":"Hexaghost","floor":16,"turns":9},{"damage":24,"enemies":"Shell Parasite","floor":18,"turns":5},{"damage":13,"enemies":"Masked Bandits","floor":19,"turns":3}],"seed_played":"-8866666016906313950","potions_obtained":[{"floor":5,"key":"Regen Potion"},{"floor":13,"key":"Swift Potion"},{"floor":18,"key":"Swift Potion"}],"is_trial":false,"path_per_floor":["M","?","M","?","M","R","$","?","T","$","E","R","M","M","R","B",null,"M","?"],"character_chosen":"IRONCLAD","items_purchased":["Frozen Eye","Battle Trance"],"campfire_rested":0,"item_purchase_floors":[7,7],"current_hp_per_floor":[62,39,40,40,44,44,44,69,69,69,58,58,61,63,63,48,71,55,42,42],"gold":154,"neow_bonus":"HUNDRED_GOLD","is_daily":false,"chose_seed":false,"campfire_upgraded":3,"win_rate":0.0,"timestamp":1611981310,"path_taken":["M","?","M","?","M","R","?","?","T","?","E","R","M","M","R","BOSS","M","?"],"items_purchased_type":["Relic","Card"],"build_version":"2020-12-22","purchased_purges":0,"victory":false,"max_hp_per_floor":[75,75,75,75,75,75,75,75,75,75,75,75,77,77,77,79,79,81,81,81],"relic_stats":{"Singing Bowl":6,"counters":[9,42],"Pantograph":14,"Ectoplasm":14,"obtain_stats":[{"Frozen Eye":7,"Singing Bowl":11,"Pantograph":9,"Ectoplasm":17,"Burning Blood":0},{"Frozen Eye":3,"Singing Bowl":4,"Pantograph":3,"Ectoplasm":7,"Burning Blood":0},{"Frozen Eye":12,"Singing Bowl":20,"Pantograph":12,"Ectoplasm":34,"Burning Blood":0}],"Burning Blood":48},"card_choices":[{"not_picked":["Sword Boomerang","Searing Blow"],"picked":"Iron Wave","floor":1},{"not_picked":["Hemokinesis","Body Slam"],"picked":"Cleave","floor":3},{"not_picked":["Metallicize","Thunderclap"],"picked":"Shrug It Off","floor":5},{"not_picked":["Havoc","Clothesline"],"picked":"Carnage","floor":11},{"not_picked":["Thunderclap","Sword Boomerang","Anger"],"picked":"Singing Bowl","floor":13},{"not_picked":["Seeing Red","Ghostly Armor"],"picked":"Shrug It Off","floor":14},{"not_picked":["Feed","Fiend Fire","Brutality"],"picked":"Singing Bowl","floor":16},{"not_picked":["Clothesline","Headbutt","Wild Strike"],"picked":"Singing Bowl","floor":18}],"player_experience":908628,"relics_obtained":[{"floor":9,"key":"Pantograph"},{"floor":11,"key":"Singing Bowl"}],"event_choices":[{"damage_healed":0,"gold_gain":0,"player_choice":"Entered Light","damage_taken":23,"max_hp_gain":0,"max_hp_loss":0,"event_name":"Shining Light","floor":2,"gold_loss":0,"cards_upgraded":["Strike_R","Iron Wave"]},{"damage_healed":0,"gold_gain":0,"player_choice":"Ignored","damage_taken":0,"max_hp_gain":0,"max_hp_loss":0,"event_name":"Golden Idol","floor":4,"gold_loss":0},{"damage_healed":25,"gold_gain":0,"player_choice":"Banana","damage_taken":0,"max_hp_gain":0,"max_hp_loss":0,"event_name":"Big Fish","floor":8,"gold_loss":0},{"damage_healed":0,"gold_gain":0,"player_choice":"Fought Bandits","damage_taken":0,"max_hp_gain":0,"max_hp_loss":0,"event_name":"Masked Bandits","floor":19,"gold_loss":0}],"is_beta":false,"boss_relics":[{"not_picked":["SacredBark","Runic Cube"],"picked":"Ectoplasm"}],"items_purged_floors":[],"is_endless":false,"potions_floor_spawned":[5,13,14,18],"killed_by":"Masked Bandits","ascension_level":15}}