{"host":"yo9wwslrag05lh37","time":1611971931,"event":{"mods":["AchievementEnabler","BaseMod","Block Reminder","Colored Map","Colored Powertips","GifTheSpireLib","HexUI Lib","Highlight Path","Minty Spire (QoL Compilation)","Rare Cards Sparkle","Relic Stats","StSLib","everything is the same but u backflip on backflip"],"gold_per_floor":[115,126,126,142,156,156,191,58,58,93,93,104,45,45,45,119,119,129,101,101,121,133,133,164,214,214,230,230,247,43,75,75,147,147,167,167,182,228,243,270,120,148,171,71,71,104,104,129,129,129,129,129,129,83,112,112],"floor_reached":57,"language":"ENG","playtime":3527,"items_purged":["Strike_R","Decay","Doubt"],"score":3161,"play_id":"16a94c2c-f363-4909-a892-93c11cab44ac","local_time":"20210130025851","is_ascension_mode":true,"campfire_choices":[{"data":"Bash","floor":6,"key":"SMITH"},{"floor":11,"key":"REST"},{"data":"Carnage","floor":15,"key":"SMITH"},{"data":"Whirlwind","floor":23,"key":"SMITH"},{"floor":28,"key":"REST"},{"data":"Feel No Pain","floor":32,"key":"SMITH"},{"floor":45,"key":"RECALL"},{"data":"Juggernaut","floor":47,"key":"SMITH"},{"data":"Corruption","floor":49,"key":"SMITH"},{"data":"Juggernaut","floor":53,"key":"SMITH"}],"circlet_count":0,"master_deck":["AscendersBane","Bash+1","Disarm","Twin Strike+1","Inflame","Carnage+1","Power Through","Disarm+1","Feel No Pain+1","Shrug It Off+1","Juggernaut+1","Uppercut+1","RitualDagger","Whirlwind+1","Warcry+1","True Grit+1","Second Wind+1","Fiend Fire","Offering+1","Disarm+1","Clash","Headbutt","Brutality","Juggernaut+1","Impervious+1","Hemokinesis","Corruption+1","Havoc+1","Burning Pact+1","Clumsy","True Grit+1","Burning Pact+1","Warcry+1"],"relics":["Burning Blood","Dead Branch","Ice Cream","Mercury Hourglass","Toxic Egg 2","Du-Vu Doll","Cursed Key","Orichalcum","Charon\u0027s Ashes","The Courier","Pandora\u0027s Box","WingedGreaves","Whetstone","Bronze Scales","Art of War","Blue Candle","Bottled Tornado"],"acts_visited":["Exordium","TheCity","TheBeyond","TheEnding"],"potions_floor_usage":[5,10,18,24,24,33,37,51,56],"damage_taken":[{"damage":4,"enemies":"Jaw Worm","floor":1,"turns":4},{"damage":16,"enemies":"Small Slimes","floor":2,"turns":4},{"damage":2,"enemies":"Cultist","floor":4,"turns":3},{"damage":33,"enemies":"Exordium Thugs","floor":5,"turns":6},{"damage":20,"enemies":"3 Sentries","floor":7,"turns":6},{"damage":8,"enemies":"Gremlin Nob","floor":10,"turns":3},{"damage":14,"enemies":"Exordium Wildlife","floor":12,"turns":5},{"damage":9,"enemies":"Hexaghost","floor":16,"turns":10},{"damage":11,"enemies":"Spheric Guardian","floor":18,"turns":3},{"damage":19,"enemies":"2 Thieves","floor":19,"turns":4},{"damage":5,"enemies":"Centurion and Healer","floor":21,"turns":7},{"damage":7,"enemies":"Snecko","floor":22,"turns":6},{"damage":24,"enemies":"Slavers","floor":24,"turns":2},{"damage":2,"enemies":"Snake Plant","floor":27,"turns":3},{"damage":0,"enemies":"Chosen and Byrds","floor":29,"turns":5},{"damage":0,"enemies":"Gremlin Leader","floor":31,"turns":3},{"damage":38,"enemies":"Collector","floor":33,"turns":8},{"damage":8,"enemies":"Orb Walker","floor":35,"turns":2},{"damage":0,"enemies":"3 Darklings","floor":37,"turns":1},{"damage":0,"enemies":"Maw","floor":39,"turns":5},{"damage":0,"enemies":"Reptomancer","floor":40,"turns":3},{"damage":9,"enemies":"Nemesis","floor":42,"turns":1},{"damage":0,"enemies":"Reptomancer","floor":46,"turns":2},{"damage":11,"enemies":"Giant Head","floor":48,"turns":5},{"damage":9,"enemies":"Awakened One","floor":50,"turns":5},{"damage":17,"enemies":"Donu and Deca","floor":51,"turns":2},{"damage":39,"enemies":"Shield and Spear","floor":55,"turns":5},{"damage":18,"enemies":"The Heart","floor":56,"turns":6}],"seed_played":"-6386808996543134263","potions_obtained":[{"floor":1,"key":"LiquidMemories"},{"floor":10,"key":"SteroidPotion"},{"floor":16,"key":"Fruit Juice"},{"floor":18,"key":"SpeedPotion"},{"floor":21,"key":"Energy Potion"},{"floor":33,"key":"DistilledChaos"},{"floor":39,"key":"BlessingOfTheForge"},{"floor":40,"key":"BloodPotion"},{"floor":42,"key":"DistilledChaos"}],"is_trial":false,"path_per_floor":["M","M","?","M","M","R","E","$","T","E","R","M","$","?","R","B",null,"M","M","?","M","M","R","E","?","T","M","R","M","$","E","R","B",null,"M","?","M","T","M","E","$","E","T","$","R","E","R","E","R","B","B",null,"R","$","E","B",null],"character_chosen":"IRONCLAD","items_purchased":["Power Through","Fire Potion","Shrug It Off+1","Fiend Fire","AttackPotion","Burning Pact+1","BloodPotion"],"campfire_rested":2,"item_purchase_floors":[8,8,13,30,30,41,54],"current_hp_per_floor":[68,58,53,57,30,30,16,16,16,14,34,26,26,26,26,23,57,57,44,38,39,38,38,20,20,20,24,45,51,51,57,57,25,61,59,59,65,65,69,69,69,66,66,66,66,69,69,64,64,61,50,64,64,64,31,32],"gold":112,"neow_bonus":"ONE_RARE_RELIC","is_daily":false,"chose_seed":false,"campfire_upgraded":7,"win_rate":0.0,"timestamp":1611971931,"path_taken":["M","M","?","M","M","R","E","$","T","E","R","M","$","?","R","BOSS","M","M","?","M","M","R","E","?","T","?","R","M","$","E","R","BOSS","M","?","M","?","M","E","?","E","T","$","R","E","R","E","R","BOSS","BOSS","R","$","E","BOSS"],"items_purchased_type":["Card","Potion","Card","Card","Potion","Card","Potion"],"build_version":"2020-12-22","purchased_purges":3,"victory":true,"max_hp_per_floor":[68,68,68,68,68,68,68,68,68,68,68,68,68,68,68,68,68,73,73,73,73,73,73,73,73,73,73,73,73,73,73,73,73,73,73,69,69,69,69,69,69,69,69,69,69,69,69,69,69,69,69,69,69,69,69,69],"relic_stats":{"counters":[28,119],"Dead Branch":[420],"Blue Candle":[2],"Charon\u0027s Ashes":[1535],"Whetstone":["Uppercut","Twin Strike"],"Orichalcum":[60],"Cursed Key":3,"Burning Blood":155,"Mercury Hourglass":[387],"Bronze Scales":[98],"Pandora\u0027s Box":["Disarm","Clash","Headbutt","Brutality","Juggernaut","Impervious","Hemokinesis","Corruption"],"Art of War":[4],"obtain_stats":[{"Ice Cream":3,"Dead Branch":0,"Blue Candle":48,"Charon\u0027s Ashes":26,"The Courier":31,"Whetstone":42,"Orichalcum":24,"Bottled Tornado":55,"Cursed Key":17,"Burning Blood":0,"Mercury Hourglass":7,"Du-Vu Doll":10,"Bronze Scales":43,"Pandora\u0027s Box":34,"WingedGreaves":40,"Art of War":46,"Toxic Egg 2":9},{"Ice Cream":2,"Dead Branch":0,"Blue Candle":24,"Charon\u0027s Ashes":13,"The Courier":16,"Whetstone":22,"Orichalcum":13,"Bottled Tornado":27,"Cursed Key":8,"Burning Blood":0,"Mercury Hourglass":5,"Du-Vu Doll":6,"Bronze Scales":22,"Pandora\u0027s Box":17,"WingedGreaves":21,"Art of War":23,"Toxic Egg 2":5},{"Ice Cream":8,"Dead Branch":0,"Blue Candle":101,"Charon\u0027s Ashes":63,"The Courier":74,"Whetstone":94,"Orichalcum":63,"Bottled Tornado":113,"Cursed Key":41,"Burning Blood":0,"Mercury Hourglass":23,"Du-Vu Doll":26,"Bronze Scales":94,"Pandora\u0027s Box":82,"WingedGreaves":93,"Art of War":96,"Toxic Egg 2":23}]},"card_choices":[{"not_picked":["Bloodletting","Sword Boomerang"],"picked":"Disarm","floor":1},{"not_picked":["Perfected Strike","True Grit"],"picked":"Twin Strike","floor":2},{"not_picked":["Armaments","Ghostly Armor"],"picked":"Inflame","floor":4},{"not_picked":["Searing Blow","Thunderclap","Warcry"],"picked":"SKIP","floor":5},{"not_picked":["Anger","Thunderclap"],"picked":"Carnage","floor":7},{"not_picked":["Spot Weakness+1","True Grit+1"],"picked":"Disarm+1","floor":10},{"not_picked":["Inflame","Rupture"],"picked":"Feel No Pain","floor":12},{"not_picked":["Limit Break+1","Reaper"],"picked":"Juggernaut","floor":16},{"not_picked":["Combust","Anger","Flex+1"],"picked":"SKIP","floor":18},{"not_picked":["Blood for Blood","Wild Strike"],"picked":"Uppercut","floor":19},{"not_picked":["Reckless Charge","Clash"],"picked":"Whirlwind","floor":21},{"not_picked":["Carnage","Armaments+1","Rampage"],"picked":"SKIP","floor":22},{"not_picked":["Carnage","Armaments+1","Rampage"],"picked":"SKIP","floor":22},{"not_picked":["Thunderclap","Twin Strike"],"picked":"Warcry+1","floor":24},{"not_picked":["Armaments+1","Wild Strike"],"picked":"True Grit+1","floor":27},{"not_picked":["Flex+1","Dual Wield+1"],"picked":"Second Wind+1","floor":29},{"not_picked":["Juggernaut","Metallicize","Rampage"],"picked":"SKIP","floor":31},{"not_picked":["Demon Form","Exhume+1"],"picked":"Offering+1","floor":33},{"not_picked":["Headbutt","Clash"],"picked":"Havoc+1","floor":35},{"not_picked":["Heavy Blade+1","Cleave"],"picked":"Burning Pact+1","floor":37},{"not_picked":["Heavy Blade","Anger"],"picked":"True Grit+1","floor":39},{"not_picked":["Clothesline","Evolve","Cleave"],"picked":"SKIP","floor":40},{"not_picked":["Flex+1","Pommel Strike","Hemokinesis+1"],"picked":"SKIP","floor":42},{"not_picked":["Havoc+1","Heavy Blade+1","Dropkick+1"],"picked":"SKIP","floor":46},{"not_picked":["Thunderclap","True Grit+1","Second Wind+1"],"picked":"SKIP","floor":48},{"not_picked":["Warcry+1","Flame Barrier+1","Uppercut"],"picked":"SKIP","floor":55},{"not_picked":["Flame Barrier+1","Uppercut"],"picked":"Warcry+1","floor":55}],"player_experience":1527785,"relics_obtained":[{"floor":7,"key":"Mercury Hourglass"},{"floor":9,"key":"Toxic Egg 2"},{"floor":10,"key":"Du-Vu Doll"},{"floor":24,"key":"Orichalcum"},{"floor":26,"key":"Charon\u0027s Ashes"},{"floor":31,"key":"The Courier"},{"floor":40,"key":"WingedGreaves"},{"floor":42,"key":"Whetstone"},{"floor":43,"key":"Bronze Scales"},{"floor":46,"key":"Art of War"},{"floor":48,"key":"Blue Candle"},{"floor":55,"key":"Bottled Tornado"}],"event_choices":[{"damage_healed":0,"gold_gain":0,"player_choice":"Success","damage_taken":5,"relics_obtained":["Ice Cream"],"max_hp_gain":0,"max_hp_loss":0,"event_name":"Scrap Ooze","floor":3,"gold_loss":0},{"damage_healed":0,"gold_gain":0,"player_choice":"Ignored","damage_taken":0,"max_hp_gain":0,"max_hp_loss":0,"event_name":"Liars Game","floor":14,"gold_loss":0},{"damage_healed":0,"gold_gain":0,"player_choice":"Joined the Cult","damage_taken":6,"max_hp_gain":0,"max_hp_loss":0,"event_name":"Nest","floor":20,"gold_loss":0,"cards_obtained":["RitualDagger"]},{"damage_healed":0,"gold_gain":100,"player_choice":"Bet on Murderer","damage_taken":0,"max_hp_gain":0,"max_hp_loss":0,"event_name":"The Joust","floor":25,"gold_loss":50},{"damage_healed":0,"gold_gain":0,"player_choice":"Max HP","damage_taken":0,"max_hp_gain":0,"max_hp_loss":4,"event_name":"Winding Halls","floor":36,"gold_loss":0}],"is_beta":false,"boss_relics":[{"not_picked":["Tiny House","Runic Cube"],"picked":"Cursed Key"},{"not_picked":["Philosopher\u0027s Stone","Astrolabe"],"picked":"Pandora\u0027s Box"}],"items_purged_floors":[30,41,44],"is_endless":false,"potions_floor_spawned":[1,10,16,18,21,22,33,39,40,42,48],"ascension_level":20}}