{"host":"l15sdf2mmi0nobpi","time":1611985537,"event":{"mods":["ATMod(°¢èªMod)","BaseMod","Highlight Path","Minty Spire (QoL Compilation)","Quick Restart","StSLib","¡¾¹¦ÄÜMod¡¿Neow½±Àø"],"gold_per_floor":[119,138,152,165,175,175,191,191,191,191,201,230,249,249,249,323,323,343,355,355,270,284,317,317,344,396,396,396,321,380,399,399,473,473,491,491,511,529,539,539,549,577,577,577,587,487,537,548,548,548,548,548,548,147,177,177],"floor_reached":57,"language":"ZHS","playtime":3381,"items_purged":["Strike_B","Defend_B","Dualcast"],"score":2835,"play_id":"b9cb0a28-9419-4452-ba29-80ea637c0d78","local_time":"20210130134537","is_ascension_mode":true,"campfire_choices":[{"data":"AT_FamilyPortrait","floor":6.0,"key":"SMITH"},{"data":"Streamline","floor":8.0,"key":"SMITH"},{"floor":15.0,"key":"REST"},{"floor":24.0,"key":"REST"},{"data":"Seek","floor":28.0,"key":"SMITH"},{"floor":32.0,"key":"REST"},{"floor":40.0,"key":"REST"},{"floor":44.0,"key":"RECALL"},{"floor":49.0,"key":"REST"},{"data":"Turbo","floor":53,"key":"SMITH"}],"circlet_count":0,"master_deck":["AscendersBane","Defend_B","Defend_B","Defend_B+1","Zap+1","AT_FamilyPortrait+1","CurseOfTheBell","Streamline+1","Cold Snap","AT_RobotInSpace","AT_RightCognition+1","Coolheaded+1","Ghostly","Ghostly","Ghostly","Ball Lightning","Seek+1","Leap","Skim","Echo Form","Biased Cognition","AT_WaterDrop","Defragment+1","Turbo+1","Recycle","AT_StudyProgram+1","Seek"],"relics":["AT_ATBox","Calling Bell","Art of War","Mercury Hourglass","Mango","PreservedInsect","Prayer Wheel","Sozu","AT_BellDemon","Question Card","TungstenRod","War Paint","Empty Cage","Centennial Puzzle","Pantograph","Blood Vial"],"acts_visited":["Exordium","TheCity","TheBeyond","TheEnding"],"potions_floor_usage":[],"damage_taken":[{"damage":13.0,"enemies":"Cultist","floor":1.0,"turns":5.0},{"damage":0.0,"enemies":"2 Louse","floor":2.0,"turns":2.0},{"damage":3.0,"enemies":"Small Slimes","floor":3.0,"turns":2.0},{"damage":11.0,"enemies":"Blue Slaver","floor":4.0,"turns":3.0},{"damage":1.0,"enemies":"2 Fungi Beasts","floor":5.0,"turns":3.0},{"damage":19.0,"enemies":"Exordium Thugs","floor":7.0,"turns":4.0},{"damage":9.0,"enemies":"Large Slime","floor":11.0,"turns":6.0},{"damage":8.0,"enemies":"3 Sentries","floor":12.0,"turns":3.0},{"damage":15.0,"enemies":"Gremlin Gang","floor":13.0,"turns":3.0},{"damage":20.0,"enemies":"Hexaghost","floor":16.0,"turns":10.0},{"damage":31.0,"enemies":"Chosen","floor":18.0,"turns":6.0},{"damage":28.0,"enemies":"3 Byrds","floor":19.0,"turns":6.0},{"damage":10.0,"enemies":"Centurion and Healer","floor":22.0,"turns":13.0},{"damage":3.0,"enemies":"Gremlin Leader","floor":23.0,"turns":8.0},{"damage":1.0,"enemies":"Slavers","floor":25.0,"turns":5.0},{"damage":3.0,"enemies":"Cultist and Chosen","floor":30.0,"turns":7.0},{"damage":5.0,"enemies":"Snecko","floor":31.0,"turns":7.0},{"damage":5.0,"enemies":"Champ","floor":33.0,"turns":13.0},{"damage":0.0,"enemies":"Orb Walker","floor":35.0,"turns":5.0},{"damage":0.0,"enemies":"3 Darklings","floor":37.0,"turns":5.0},{"damage":32.0,"enemies":"Jaw Worm Horde","floor":38.0,"turns":5.0},{"damage":14.0,"enemies":"Spire Growth","floor":39.0,"turns":8.0},{"damage":0.0,"enemies":"Maw","floor":41.0,"turns":9.0},{"damage":11.0,"enemies":"Nemesis","floor":42.0,"turns":7.0},{"damage":0.0,"enemies":"Transient","floor":45.0,"turns":6.0},{"damage":1.0,"enemies":"4 Shapes","floor":48.0,"turns":6.0},{"damage":0.0,"enemies":"Donu and Deca","floor":50.0,"turns":9.0},{"damage":0,"enemies":"Awakened One","floor":51,"turns":9},{"damage":20,"enemies":"Shield and Spear","floor":55,"turns":8},{"damage":18,"enemies":"The Heart","floor":56,"turns":12}],"seed_played":"-1480883254758540370","potions_obtained":[{"floor":2.0,"key":"PowerPotion"},{"floor":3.0,"key":"EntropicBrew"},{"floor":12.0,"key":"Strength Potion"},{"floor":13.0,"key":"GamblersBrew"}],"is_trial":false,"path_per_floor":["M","M","M","M","M","R","M","R","T","?","M","E","M","?","R","B",null,"M","M","?","?","M","E","R","E","T","?","R","$","M","M","R","B",null,"M","?","M","M","M","R","M","E","T","R","M","$","?","M","R","B","B",null,"R","$","E","B",null],"character_chosen":"DEFECT","items_purchased":["Pantograph"],"campfire_rested":5,"item_purchase_floors":[54],"current_hp_per_floor":[65,65,62,51,50,50,31,31,31,26,17,18,3,3,28,8,66,35,7,7,7,5,2,14,13,13,13,13,13,10,5,17,12,35,35,52,52,20,6,21,21,10,10,10,10,10,10,9,24,24,52,52,52,52,32,34],"gold":177,"neow_bonus":"BOSS_RELIC","is_daily":false,"chose_seed":false,"campfire_upgraded":4,"win_rate":0.0,"timestamp":1611985537,"path_taken":["M","M","M","?","M","R","M","R","T","?","?","E","M","?","R","BOSS","M","?","?","?","M","E","R","E","T","?","R","$","M","M","R","BOSS","M","?","M","M","M","R","M","E","T","R","M","?","?","M","R","BOSS","BOSS","R","$","E","BOSS"],"items_purchased_type":["Relic"],"build_version":"2020-12-22","purchased_purges":3,"victory":true,"max_hp_per_floor":[85,85,85,85,85,85,85,85,85,85,85,85,85,85,85,85,85,85,85,42,42,42,42,42,42,42,42,42,42,42,42,42,42,42,42,52,52,52,52,52,52,52,52,52,52,52,52,52,52,52,52,52,52,52,52,52],"card_choices":[{"not_picked":["Steam","Rebound","Gash"],"picked":"SKIP","floor":1.0},{"not_picked":["Steam","Rebound"],"picked":"Gash","floor":1.0},{"not_picked":["Barrage","Compile Driver"],"picked":"Streamline","floor":2.0},{"not_picked":["Capacitor","AT_HeatAcrobatics","Beam Cell"],"picked":"SKIP","floor":3.0},{"not_picked":["Rebound","Thunder Strike","Hologram"],"picked":"SKIP","floor":4.0},{"not_picked":["Turbo","Streamline"],"picked":"Cold Snap","floor":5.0},{"not_picked":["Rebound","Stack","Compile Driver"],"picked":"SKIP","floor":7.0},{"not_picked":["Rebound","Force Field"],"picked":"AT_RobotInSpace","floor":11.0},{"not_picked":["Doom and Gloom","AT_StudyProgram"],"picked":"AT_RightCognition","floor":12.0},{"not_picked":["Leap","Compile Driver","Stack"],"picked":"SKIP","floor":13.0},{"not_picked":["AT_HeatAcrobatics","Streamline","Gash"],"picked":"SKIP","floor":13.0},{"not_picked":["FTL","AT_HeatAcrobatics"],"picked":"Coolheaded+1","floor":18.0},{"not_picked":["Redo","Static Discharge","Gash"],"picked":"SKIP","floor":18.0},{"not_picked":["Barrage","Reprogram","Beam Cell"],"picked":"SKIP","floor":19.0},{"not_picked":["Steam","Streamline","Darkness"],"picked":"SKIP","floor":19.0},{"not_picked":["FTL","Force Field"],"picked":"Ball Lightning","floor":22.0},{"not_picked":["Hologram","Doom and Gloom","Ball Lightning"],"picked":"SKIP","floor":22.0},{"not_picked":["Stack","Sunder"],"picked":"Seek","floor":23.0},{"not_picked":["Gash+1","Stack","Go for the Eyes","Compile Driver"],"picked":"SKIP","floor":25.0},{"not_picked":["Steam","Beam Cell","Hologram"],"picked":"Skim","floor":30.0},{"not_picked":["Steam","Gash","Beam Cell","Rebound+1"],"picked":"SKIP","floor":30.0},{"not_picked":["Turbo","Cold Snap","Doom and Gloom+1"],"picked":"Echo Form","floor":31.0},{"not_picked":["Hologram","Turbo","Sweeping Beam"],"picked":"Biased Cognition","floor":31.0},{"not_picked":["Creative AI","Electrodynamics","Meteor Strike"],"picked":"AT_WaterDrop","floor":33.0},{"not_picked":["Rebound","Turbo","Reinforced Body"],"picked":"Defragment+1","floor":35.0},{"not_picked":["White Noise","Compile Driver","Sweeping Beam","Defragment"],"picked":"SKIP","floor":35.0},{"not_picked":["Go for the Eyes+1","Stack","Barrage"],"picked":"Turbo","floor":37.0},{"not_picked":["Chill","Barrage","Double Energy","Turbo"],"picked":"SKIP","floor":37.0},{"not_picked":["Compile Driver","Cold Snap","Leap","Streamline+1"],"picked":"SKIP","floor":38.0},{"not_picked":["Steam","Chill","Redo","Turbo"],"picked":"SKIP","floor":38.0},{"not_picked":["Sweeping Beam","Rip and Tear+1","Coolheaded+1"],"picked":"Recycle","floor":39.0},{"not_picked":["Undo","Hologram","White Noise","Storm"],"picked":"SKIP","floor":39.0},{"not_picked":["Amplify","Leap","Turbo"],"picked":"AT_StudyProgram+1","floor":41.0},{"not_picked":["Barrage","Stack","Storm","Go for the Eyes"],"picked":"SKIP","floor":41.0},{"not_picked":["Aggregate","Turbo","Redo+1","AT_ThreeBodyProblem"],"picked":"SKIP","floor":42.0},{"not_picked":["Gash","Sweeping Beam","Coolheaded","Barrage"],"picked":"SKIP","floor":45.0},{"not_picked":["AT_HeatAcrobatics","Coolheaded","Ball Lightning+1","Turbo+1"],"picked":"SKIP","floor":45.0},{"not_picked":["Rebound","Sunder","Double Energy"],"picked":"Seek","floor":48.0},{"not_picked":["All For One","Redo","Gash+1","Coolheaded"],"picked":"SKIP","floor":48.0},{"not_picked":["Hello World+1","Redo","Cold Snap+1","Conserve Battery+1"],"picked":"SKIP","floor":55}],"player_experience":498049,"relics_obtained":[{"floor":0.0,"key":"Art of War"},{"floor":0.0,"key":"Mercury Hourglass"},{"floor":0.0,"key":"Mango"},{"floor":9.0,"key":"PreservedInsect"},{"floor":12.0,"key":"Prayer Wheel"},{"floor":23.0,"key":"Question Card"},{"floor":25.0,"key":"TungstenRod"},{"floor":26.0,"key":"War Paint"},{"floor":42.0,"key":"Centennial Puzzle"},{"floor":55,"key":"Blood Vial"}],"event_choices":[{"damage_healed":0.0,"max_hp_gain":0.0,"max_hp_loss":0.0,"gold_gain":0.0,"event_name":"The Woman in Blue","player_choice":"Bought 0 Potions","floor":10.0,"gold_loss":0.0,"damage_taken":0.0},{"damage_healed":0.0,"max_hp_gain":0.0,"max_hp_loss":0.0,"gold_gain":0.0,"event_name":"Accursed Blacksmith","player_choice":"Forge","floor":14.0,"gold_loss":0.0,"damage_taken":0.0,"cards_upgraded":["AT_RightCognition"]},{"damage_healed":0.0,"max_hp_gain":0.0,"max_hp_loss":43.0,"gold_gain":0.0,"event_name":"Ghosts","player_choice":"Became a Ghost","floor":20.0,"gold_loss":0.0,"damage_taken":0.0,"cards_obtained":["Ghostly","Ghostly","Ghostly"]},{"damage_healed":0.0,"max_hp_gain":0.0,"max_hp_loss":0.0,"gold_gain":0.0,"event_name":"Addict","player_choice":"Obtained Relic","floor":21.0,"gold_loss":85.0,"damage_taken":0.0,"relics_obtained":["AT_BellDemon"]},{"damage_healed":0.0,"max_hp_gain":0.0,"max_hp_loss":0.0,"gold_gain":0.0,"cards_transformed":["Strike_B","Strike_B"],"event_name":"Drug Dealer","player_choice":"Became Test Subject","floor":27.0,"gold_loss":0.0,"damage_taken":0.0,"cards_obtained":["Leap","Rainbow"]},{"cards_removed":["Rainbow"],"damage_healed":7.0,"max_hp_gain":10.0,"max_hp_loss":0.0,"gold_gain":0.0,"event_name":"Bonfire Elementals","player_choice":"Offered Rare","floor":36.0,"gold_loss":0.0,"damage_taken":0.0},{"damage_healed":0.0,"max_hp_gain":0.0,"max_hp_loss":0.0,"gold_gain":50.0,"event_name":"Golden Shrine","player_choice":"Pray","floor":47.0,"gold_loss":0.0,"damage_taken":0.0}],"is_beta":false,"boss_relics":[{"not_picked":["Black Star","Coffee Dripper"],"picked":"Sozu"},{"not_picked":["Runic Dome","SacredBark"],"picked":"Empty Cage"}],"items_purged_floors":[29,46,54],"is_endless":false,"potions_floor_spawned":[2,3,7,12,13,18,23,30,35,37,39],"ascension_level":20}}