{"host":"ytv3ru9tdqpvv9vj","time":1611986057,"event":{"mods":["BaseMod","Minty Spire (QoL Compilation)","Replay The Spire","StSLib"],"gold_per_floor":[110,129,129,148,15,45,45,76,76,76,91,111,121,154,154,258,258,272,161,161,176,176,191,191,220,275,275,288,301,312,312,312,330,330,425,425,440,440,455,117,132,166,166,218,218,218,218],"floor_reached":46,"language":"ENG","playtime":2840,"items_purged":["Strike_G","Calculated Gamble"],"score":492,"play_id":"cf9071ad-6318-4d86-aa6e-4bc81408c782","local_time":"20210130155417","is_ascension_mode":false,"campfire_choices":[{"data":"Dramatic Entrance","floor":7,"key":"SMITH"},{"data":"Deadly Poison","floor":10,"key":"SMITH"},{"data":"Backstab","floor":15,"key":"SMITH"},{"data":"Bouncing Flask","floor":24,"key":"SMITH"},{"data":"Catalyst","floor":27,"key":"SMITH"},{"floor":34,"key":"REST"},{"data":"Adrenaline","floor":43,"key":"SMITH"}],"circlet_count":0,"master_deck":["Strike_G+1","Defend_G","Defend_G","Defend_G","Survivor","PiercingWail","Flying Knee+1","Bane","Backstab+1","Deadly Poison+1","Dramatic Entrance+1","Flying Knee","Blade Dance","Quick Slash","Flying Knee","Adrenaline+1","Phantasmal Killer","Outmaneuver+1","Bouncing Flask+1","Catalyst+1","Terror+1","Slice","Backstab","Burst","Slice+1","AbeCurse","Replay:Bag of Tricks","Deadly Poison","Footwork+1","Poisoned Stab","Adrenaline","Adrenaline"],"relics":["Ring of the Snake","Replay:PocketPolymizer","Pantograph","Shuriken","Gremlin Horn","WristBlade","Question Card","Divine Protection","Simple Rune","Replay:Grab Bag","Philosopher\u0027s Stone","Sozu","Empty Cage","Mercury Hourglass","Juzu Bracelet","Mango","Bag of Preparation"],"acts_visited":["Exordium","TheCity","TheBeyond"],"potions_floor_usage":[6,8,14,25,33],"damage_taken":[{"damage":2,"enemies":"Small Slimes","floor":1,"turns":5},{"damage":0,"enemies":"Cultist","floor":2,"turns":5},{"damage":0,"enemies":"2 Louse","floor":4,"turns":2},{"damage":0,"enemies":"Replay:BlueRogue","floor":6,"turns":6},{"damage":8,"enemies":"Lagavulin","floor":8,"turns":5},{"damage":0,"enemies":"Large Slime","floor":11,"turns":3},{"damage":0,"enemies":"Gremlin Gang","floor":12,"turns":1},{"damage":0,"enemies":"Lots of Slimes","floor":13,"turns":1},{"damage":0,"enemies":"Gremlin Nob","floor":14,"turns":2},{"damage":0,"enemies":"Slime Boss","floor":16,"turns":5},{"damage":0,"enemies":"Spheric Guardian","floor":18,"turns":1},{"damage":0,"enemies":"Chosen","floor":21,"turns":2},{"damage":0,"enemies":"Sentry and Sphere","floor":23,"turns":2},{"damage":27,"enemies":"Replay:Snechameleon","floor":25,"turns":2},{"damage":0,"enemies":"Centurion and Healer","floor":28,"turns":3},{"damage":13,"enemies":"Snake Plant","floor":29,"turns":2},{"damage":0,"enemies":"Snecko","floor":30,"turns":2},{"damage":6,"enemies":"Chosen and Byrds","floor":33,"turns":3},{"damage":20,"enemies":"Pondfish","floor":35,"turns":9},{"damage":4,"enemies":"3 Shapes","floor":37,"turns":1},{"damage":0,"enemies":"Orb Walker","floor":39,"turns":2},{"damage":0,"enemies":"Sphere and 2 Shapes","floor":41,"turns":3},{"damage":9,"enemies":"R_Hoarder","floor":42,"turns":5},{"damage":15,"enemies":"2 Orb Walkers","floor":44,"turns":4},{"damage":57,"enemies":"Nemesis","floor":46,"turns":4}],"seed_played":"-9022382299453429093","potions_obtained":[{"floor":2,"key":"Swift Potion"},{"floor":4,"key":"SmokeBomb"},{"floor":6,"key":"PowerPotion"},{"floor":11,"key":"LifebloodPotion"},{"floor":18,"key":"Death Potion"},{"floor":25,"key":"EssenceOfSteel"},{"floor":35,"key":"Ancient Potion"}],"is_trial":false,"path_per_floor":["M","M","?","M","$","E","R","E","T","R","M","M","M","E","R","B",null,"M","$","?","M","?","M","R","E","T","R","M","M","M","PTL","PTL","M","R","B",null,"M","?","M","$","M","E","R","?","T","E"],"character_chosen":"THE_SILENT","items_purchased":["Deadly Poison","Dramatic Entrance","Bouncing Flask","Mercury Hourglass"],"campfire_rested":1,"item_purchase_floors":[5,5,19,40],"current_hp_per_floor":[68,68,68,68,68,68,68,60,60,60,60,60,60,60,60,70,70,70,70,70,70,70,70,70,43,43,43,43,30,30,30,30,24,45,50,70,66,66,66,66,66,57,57,56,56,0,0],"gold":218,"neow_bonus":"TRANSFORM_CARD","is_daily":false,"chose_seed":false,"campfire_upgraded":6,"win_rate":0.0,"timestamp":1611986057,"path_taken":["M","M","?","M","$","E","R","E","T","R","M","?","M","E","R","BOSS","M","$","?","M","?","M","R","E","T","R","M","M","?","PTL","PTL","?","R","BOSS","M","?","M","$","M","E","R","?","T","E"],"items_purchased_type":["Card","Card","Card","Relic"],"build_version":"2020-12-22","purchased_purges":2,"victory":false,"max_hp_per_floor":[70,70,70,70,70,70,70,70,70,70,70,70,70,70,70,70,70,70,70,70,70,70,70,70,70,70,70,70,70,70,70,70,70,70,70,70,70,70,70,70,70,70,70,84,84,84,84],"card_choices":[{"not_picked":["Hidden Blade","Heel Hook"],"picked":"Flying Knee","floor":1},{"not_picked":["Dodge and Roll","Slice"],"picked":"Bane","floor":2},{"not_picked":["Infinite Blades","Leg Sweep"],"picked":"Backstab","floor":4},{"not_picked":["Riddle With Holes","ReplayTheSpireMod:Tripwire"],"picked":"Flying Knee","floor":6},{"not_picked":["ReplayTheSpireMod:From All Sides","Flechettes"],"picked":"Dagger Throw","floor":8},{"not_picked":["Finisher","Dodge and Roll"],"picked":"Prepared","floor":11},{"not_picked":["Slice","Tactician"],"picked":"Quick Slash","floor":12},{"not_picked":["Dodge and Roll","Acrobatics"],"picked":"Flying Knee","floor":13},{"not_picked":["Blade Dance","Masterful Stab","Dagger Spray"],"picked":"SKIP","floor":14},{"not_picked":["Bullet Time","ReplayTheSpireMod:From All Sides"],"picked":"Phantasmal Killer","floor":16},{"not_picked":["Flying Knee","Expertise"],"picked":"Outmaneuver+1","floor":18},{"not_picked":["Draining Mist+1","ReplayTheSpireMod:Shiv Toss"],"picked":"Terror+1","floor":21},{"not_picked":["Footwork+1","Prepared+1","Reflex"],"picked":"Slice","floor":23},{"not_picked":["PiercingWail","Sucker Punch+1","Bane"],"picked":"Backstab","floor":25},{"not_picked":["Escape Plan","Quick Slash","Prepared"],"picked":"Slice+1","floor":28},{"not_picked":["Underhanded Strike","Calculated Gamble+1","Quick Slash","Finisher+1"],"picked":"SKIP","floor":29},{"not_picked":["Deflect","ReplayTheSpireMod:Shiv Toss","PiercingWail","Skewer"],"picked":"SKIP","floor":30},{"not_picked":["Underhanded Strike","Outmaneuver","Acrobatics","Prepared"],"picked":"SKIP","floor":33},{"not_picked":["Bullet Time","Atom Bomb","Burst"],"picked":"Replay:Bag of Tricks","floor":35},{"not_picked":["Outmaneuver+1","Dagger Spray","Draining Mist+1"],"picked":"Deadly Poison","floor":37},{"not_picked":["PiercingWail","Flying Knee","Acrobatics"],"picked":"Footwork+1","floor":39},{"not_picked":["Dagger Spray+1","Deflect+1","Quick Slash"],"picked":"Poisoned Stab","floor":41},{"not_picked":["Endless Agony","ReplayTheSpireMod:Shiv Toss","Venomology"],"picked":"Adrenaline","floor":42}],"player_experience":51393,"relics_obtained":[{"floor":6,"key":"Replay:PocketPolymizer"},{"floor":8,"key":"Pantograph"},{"floor":9,"key":"Shuriken"},{"floor":14,"key":"Gremlin Horn"},{"floor":25,"key":"Divine Protection"},{"floor":26,"key":"Simple Rune"},{"floor":42,"key":"Juzu Bracelet"},{"floor":44,"key":"Mango"},{"floor":45,"key":"Bag of Preparation"}],"event_choices":[{"damage_healed":0,"gold_gain":0,"player_choice":"Upgraded","damage_taken":0,"max_hp_gain":0,"max_hp_loss":0,"event_name":"Upgrade Shrine","floor":3,"gold_loss":0,"cards_upgraded":["Flying Knee"]},{"damage_healed":0,"gold_gain":0,"player_choice":"Read","damage_taken":0,"max_hp_gain":0,"max_hp_loss":0,"event_name":"The Library","floor":20,"gold_loss":0,"cards_obtained":["Catalyst"]},{"damage_healed":0,"gold_gain":0,"player_choice":"Gave Potion","damage_taken":0,"relics_obtained":["Question Card"],"max_hp_gain":0,"max_hp_loss":0,"event_name":"WeMeetAgain","floor":22,"gold_loss":0},{"damage_healed":0,"gold_gain":0,"player_choice":"Fight","damage_taken":0,"max_hp_gain":0,"max_hp_loss":0,"event_name":"Mysterious Sphere","floor":44,"gold_loss":0}],"is_beta":false,"boss_relics":[{"not_picked":["Replay:Bronze Core","SlaversCollar"],"picked":"WristBlade"},{"not_picked":["Replay:Drink Me","Calling Bell"],"picked":"Replay:Grab Bag"},{"not_picked":["Velvet Choker","Fusion Hammer"],"picked":"Philosopher\u0027s Stone"},{"not_picked":["Coffee Dripper","Runic Dome"],"picked":"Sozu"},{"not_picked":["Runic Pyramid","SacredBark"],"picked":"Empty Cage"}],"items_purged_floors":[19,40],"is_endless":false,"potions_floor_spawned":[2,4,6,11,18,25,35,42],"killed_by":"Nemesis","ascension_level":0}}