{"host":"szp1d6dso4pv7ddl","time":1611980099,"event":{"mods":["AchievementEnabler","Alarm Clock","BaseMod","Bestiary","Block Reminder","Colored Map","Colored Powertips","Curses Come First","Dark Map","Displayed Cursed Tome","Highlight Path","Minty Spire (QoL Compilation)","Permanent Neow","Quick Restart","Relic Sorter","Relic Stats","StSLib","Synergy Search"],"gold_per_floor":[116,133,79,97,97,97,97,109,109,109,109,135,135,150,150,244,307,325,2,2,2,26,26,49,68,93,117,117,117],"floor_reached":28,"language":"ENG","playtime":1794,"items_purged":["Strike_G"],"score":481,"play_id":"28d736e2-5699-4d94-8a3e-82fa9e9062bc","local_time":"20210129201459","is_ascension_mode":true,"campfire_choices":[{"data":"Bouncing Flask","floor":6.0,"key":"SMITH"},{"data":"Blur","floor":10.0,"key":"SMITH"},{"data":"Dodge and Roll","floor":15.0,"key":"SMITH"},{"data":"Catalyst","floor":23,"key":"SMITH"}],"circlet_count":0,"master_deck":["AscendersBane","Strike_G","Strike_G","Strike_G","Defend_G","Defend_G","Defend_G","Defend_G","Defend_G","Survivor","Neutralize","Bouncing Flask+1","Blur+1","Dagger Spray","Acrobatics+1","Deadly Poison","Dodge and Roll+1","Adrenaline","Crippling Poison","Catalyst+1","Leg Sweep+1","Setup","PiercingWail","Tools of the Trade"],"relics":["Coffee Dripper","Blue Candle","Golden Idol","Oddly Smooth Stone","Tiny House","TheAbacus","Dream Catcher"],"acts_visited":["Exordium","TheCity"],"potions_floor_usage":[24,25,27,28],"damage_taken":[{"damage":2.0,"enemies":"2 Louse","floor":1.0,"turns":3.0},{"damage":1.0,"enemies":"Small Slimes","floor":2.0,"turns":3.0},{"damage":4.0,"enemies":"Jaw Worm","floor":4.0,"turns":4.0},{"damage":4.0,"enemies":"3 Louse","floor":8.0,"turns":4.0},{"damage":6.0,"enemies":"Large Slime","floor":14.0,"turns":5.0},{"damage":0.0,"enemies":"The Guardian","floor":16.0,"turns":7.0},{"damage":6,"enemies":"Spheric Guardian","floor":18,"turns":5},{"damage":5,"enemies":"3 Byrds","floor":22,"turns":5},{"damage":5,"enemies":"Centurion and Healer","floor":24,"turns":8},{"damage":6,"enemies":"Cultist and Chosen","floor":25,"turns":7},{"damage":30,"enemies":"Chosen and Byrds","floor":27,"turns":11},{"damage":5,"enemies":"3 Cultists","floor":28,"turns":4}],"seed_played":"3717846512945515918","potions_obtained":[{"floor":4.0,"key":"DuplicationPotion"},{"floor":14.0,"key":"Energy Potion"},{"floor":16.0,"key":"Swift Potion"},{"floor":17.0,"key":"Weak Potion"},{"floor":24,"key":"SkillPotion"},{"floor":25,"key":"Block Potion"}],"is_trial":false,"path_per_floor":["M","M","?","M","?","R","?","M","T","R","?","T","?","M","R","B",null,"M","$","?","?","M","R","M","M","T","M","M"],"character_chosen":"THE_SILENT","items_purchased":["Catalyst","TheAbacus"],"campfire_rested":0,"item_purchase_floors":[19,19],"current_hp_per_floor":[57,56,56,52,26,26,26,22,22,22,22,22,22,16,16,16,54,48,48,48,48,43,43,38,32,32,2,0,0],"gold":117,"neow_bonus":"BOSS_RELIC","is_daily":false,"chose_seed":false,"campfire_upgraded":4,"win_rate":0.0,"timestamp":1611980099,"path_taken":["M","M","?","M","?","R","?","M","T","R","?","?","?","M","R","BOSS","M","$","?","?","M","R","M","M","T","M","M"],"items_purchased_type":["Card","Relic"],"build_version":"2020-12-22","purchased_purges":1,"victory":false,"max_hp_per_floor":[66,66,66,66,66,66,66,66,66,66,60,60,60,60,60,60,65,65,65,65,65,65,65,65,65,65,65,65,65],"relic_stats":{"Dream Catcher":0,"TheAbacus":[48],"counters":[12,66],"Golden Idol":58,"Blue Candle":[0],"obtain_stats":[{"Dream Catcher":26,"Tiny House":17,"TheAbacus":19,"Golden Idol":11,"Blue Candle":9,"Oddly Smooth Stone":12,"Coffee Dripper":0,"Ring of the Snake":0},{"Dream Catcher":10,"Tiny House":6,"TheAbacus":7,"Golden Idol":4,"Blue Candle":4,"Oddly Smooth Stone":4,"Coffee Dripper":0,"Ring of the Snake":0},{"Dream Catcher":51,"Tiny House":26,"TheAbacus":31,"Golden Idol":14,"Blue Candle":14,"Oddly Smooth Stone":14,"Coffee Dripper":0,"Ring of the Snake":0}]},"card_choices":[{"not_picked":["Dagger Throw","Skewer"],"picked":"Bouncing Flask","floor":1.0},{"not_picked":["Backflip","Setup"],"picked":"Blur","floor":2.0},{"not_picked":["Quick Slash","Blade Dance"],"picked":"Dagger Spray","floor":4.0},{"not_picked":["Dagger Throw","Bane"],"picked":"Deadly Poison","floor":8.0},{"not_picked":["Prepared","Masterful Stab"],"picked":"Dodge and Roll","floor":14.0},{"not_picked":["Phantasmal Killer","Glass Knife"],"picked":"Adrenaline","floor":16.0},{"not_picked":["Backflip","Bane"],"picked":"Crippling Poison","floor":17.0},{"not_picked":["Outmaneuver","Poisoned Stab","Acrobatics"],"picked":"SKIP","floor":18},{"not_picked":["PiercingWail","Noxious Fumes"],"picked":"Leg Sweep+1","floor":22},{"not_picked":["Endless Agony","Bane"],"picked":"Setup","floor":24},{"not_picked":["Sucker Punch","Finisher"],"picked":"PiercingWail","floor":25},{"not_picked":["Bane+1","PiercingWail"],"picked":"Tools of the Trade","floor":27}],"player_experience":1314379,"relics_obtained":[{"floor":9.0,"key":"Blue Candle"},{"floor":12.0,"key":"Oddly Smooth Stone"},{"floor":26,"key":"Dream Catcher"}],"event_choices":[{"damage_healed":0.0,"max_hp_gain":0.0,"max_hp_loss":0.0,"gold_gain":0.0,"event_name":"World of Goop","player_choice":"Left Gold","floor":3.0,"gold_loss":54.0,"damage_taken":0.0},{"damage_healed":0.0,"max_hp_gain":0.0,"max_hp_loss":0.0,"gold_gain":0.0,"event_name":"Scrap Ooze","player_choice":"Fled","floor":5.0,"gold_loss":0.0,"damage_taken":26.0},{"damage_healed":0.0,"max_hp_gain":0.0,"max_hp_loss":0.0,"gold_gain":0.0,"cards_transformed":["Strike_G"],"event_name":"Living Wall","player_choice":"Change","floor":7.0,"gold_loss":0.0,"damage_taken":0.0,"cards_obtained":["Acrobatics"]},{"damage_healed":0.0,"max_hp_gain":0.0,"max_hp_loss":6.0,"gold_gain":0.0,"event_name":"Golden Idol","player_choice":"Lose Max HP","floor":11.0,"gold_loss":0.0,"damage_taken":0.0,"relics_obtained":["Golden Idol"]},{"damage_healed":0.0,"max_hp_gain":0.0,"max_hp_loss":0.0,"gold_gain":0.0,"event_name":"Golden Wing","player_choice":"Ignored","floor":13.0,"gold_loss":0.0,"damage_taken":0.0},{"damage_healed":0,"gold_gain":0,"player_choice":"Ignored","damage_taken":0,"max_hp_gain":0,"max_hp_loss":0,"event_name":"Vampires","floor":20,"gold_loss":0},{"damage_healed":0,"gold_gain":0,"player_choice":"Ignored","damage_taken":0,"max_hp_gain":0,"max_hp_loss":0,"event_name":"Cursed Tome","floor":21,"gold_loss":0}],"is_beta":false,"boss_relics":[{"not_picked":["Black Star","Busted Crown"],"picked":"Tiny House"}],"items_purged_floors":[19],"is_endless":false,"potions_floor_spawned":[4,14,16,24,25],"killed_by":"3 Cultists","ascension_level":17}}