{"host":"FirstDane","time":1611990249,"event":{"mods":["BaseMod","Bestiary","Highlight Path","Minty Spire (QoL Compilation)","Relic Stats","Slay the Relics Exporter"],"gold_per_floor":[118,138,108,118,131,131,166,166,166,201,211,211,242,256,256,328,328,347,367,380,68,81,81,112,112,112,112,137,166,189,201,213,296,308,331,363,388,400,427,472,530,568,650,662,43,43,43,69,69,69,69,69,69,69,98,98],"floor_reached":57,"language":"ENG","playtime":5174,"items_purged":["Strike_G"],"score":2838,"play_id":"ebc1dbb5-1dad-4bb4-a159-118317f8b6e7","local_time":"20210130010409","is_ascension_mode":true,"campfire_choices":[{"data":"Finisher","floor":6,"key":"SMITH"},{"data":"Cloak And Dagger","floor":8,"key":"SMITH"},{"floor":12,"key":"REST"},{"data":"Blade Dance","floor":15,"key":"SMITH"},{"data":"Wraith Form v2","floor":23,"key":"SMITH"},{"data":"Envenom","floor":25,"key":"SMITH"},{"floor":27,"key":"REST"},{"data":"Catalyst","floor":32,"key":"SMITH"},{"floor":47,"key":"RECALL"},{"data":"Burst","floor":49,"key":"SMITH"},{"data":"Wraith Form v2","floor":53,"key":"SMITH"}],"circlet_count":0,"master_deck":["AscendersBane","Strike_G","Defend_G","Defend_G","Defend_G","Defend_G","Survivor","Neutralize","Poisoned Stab","Finisher+1","Slice","Cloak And Dagger+1","Deadly Poison","Backflip","Blade Dance+1","Wraith Form v2+1","PiercingWail","Venomology","Envenom+1","Outmaneuver","Wraith Form v2+1","Catalyst+1","Tactician","A Thousand Cuts","After Image","Night Terror","Backflip+1","Sadistic Nature","Burst+1","PiercingWail"],"relics":["Ring of the Snake","Regal Pillow","Snake Skull","Gremlin Horn","Runic Pyramid","Juzu Bracelet","MawBank","SlaversCollar","Bronze Scales","Turnip","HornCleat","Bottled Lightning","Anchor","Eternal Feather","Lizard Tail","Pen Nib","Shuriken"],"acts_visited":["Exordium","TheCity","TheBeyond","TheEnding"],"potions_floor_usage":[7,7,10,22,24,28,30,33,36,37,40,41,42,51,55,56,56,56],"damage_taken":[{"damage":2,"enemies":"Jaw Worm","floor":1,"turns":6},{"damage":0,"enemies":"Cultist","floor":2,"turns":3},{"damage":0,"enemies":"Small Slimes","floor":4,"turns":3},{"damage":6,"enemies":"Blue Slaver","floor":5,"turns":4},{"damage":0,"enemies":"Gremlin Nob","floor":7,"turns":2},{"damage":0,"enemies":"Gremlin Gang","floor":10,"turns":5},{"damage":8,"enemies":"2 Fungi Beasts","floor":11,"turns":3},{"damage":18,"enemies":"3 Sentries","floor":13,"turns":10},{"damage":0,"enemies":"Red Slaver","floor":14,"turns":4},{"damage":17,"enemies":"Slime Boss","floor":16,"turns":7},{"damage":0,"enemies":"Spheric Guardian","floor":18,"turns":1},{"damage":5,"enemies":"3 Byrds","floor":19,"turns":5},{"damage":0,"enemies":"Centurion and Healer","floor":20,"turns":5},{"damage":11,"enemies":"Snake Plant","floor":22,"turns":6},{"damage":23,"enemies":"Slavers","floor":24,"turns":4},{"damage":8,"enemies":"Book of Stabbing","floor":28,"turns":5},{"damage":0,"enemies":"Snecko","floor":29,"turns":5},{"damage":1,"enemies":"Cultist and Chosen","floor":30,"turns":6},{"damage":21,"enemies":"Automaton","floor":33,"turns":10},{"damage":1,"enemies":"3 Shapes","floor":35,"turns":9},{"damage":3,"enemies":"Orb Walker","floor":36,"turns":4},{"damage":1,"enemies":"Transient","floor":37,"turns":6},{"damage":1,"enemies":"3 Darklings","floor":39,"turns":8},{"damage":1,"enemies":"Nemesis","floor":40,"turns":7},{"damage":12,"enemies":"2 Orb Walkers","floor":41,"turns":6},{"damage":10,"enemies":"Reptomancer","floor":42,"turns":7},{"damage":0,"enemies":"Nemesis","floor":48,"turns":5},{"damage":8,"enemies":"Time Eater","floor":50,"turns":8},{"damage":29,"enemies":"Awakened One","floor":51,"turns":13},{"damage":5,"enemies":"Shield and Spear","floor":55,"turns":9},{"damage":44,"enemies":"The Heart","floor":56,"turns":8}],"seed_played":"420158917188178976","potions_obtained":[{"floor":3,"key":"FearPotion"},{"floor":3,"key":"DistilledChaos"},{"floor":7,"key":"ColorlessPotion"},{"floor":10,"key":"PowerPotion"},{"floor":19,"key":"Weak Potion"},{"floor":24,"key":"Weak Potion"},{"floor":30,"key":"Ancient Potion"},{"floor":40,"key":"Energy Potion"}],"is_trial":false,"path_per_floor":["M","M","?","M","M","R","E","R","T","M","M","R","E","M","R","B",null,"M","M","M","$","M","R","E","R","T","R","E","M","M","?","R","B",null,"M","M","M","?","M","E","?","E","T","?","$","T","R","E","R","B","B",null,"R","$","E","B",null],"character_chosen":"THE_SILENT","items_purchased":["Venomology","Envenom","Anchor","Eternal Feather","Sadistic Nature"],"campfire_rested":2,"item_purchase_floors":[21,21,45,45,45],"current_hp_per_floor":[42,42,42,42,36,36,36,36,36,36,28,62,44,44,44,27,56,56,51,51,51,40,40,17,17,17,51,43,43,42,42,42,21,55,54,51,50,50,49,48,36,26,26,26,26,26,41,41,56,48,19,52,63,63,58,14],"gold":98,"neow_bonus":"REMOVE_TWO","is_daily":false,"chose_seed":false,"campfire_upgraded":8,"win_rate":0.0,"timestamp":1611990249,"path_taken":["M","M","?","M","M","R","E","R","T","M","?","R","E","M","R","BOSS","M","M","?","$","M","R","E","R","T","R","E","M","M","?","R","BOSS","M","M","M","?","M","E","?","E","T","?","$","?","R","E","R","BOSS","BOSS","R","$","E","BOSS"],"items_purchased_type":["Card","Card","Relic","Relic","Card"],"build_version":"2020-12-18","purchased_purges":1,"victory":true,"max_hp_per_floor":[66,66,66,66,66,66,66,66,66,66,66,66,66,66,66,66,66,66,66,66,66,66,66,66,66,66,66,66,66,66,66,66,66,66,66,66,66,63,63,63,63,63,63,63,63,63,63,63,63,63,63,63,63,63,63,63],"relic_stats":{"Regal Pillow":30,"Gremlin Horn":[26,26],"counters":[31,184],"Eternal Feather":41,"Snake Skull":[270],"Pen Nib":[6],"Juzu Bracelet":0,"MawBank":204,"Lizard Tail":0,"Shuriken":[3],"Bronze Scales":[377],"Turnip":[3],"obtain_stats":[{"Regal Pillow":7,"Gremlin Horn":13,"Eternal Feather":45,"Snake Skull":9,"Pen Nib":48,"Juzu Bracelet":24,"MawBank":28,"SlaversCollar":34,"Anchor":45,"Lizard Tail":46,"HornCleat":42,"Shuriken":55,"Bronze Scales":40,"Turnip":41,"Bottled Lightning":43,"Ring of the Snake":0,"Runic Pyramid":17},{"Regal Pillow":5,"Gremlin Horn":8,"Eternal Feather":26,"Snake Skull":5,"Pen Nib":27,"Juzu Bracelet":15,"MawBank":16,"SlaversCollar":19,"Anchor":26,"Lizard Tail":26,"HornCleat":26,"Shuriken":30,"Bronze Scales":24,"Turnip":25,"Bottled Lightning":26,"Ring of the Snake":0,"Runic Pyramid":10},{"Regal Pillow":18,"Gremlin Horn":36,"Eternal Feather":141,"Snake Skull":18,"Pen Nib":146,"Juzu Bracelet":68,"MawBank":73,"SlaversCollar":94,"Anchor":141,"Lizard Tail":141,"HornCleat":141,"Shuriken":176,"Bronze Scales":128,"Turnip":134,"Bottled Lightning":141,"Ring of the Snake":0,"Runic Pyramid":47}],"Ring of the Snake":[62]},"card_choices":[{"not_picked":["Cloak And Dagger","Sucker Punch"],"picked":"Poisoned Stab","floor":1},{"not_picked":["Quick Slash","Eviscerate"],"picked":"Finisher","floor":2},{"not_picked":["Outmaneuver","Deadly Poison"],"picked":"Slice","floor":4},{"not_picked":["Prepared","Underhanded Strike"],"picked":"Cloak And Dagger","floor":5},{"not_picked":["Deflect","Prepared","Riddle With Holes"],"picked":"SKIP","floor":7},{"not_picked":["Outmaneuver","Accuracy"],"picked":"Deadly Poison","floor":10},{"not_picked":["Eviscerate","Riddle With Holes","Cloak And Dagger"],"picked":"SKIP","floor":11},{"not_picked":["Eviscerate","Riddle With Holes","Cloak And Dagger"],"picked":"SKIP","floor":11},{"not_picked":["Eviscerate","Riddle With Holes","Cloak And Dagger"],"picked":"SKIP","floor":11},{"not_picked":["Unload","Flying Knee"],"picked":"Backflip","floor":13},{"not_picked":["Setup","Flying Knee"],"picked":"Blade Dance","floor":14},{"not_picked":["Corpse Explosion","Unload"],"picked":"Wraith Form v2","floor":16},{"not_picked":["Blade Dance","Bane","Acrobatics"],"picked":"SKIP","floor":18},{"not_picked":["Heel Hook","Underhanded Strike","Calculated Gamble"],"picked":"SKIP","floor":19},{"not_picked":["Dagger Throw","Prepared"],"picked":"PiercingWail","floor":20},{"not_picked":["Poisoned Stab","Predator"],"picked":"Outmaneuver","floor":22},{"not_picked":["Cloak And Dagger","Dodge and Roll"],"picked":"Wraith Form v2","floor":24},{"not_picked":["Underhanded Strike","Deadly Poison","Flying Knee"],"picked":"SKIP","floor":28},{"not_picked":["Dodge and Roll","Poisoned Stab","Blade Dance"],"picked":"SKIP","floor":29},{"not_picked":["All Out Attack","Backflip"],"picked":"Catalyst","floor":30},{"not_picked":["Adrenaline","Wraith Form v2"],"picked":"After Image","floor":33},{"not_picked":["Deflect","Slice","Quick Slash"],"picked":"SKIP","floor":35},{"not_picked":["Sucker Punch","Blur","Slice"],"picked":"SKIP","floor":36},{"not_picked":["Dodge and Roll+1","Setup","Slice"],"picked":"SKIP","floor":37},{"not_picked":["Underhanded Strike","Backflip","Slice"],"picked":"SKIP","floor":39},{"not_picked":["Prepared","Dodge and Roll"],"picked":"Night Terror","floor":40},{"not_picked":["Terror","Bouncing Flask"],"picked":"Backflip+1","floor":42},{"not_picked":["Dodge and Roll","Dagger Throw"],"picked":"Burst","floor":48},{"not_picked":["Riddle With Holes","Dagger Spray"],"picked":"PiercingWail","floor":55}],"player_experience":4014076,"relics_obtained":[{"floor":7,"key":"Regal Pillow"},{"floor":9,"key":"Snake Skull"},{"floor":13,"key":"Gremlin Horn"},{"floor":24,"key":"Juzu Bracelet"},{"floor":28,"key":"MawBank"},{"floor":40,"key":"Bronze Scales"},{"floor":41,"key":"Turnip"},{"floor":42,"key":"HornCleat"},{"floor":43,"key":"Bottled Lightning"},{"floor":46,"key":"Lizard Tail"},{"floor":48,"key":"Pen Nib"},{"floor":55,"key":"Shuriken"}],"event_choices":[{"damage_healed":0,"gold_gain":0,"player_choice":"Bought 2 Potions","damage_taken":0,"max_hp_gain":0,"max_hp_loss":0,"event_name":"The Woman in Blue","floor":3,"gold_loss":0},{"damage_healed":0,"gold_gain":0,"cards_transformed":["Strike_G","Strike_G"],"player_choice":"Became Test Subject","damage_taken":0,"max_hp_gain":0,"max_hp_loss":0,"event_name":"Drug Dealer","floor":31,"gold_loss":0,"cards_obtained":["Tactician","A Thousand Cuts"]},{"damage_healed":0,"gold_gain":0,"player_choice":"Max HP","damage_taken":0,"max_hp_gain":0,"max_hp_loss":3,"event_name":"Winding Halls","floor":38,"gold_loss":0},{"damage_healed":0,"gold_gain":0,"player_choice":"Fight","damage_taken":0,"max_hp_gain":0,"max_hp_loss":0,"event_name":"Mysterious Sphere","floor":41,"gold_loss":0},{"damage_healed":0,"gold_gain":0,"player_choice":"Ignored","damage_taken":0,"max_hp_gain":0,"max_hp_loss":0,"event_name":"The Moai Head","floor":44,"gold_loss":0}],"is_beta":true,"boss_relics":[{"not_picked":["Ectoplasm","Runic Dome"],"picked":"Runic Pyramid"},{"not_picked":["Snecko Eye","SacredBark"],"picked":"SlaversCollar"}],"items_purged_floors":[21],"is_endless":false,"potions_floor_spawned":[5,7,10,19,24,29,30,35,40,42,48],"ascension_level":20}}