{"host":"gp3usc0dpezjueuv","time":1611969734,"event":{"mods":["Act Like it!","BaseMod","BetterRewards","CapriCore","Colored Powertips","Dota2Spire","HololiveMod","Jedi Mod","Minty Spire (QoL Compilation)","Quick Restart","Remove Card Discount Mod","Replay The Spire","Spicy Shops","StSLib","Swap Starting Deck Mod","The Alterego","WarShipGirlsR/??¤Ö¤kR mod","Yakumo Yukari mod","Youmu¡]»î¾z§¯?¡^"],"gold_per_floor":[86,100,117,117,128,155,155,195,220,220,220,333,333,386,386,522,522,548,548,548,204,232,232,318,318,318,396,396,447,447,478,478,652,652,687,716,776,804,804,894,894,970,1021,1021,1103,1138,1151,551,551,601],"floor_reached":51,"language":"ZHS","playtime":2359,"items_purged":["Overencumbered","Hololive_Strike","Hololive_Strike","Hololive_Defend","Hololive_Defend","Hololive_CallMoonaHoshinova+1","Hololive_CallAiraniIofifteen","Hololive_CallHoshimachiSuisei+1","Hololive_CallTokinoSora+1"],"score":1611,"play_id":"e9467910-3fde-47a7-a731-d0e51ad67cd3","local_time":"20210130092214","is_ascension_mode":true,"campfire_choices":[{"data":"Hololive_CallHoushouMarine","floor":7,"key":"SMITH"},{"data":"Hololive_CallShiroganeNoel","floor":10,"key":"SMITH"},{"data":"Hololive_Spy","floor":13,"key":"SMITH"},{"data":"Hololive_SoulCatcher","floor":15,"key":"SMITH"},{"data":"Hololive_CallTokinoSora","floor":23,"key":"SMITH"},{"data":"Hololive_CallUruhaRushia","floor":25,"key":"SMITH"},{"data":"Hololive_DDD","floor":32,"key":"SMITH"},{"data":"Hololive_CallHoshimachiSuisei","floor":41,"key":"SMITH"},{"data":"Hololive_IdolExercise","floor":44,"key":"SMITH"},{"data":"Hololive_CallUsadaPekora","floor":49,"key":"SMITH"}],"circlet_count":0,"master_deck":["Hololive_CallHoushouMarine+1","Hololive_CallShiroganeNoel+1","Hololive_CallUruhaRushia+1","Hololive_CallShiranuiFlare+1","Hololive_CallUsadaPekora+1","Hololive_StrengthChampion","Hololive_Rebound+1","Hololive_SoulCatcher+1","Hololive_CocoNews","Hololive_ILoveYou","Hololive_CocoNews","Hololive_CallMinatoAqua","Hololive_Spy+1","Hololive_CallSakuraMiko","Hololive_DurableLive+1","Hololive_Nanodesu+1","Hololive_DDD+1","Hololive_IdolExercise+1","Hololive_Thief+1"],"relics":["Hololive_TheStar","ReplayTheSpireMod:CursedCoin","Dota2Spire:Satanic","Strawberry","Membership Card","Lantern","TungstenRod","Eternal Feather","Simple Rune","Pen Nib","Golden Idol","Replay:Baseball","Runic Dome","Gremlin Horn","ReplayTheSpireMod:Ring of Addiction","Ring of Peace","White Beast Statue","Chameleon Ring","Replay:Mystery Machine","Dota2Spire:AghanimScepter","Happy Flower","Orrery","Dota2Spire:EchoSabre","Kunai","Matryoshka","Mercury Hourglass","Dota2Spire:MantaStyle","jedi:paperlyon","Pet Ghost","Molten Egg 2","Hololive_LightStick","jedi:cryingmask","Replay:Bottled Eggs","Frozen Eye","Mango","Guide Book","Art of War","Snack Pack","Meat on the Bone"],"acts_visited":["Exordium","TheCity","TheBeyond"],"potions_floor_usage":[27,28,38,46,47],"damage_taken":[{"damage":0,"enemies":"Jaw Worm","floor":1,"turns":1},{"damage":0,"enemies":"Small Slimes","floor":2,"turns":2},{"damage":0,"enemies":"Cultist","floor":3,"turns":2},{"damage":0,"enemies":"Exordium Wildlife","floor":5,"turns":1},{"damage":0,"enemies":"3 Sentries","floor":6,"turns":2},{"damage":0,"enemies":"Gremlin Nob","floor":8,"turns":3},{"damage":0,"enemies":"Lagavulin","floor":14,"turns":3},{"damage":0,"enemies":"The Guardian","floor":16,"turns":3},{"damage":0,"enemies":"2 Thieves","floor":18,"turns":2},{"damage":0,"enemies":"Spheric Guardian","floor":22,"turns":3},{"damage":0,"enemies":"Book of Stabbing","floor":24,"turns":3},{"damage":0,"enemies":"Gremlin Leader","floor":27,"turns":4},{"damage":0,"enemies":"Centurion and Healer","floor":29,"turns":3},{"damage":0,"enemies":"Cultist and Chosen","floor":31,"turns":3},{"damage":0,"enemies":"Automaton","floor":33,"turns":5},{"damage":0,"enemies":"3 Darklings","floor":35,"turns":3},{"damage":0,"enemies":"Orb Walker","floor":36,"turns":2},{"damage":0,"enemies":"Jaw Worm Horde","floor":37,"turns":5},{"damage":0,"enemies":"Sphere and 2 Shapes","floor":38,"turns":2},{"damage":0,"enemies":"R_Hoarder","floor":40,"turns":4},{"damage":0,"enemies":"Giant Head","floor":42,"turns":5},{"damage":0,"enemies":"Reptomancer","floor":45,"turns":3},{"damage":0,"enemies":"Spire Growth","floor":46,"turns":3},{"damage":0,"enemies":"3 Darklings","floor":47,"turns":2},{"damage":0,"enemies":"Donu and Deca","floor":50,"turns":5}],"seed_played":"96973730432946981","potions_obtained":[{"floor":3,"key":"SteroidPotion"},{"floor":6,"key":"SkillPotion"},{"floor":8,"key":"FairyPotion"},{"floor":18,"key":"jedi:mysterypotion"},{"floor":20,"key":"jedi:mysterypotion"},{"floor":27,"key":"LiquidBronze"},{"floor":29,"key":"SkillPotion"},{"floor":38,"key":"BlessingOfTheForge"},{"floor":46,"key":"LiquidBronze"},{"floor":47,"key":"Explosive Potion"}],"is_trial":false,"path_per_floor":["M","M","M","?","M","E","R","E","T","R","?","?","R","E","R","B",null,"M","?","?","$","M","R","E","R","T","E","T","M","?","M","R","B",null,"M","M","M","M","?","E","R","E","T","R","E","M","M","$","R","B",null],"character_chosen":"Hololive_HololiveCharacter","items_purchased":["ReplayTheSpireMod:CursedCoin","Dota2Spire:Satanic","Strawberry","Hololive_Rebound+1","Hololive_SoulCatcher","Membership Card","Lantern","TungstenRod","Hololive_CocoNews","Replay:Mystery Machine","Dota2Spire:AghanimScepter","Happy Flower","Orrery","Frozen Eye","Mango","Guide Book","Art of War","Snack Pack","Meat on the Bone"],"campfire_rested":0,"item_purchase_floors":[0,0,0,0,0,0,0,0,0,21,21,21,21,48,48,48,48,48,48],"current_hp_per_floor":[22,22,22,22,22,22,28,28,28,34,25,25,34,34,42,42,42,42,42,42,42,42,42,40,40,40,38,38,38,38,38,36,36,36,34,34,34,32,32,32,32,30,30,30,28,28,28,42,42,42],"gold":601,"neow_bonus":"","is_daily":false,"chose_seed":false,"campfire_upgraded":10,"win_rate":0.0,"timestamp":1611969734,"path_taken":["M","M","M","?","M","E","R","E","T","R","?","?","R","E","R","BOSS","M","?","?","$","M","R","E","R","T","E","?","?","?","M","R","BOSS","M","M","M","M","?","E","R","E","T","R","E","M","M","$","R","BOSS"],"items_purchased_type":["Relic","Relic","Relic","Card","Card","Relic","Relic","Relic","Card","Relic","Relic","Relic","Relic","Relic","Relic","Relic","Relic","Relic","Relic"],"build_version":"2020-12-22","purchased_purges":9,"victory":true,"max_hp_per_floor":[42,42,42,42,42,42,42,42,42,42,42,42,42,42,42,42,42,42,42,42,42,42,42,40,40,40,38,38,38,38,38,36,36,36,34,34,34,32,32,32,32,30,30,30,28,28,28,42,42,42],"card_choices":[{"not_picked":["Hololive_DevilCharm","Hololive_Sequa","Hololive_Drill","Hololive_CallAkaiHaato"],"picked":"SKIP","floor":1},{"not_picked":["Hololive_Trident","Hololive_CallRosalyn","Hololive_CallNatsuiroMatsuri"],"picked":"Hololive_ILoveYou","floor":2},{"not_picked":["Hololive_CallTsunomakiWatame","Hololive_Sequa","Hololive_OvertimeWork","Hololive_HuntDinosaur"],"picked":"SKIP","floor":3},{"not_picked":["Hololive_CallNekomataOkayu","Hololive_CallAiraniIofifteen","Hololive_Sequa"],"picked":"Hololive_CocoNews","floor":5},{"not_picked":["Hololive_ILoveYou","Hololive_CocoNews","Hololive_Rebound"],"picked":"Hololive_CallMinatoAqua","floor":6},{"not_picked":["Hololive_HuntDinosaur","Hololive_CocoNews","Hololive_CallHoshimachiSuisei"],"picked":"Hololive_Spy","floor":8},{"not_picked":["Hololive_CallNakiriAyame","Hololive_Psychosis","Hololive_RevenueBasedLive"],"picked":"Hololive_CallSakuraMiko","floor":12},{"not_picked":["Hololive_LuckPotion","Hololive_ASMR","Hololive_CocoNews","Hololive_Psychosis"],"picked":"SKIP","floor":14},{"not_picked":["Hololive_ScarfAndHalo","Hololive_BeCareful","Hololive_Recruit"],"picked":"Hololive_DurableLive","floor":16},{"not_picked":["Hololive_CocoNews","Hololive_OvertimeWork","Hololive_StrengthChampion","Hololive_RevenueBasedLive"],"picked":"SKIP","floor":18},{"not_picked":["Hololive_CallShishiroBotan","Hololive_HuntDinosaur+1","Hololive_CallShiranuiFlare"],"picked":"Hololive_Nanodesu","floor":21},{"not_picked":["Hololive_CallHoushouMarine+1","Hololive_ManjiGathering","Hololive_Psychosis+1"],"picked":"Hololive_CallAiraniIofifteen","floor":21},{"not_picked":["Hololive_CallCivia+1","Hololive_FlyingPonyTail+1","Hololive_Drill"],"picked":"Hololive_CallMoonaHoshinova+1","floor":21},{"not_picked":["Hololive_Drill","Hololive_CallNakiriAyame","Hololive_FlyingPonyTail"],"picked":"Hololive_CallTokinoSora","floor":21},{"not_picked":["Hololive_CallNatsuiroMatsuri","Hololive_Psychosis","Hololive_CallAiraniIofifteen","Hololive_OvertimeWork+1"],"picked":"SKIP","floor":22},{"not_picked":["Hololive_CallShiranuiFlare","Hololive_Sequa","Hololive_Breathe+1","Hololive_OvertimeWork"],"picked":"SKIP","floor":24},{"not_picked":["Hololive_Trident","Hololive_Psychosis+1","Hololive_Drill"],"picked":"Hololive_DDD","floor":27},{"not_picked":["Hololive_BringToTrial","Hololive_CallHimemoriLuna","Hololive_Breathe","Hololive_OvertimeWork+1"],"picked":"SKIP","floor":29},{"not_picked":["Hololive_CallOmaruPolka+1","Hololive_Sequa+1","Hololive_CallMurasakiShion","Hololive_DiamondStrike"],"picked":"SKIP","floor":31},{"not_picked":["Hololive_Rebirth","Hololive_ScarfAndHalo","Hololive_AWSL"],"picked":"Hololive_IdolExercise","floor":33},{"not_picked":["Hololive_CallTokoyamiTowa+1","Hololive_Breathe","Hololive_SummonFox"],"picked":"Hololive_CallHoshimachiSuisei","floor":35},{"not_picked":["Hololive_CallShishiroBotan","Hololive_OvertimeWork+1","Hololive_Drill","Hololive_ManjiGathering"],"picked":"SKIP","floor":36},{"not_picked":["Hololive_HuntDinosaur+1","Hololive_FlyingPonyTail","Hololive_SoulCatcher+1","Hololive_CallNekomataOkayu+1"],"picked":"SKIP","floor":37},{"not_picked":["Hololive_RevenueBasedLive","Hololive_OvertimeWork+1","Hololive_Psychosis","Hololive_DevilCharm+1"],"picked":"SKIP","floor":38},{"not_picked":["Hololive_Sequa+1","Hololive_Breathe+1","Hololive_DevilCharm","Hololive_Psychosis"],"picked":"SKIP","floor":40},{"not_picked":["Hololive_SummonFox+1","Hololive_CandyCastle","Hololive_Sequa+1","Hololive_CallSpadeEcho+1"],"picked":"SKIP","floor":42},{"not_picked":["Hololive_OvertimeWork+1","Hololive_LuckPotion+1","Hololive_HuntDinosaur+1","Hololive_Breathe+1"],"picked":"SKIP","floor":45},{"not_picked":["Hololive_ManjiGathering+1","Hololive_LuckPotion","Hololive_Rebound+1"],"picked":"Hololive_Thief","floor":46},{"not_picked":["Hololive_CallSpadeEcho","Hololive_CallYogiri","Hololive_OvertimeWork+1","Hololive_HuntDinosaur+1"],"picked":"SKIP","floor":47}],"player_experience":513086,"relics_obtained":[{"floor":6,"key":"Eternal Feather"},{"floor":8,"key":"Simple Rune"},{"floor":9,"key":"Pen Nib"},{"floor":14,"key":"Replay:Baseball"},{"floor":20,"key":"ReplayTheSpireMod:Ring of Addiction"},{"floor":20,"key":"Ring of Peace"},{"floor":20,"key":"White Beast Statue"},{"floor":20,"key":"Chameleon Ring"},{"floor":24,"key":"Dota2Spire:EchoSabre"},{"floor":26,"key":"Kunai"},{"floor":27,"key":"Matryoshka"},{"floor":28,"key":"Mercury Hourglass"},{"floor":28,"key":"Dota2Spire:MantaStyle"},{"floor":40,"key":"Pet Ghost"},{"floor":42,"key":"Molten Egg 2"},{"floor":43,"key":"Hololive_LightStick"},{"floor":43,"key":"jedi:cryingmask"},{"floor":45,"key":"Replay:Bottled Eggs"}],"event_choices":[{"damage_healed":0,"gold_gain":0,"player_choice":"Take Damage","damage_taken":10,"relics_obtained":["Golden Idol"],"max_hp_gain":0,"max_hp_loss":0,"event_name":"Golden Idol","floor":11,"gold_loss":0},{"damage_healed":0,"gold_gain":0,"player_choice":"Opened","damage_taken":0,"relics_obtained":["Gremlin Horn"],"max_hp_gain":0,"max_hp_loss":0,"event_name":"The Mausoleum","floor":19,"gold_loss":0},{"damage_healed":0,"gold_gain":0,"player_choice":"Ignored","damage_taken":0,"max_hp_gain":0,"max_hp_loss":0,"event_name":"Ghosts","floor":30,"gold_loss":0},{"damage_healed":0,"gold_gain":0,"player_choice":"Forge","damage_taken":0,"max_hp_gain":0,"max_hp_loss":0,"event_name":"Accursed Blacksmith","floor":39,"gold_loss":0,"cards_upgraded":["Hololive_Nanodesu"]}],"is_beta":false,"boss_relics":[{"not_picked":["Busted Crown","SacredBark"],"picked":"Runic Dome"},{"not_picked":["Snecko Eye","Astrolabe"],"picked":"jedi:paperlyon"}],"items_purged_floors":[0,0,0,0,48,48,48,48,48],"is_endless":false,"potions_floor_spawned":[3,6,8,18,22,24,27,29,31,33,35,36,37,38,40,42,45,46,47],"ascension_level":6}}