{"host":"nnmmiiw4bez2c8ei","time":1611994779,"event":{"mods":["AchievementEnabler","BaseMod","Colored Map","Colored Powertips","Minty Spire (QoL Compilation)","Rare Cards Sparkle","StSLib"],"gold_per_floor":[117,117,129,54,54,54,0,0,25,25,25,60,71,91,91,193,193,204,217,157,10,26,60,60,60,114,128,128,151,151,173,173,285,285,296,314,314,314],"floor_reached":37,"language":"KOR","playtime":1167,"items_purged":["Strike_R"],"score":606,"play_id":"6f6c63b7-f00f-4145-9b01-db5f3f106899","local_time":"20210130171939","is_ascension_mode":true,"campfire_choices":[{"data":"Armaments","floor":6.0,"key":"SMITH"},{"data":"Cleave","floor":8.0,"key":"SMITH"},{"data":"Bash","floor":11.0,"key":"SMITH"},{"data":"Flex","floor":15.0,"key":"SMITH"},{"floor":28.0,"key":"REST"},{"floor":30.0,"key":"REST"},{"data":"Limit Break","floor":32.0,"key":"SMITH"}],"circlet_count":0,"master_deck":["Strike_R+1","Strike_R+1","Defend_R","Bash+1","Fire Breathing+1","Armaments+1","Cleave+1","Offering","Flex+1","Thunderclap","Impervious","Limit Break+1","Double Tap+1","Barricade+1","Clash","Evolve+1","Exhume","Second Wind","Disarm+1","Limit Break+1","Impervious","Madness","Madness"],"relics":["Burning Blood","NeowsBlessing","Bronze Scales","Bag of Preparation","Whetstone","Astrolabe","Sling","CeramicFish","Orichalcum","Black Star"],"acts_visited":["Exordium","TheCity","TheBeyond"],"potions_floor_usage":[33],"damage_taken":[{"damage":0.0,"enemies":"Jaw Worm","floor":1.0,"turns":1.0},{"damage":0.0,"enemies":"Cultist","floor":3.0,"turns":1.0},{"damage":0.0,"enemies":"Gremlin Nob","floor":12.0,"turns":1.0},{"damage":6.0,"enemies":"2 Louse","floor":13.0,"turns":1.0},{"damage":6.0,"enemies":"Blue Slaver","floor":14.0,"turns":2.0},{"damage":42.0,"enemies":"The Guardian","floor":16.0,"turns":9.0},{"damage":6.0,"enemies":"2 Thieves","floor":18.0,"turns":4.0},{"damage":12.0,"enemies":"Spheric Guardian","floor":19.0,"turns":5.0},{"damage":22.0,"enemies":"3 Cultists","floor":22.0,"turns":4.0},{"damage":12.0,"enemies":"Gremlin Leader","floor":23.0,"turns":5.0},{"damage":24.0,"enemies":"Snecko","floor":27.0,"turns":7.0},{"damage":12.0,"enemies":"Centurion and Healer","floor":31.0,"turns":5.0},{"damage":12,"enemies":"Champ","floor":33,"turns":6},{"damage":17,"enemies":"Orb Walker","floor":35,"turns":5},{"damage":54,"enemies":"2 Orb Walkers","floor":37,"turns":2}],"seed_played":"-8671816663984539068","potions_obtained":[{"floor":1.0,"key":"ColorlessPotion"},{"floor":3.0,"key":"Weak Potion"},{"floor":14.0,"key":"Weak Potion"},{"floor":18.0,"key":"EssenceOfSteel"},{"floor":22.0,"key":"SmokeBomb"},{"floor":23.0,"key":"CultistPotion"},{"floor":31.0,"key":"DistilledChaos"}],"is_trial":false,"path_per_floor":["M","?","M","$","T","R","$","R","T","?","R","E","M","M","R","B",null,"M","M","?","$","M","E","?","$","T","M","R","T","R","M","R","B",null,"M","?","?"],"character_chosen":"IRONCLAD","items_purchased":["Cleave","Sling"],"campfire_rested":2,"item_purchase_floors":[7,21],"current_hp_per_floor":[80,80,80,80,80,80,80,80,80,80,80,80,80,80,80,44,71,71,65,65,65,49,43,43,43,43,25,48,48,71,65,65,59,73,62,52,0,0],"gold":314,"neow_bonus":"THREE_ENEMY_KILL","is_daily":false,"chose_seed":false,"campfire_upgraded":5,"win_rate":0.0,"timestamp":1611994779,"path_taken":["M","?","?","$","?","R","$","R","T","?","R","E","M","M","R","BOSS","M","M","?","?","M","E","?","$","T","M","R","?","R","M","R","BOSS","M","?","?"],"items_purchased_type":["Card","Relic"],"build_version":"2020-12-22","purchased_purges":1,"victory":false,"max_hp_per_floor":[80,80,80,80,80,80,80,80,80,80,80,80,80,80,80,80,80,80,80,80,80,80,80,77,77,77,77,77,77,77,77,77,77,77,77,77,77,77],"card_choices":[{"not_picked":["Shockwave","Searing Blow"],"picked":"Fire Breathing","floor":1.0},{"not_picked":["Whirlwind","Havoc"],"picked":"Armaments","floor":3.0},{"not_picked":["Iron Wave","Flex"],"picked":"Offering","floor":12.0},{"not_picked":["True Grit","Wild Strike"],"picked":"Flex","floor":13.0},{"not_picked":["Inflame","Entrench"],"picked":"Thunderclap","floor":14.0},{"not_picked":["Brutality","Double Tap"],"picked":"Impervious","floor":16.0},{"not_picked":["Wild Strike","Pommel Strike"],"picked":"Clash","floor":18.0},{"not_picked":["Shrug It Off+1","Power Through+1"],"picked":"Evolve+1","floor":19.0},{"not_picked":["Anger","Sever Soul"],"picked":"Disarm+1","floor":22.0},{"not_picked":["Uppercut","Havoc","Burning Pact"],"picked":"SKIP","floor":23.0},{"not_picked":["Armaments","Perfected Strike","Clothesline"],"picked":"SKIP","floor":27.0},{"not_picked":["Sword Boomerang+1","Evolve"],"picked":"Limit Break","floor":31.0},{"not_picked":["Bludgeon","Corruption"],"picked":"Impervious","floor":33},{"not_picked":["Inflame","Flex","Shrug It Off"],"picked":"SKIP","floor":35}],"player_experience":490476,"relics_obtained":[{"floor":5.0,"key":"Bronze Scales"},{"floor":9.0,"key":"Bag of Preparation"},{"floor":12.0,"key":"Whetstone"},{"floor":23.0,"key":"CeramicFish"},{"floor":29.0,"key":"Orichalcum"}],"event_choices":[{"damage_healed":0.0,"max_hp_gain":0.0,"max_hp_loss":0.0,"gold_gain":0.0,"event_name":"Upgrade Shrine","player_choice":"Upgraded","floor":2.0,"gold_loss":0.0,"damage_taken":0.0,"cards_upgraded":["Fire Breathing"]},{"damage_healed":20.0,"max_hp_gain":0.0,"max_hp_loss":0.0,"gold_gain":0.0,"event_name":"Mushrooms","player_choice":"Healed and dodged fight","floor":10.0,"gold_loss":0.0,"damage_taken":0.0,"cards_obtained":["Parasite"]},{"damage_healed":0.0,"max_hp_gain":0.0,"max_hp_loss":0.0,"gold_gain":0.0,"cards_transformed":["Defend_R","Defend_R"],"event_name":"Designer","player_choice":"Transformed Cards","floor":20.0,"gold_loss":60.0,"damage_taken":0.0,"cards_obtained":["Exhume","Second Wind"]},{"cards_removed":["Parasite"],"damage_healed":0.0,"max_hp_gain":0.0,"max_hp_loss":0.0,"gold_gain":0.0,"event_name":"Back to Basics","player_choice":"Elegance","floor":24.0,"gold_loss":0.0,"damage_taken":0.0},{"damage_healed":0,"gold_gain":0,"player_choice":"Embrace Madness","damage_taken":10,"max_hp_gain":0,"max_hp_loss":0,"event_name":"Winding Halls","floor":36,"gold_loss":0,"cards_obtained":["Madness","Madness"]},{"damage_healed":0,"gold_gain":0,"player_choice":"Fight","damage_taken":0,"max_hp_gain":0,"max_hp_loss":0,"event_name":"Mysterious Sphere","floor":37,"gold_loss":0}],"is_beta":false,"boss_relics":[{"not_picked":["Runic Dome","Busted Crown"],"picked":"Astrolabe"},{"not_picked":["Philosopher\u0027s Stone","Velvet Choker"],"picked":"Black Star"}],"items_purged_floors":[4],"is_endless":false,"potions_floor_spawned":[1,3,14,18,22,23,31],"killed_by":"2 Orb Walkers","ascension_level":5}}