{"host":"9n6i2vl93jt4o42q","time":1611994808,"event":{"mods":["BaseMod","Minty Spire (QoL Compilation)","Relic Stats"],"gold_per_floor":[114,114,129,129,129,162,176,176,202,213,213,228,228,228,228,228,228],"floor_reached":16,"language":"ENG","playtime":463,"items_purged":[],"score":250,"play_id":"af800fc0-ce9e-45bb-a841-722e7931bf03","local_time":"20210130092008","is_ascension_mode":true,"campfire_choices":[{"data":"Flame Barrier","floor":8.0,"key":"SMITH"},{"data":"Uppercut","floor":13.0,"key":"SMITH"},{"data":"Shrug It Off","floor":15.0,"key":"SMITH"}],"circlet_count":0,"master_deck":["AscendersBane","Strike_R","Strike_R","Strike_R","Strike_R","Defend_R","Defend_R","Defend_R","Defend_R","Bash+1","Flame Barrier+1","Seeing Red","Clash","Shrug It Off","Shrug It Off+1","Uppercut+1"],"relics":["Burning Blood","NeowsBlessing","MealTicket","Dream Catcher","Ornamental Fan"],"acts_visited":["Exordium"],"potions_floor_usage":[16],"damage_taken":[{"damage":0.0,"enemies":"Small Slimes","floor":1.0,"turns":1.0},{"damage":0.0,"enemies":"Cultist","floor":3.0,"turns":1.0},{"damage":0.0,"enemies":"3 Sentries","floor":6.0,"turns":2.0},{"damage":0.0,"enemies":"Jaw Worm","floor":7.0,"turns":3.0},{"damage":5.0,"enemies":"Blue Slaver","floor":10.0,"turns":3.0},{"damage":3.0,"enemies":"Looter","floor":12.0,"turns":3.0},{"damage":85,"enemies":"Hexaghost","floor":16,"turns":14}],"seed_played":"1928307124396828217","potions_obtained":[{"floor":10.0,"key":"Fire Potion"},{"floor":12.0,"key":"SpeedPotion"}],"is_trial":false,"path_per_floor":["M","?","M","?","?","E","M","R","T","M","?","M","R","?","R","B"],"character_chosen":"IRONCLAD","items_purchased":[],"campfire_rested":0,"item_purchase_floors":[],"current_hp_per_floor":[74,74,75,75,75,75,75,75,75,75,70,73,73,78,78,0,0],"gold":228,"neow_bonus":"THREE_ENEMY_KILL","is_daily":false,"chose_seed":false,"campfire_upgraded":3,"win_rate":0.0,"timestamp":1611994808,"path_taken":["M","?","?","?","?","E","M","R","T","M","?","M","R","?","R","BOSS"],"items_purchased_type":[],"build_version":"2020-12-22","purchased_purges":0,"victory":false,"max_hp_per_floor":[75,75,75,75,75,75,75,75,75,75,75,75,75,80,80,80,80],"relic_stats":{"Dream Catcher":0,"counters":[7,27],"Ornamental Fan":[8],"MealTicket":0,"obtain_stats":[{"Dream Catcher":9,"NeowsBlessing":0,"Ornamental Fan":11,"MealTicket":6,"Burning Blood":0},{"Dream Catcher":4,"NeowsBlessing":0,"Ornamental Fan":5,"MealTicket":3,"Burning Blood":0},{"Dream Catcher":7,"NeowsBlessing":0,"Ornamental Fan":10,"MealTicket":4,"Burning Blood":0}],"Burning Blood":18},"card_choices":[{"not_picked":["Perfected Strike","Pommel Strike"],"picked":"Flame Barrier","floor":1.0},{"not_picked":["Pommel Strike","Iron Wave"],"picked":"Seeing Red","floor":3.0},{"not_picked":["Reckless Charge","Feel No Pain"],"picked":"Shrug It Off","floor":6.0},{"not_picked":["Heavy Blade","Fire Breathing"],"picked":"Shrug It Off","floor":7.0},{"not_picked":["Heavy Blade","Sword Boomerang"],"picked":"Uppercut","floor":10.0},{"not_picked":["Rupture","Fiend Fire","Perfected Strike"],"picked":"SKIP","floor":12.0},{"not_picked":["Rupture","Fiend Fire","Perfected Strike"],"picked":"SKIP","floor":12.0}],"player_experience":2335587,"relics_obtained":[{"floor":6.0,"key":"MealTicket"},{"floor":9.0,"key":"Dream Catcher"}],"event_choices":[{"damage_healed":0.0,"max_hp_gain":0.0,"max_hp_loss":0.0,"gold_gain":0.0,"event_name":"Upgrade Shrine","player_choice":"Upgraded","floor":2.0,"gold_loss":0.0,"damage_taken":0.0,"cards_upgraded":["Bash"]},{"damage_healed":0.0,"max_hp_gain":0.0,"max_hp_loss":0.0,"gold_gain":0.0,"event_name":"Liars Game","player_choice":"Ignored","floor":4.0,"gold_loss":0.0,"damage_taken":0.0},{"damage_healed":0.0,"max_hp_gain":0.0,"max_hp_loss":0.0,"gold_gain":0.0,"cards_transformed":["Strike_R"],"event_name":"Living Wall","player_choice":"Change","floor":5.0,"gold_loss":0.0,"damage_taken":0.0,"cards_obtained":["Clash"]},{"damage_healed":0.0,"max_hp_gain":0.0,"max_hp_loss":0.0,"gold_gain":0.0,"event_name":"Scrap Ooze","player_choice":"Success","floor":11.0,"gold_loss":0.0,"damage_taken":5.0,"relics_obtained":["Ornamental Fan"]},{"damage_healed":0.0,"max_hp_gain":5.0,"max_hp_loss":0.0,"gold_gain":0.0,"event_name":"Big Fish","player_choice":"Donut","floor":14.0,"gold_loss":0.0,"damage_taken":0.0}],"is_beta":false,"boss_relics":[],"items_purged_floors":[],"is_endless":false,"potions_floor_spawned":[10,12],"killed_by":"Hexaghost","ascension_level":20}}