{"host":"2i1rjl87isetstuj","time":1611985184,"event":{"mods":["BaseMod","Better Vampires","Challenge The Spire","Lobotomy","LobotomyExtend","Marked Mod","Minty Spire (QoL Compilation)","Quick Restart","Shop Mod","StSLib","Waifu the Spire","óô»ðÖ¸ÄÏ"],"gold_per_floor":[109,126,141,157,157,157,67,67,94,113,113,113,38,69,69,69,69],"floor_reached":16,"language":"ZHS","playtime":436,"items_purged":["Strike_P"],"score":105,"play_id":"39d9d95f-7913-405a-a8e7-9828e8ee30dc","local_time":"20210130133944","is_ascension_mode":true,"campfire_choices":[{"floor":6.0,"key":"RECALL"},{"data":"ReachHeaven","floor":8.0,"key":"SMITH"},{"data":"Crescendo","floor":11.0,"key":"SMITH"},{"floor":15,"key":"REST"}],"circlet_count":0,"master_deck":["Strike_P","Strike_P","Strike_P","Defend_P","Defend_P","Defend_P","Defend_P","Eruption","Vigilance","UniverseFragment","MarkedMod:FirstStrike","Scorched","Crescendo+1","OSAHOGD","FieryBird","MarkedMod:GentlePulse","PunishingBird","Static Discharge","Rudolta"],"relics":["PureWater","CogitoBucket","LetterFromLob","Happy Flower","Pen Nib"],"acts_visited":["Exordium"],"potions_floor_usage":[14,14,16],"damage_taken":[{"damage":0.0,"enemies":"Cultist","floor":1.0,"turns":2.0},{"damage":3.0,"enemies":"Jaw Worm","floor":2.0,"turns":3.0},{"damage":1.0,"enemies":"Small Slimes","floor":3.0,"turns":3.0},{"damage":20.0,"enemies":"3 Louse","floor":4.0,"turns":3.0},{"damage":0.0,"enemies":"Large Slime","floor":10.0,"turns":3.0},{"damage":33,"enemies":"Lagavulin","floor":14,"turns":3},{"damage":110,"enemies":"Hexaghost","floor":16,"turns":4}],"seed_played":"3171954170230432621","potions_obtained":[{"floor":1.0,"key":"Fire Potion"},{"floor":2.0,"key":"FearPotion"},{"floor":4.0,"key":"StancePotion"}],"is_trial":false,"path_per_floor":["M","M","M","M","?","R","$","R","T","M","R","?","$","E","R","B"],"character_chosen":"WATCHER","items_purchased":["MarkedMod:GentlePulse","ReachHeaven"],"campfire_rested":1,"item_purchase_floors":[7,7],"current_hp_per_floor":[72,69,68,48,48,48,48,48,48,48,48,48,48,15,36,0,0],"gold":69,"neow_bonus":"","is_daily":false,"chose_seed":false,"campfire_upgraded":2,"win_rate":0.0,"timestamp":1611985184,"path_taken":["M","?","M","M","?","R","?","R","T","?","R","?","?","E","R","BOSS"],"items_purchased_type":["Card","Card"],"build_version":"2020-12-22","purchased_purges":1,"victory":false,"max_hp_per_floor":[72,72,72,72,72,72,72,72,72,72,72,72,72,72,72,72,72],"card_choices":[{"not_picked":["Variant","GreedKing"],"picked":"UniverseFragment","floor":1.0},{"not_picked":["BowlingBash","ClearTheMind"],"picked":"MarkedMod:FirstStrike","floor":1.0},{"not_picked":["MHz","Wellcheers"],"picked":"Scorched","floor":2.0},{"not_picked":["Consecrate","ForeignInfluence"],"picked":"Crescendo","floor":2.0},{"not_picked":["WallGazer","SnowQueen"],"picked":"OSAHOGD","floor":3.0},{"not_picked":["Prostrate","Evaluate","Consecrate"],"picked":"SKIP","floor":3.0},{"not_picked":["Bloodbath","GreedKing"],"picked":"FieryBird","floor":4.0},{"not_picked":["WindmillStrike","Study","Halt"],"picked":"SKIP","floor":4.0},{"not_picked":["SingingMachine","WallGazer"],"picked":"PunishingBird","floor":10.0},{"not_picked":["Consecrate","CrushJoints","Vengeance"],"picked":"SKIP","floor":10.0},{"not_picked":["Consecrate","CrushJoints","Vengeance"],"picked":"SKIP","floor":10.0},{"not_picked":["FairyFestival","Murderer"],"picked":"Rudolta","floor":14},{"not_picked":["DeceiveReality","ClearTheMind","MarkedMod:FirstStrike"],"picked":"SKIP","floor":14},{"not_picked":["DeceiveReality","ClearTheMind","MarkedMod:FirstStrike"],"picked":"SKIP","floor":14}],"player_experience":107761,"relics_obtained":[{"floor":1.0,"key":"LetterFromLob"},{"floor":9.0,"key":"Happy Flower"},{"floor":14,"key":"Pen Nib"}],"event_choices":[{"damage_healed":0.0,"max_hp_gain":0.0,"max_hp_loss":0.0,"gold_gain":0.0,"event_name":"Match and Keep!","player_choice":"0 cards matched","floor":5.0,"gold_loss":0.0,"damage_taken":0.0,"cards_obtained":[]},{"cards_removed":["ReachHeaven"],"damage_healed":0.0,"max_hp_gain":0.0,"max_hp_loss":0.0,"gold_gain":0.0,"event_name":"NoteForYourself","player_choice":"Took Card","floor":12.0,"gold_loss":0.0,"damage_taken":0.0,"cards_obtained":["Static Discharge"]}],"is_beta":false,"boss_relics":[],"items_purged_floors":[13],"is_endless":false,"potions_floor_spawned":[1,2,4,10],"killed_by":"Hexaghost","ascension_level":1}}