{"host":"39erygfi9n0tobyn","time":1611981440,"event":{"mods":["2.2 Compatiblity","BaseMod","Bestiary","Colored Map","Colored Powertips","Curses Come First","Highlight Path","Keyboard Shortcuts","Minty Spire (QoL Compilation)","Relic Stats","StSLib","SuperFastMode"],"gold_per_floor":[114,12,32,207,207,241,241,241,241,256,256,256,290,300,300,398,398,416,416,436,436,436,468,484,498,521,521,226,226,245,256,256,355,355,368,378,378,389,389,389,389],"floor_reached":40,"language":"ENG","playtime":1627,"items_purged":[],"score":441,"play_id":"28e59155-c2ab-41be-a088-f74b95bd331d","local_time":"20210130013720","is_ascension_mode":false,"campfire_choices":[{"floor":7,"key":"REST"},{"floor":12,"key":"REST"},{"data":"Loop","floor":15,"key":"SMITH"},{"data":"Echo Form","floor":27,"key":"SMITH"},{"data":"Dualcast","floor":29,"key":"SMITH"},{"floor":32,"key":"REST"}],"circlet_count":0,"master_deck":["Strike_B","Strike_B","Strike_B","Strike_B","Defend_B","Defend_B","Defend_B","Defend_B","Zap","Dualcast+1","Echo Form+1","Go for the Eyes","Sweeping Beam","Stack","Leap","Doom and Gloom","Loop+1","Regret","Self Repair","Conserve Battery","Core Surge","BootSequence+1","Consume+1","Chill","Coolheaded","Auto Shields","Lockon","Streamline+1","Compile Driver+1","Rainbow","Fusion","Undo+1","Madness","Madness","Darkness"],"relics":["FrozenCore","Peace Pipe","HornCleat","Pantograph","Mummified Hand","Bronze Scales","MutagenicStrength","Meat on the Bone","Omamori","Vajra","Frozen Egg 2","SlaversCollar"],"acts_visited":["Exordium","TheCity","TheBeyond"],"potions_floor_usage":[33,33,38,40,40],"damage_taken":[{"damage":7,"enemies":"2 Louse","floor":1,"turns":4},{"damage":3,"enemies":"Small Slimes","floor":3,"turns":2},{"damage":30,"enemies":"3 Sentries","floor":6,"turns":9},{"damage":6,"enemies":"Jaw Worm","floor":10,"turns":4},{"damage":14,"enemies":"Lagavulin","floor":13,"turns":6},{"damage":7,"enemies":"2 Fungi Beasts","floor":14,"turns":3},{"damage":3,"enemies":"Slime Boss","floor":16,"turns":5},{"damage":4,"enemies":"Shell Parasite","floor":18,"turns":6},{"damage":0,"enemies":"Chosen","floor":20,"turns":4},{"damage":34,"enemies":"Book of Stabbing","floor":23,"turns":7},{"damage":4,"enemies":"Snake Plant","floor":24,"turns":5},{"damage":20,"enemies":"Centurion and Healer","floor":25,"turns":9},{"damage":28,"enemies":"Cultist and Chosen","floor":30,"turns":9},{"damage":10,"enemies":"3 Cultists","floor":31,"turns":6},{"damage":34,"enemies":"Champ","floor":33,"turns":15},{"damage":39,"enemies":"3 Darklings","floor":35,"turns":11},{"damage":16,"enemies":"Orb Walker","floor":36,"turns":5},{"damage":14,"enemies":"Jaw Worm Horde","floor":38,"turns":6},{"damage":49,"enemies":"Giant Head","floor":40,"turns":8}],"seed_played":"6672074122435062148","potions_obtained":[{"floor":3,"key":"EssenceOfSteel"},{"floor":13,"key":"SmokeBomb"},{"floor":14,"key":"FocusPotion"},{"floor":23,"key":"Explosive Potion"},{"floor":33,"key":"FearPotion"},{"floor":35,"key":"PowerPotion"}],"is_trial":false,"path_per_floor":["M","$","M","?","?","E","R","T","T","M","?","R","E","M","R","B",null,"M","?","M","?","T","E","M","M","T","R","$","R","M","M","R","B",null,"M","M","?","M","?","E"],"character_chosen":"DEFECT","items_purchased":["Sweeping Beam","Stack","Frozen Egg 2","Lockon"],"campfire_rested":3,"item_purchase_floors":[2,2,28,28],"current_hp_per_floor":[61,61,58,58,58,28,48,48,48,42,42,62,48,48,48,68,68,68,68,68,68,68,53,49,55,55,55,55,55,46,36,56,53,68,41,44,35,40,40,0,0],"gold":389,"neow_bonus":"THREE_RARE_CARDS","is_daily":false,"chose_seed":false,"campfire_upgraded":3,"win_rate":0.0,"timestamp":1611981440,"path_taken":["M","$","M","?","?","E","R","?","T","M","?","R","E","M","R","BOSS","M","?","M","?","?","E","M","M","T","R","?","R","M","M","R","BOSS","M","M","?","M","?","E"],"items_purchased_type":["Card","Card","Relic","Card"],"build_version":"2020-12-22","purchased_purges":0,"victory":false,"max_hp_per_floor":[68,68,68,68,68,68,68,68,68,68,68,68,68,68,68,68,68,68,68,68,68,68,68,68,68,68,68,68,68,68,68,68,68,68,68,68,68,68,68,68,68],"relic_stats":{"Peace Pipe":0,"counters":[19,124],"Mummified Hand":[37],"Pantograph":32,"Bronze Scales":[330],"obtain_stats":[{"Vajra":26,"Omamori":23,"Frozen Egg 2":28,"FrozenCore":17,"Peace Pipe":6,"SlaversCollar":34,"HornCleat":8,"Mummified Hand":11,"Pantograph":9,"Bronze Scales":13,"MutagenicStrength":19,"Cracked Core":0,"Meat on the Bone":22},{"Vajra":12,"Omamori":10,"Frozen Egg 2":12,"FrozenCore":7,"Peace Pipe":3,"SlaversCollar":15,"HornCleat":3,"Mummified Hand":4,"Pantograph":3,"Bronze Scales":5,"MutagenicStrength":8,"Cracked Core":0,"Meat on the Bone":9},{"Vajra":64,"Omamori":50,"Frozen Egg 2":64,"FrozenCore":33,"Peace Pipe":15,"SlaversCollar":94,"HornCleat":15,"Mummified Hand":19,"Pantograph":15,"Bronze Scales":25,"MutagenicStrength":39,"Cracked Core":0,"Meat on the Bone":43}],"FrozenCore":[25],"Meat on the Bone":84},"card_choices":[{"not_picked":["Machine Learning","Creative AI"],"picked":"Echo Form","floor":0},{"not_picked":["Ball Lightning","Blizzard"],"picked":"Go for the Eyes","floor":1},{"not_picked":["Streamline","Cold Snap"],"picked":"Leap","floor":3},{"not_picked":["Ball Lightning","Rip and Tear"],"picked":"Doom and Gloom","floor":6},{"not_picked":["Consume","Stack"],"picked":"Loop","floor":10},{"not_picked":["Streamline","Barrage"],"picked":"Self Repair","floor":13},{"not_picked":["Hologram","Reprogram"],"picked":"Conserve Battery","floor":14},{"not_picked":["Meteor Strike","Hyperbeam"],"picked":"Core Surge","floor":16},{"not_picked":["Turbo","Go for the Eyes"],"picked":"BootSequence+1","floor":18},{"not_picked":["Sweeping Beam","Conserve Battery"],"picked":"Consume+1","floor":20},{"not_picked":["Rebound","Steam"],"picked":"Chill","floor":23},{"not_picked":["Barrage","Go for the Eyes"],"picked":"Coolheaded","floor":24},{"not_picked":["Ball Lightning","Stack"],"picked":"Auto Shields","floor":25},{"not_picked":["Hologram","Barrage"],"picked":"Streamline+1","floor":30},{"not_picked":["Steam+1","Sunder"],"picked":"Compile Driver+1","floor":31},{"not_picked":["Core Surge","Fission"],"picked":"Rainbow","floor":33},{"not_picked":["Double Energy","Redo+1"],"picked":"Fusion","floor":35},{"not_picked":["Steam","Coolheaded+1"],"picked":"Undo+1","floor":36},{"not_picked":["Streamline+1","Turbo"],"picked":"Darkness","floor":38}],"player_experience":64591,"relics_obtained":[{"floor":6,"key":"Peace Pipe"},{"floor":8,"key":"HornCleat"},{"floor":9,"key":"Pantograph"},{"floor":13,"key":"Bronze Scales"},{"floor":22,"key":"Meat on the Bone"},{"floor":23,"key":"Omamori"},{"floor":26,"key":"Vajra"}],"event_choices":[{"damage_healed":0,"gold_gain":175,"player_choice":"AGREE","damage_taken":0,"max_hp_gain":0,"max_hp_loss":0,"event_name":"Liars Game","floor":4,"gold_loss":0,"cards_obtained":["Doubt"]},{"cards_removed":["Doubt"],"damage_healed":0,"gold_gain":0,"player_choice":"Forget","damage_taken":0,"max_hp_gain":0,"max_hp_loss":0,"event_name":"Living Wall","floor":5,"gold_loss":0},{"damage_healed":0,"gold_gain":0,"player_choice":"Box","damage_taken":0,"relics_obtained":["Mummified Hand"],"max_hp_gain":0,"max_hp_loss":0,"event_name":"Big Fish","floor":11,"gold_loss":0,"cards_obtained":["Regret"]},{"damage_healed":0,"gold_gain":0,"player_choice":"Inject Mutagens","damage_taken":0,"relics_obtained":["MutagenicStrength"],"max_hp_gain":0,"max_hp_loss":0,"event_name":"Drug Dealer","floor":19,"gold_loss":0},{"damage_healed":0,"gold_gain":0,"player_choice":"Ignored","damage_taken":0,"max_hp_gain":0,"max_hp_loss":0,"event_name":"Ghosts","floor":21,"gold_loss":0},{"damage_healed":0,"gold_gain":0,"player_choice":"Embrace Madness","damage_taken":9,"max_hp_gain":0,"max_hp_loss":0,"event_name":"Winding Halls","floor":37,"gold_loss":0,"cards_obtained":["Madness","Madness"]},{"damage_healed":0,"gold_gain":0,"player_choice":"Got Potions","damage_taken":0,"max_hp_gain":0,"max_hp_loss":0,"event_name":"Lab","floor":39,"gold_loss":0}],"is_beta":false,"boss_relics":[{"not_picked":["SacredBark","Snecko Eye"],"picked":"FrozenCore"},{"not_picked":["Tiny House","Sozu"],"picked":"SlaversCollar"}],"items_purged_floors":[],"is_endless":false,"potions_floor_spawned":[3,13,14,18,20,23,33,35,36],"killed_by":"Giant Head","ascension_level":0}}