{"host":"l4p18zw33fr8bdc3","time":1611979683,"event":{"mods":["AchievementEnabler","BaseMod","Bestiary","Block Reminder","Colored Map","Colored Powertips","Curses Come First","Minty Spire (QoL Compilation)","Quick Restart","Rare Cards Sparkle","StSLib"],"gold_per_floor":[115,1,15,35,46,73,73,103,149,149,159,178,198,211,211,313,313,313,313,313,63,0,0,0,0,0,0,0,0,0,0,0,0,0,0,0,0,0,0,0,0,0,0,0,0,0,0,0,0,0,0,0,0,0,0,0],"floor_reached":55,"language":"ENG","playtime":7120,"items_purged":["Strike_P","Writhe"],"score":1049,"play_id":"cb674b7f-9a22-4c91-bc34-b4698974c41e","local_time":"20210129230803","is_ascension_mode":true,"campfire_choices":[{"data":"Adaptation","floor":7,"key":"SMITH"},{"floor":15,"key":"REST"},{"floor":24,"key":"RECALL"},{"floor":32,"key":"REST"},{"data":"Scrawl","floor":40,"key":"SMITH"},{"data":"Perseverance","floor":42,"key":"SMITH"},{"data":"DeceiveReality","floor":46,"key":"SMITH"},{"floor":49,"key":"REST"},{"floor":52,"key":"REST"}],"circlet_count":0,"master_deck":["Strike_P+1","Strike_P+1","Strike_P+1","Defend_P+1","Defend_P+1","Defend_P+1","Defend_P+1","Eruption+1","Vigilance+1","LessonLearned+1","Adaptation+1","DeceiveReality+1","FlurryOfBlows+1","Tantrum+1","Wallop+1","EmptyFist+1","EmptyMind+1","Deep Breath+1","FlurryOfBlows+1","ThirdEye+1","Establishment+1","Scrawl+1","FlyingSleeves+1","InnerPeace+1","Perseverance+1","Collect+1","Scrawl+1","DeceiveReality+1","FollowUp+1","SashWhip+1"],"relics":["PureWater","Kunai","Matryoshka","Anchor","Bag of Preparation","Ectoplasm","FossilizedHelix","Pen Nib","Blue Candle","Gremlin Horn","MawBank","Tiny Chest","VioletLotus","CeramicFish","Whetstone","Toy Ornithopter","The Courier","Akabeko"],"acts_visited":["Exordium","TheCity","TheBeyond","TheEnding"],"potions_floor_usage":[6,15,23,23,45,50,54],"damage_taken":[{"damage":1,"enemies":"Jaw Worm","floor":1,"turns":3},{"damage":3,"enemies":"Cultist","floor":3,"turns":3},{"damage":0,"enemies":"Small Slimes","floor":4,"turns":4},{"damage":0,"enemies":"Looter","floor":5,"turns":3},{"damage":10,"enemies":"Lagavulin","floor":6,"turns":8},{"damage":16,"enemies":"3 Sentries","floor":8,"turns":10},{"damage":0,"enemies":"Exordium Wildlife","floor":11,"turns":4},{"damage":0,"enemies":"2 Fungi Beasts","floor":12,"turns":2},{"damage":0,"enemies":"Red Slaver","floor":13,"turns":5},{"damage":0,"enemies":"Lots of Slimes","floor":14,"turns":3},{"damage":0,"enemies":"Hexaghost","floor":16,"turns":9},{"damage":0,"enemies":"3 Byrds","floor":18,"turns":3},{"damage":0,"enemies":"2 Thieves","floor":22,"turns":4},{"damage":0,"enemies":"Gremlin Leader","floor":23,"turns":3},{"damage":0,"enemies":"Book of Stabbing","floor":25,"turns":2},{"damage":0,"enemies":"Gremlin Leader","floor":28,"turns":6},{"damage":0,"enemies":"Snecko","floor":29,"turns":3},{"damage":0,"enemies":"Shelled Parasite and Fungi","floor":30,"turns":5},{"damage":0,"enemies":"Collector","floor":33,"turns":11},{"damage":0,"enemies":"Orb Walker","floor":35,"turns":2},{"damage":0,"enemies":"3 Shapes","floor":36,"turns":3},{"damage":7,"enemies":"Maw","floor":39,"turns":7},{"damage":0,"enemies":"Giant Head","floor":41,"turns":7},{"damage":0,"enemies":"Jaw Worm Horde","floor":44,"turns":3},{"damage":0,"enemies":"Nemesis","floor":45,"turns":3},{"damage":0,"enemies":"Sphere and 2 Shapes","floor":48,"turns":3},{"damage":18,"enemies":"Awakened One","floor":50,"turns":10},{"damage":7,"enemies":"Shield and Spear","floor":54,"turns":7},{"damage":70,"enemies":"The Heart","floor":55,"turns":8}],"seed_played":"-8560581388749795506","potions_obtained":[{"floor":1,"key":"AttackPotion"},{"floor":3,"key":"StancePotion"},{"floor":6,"key":"Fire Potion"},{"floor":8,"key":"DistilledChaos"},{"floor":14,"key":"Fruit Juice"},{"floor":23,"key":"LiquidBronze"},{"floor":30,"key":"EssenceOfSteel"},{"floor":31,"key":"BottledMiracle"},{"floor":31,"key":"Strength Potion"},{"floor":41,"key":"GamblersBrew"}],"is_trial":false,"path_per_floor":["M","$","M","M","M","E","R","E","T","?","M","M","M","M","R","B",null,"M","?","?","$","M","E","R","E","T","$","E","M","M","?","R","B",null,"M","M","?","T","M","R","E","R","T","M","E","R","$","M","R","B",null,"R","$","E","B"],"character_chosen":"WATCHER","items_purchased":["DeceiveReality","Pen Nib"],"campfire_rested":4,"item_purchase_floors":[2,21],"current_hp_per_floor":[64,64,61,61,61,51,51,35,35,35,35,35,35,35,59,59,70,70,70,57,57,57,57,57,57,57,57,57,57,57,57,75,75,75,75,75,75,75,68,68,68,68,68,68,73,73,73,73,75,57,75,75,75,68,0,0],"gold":0,"neow_bonus":"THREE_RARE_CARDS","is_daily":false,"chose_seed":false,"campfire_upgraded":4,"win_rate":0.0,"timestamp":1611979683,"path_taken":["M","$","M","M","M","E","R","E","T","?","M","?","M","M","R","BOSS","M","?","?","?","M","E","R","E","T","$","E","?","M","?","R","BOSS","M","M","?","?","?","R","E","R","T","M","E","R","?","M","R","BOSS","R","$","E","BOSS"],"items_purchased_type":["Card","Relic"],"build_version":"2020-12-22","purchased_purges":2,"victory":false,"max_hp_per_floor":[65,65,65,65,65,65,65,65,65,65,65,65,65,65,70,70,70,70,70,75,75,75,75,75,75,75,75,75,75,75,75,75,75,75,75,75,75,75,75,75,75,75,75,75,75,75,75,75,75,75,75,75,75,75,75,75],"card_choices":[{"not_picked":["Ragnarok","Blasphemy"],"picked":"LessonLearned","floor":0},{"not_picked":["CutThroughFate","Crescendo"],"picked":"Adaptation","floor":1},{"not_picked":["FearNoEvil","Study"],"picked":"FlurryOfBlows","floor":3},{"not_picked":["Wireheading","Sanctity"],"picked":"Tantrum","floor":4},{"not_picked":["Worship","Swivel"],"picked":"Wallop","floor":5},{"not_picked":["Evaluate","CarveReality"],"picked":"EmptyFist","floor":6},{"not_picked":["Judgement","Wish"],"picked":"EmptyMind","floor":8},{"not_picked":["Conclude","Prostrate"],"picked":"FlurryOfBlows","floor":11},{"not_picked":["Prostrate","MentalFortress"],"picked":"ThirdEye","floor":12},{"not_picked":["Evaluate","EmptyBody","Nirvana"],"picked":"SKIP","floor":13},{"not_picked":["PathToVictory","Nirvana"],"picked":"Establishment","floor":14},{"not_picked":["DevaForm","Omniscience"],"picked":"Scrawl","floor":16},{"not_picked":["EmptyBody+1","CrushJoints"],"picked":"FlyingSleeves+1","floor":18},{"not_picked":["BattleHymn","CrushJoints","Halt+1"],"picked":"SKIP","floor":22},{"not_picked":["WaveOfTheHand","WreathOfFlame","Study"],"picked":"SKIP","floor":23},{"not_picked":["SignatureMove","Swivel","MasterReality"],"picked":"SKIP","floor":25},{"not_picked":["ThirdEye","Adaptation+1"],"picked":"InnerPeace+1","floor":28},{"not_picked":["ThirdEye","ForeignInfluence"],"picked":"Perseverance","floor":29},{"not_picked":["PathToVictory","BowlingBash"],"picked":"Collect","floor":30},{"not_picked":["CrushJoints+1","EmptyBody","Collect"],"picked":"SKIP","floor":35},{"not_picked":["ClearTheMind","WreathOfFlame+1","PathToVictory+1"],"picked":"SKIP","floor":36},{"not_picked":["WreathOfFlame+1","PathToVictory+1"],"picked":"DeceiveReality","floor":39},{"not_picked":["SashWhip+1","BowlingBash+1"],"picked":"FollowUp+1","floor":41},{"not_picked":["FollowUp+1","SashWhip","EmptyFist"],"picked":"SKIP","floor":44},{"not_picked":["ThirdEye+1","Adaptation","MasterReality"],"picked":"SKIP","floor":45},{"not_picked":["ThirdEye+1","Adaptation","MasterReality"],"picked":"SKIP","floor":45},{"not_picked":["PathToVictory+1","Study","EmptyFist+1"],"picked":"SKIP","floor":48},{"not_picked":["FlurryOfBlows","PathToVictory+1"],"picked":"SashWhip+1","floor":54}],"player_experience":208614,"relics_obtained":[{"floor":6,"key":"Kunai"},{"floor":8,"key":"Matryoshka"},{"floor":9,"key":"Anchor"},{"floor":9,"key":"Bag of Preparation"},{"floor":23,"key":"Blue Candle"},{"floor":25,"key":"Gremlin Horn"},{"floor":26,"key":"MawBank"},{"floor":28,"key":"Tiny Chest"},{"floor":38,"key":"CeramicFish"},{"floor":41,"key":"Whetstone"},{"floor":43,"key":"Toy Ornithopter"},{"floor":45,"key":"The Courier"},{"floor":54,"key":"Akabeko"}],"event_choices":[{"damage_healed":0,"gold_gain":0,"player_choice":"1 cards matched","damage_taken":0,"max_hp_gain":0,"max_hp_loss":0,"event_name":"Match and Keep!","floor":10,"gold_loss":0,"cards_obtained":["Deep Breath"]},{"damage_healed":0,"gold_gain":0,"player_choice":"Opened","damage_taken":0,"relics_obtained":["FossilizedHelix"],"max_hp_gain":0,"max_hp_loss":0,"event_name":"The Mausoleum","floor":19,"gold_loss":0,"cards_obtained":["Writhe"]},{"damage_healed":0,"gold_gain":0,"player_choice":"Shed Blood","damage_taken":18,"max_hp_gain":5,"max_hp_loss":0,"event_name":"Forgotten Altar","floor":20,"gold_loss":0},{"damage_healed":0,"gold_gain":0,"player_choice":"Got Potions","damage_taken":0,"max_hp_gain":0,"max_hp_loss":0,"event_name":"Lab","floor":31,"gold_loss":0},{"damage_healed":0,"gold_gain":0,"player_choice":"1 cards matched","damage_taken":0,"max_hp_gain":0,"max_hp_loss":0,"event_name":"Match and Keep!","floor":37,"gold_loss":0,"cards_obtained":["Scrawl"]}],"is_beta":false,"boss_relics":[{"not_picked":["Runic Dome","Runic Pyramid"],"picked":"Ectoplasm"},{"not_picked":["Empty Cage","Snecko Eye"],"picked":"VioletLotus"}],"items_purged_floors":[2,21],"is_endless":false,"potions_floor_spawned":[1,3,6,8,11,14,23,30,41,44],"killed_by":"The Heart","ascension_level":1}}