{"host":"39erygfi9n0tobyn","time":1611972047,"event":{"mods":["2.2 Compatiblity","BaseMod","Bestiary","Colored Map","Colored Powertips","Curses Come First","Highlight Path","Keyboard Shortcuts","Minty Spire (QoL Compilation)","Relic Stats","StSLib","SuperFastMode"],"gold_per_floor":[117,192,367,62,62,112,143,143,143,143,18,37,49,64,64,161,161,161,161,161,18,18,18,18,18,18,18,0,0,0,0,0,0,0,0,0,0,0,0,0,0,0,0],"floor_reached":42,"language":"ENG","playtime":1347,"items_purged":["Doubt"],"score":455,"play_id":"5c4bcad6-f5a0-4adc-8593-f6a7bc3ba4d3","local_time":"20210129230047","is_ascension_mode":false,"campfire_choices":[{"floor":8,"key":"REST"},{"floor":10,"key":"REST"},{"data":"Blind","floor":15,"key":"SMITH"},{"floor":27,"key":"REST"},{"floor":32,"key":"REST"},{"floor":40,"key":"REST"}],"circlet_count":0,"master_deck":["Strike_B","Strike_B","Strike_B","Strike_B","Defend_B","Defend_B","Defend_B","Defend_B","Zap","Dualcast","Doom and Gloom","Leap","Sunder","Blind+1","Sweeping Beam","Regret","Lockon","Chill","Melter","Cold Snap+1","BootSequence","Ball Lightning+1","Echo Form","Turbo+1","Writhe","Conserve Battery","Streamline+1","Auto Shields","Sweeping Beam+1","Chaos+1","Doom and Gloom+1","RitualDagger+1","Stack","Electrodynamics","Conserve Battery+1","Barrage+1","Aggregate","Beam Cell+1"],"relics":["Cracked Core","Strawberry","Membership Card","Happy Flower","Dream Catcher","Pantograph","Lantern","Molten Egg 2","Ectoplasm","Enchiridion","Ancient Tea Set","Gremlin Horn","Boot","Torii","Omamori","Philosopher\u0027s Stone","Bronze Scales"],"acts_visited":["Exordium","TheCity","TheBeyond"],"potions_floor_usage":[23,25,33,42,42],"damage_taken":[{"damage":5,"enemies":"Jaw Worm","floor":1,"turns":4},{"damage":45,"enemies":"Gremlin Nob","floor":7,"turns":5},{"damage":6,"enemies":"2 Louse","floor":12,"turns":3},{"damage":0,"enemies":"Cultist","floor":13,"turns":2},{"damage":5,"enemies":"Exordium Wildlife","floor":14,"turns":4},{"damage":19,"enemies":"Slime Boss","floor":16,"turns":4},{"damage":19,"enemies":"Spheric Guardian","floor":18,"turns":4},{"damage":17,"enemies":"Slavers","floor":23,"turns":3},{"damage":5,"enemies":"Shell Parasite","floor":24,"turns":3},{"damage":8,"enemies":"Snake Plant","floor":25,"turns":5},{"damage":38,"enemies":"Book of Stabbing","floor":29,"turns":6},{"damage":45,"enemies":"Champ","floor":33,"turns":13},{"damage":38,"enemies":"3 Shapes","floor":35,"turns":4},{"damage":2,"enemies":"Orb Walker","floor":37,"turns":5},{"damage":25,"enemies":"3 Darklings","floor":38,"turns":3},{"damage":57,"enemies":"Giant Head","floor":42,"turns":9}],"seed_played":"4438098566918002212","potions_obtained":[{"floor":7,"key":"Energy Potion"},{"floor":12,"key":"Explosive Potion"},{"floor":13,"key":"Energy Potion"},{"floor":18,"key":"GamblersBrew"},{"floor":25,"key":"Fruit Juice"},{"floor":35,"key":"Weak Potion"}],"is_trial":false,"path_per_floor":["M","?","?","$","?","T","E","R","T","R","$","M","M","M","R","B",null,"M","?","?","$","?","E","M","M","T","R","?","E","$","?","R","B",null,"M","?","M","M","$","R","T","E"],"character_chosen":"DEFECT","items_purchased":["Membership Card","Leap","Sunder","Blind","Sweeping Beam","Molten Egg 2","Gremlin Horn","Conserve Battery"],"campfire_rested":5,"item_purchase_floors":[4,4,4,4,4,11,21,21],"current_hp_per_floor":[77,66,66,66,66,66,21,45,45,69,69,63,63,58,58,63,82,63,47,47,47,47,30,25,22,22,48,48,10,10,4,30,10,87,49,49,47,22,22,48,48,0,0],"gold":0,"neow_bonus":"RANDOM_COMMON_RELIC","is_daily":false,"chose_seed":false,"campfire_upgraded":1,"win_rate":0.0,"timestamp":1611972047,"path_taken":["M","?","?","$","?","?","E","R","T","R","$","M","M","M","R","BOSS","M","?","?","$","?","E","?","M","T","R","?","E","$","?","R","BOSS","M","?","M","M","?","R","?","E"],"items_purchased_type":["Relic","Card","Card","Card","Card","Relic","Relic","Card"],"build_version":"2020-12-22","purchased_purges":1,"victory":false,"max_hp_per_floor":[82,82,82,82,82,82,82,82,82,82,82,82,82,82,82,82,82,82,82,82,82,82,82,82,87,87,87,87,87,87,87,87,87,87,87,87,87,87,87,87,87,87,87],"relic_stats":{"Dream Catcher":5,"Happy Flower":[24],"Gremlin Horn":[5,5],"Torii":18,"counters":[16,77],"Pantograph":49,"Bronze Scales":[18],"Ectoplasm":287,"Boot":[19],"obtain_stats":[{"Lantern":9,"Happy Flower":5,"Gremlin Horn":21,"Torii":26,"Enchiridion":19,"Omamori":29,"Ancient Tea Set":20,"Boot":23,"Dream Catcher":6,"Strawberry":0,"Pantograph":7,"Bronze Scales":41,"Molten Egg 2":11,"Philosopher\u0027s Stone":34,"Ectoplasm":17,"Membership Card":4,"Cracked Core":0},{"Lantern":2,"Happy Flower":1,"Gremlin Horn":7,"Torii":10,"Enchiridion":7,"Omamori":11,"Ancient Tea Set":7,"Boot":8,"Dream Catcher":1,"Strawberry":0,"Pantograph":2,"Bronze Scales":15,"Molten Egg 2":2,"Philosopher\u0027s Stone":12,"Ectoplasm":6,"Membership Card":1,"Cracked Core":0},{"Lantern":9,"Happy Flower":4,"Gremlin Horn":26,"Torii":37,"Enchiridion":26,"Omamori":43,"Ancient Tea Set":26,"Boot":29,"Dream Catcher":4,"Strawberry":0,"Pantograph":9,"Bronze Scales":68,"Molten Egg 2":9,"Philosopher\u0027s Stone":56,"Ectoplasm":22,"Membership Card":4,"Cracked Core":0}]},"card_choices":[{"not_picked":["Barrage","FTL"],"picked":"Doom and Gloom","floor":1},{"not_picked":["Meteor Strike","Gash"],"picked":"Lockon","floor":7},{"not_picked":["Beam Cell","Force Field"],"picked":"Chill","floor":8},{"not_picked":["Barrage","Blizzard"],"picked":"Melter","floor":10},{"not_picked":["Conserve Battery","Turbo"],"picked":"Cold Snap+1","floor":12},{"not_picked":["Rebound+1","Gash+1"],"picked":"BootSequence","floor":13},{"not_picked":["Cold Snap+1","Double Energy"],"picked":"Ball Lightning+1","floor":14},{"not_picked":["Meteor Strike+1","Biased Cognition"],"picked":"Echo Form","floor":16},{"not_picked":["Steam+1","FTL+1"],"picked":"Turbo+1","floor":18},{"not_picked":["Capacitor","Redo"],"picked":"Streamline+1","floor":23},{"not_picked":["Rebound+1","Hologram"],"picked":"Auto Shields","floor":24},{"not_picked":["Capacitor","Coolheaded"],"picked":"Sweeping Beam+1","floor":25},{"not_picked":["Redo","Force Field"],"picked":"Chaos+1","floor":27},{"not_picked":["Ball Lightning+1","Multi-Cast"],"picked":"Doom and Gloom+1","floor":29},{"not_picked":["Turbo","Self Repair"],"picked":"Stack","floor":32},{"not_picked":["Fission","Creative AI"],"picked":"Electrodynamics","floor":33},{"not_picked":["Undo","Gash+1"],"picked":"Conserve Battery+1","floor":35},{"not_picked":["Cold Snap+1","Streamline+1"],"picked":"Barrage+1","floor":37},{"not_picked":["Glacier","Creative AI"],"picked":"Aggregate","floor":38},{"not_picked":["Gash+1","Glacier"],"picked":"Beam Cell+1","floor":40}],"player_experience":57358,"relics_obtained":[{"floor":6,"key":"Dream Catcher"},{"floor":7,"key":"Pantograph"},{"floor":9,"key":"Lantern"},{"floor":19,"key":"Enchiridion"},{"floor":23,"key":"Boot"},{"floor":26,"key":"Torii"},{"floor":29,"key":"Omamori"},{"floor":41,"key":"Bronze Scales"}],"event_choices":[{"damage_healed":0,"gold_gain":75,"player_choice":"Gather Gold","damage_taken":11,"max_hp_gain":0,"max_hp_loss":0,"event_name":"World of Goop","floor":2,"gold_loss":0},{"damage_healed":0,"gold_gain":175,"player_choice":"AGREE","damage_taken":0,"max_hp_gain":0,"max_hp_loss":0,"event_name":"Liars Game","floor":3,"gold_loss":0,"cards_obtained":["Doubt"]},{"damage_healed":0,"gold_gain":0,"player_choice":"Box","damage_taken":0,"relics_obtained":["Happy Flower"],"max_hp_gain":0,"max_hp_loss":0,"event_name":"Big Fish","floor":5,"gold_loss":0,"cards_obtained":["Regret"]},{"damage_healed":0,"gold_gain":0,"player_choice":"Obtained Book","damage_taken":16,"max_hp_gain":0,"max_hp_loss":0,"event_name":"Cursed Tome","floor":19,"gold_loss":0},{"damage_healed":0,"gold_gain":0,"player_choice":"Opened","damage_taken":0,"relics_obtained":["Ancient Tea Set"],"max_hp_gain":0,"max_hp_loss":0,"event_name":"The Mausoleum","floor":20,"gold_loss":0,"cards_obtained":["Writhe"]},{"damage_healed":0,"gold_gain":0,"player_choice":"Ignored","damage_taken":0,"max_hp_gain":0,"max_hp_loss":0,"event_name":"Ghosts","floor":22,"gold_loss":0},{"damage_healed":0,"gold_gain":0,"player_choice":"Paid Fearfully","damage_taken":0,"max_hp_gain":0,"max_hp_loss":0,"event_name":"Masked Bandits","floor":28,"gold_loss":18},{"damage_healed":0,"gold_gain":0,"player_choice":"Joined the Cult","damage_taken":6,"max_hp_gain":0,"max_hp_loss":0,"event_name":"Nest","floor":31,"gold_loss":0,"cards_obtained":["RitualDagger"]},{"damage_healed":0,"gold_gain":0,"player_choice":"Ignored","damage_taken":0,"max_hp_gain":0,"max_hp_loss":0,"event_name":"NoteForYourself","floor":36,"gold_loss":0}],"is_beta":false,"boss_relics":[{"not_picked":["Astrolabe","Tiny House"],"picked":"Ectoplasm"},{"not_picked":["Fusion Hammer","Runic Dome"],"picked":"Philosopher\u0027s Stone"}],"items_purged_floors":[4],"is_endless":false,"potions_floor_spawned":[7,12,13,18,25,35],"killed_by":"Giant Head","ascension_level":0}}