{"host":"szp1d6dso4pv7ddl","time":1611981248,"event":{"mods":["AchievementEnabler","Alarm Clock","BaseMod","Bestiary","Block Reminder","Colored Map","Colored Powertips","Curses Come First","Dark Map","Displayed Cursed Tome","Highlight Path","Minty Spire (QoL Compilation)","Permanent Neow","Quick Restart","Relic Sorter","Relic Stats","StSLib","Synergy Search"],"gold_per_floor":[112,58,58,71,71,71,71,71,94,121,121,135,148,167,167,167,167],"floor_reached":16,"language":"ENG","playtime":1005,"items_purged":[],"score":185,"play_id":"316796d7-d265-40e4-a02b-60595bafa8eb","local_time":"20210129203408","is_ascension_mode":true,"campfire_choices":[{"floor":6.0,"key":"REST"},{"floor":8.0,"key":"REST"},{"data":"Tactician","floor":15.0,"key":"SMITH"}],"circlet_count":0,"master_deck":["AscendersBane","Strike_G+1","Strike_G","Strike_G","Strike_G","Defend_G","Defend_G","Defend_G","Defend_G","Defend_G","Survivor","Neutralize","Flying Knee","Acrobatics+1","Dagger Throw","Blur","Tactician+1"],"relics":["Snecko Eye","Tough Bandages","Bronze Scales","HornCleat"],"acts_visited":["Exordium"],"potions_floor_usage":[16],"damage_taken":[{"damage":17.0,"enemies":"Jaw Worm","floor":1.0,"turns":8.0},{"damage":0.0,"enemies":"Small Slimes","floor":4.0,"turns":3.0},{"damage":17.0,"enemies":"Lagavulin","floor":10.0,"turns":8.0},{"damage":0.0,"enemies":"2 Louse","floor":12.0,"turns":2.0},{"damage":11.0,"enemies":"Red Slaver","floor":13.0,"turns":3.0},{"damage":0.0,"enemies":"Blue Slaver","floor":14.0,"turns":3.0},{"damage":21,"enemies":"Hexaghost","floor":16,"turns":12}],"seed_played":"-4845247171265739090","potions_obtained":[{"floor":13.0,"key":"LiquidMemories"}],"is_trial":false,"path_per_floor":["M","$","?","M","$","R","?","R","T","E","?","M","M","M","R","B"],"character_chosen":"THE_SILENT","items_purchased":["Acrobatics"],"campfire_rested":2,"item_purchase_floors":[2],"current_hp_per_floor":[42,42,22,22,22,41,36,55,55,38,31,31,20,20,20,0,0],"gold":167,"neow_bonus":"BOSS_RELIC","is_daily":false,"chose_seed":false,"campfire_upgraded":1,"win_rate":0.0,"timestamp":1611981248,"path_taken":["M","$","?","M","$","R","?","R","T","E","?","M","M","M","R","BOSS"],"items_purchased_type":["Card"],"build_version":"2020-12-22","purchased_purges":0,"victory":false,"max_hp_per_floor":[66,66,66,66,66,66,66,66,66,66,66,66,66,66,66,66,66],"relic_stats":{"Tough Bandages":[87],"counters":[7,39],"Bronze Scales":[96],"Snecko Eye":[74,68,86,87],"obtain_stats":[{"Tough Bandages":7,"HornCleat":10,"Bronze Scales":9,"Snecko Eye":0,"Ring of the Snake":0},{"Tough Bandages":2,"HornCleat":3,"Bronze Scales":2,"Snecko Eye":0,"Ring of the Snake":0},{"Tough Bandages":11,"HornCleat":19,"Bronze Scales":11,"Snecko Eye":0,"Ring of the Snake":0}]},"card_choices":[{"not_picked":["All Out Attack","Underhanded Strike"],"picked":"Flying Knee","floor":1.0},{"not_picked":["Quick Slash","Deadly Poison"],"picked":"Dagger Throw","floor":4.0},{"not_picked":["Catalyst","Outmaneuver","Caltrops"],"picked":"SKIP","floor":10.0},{"not_picked":["Blade Dance","Backstab","Choke"],"picked":"SKIP","floor":12.0},{"not_picked":["Deflect","Heel Hook"],"picked":"Blur","floor":13.0},{"not_picked":["Poisoned Stab","PiercingWail"],"picked":"Tactician","floor":14.0}],"player_experience":1314379,"relics_obtained":[{"floor":9.0,"key":"Bronze Scales"},{"floor":10.0,"key":"HornCleat"}],"event_choices":[{"damage_healed":0.0,"max_hp_gain":0.0,"max_hp_loss":0.0,"gold_gain":0.0,"event_name":"Shining Light","player_choice":"Entered Light","floor":3.0,"gold_loss":0.0,"damage_taken":20.0,"cards_upgraded":["Acrobatics","Strike_G"]},{"damage_healed":0.0,"max_hp_gain":0.0,"max_hp_loss":0.0,"gold_gain":0.0,"event_name":"Scrap Ooze","player_choice":"Success","floor":7.0,"gold_loss":0.0,"damage_taken":5.0,"relics_obtained":["Tough Bandages"]},{"cards_removed":["Strike_G"],"damage_healed":0.0,"max_hp_gain":0.0,"max_hp_loss":0.0,"gold_gain":0.0,"event_name":"Golden Wing","player_choice":"Card Removal","floor":11.0,"gold_loss":0.0,"damage_taken":7.0}],"is_beta":false,"boss_relics":[],"items_purged_floors":[],"is_endless":false,"potions_floor_spawned":[13],"killed_by":"Hexaghost","ascension_level":17}}