{"host":"vlqejv0notyktumz","time":1611967722,"event":{"mods":["AchievementEnabler","BaseMod","Colored Map","Colored Powertips","Downfall","Googly Eyes","Minty Spire (QoL Compilation)","StSLib"],"gold_per_floor":[119,139,153,103,103,103,132,132,158,158,158,158],"floor_reached":11,"language":"ENG","playtime":255,"items_purged":[],"score":85,"play_id":"f9047ecf-c370-4443-8fa4-c1d4a1cfb7ad","local_time":"20210129184842","is_ascension_mode":true,"campfire_choices":[{"data":"PathToVictory","floor":6,"key":"SMITH"},{"data":"Halt","floor":8,"key":"SMITH"}],"circlet_count":0,"master_deck":["Strike_P","Strike_P","Defend_P","Defend_P","Defend_P","Defend_P","Eruption+1","Vigilance","Halt+1","PathToVictory+1","Halt","ClearTheMind"],"relics":["PureWater","Art of War","Ancient Tea Set","Toy Ornithopter"],"acts_visited":["Exordium"],"potions_floor_usage":[7,7],"damage_taken":[{"damage":0,"enemies":"Jaw Worm","floor":1,"turns":3},{"damage":0,"enemies":"Cultist","floor":2,"turns":3},{"damage":0,"enemies":"2 Louse","floor":3,"turns":3},{"damage":36,"enemies":"3 Sentries","floor":7,"turns":17},{"damage":38,"enemies":"Gremlin Nob","floor":11,"turns":3}],"seed_played":"4078439617250233924","potions_obtained":[{"floor":2,"key":"DuplicationPotion"},{"floor":3,"key":"BottledMiracle"}],"is_trial":false,"path_per_floor":["M","M","M","?","?","R","E","R","T","T","E"],"character_chosen":"WATCHER","items_purchased":[],"campfire_rested":0,"item_purchase_floors":[],"current_hp_per_floor":[72,72,72,72,65,65,29,29,29,29,0,0],"gold":158,"neow_bonus":"UPGRADE_CARD","is_daily":false,"chose_seed":false,"campfire_upgraded":2,"win_rate":0.0,"timestamp":1611967722,"path_taken":["M","M","M","?","?","R","E","R","T","?","E"],"items_purchased_type":[],"build_version":"2020-12-22","purchased_purges":0,"victory":false,"max_hp_per_floor":[72,72,72,72,72,72,72,72,72,72,72,72],"card_choices":[{"not_picked":["ClearTheMind","FearNoEvil"],"picked":"Halt","floor":1},{"not_picked":["Protect","ThirdEye"],"picked":"PathToVictory","floor":2},{"not_picked":["SignatureMove","Protect"],"picked":"Halt","floor":3},{"not_picked":["Evaluate","SpiritShield"],"picked":"ClearTheMind","floor":7}],"player_experience":374391,"relics_obtained":[{"floor":7,"key":"Art of War"},{"floor":9,"key":"Ancient Tea Set"},{"floor":10,"key":"Toy Ornithopter"}],"event_choices":[{"cards_removed":["Strike_P"],"damage_healed":0,"gold_gain":0,"player_choice":"Card Removal","damage_taken":0,"max_hp_gain":0,"max_hp_loss":0,"event_name":"The Cleric","floor":4,"gold_loss":50},{"cards_removed":["Strike_P"],"damage_healed":0,"gold_gain":0,"player_choice":"Card Removal","damage_taken":7,"max_hp_gain":0,"max_hp_loss":0,"event_name":"Golden Wing","floor":5,"gold_loss":0}],"is_beta":false,"boss_relics":[],"items_purged_floors":[],"is_endless":false,"potions_floor_spawned":[2,3],"killed_by":"Gremlin Nob","ascension_level":4}}