{"host":"pi8b3ffzwvxqztac","time":1611978702,"event":{"mods":["BaseMod","Colored Map","Downfall","Minty Spire (QoL Compilation)","StSLib"],"gold_per_floor":[99,118,134,161,146,46,46,80,97,97,112,142,42,67,78,155,155,55,74,174,84,84,184,238,238,238,248,268,296,296,308,327,406,406,406,422,434,294,309,334,405,450,450,230,230,243,243,243,253,253,253,286,19,19,19,19],"floor_reached":57,"language":"ENG","playtime":3228,"items_purged":["Slimebound:Strike_Slimebound","Slimebound:Strike_Slimebound","Slimebound:Defend_Slimebound","Slimebound:Defend_Slimebound"],"score":2020,"play_id":"8b275654-efd2-4634-aa55-fedc8477b939","local_time":"20210130165141","is_ascension_mode":true,"campfire_choices":[{"floor":1,"key":"RECALL"},{"data":"Slimebound:Split","floor":6,"key":"SMITH"},{"data":"Slimebound:TagTeam","floor":13,"key":"SMITH"},{"data":"Slimebound:HauntingLick","floor":18,"key":"SMITH"},{"data":"Slimebound:Equalize","floor":25,"key":"SMITH"},{"data":"Slimebound:SlimeSpikes","floor":30,"key":"SMITH"},{"data":"Slimebound:CorrosiveSpit","floor":35,"key":"SMITH"},{"data":"Slimebound:LevelUp","floor":43,"key":"SMITH"},{"data":"Slimebound:LevelUp","floor":45,"key":"SMITH"},{"data":"Slimebound:DisruptingSlam","floor":47,"key":"SMITH"},{"data":"Slimebound:GoopSpray","floor":54,"key":"SMITH"}],"circlet_count":0,"master_deck":["AscendersBane","Slimebound:Defend_Slimebound","Slimebound:Defend_Slimebound","Slimebound:Split+1","Slimebound:CorrosiveSpit+1","Slimebound:HauntingLick+1","Slimebound:Equalize+1","Slimebound:TagTeam+1","Slimebound:DisruptingSlam+1","Slimebound:SplitBruiser","Slimebound:TagTeam+1","Slimebound:LevelUp+1","Slimebound:Recycling","Slimebound:Prepare+1","Slimebound:Overexert","Slimebound:GrowthPunch+1","Slimebound:LevelUp+1","Slimebound:SlimeSpikes+1","Slimebound:SplitMire+1","Slimebound:LivingWall","CurseOfTheBell","Slimebound:Nibble+1","Slimebound:SamplingLick+1","expansioncontent:DashGenerateEvil+1","Slimebound:LivingWall+1","Slimebound:MegaLick+1","expansioncontent:Chronoboost+1","Slimebound:GoopSpray+1","Slimebound:LeadByExample+1"],"relics":["Slimebound:AbsorbEndCombat","Thread and Needle","Guardian:PocketSentry","downfall:HeartBlessingRed","Slimebound:ScrapOozeRelic","Molten Egg 2","downfall:HeartBlessingBlue","Slimebound:MaxSlimesRelic","Slimebound:TarBlob","downfall:HeartBlessingGreen","MutagenicStrength","Shovel","Pantograph","Ancient Tea Set","War Paint","Calling Bell","Bag of Preparation","Mercury Hourglass","champ:DeflectingBracers","Anchor","Bird Faced Urn","Frozen Egg 2","Gambling Chip","Nunchaku"],"acts_visited":["Exordium","TheCity","TheBeyond","TheEnding"],"potions_floor_usage":[16,23,29,29,33,52,56,56],"damage_taken":[{"damage":2,"enemies":"Cultist","floor":2,"turns":4},{"damage":0,"enemies":"Jaw Worm","floor":3,"turns":4},{"damage":1,"enemies":"downfall:FleeingMerchant","floor":5,"turns":4},{"damage":28,"enemies":"Gremlin Nob","floor":8,"turns":4},{"damage":0,"enemies":"Small Slimes","floor":9,"turns":3},{"damage":5,"enemies":"Blue Slaver","floor":11,"turns":2},{"damage":20,"enemies":"Lagavulin","floor":14,"turns":5},{"damage":0,"enemies":"Large Slime","floor":15,"turns":2},{"damage":32,"enemies":"WA_ARCHETYPE_RETAIN","floor":16,"turns":5},{"damage":0,"enemies":"Spheric Guardian","floor":19,"turns":3},{"damage":9,"enemies":"downfall:Augmenter","floor":20,"turns":4},{"damage":0,"enemies":"downfall:FleeingMerchant","floor":21,"turns":4},{"damage":27,"enemies":"Colosseum Nobs","floor":23,"turns":4},{"damage":0,"enemies":"Snecko","floor":27,"turns":2},{"damage":29,"enemies":"Shelled Parasite and Fungi","floor":28,"turns":3},{"damage":5,"enemies":"Slavers","floor":29,"turns":4},{"damage":11,"enemies":"Snake Plant","floor":31,"turns":3},{"damage":2,"enemies":"Cultist and Chosen","floor":32,"turns":4},{"damage":40,"enemies":"DF_ARCHETYPE_CLAW","floor":33,"turns":6},{"damage":0,"enemies":"3 Shapes","floor":36,"turns":2},{"damage":0,"enemies":"Orb Walker","floor":37,"turns":2},{"damage":0,"enemies":"downfall:FleeingMerchant","floor":38,"turns":3},{"damage":0,"enemies":"3 Darklings","floor":39,"turns":3},{"damage":0,"enemies":"3 Darklings","floor":40,"turns":2},{"damage":0,"enemies":"2 Orb Walkers","floor":42,"turns":3},{"damage":0,"enemies":"Jaw Worm Horde","floor":46,"turns":3},{"damage":0,"enemies":"4 Shapes","floor":49,"turns":3},{"damage":6,"enemies":"SI_POISON_ARCHETYPE","floor":50,"turns":6},{"damage":28,"enemies":"downfall:CharBossMerchant","floor":52,"turns":5},{"damage":16,"enemies":"downfall:NeowBoss","floor":55,"turns":10},{"damage":37,"enemies":"downfall:NeowBossFinal","floor":56,"turns":8}],"seed_played":"-8866464397380681892","potions_obtained":[{"floor":3,"key":"Strength Potion"},{"floor":11,"key":"Block Potion"},{"floor":16,"key":"Regen Potion"},{"floor":23,"key":"Fire Potion"},{"floor":31,"key":"BlessingOfTheForge"},{"floor":33,"key":"PowerPotion"},{"floor":37,"key":"Slimebound:SlimedPotion"},{"floor":42,"key":"Regen Potion"},{"floor":52,"key":"Strength Potion"}],"is_trial":false,"path_per_floor":["R","M","M","T","$","R","T","E","M","?","M","?","R","E","M","B",null,"R","M","?","$","?","?","T","R","?","M","M","E","R","M","M","B",null,"R","M","M","$","M","?","T","?","R","$","R","M","R","?","M","B",null,"E","$","R","B","B",null],"character_chosen":"SLIMEBOUND","items_purchased":["expansioncontent:DashGenerateEvil","Anchor","expansioncontent:Chronoboost","Slimebound:GoopSpray","Slimebound:LeadByExample+1"],"campfire_rested":0,"item_purchase_floors":[38,38,44,53,53],"current_hp_per_floor":[53,54,54,54,54,54,54,30,34,34,41,41,51,37,43,21,53,53,59,64,64,64,40,40,40,40,48,37,46,46,51,63,44,59,59,63,63,64,64,64,64,64,64,64,64,64,64,64,64,62,64,60,60,60,49,59],"gold":19,"neow_bonus":"ONE_RARE_RELIC","is_daily":false,"chose_seed":false,"campfire_upgraded":10,"win_rate":0.0,"timestamp":1611978701,"path_taken":["R","M","?","?","?","R","T","E","M","?","M","?","R","E","M","BOSS","R","M","?","$","?","?","T","R","?","M","M","E","R","M","M","BOSS","R","M","M","$","M","?","T","?","R","$","R","M","R","?","M","BOSS","E","$","R","BOSS","BOSS"],"items_purchased_type":["Card","Relic","Card","Card","Card"],"build_version":"2020-12-22","purchased_purges":4,"victory":true,"max_hp_per_floor":[54,54,54,54,54,54,54,54,54,54,54,54,64,64,64,64,64,64,64,64,64,64,64,64,64,64,64,64,64,64,64,64,64,64,64,64,64,64,64,64,64,64,64,64,64,64,64,64,64,64,64,64,64,64,64,64],"card_choices":[{"not_picked":["Slimebound:SplitLeeching","Slimebound:ItLooksTasty"],"picked":"Slimebound:SplitMire","floor":2},{"not_picked":["Slimebound:ComboTackle","Slimebound:GoopTackle"],"picked":"Slimebound:HauntingLick","floor":3},{"not_picked":["Slimebound:MegaLick","Slimebound:ProtectTheBoss"],"picked":"Slimebound:Equalize","floor":5},{"not_picked":["Slimebound:ViciousTackle","Slimebound:Schlurp"],"picked":"Slimebound:TagTeam","floor":8},{"not_picked":["Slimebound:GoopTackle","Slimebound:Schlurp"],"picked":"Slimebound:DisruptingSlam","floor":9},{"not_picked":["Slimebound:FlameTackle","Slimebound:LeechingTouch"],"picked":"Slimebound:SplitBruiser","floor":11},{"not_picked":["Slimebound:HauntingLick","Slimebound:DuplicatedForm"],"picked":"Slimebound:TagTeam+1","floor":14},{"not_picked":["Slimebound:DivideAndConquer+1","Slimebound:Gluttony"],"picked":"Slimebound:LevelUp","floor":15},{"not_picked":["Slimebound:MassFeed+1","Slimebound:OozeBath"],"picked":"Slimebound:Recycling","floor":16},{"not_picked":["Slimebound:Replication","Slimebound:DisruptingSlam+1"],"picked":"Slimebound:Prepare","floor":19},{"not_picked":["Slimebound:Repurpose","Slimebound:LeechEnergy+1"],"picked":"Slimebound:LevelUp","floor":21},{"not_picked":["Slimebound:LeechingTouch+1","Slimebound:LevelUp+1","Slimebound:Prepare"],"picked":"SKIP","floor":27},{"not_picked":["Slimebound:LeechEnergy+1","Slimebound:SlimeTap"],"picked":"Slimebound:SlimeSpikes","floor":28},{"not_picked":["Slimebound:Darklings","Slimebound:ServeAndProtect"],"picked":"Slimebound:SplitMire+1","floor":29},{"not_picked":["Slimebound:SpikyOuterGoop+1","Slimebound:Prepare"],"picked":"Slimebound:LivingWall","floor":31},{"not_picked":["Slimebound:SplitLeeching","Slimebound:ComboTackle+1","Slimebound:DivideAndConquer+1"],"picked":"SKIP","floor":32},{"not_picked":["Slimebound:DivideAndConquer+1","Slimebound:ComboTackle+1"],"picked":"Slimebound:Nibble+1","floor":36},{"not_picked":["Slimebound:RollThrough+1","Slimebound:SplitAcid","Slimebound:HauntingLick"],"picked":"SKIP","floor":37},{"not_picked":["Slimebound:RollThrough+1","Slimebound:SplitAcid","Slimebound:HauntingLick"],"picked":"SKIP","floor":37},{"not_picked":["Slimebound:RejuvenatingLick","Slimebound:SlimeTap"],"picked":"Slimebound:SamplingLick+1","floor":38},{"not_picked":["Slimebound:ItLooksTasty+1","Slimebound:PressTheAttack+1","Slimebound:ComboTackle+1"],"picked":"SKIP","floor":39},{"not_picked":["Slimebound:TongueLash+1","Slimebound:GrowthPunch+1"],"picked":"Slimebound:LivingWall+1","floor":40},{"not_picked":["Slimebound:SplitLeeching","Slimebound:SlimeBrawl+1"],"picked":"Slimebound:MegaLick+1","floor":42},{"not_picked":["Slimebound:RainOfGoop","Slimebound:BestDefense+1","Slimebound:SplitLeeching+1"],"picked":"SKIP","floor":46},{"not_picked":["Slimebound:FormOfPuddle","Slimebound:LevelUp+1","Slimebound:WasteNot"],"picked":"SKIP","floor":49},{"not_picked":["Slimebound:SlimeTap","Slimebound:SplitBruiser","Slimebound:Prepare"],"picked":"SKIP","floor":52}],"player_experience":668626,"relics_obtained":[{"floor":4,"key":"Guardian:PocketSentry"},{"floor":8,"key":"Smiling Mask"},{"floor":14,"key":"Slimebound:MaxSlimesRelic"},{"floor":20,"key":"MutagenicStrength"},{"floor":23,"key":"Shovel"},{"floor":23,"key":"Pantograph"},{"floor":24,"key":"Ancient Tea Set"},{"floor":29,"key":"War Paint"},{"floor":34,"key":"Bag of Preparation"},{"floor":34,"key":"Mercury Hourglass"},{"floor":34,"key":"champ:DeflectingBracers"},{"floor":40,"key":"Bird Faced Urn"},{"floor":41,"key":"Frozen Egg 2"},{"floor":42,"key":"Gambling Chip"},{"floor":52,"key":"Nunchaku"}],"event_choices":[{"damage_healed":0,"gold_gain":0,"player_choice":"Ignored","damage_taken":0,"max_hp_gain":0,"max_hp_loss":0,"event_name":"Vampires","floor":22,"gold_loss":0},{"damage_healed":0,"gold_gain":0,"player_choice":"Fight","damage_taken":0,"max_hp_gain":0,"max_hp_loss":0,"event_name":"Mysterious Sphere","floor":42,"gold_loss":0},{"cards_removed":["Slimebound:SplitMire"],"damage_healed":0,"gold_gain":0,"player_choice":"Removed Skill","damage_taken":0,"max_hp_gain":0,"max_hp_loss":0,"event_name":"Falling","floor":48,"gold_loss":0}],"is_beta":false,"boss_relics":[{"not_picked":["Runic Pyramid","bronze:MakeshiftBattery"],"picked":"Slimebound:TarBlob"},{"not_picked":["Busted Crown","Slimebound:AbsorbEndCombatUpgraded"],"picked":"Calling Bell"}],"items_purged_floors":[21,38,44,53],"is_endless":false,"potions_floor_spawned":[3,11,14,16,23,27,31,33,37,42,49,52],"ascension_level":18}}