{"host":"nwavcs7i011ziyjx","time":1611988405,"event":{"mods":["ATMod(∞¢Ë™Mod)","AchievementEnabler","Arknights The Spire","BaseMod","Colored Map","Colored Powertips","Downfall","Marisa£®ÏF”Í°°ƒß¿Ì…≥£©","Minty Spire (QoL Compilation)","MostiFishMod","Quick Restart","Rare Cards Sparkle","Remilia£®¿Ÿ√◊¿Ú—«£©","Replay The Spire","Spicy Shops","StSLib","TestMod","The Servant 0.9.4","Uncapped","UnlockEverythingMod","WarShipGirlsR/’ΩΩ¢…Ÿ≈ÆR mod","Youmu£®ªÍ∆«—˝√Œ£©","noobMod","°æ“≈ŒÔø®≈∆°øREMEMod"],"gold_per_floor":[8000,8000,8013,7268,7286,7314,7314,7331,7356,7356,6169,6169,6185,6218,6218,6295,6295,6305,6265,6282,6296,6313,6339,6339,4906,4906,4935,3615,3635,3662,3678,3678,3760,3760,3778,3778,2951,2970,1088,1088,1112,1112,1136,1167,1167,1181,1231,1266,1266,1270,1273],"floor_reached":52,"language":"ZHS","playtime":2514,"items_purged":["Strike_R","Strike_R","Strike_R","Strike_R","Defend_R","Defend_R"],"score":2299,"play_id":"63cbf6d5-822b-40ca-bf21-ff65ae076101","local_time":"20210130143325","is_ascension_mode":true,"campfire_choices":[{"data":"Massacre","floor":7,"key":"SMITH"},{"data":"AT_IchimonjiDouble","floor":10,"key":"SMITH"},{"data":"Sword Boomerang","floor":12,"key":"SMITH"},{"data":"MostiFishMod:Chiaki","floor":15,"key":"SMITH"},{"data":"MostiFishMod:RacingGame","floor":24,"key":"SMITH"},{"data":"Sword Boomerang","floor":32,"key":"SMITH"},{"data":"testmod-WeaknessCounterattack","floor":40,"key":"SMITH"},{"data":"Heavy Blade","floor":42,"key":"SMITH"},{"data":"testmod-EnhanceArmerment","floor":49,"key":"SMITH"}],"circlet_count":0,"master_deck":["AscendersBane","Strike_R","Defend_R","Defend_R","Massacre+1","Twin Strike","Thunderclap","Sword Boomerang+1","Heavy Blade+1","AT_IchimonjiDouble+1","testmod-EnhanceArmerment+1","MostiFishMod:Chiaki+1","MostiFishMod:RacingGame+1","ReplayTheSpireMod:Limb From Limb","Sword Boomerang+1","testmod-Reflect+1","AT_ShrugMaster+1","REME_EyeOfCthun+1","AT_ShrugMaster+1","testmod-WeaknessCounterattack+1","testmod-RepeatForm+1","Flash of Steel","Master of Strategy+1","MostiFishMod:Chiaki+1","MostiFishMod:HellRitual+1","testmod-BackupPower+1","AT_Dispersion+1","Replay:Undeath\u0027s Touch+1"],"relics":["Burning Blood","ice","DaveBox","testmod-TestBox","REME_ComplimentaryCards","AT_ATBox","ShadowXiaoBlade","testmod-CrystalShield","NeowsBlessing","SynthV:TestCard","Dodecahedron","testmod-LifeArmor","Chemical X","Replay:Baseball","testmod-TurbochargingSystem","testmod-OneHitWonder","Regal Pillow","Incense Burner","HandDrill","AT_SpeedBoots","RhineCircuit","PreservedInsect","Frozen Egg 2","Toy Ornithopter","testmod-Acrobat","BrkXgEgg","Pet Ghost","Toxic Egg 2","Ornamental Fan","testmod-EqualTreatment","Ancient Tea Set","Replay:Wax Seal","TimeFreeze","ReplayTheSpireMod:ShopPack","bronze:MakeshiftBattery","Civilization","AT_ChloranthyRing","Bag of Marbles","TheAbacus","AT_ImmortalShieldbow","AT_BladeRuinedKing","Replay:Bottled Flurry","Nunchaku","Toolbox","SynthV:C4","Gambling Chip","testmod-Antiphasic"],"acts_visited":["Exordium","TheCity","TheBeyond"],"potions_floor_usage":[23,50],"damage_taken":[{"damage":0,"enemies":"Jaw Worm","floor":1,"turns":1},{"damage":0,"enemies":"2 Louse","floor":3,"turns":1},{"damage":0,"enemies":"Cultist","floor":5,"turns":1},{"damage":0,"enemies":"Gremlin Nob","floor":6,"turns":2},{"damage":0,"enemies":"Lots of Slimes","floor":8,"turns":2},{"damage":0,"enemies":"Large Slime","floor":13,"turns":2},{"damage":0,"enemies":"Replay:BlueRogue","floor":14,"turns":1},{"damage":0,"enemies":"Fading Forest","floor":16,"turns":12},{"damage":0,"enemies":"Spheric Guardian","floor":18,"turns":1},{"damage":0,"enemies":"Chosen","floor":20,"turns":2},{"damage":0,"enemies":"Sentry and Sphere","floor":21,"turns":1},{"damage":0,"enemies":"Snecko","floor":22,"turns":3},{"damage":0,"enemies":"Book of Stabbing","floor":23,"turns":1},{"damage":0,"enemies":"REME_1_Revenger","floor":27,"turns":2},{"damage":0,"enemies":"Snake Plant","floor":29,"turns":2},{"damage":0,"enemies":"Centurion and Healer","floor":30,"turns":2},{"damage":0,"enemies":"Snecko","floor":31,"turns":2},{"damage":0,"enemies":"Automaton","floor":33,"turns":3},{"damage":0,"enemies":"3 Darklings","floor":35,"turns":2},{"damage":0,"enemies":"Orb Walker","floor":38,"turns":1},{"damage":7,"enemies":"4 Shapes","floor":41,"turns":1},{"damage":0,"enemies":"R_Hoarder","floor":44,"turns":2},{"damage":0,"enemies":"Spire Growth","floor":46,"turns":1},{"damage":0,"enemies":"Reptomancer","floor":48,"turns":1},{"damage":0,"enemies":"Time Eater","floor":50,"turns":3},{"damage":17,"enemies":"Replay:Hell Engine","floor":51,"turns":2}],"seed_played":"-7504765432049031432","potions_obtained":[{"floor":1,"key":"Toxic Potion"},{"floor":3,"key":"Explosive Potion"},{"floor":14,"key":"FairyPotion"},{"floor":19,"key":"Regen Potion"},{"floor":21,"key":"Flashbang"}],"is_trial":false,"path_per_floor":["M","?","M","$","M","E","R","M","T","R","$","R","M","E","R","B",null,"M","?","M","M","M","E","R","$","T","E","$","M","M","M","R","B",null,"M","?","$","M","$","R","M","R","T","E","?","M","?","E","R","B","B",null],"character_chosen":"IRONCLAD","items_purchased":["Dodecahedron","testmod-LifeArmor","Chemical X","Replay:Baseball","testmod-OneHitWonder","Regal Pillow","Incense Burner","HandDrill","Elixir","testmod-EnhanceArmerment","Frozen Egg 2","Toy Ornithopter","testmod-Acrobat","BrkXgEgg","Pet Ghost","testmod-Reflect+1","Flashbang","AT_ShrugMaster+1","testmod-EqualTreatment","REME_EyeOfCthun+1","Ancient Tea Set","Replay:Wax Seal","TimeFreeze","AT_ShrugMaster+1","testmod-WeaknessCounterattack","ReplayTheSpireMod:ShopPack","Civilization","AT_ChloranthyRing","Bag of Marbles","TheAbacus","AT_ImmortalShieldbow","AT_BladeRuinedKing","Replay:Bottled Flurry","Nunchaku","Toolbox","testmod-BackupPower+1","AT_Dispersion+1"],"campfire_rested":0,"item_purchase_floors":[4,4,4,4,11,11,11,11,11,11,25,25,25,25,25,25,25,25,28,28,28,28,28,28,28,28,37,37,37,37,39,39,39,39,39,39,39],"current_hp_per_floor":[74,74,75,75,75,75,75,75,75,75,75,75,75,75,75,75,75,75,75,75,75,75,75,75,75,75,75,75,75,75,75,75,75,75,75,71,71,72,72,72,76,76,76,82,82,87,87,92,92,97,91],"gold":1273,"neow_bonus":"THREE_ENEMY_KILL","is_daily":false,"chose_seed":false,"campfire_upgraded":9,"win_rate":0.0,"timestamp":1611988405,"path_taken":["M","?","M","$","M","E","R","M","T","R","$","R","M","E","R","BOSS","M","?","?","M","M","E","R","$","T","E","$","?","M","M","R","BOSS","M","?","$","M","$","R","M","R","T","E","?","?","?","E","R","BOSS","BOSS"],"items_purchased_type":["Relic","Relic","Relic","Relic","Relic","Relic","Relic","Relic","Potion","Card","Relic","Relic","Relic","Relic","Relic","Card","Potion","Card","Relic","Card","Relic","Relic","Relic","Card","Card","Relic","Relic","Relic","Relic","Relic","Relic","Relic","Relic","Relic","Relic","Card","Card"],"build_version":"2020-12-22","purchased_purges":6,"victory":true,"max_hp_per_floor":[75,75,75,75,75,75,75,75,75,75,75,75,75,75,75,75,75,75,75,75,75,75,75,75,75,75,75,75,75,75,75,75,75,75,75,71,71,72,72,72,77,77,77,82,82,87,87,92,92,97,102],"card_choices":[{"not_picked":["Sentinel","Metallicize"],"picked":"Twin Strike","floor":1},{"not_picked":["Havoc","Disarm","Massacre","Clothesline"],"picked":"Thunderclap","floor":3},{"not_picked":["Thunderclap","Shockwave","ReplayTheSpireMod:Stacked","Perfected Strike"],"picked":"Sword Boomerang","floor":5},{"not_picked":["Warcry","Bludgeon","Cleave","AT_GerminateFire"],"picked":"Heavy Blade","floor":6},{"not_picked":["Armaments","Defy Death","Rage","Havoc"],"picked":"AT_IchimonjiDouble","floor":8},{"not_picked":["Wild Strike","Body Slam","Clash","True Grit","Armaments"],"picked":"SKIP","floor":13},{"not_picked":["Body Slam","Heavy Blade","Entrench","True Grit"],"picked":"MostiFishMod:Chiaki","floor":14},{"not_picked":["REME_Fury","MostiFishMod:RainCloud","REME_ACTH","Juggernaut"],"picked":"MostiFishMod:RacingGame","floor":16},{"not_picked":["Second Wind+1","Replay:Undeath\u0027s Touch","Metallicize","Sever Soul"],"picked":"ReplayTheSpireMod:Limb From Limb","floor":18},{"not_picked":["ReplayTheSpireMod:Stacked","Thunderclap","Body Slam","Clash","Armaments"],"picked":"SKIP","floor":20},{"not_picked":["Pommel Strike","Wild Strike","ReplayTheSpireMod:Strike From Hell","Havoc","Thunderclap+1"],"picked":"SKIP","floor":21},{"not_picked":["AT_BodySlamDance","Wild Strike","AT_DiedThrough","ReplayTheSpireMod:Muscle Training","Evolve"],"picked":"SKIP","floor":22},{"not_picked":["Heavy Blade","MostiFishMod:#F4004","Abandon","Cleave"],"picked":"Sword Boomerang","floor":23},{"not_picked":["Demon Form+1","Cleave+1","Perfected Strike","Shrug It Off+1","Warcry+1"],"picked":"SKIP","floor":27},{"not_picked":["AT_FalsePromise","testmod-ChaoticCore","ReplayUltimateDefense","testmod-Reproduce"],"picked":"testmod-RepeatForm","floor":28},{"not_picked":["testmod-BackupPower","testmod-Mystery","Mind Blast","testmod-SubstituteBySubterfuge"],"picked":"Flash of Steel","floor":28},{"not_picked":["Enlightenment","testmod-Illusory","Dramatic Entrance","REME_MagicPocketWatch"],"picked":"Master of Strategy","floor":28},{"not_picked":["Clothesline","Twin Strike","Wild Strike","Warcry+1","Bloodletting+1"],"picked":"SKIP","floor":29},{"not_picked":["Headbutt","Second Wind+1","Heavy Blade","Armaments+1"],"picked":"MostiFishMod:Chiaki+1","floor":30},{"not_picked":["AT_BodySlamDance+1","Abandon+1","Body Slam","Fire Breathing+1","ReplayTheSpireMod:Muscle Training+1"],"picked":"SKIP","floor":31},{"not_picked":["REME_ACTH+1","MostiFishMod:Mania+1","MostiFishMod:KnuckleDown+1","MostiFishMod:WingOfPhoenix+1"],"picked":"MostiFishMod:HellRitual+1","floor":33},{"not_picked":["Clash","AT_BodySlamDance+1","Twin Strike+1","Iron Wave","Shockwave+1"],"picked":"SKIP","floor":35},{"not_picked":["Pommel Strike","True Grit+1","Cleave","AT_ShrugMaster+1","Combust+1"],"picked":"SKIP","floor":38},{"not_picked":["Havoc+1","True Grit+1","ReplayTheSpireMod:LeadingStrike","Warcry+1","Twin Strike"],"picked":"SKIP","floor":41},{"not_picked":["AT_ManFootWork+1","Heavy Blade","Bloodletting+1","REME_Scribble+1"],"picked":"Replay:Undeath\u0027s Touch+1","floor":44},{"not_picked":["Body Slam","Wild Strike+1","Clash","ReplayTheSpireMod:Strike From Hell","Armaments+1"],"picked":"SKIP","floor":46},{"not_picked":["Immolate+1","Iron Wave","Sentinel+1","Inflame+1","AT_IchimonjiDouble+1"],"picked":"SKIP","floor":48}],"player_experience":280626,"relics_obtained":[{"floor":1,"key":"SynthV:TestCard"},{"floor":6,"key":"testmod-TurbochargingSystem"},{"floor":14,"key":"AT_SpeedBoots"},{"floor":23,"key":"PreservedInsect"},{"floor":26,"key":"Toxic Egg 2"},{"floor":27,"key":"Ornamental Fan"},{"floor":43,"key":"SynthV:C4"},{"floor":44,"key":"Gambling Chip"},{"floor":48,"key":"testmod-Antiphasic"}],"event_choices":[{"cards_removed":["Bash"],"damage_healed":0,"gold_gain":0,"player_choice":"Forget","damage_taken":0,"max_hp_gain":0,"max_hp_loss":0,"event_name":"Living Wall","floor":2,"gold_loss":0},{"damage_healed":0,"gold_gain":0,"player_choice":"Bought 3 Potions","damage_taken":0,"max_hp_gain":0,"max_hp_loss":0,"event_name":"The Woman in Blue","floor":19,"gold_loss":0},{"damage_healed":0,"gold_gain":0,"player_choice":"Max HP","damage_taken":0,"max_hp_gain":0,"max_hp_loss":4,"event_name":"Winding Halls","floor":36,"gold_loss":0},{"damage_healed":0,"gold_gain":0,"player_choice":"Ignored","damage_taken":0,"max_hp_gain":0,"max_hp_loss":0,"event_name":"Transmorgrifier","floor":45,"gold_loss":0},{"damage_healed":0,"gold_gain":50,"player_choice":"Pray","damage_taken":0,"max_hp_gain":0,"max_hp_loss":0,"event_name":"Golden Shrine","floor":47,"gold_loss":0}],"is_beta":false,"boss_relics":[{"not_picked":["testmod-Prudence","testmod-Temperance"],"picked":"RhineCircuit"},{"not_picked":["GreenFoldingFan","ReplayTheSpireMod:DimensionalGlitch"],"picked":"bronze:MakeshiftBattery"}],"items_purged_floors":[4,11,25,28,37,39],"is_endless":false,"potions_floor_spawned":[1,3,14,16,21,27,29,30,41],"ascension_level":20}}