{"host":"ayh4nqhr0ddw4ozv","time":1611972347,"event":{"mods":["BaseMod","Minty Spire (QoL Compilation)","Relic Stats","Replay The Spire","Robot Space Explorer","StSLib"],"gold_per_floor":[112,187,207,224,237,272,272,283,358,358,358,358],"floor_reached":11,"language":"ENG","playtime":583,"items_purged":[],"score":135,"play_id":"a8dc1a87-f342-496c-a2b3-ddd9557f1e0e","local_time":"20210129180547","is_ascension_mode":true,"campfire_choices":[{"data":"Footwork","floor":10,"key":"SMITH"}],"circlet_count":0,"master_deck":["AscendersBane","Strike_G","Strike_G","Strike_G","Strike_G","Strike_G","Defend_G","Defend_G","Defend_G","Defend_G","Defend_G","Survivor","Neutralize","Blade Dance","Dagger Throw","Fluid Movement","Adrenaline","Footwork+1"],"relics":["Ring of the Snake","Ginger","Lizard Tail","Question Card"],"acts_visited":["Exordium"],"potions_floor_usage":[6,11],"damage_taken":[{"damage":3.0,"enemies":"Jaw Worm","floor":1.0,"turns":6.0},{"damage":3.0,"enemies":"Small Slimes","floor":3.0,"turns":4.0},{"damage":5.0,"enemies":"2 Louse","floor":5.0,"turns":3.0},{"damage":22,"enemies":"3 Sentries","floor":6,"turns":7},{"damage":0,"enemies":"Looter","floor":8,"turns":4},{"damage":65,"enemies":"Gremlin Nob","floor":11,"turns":5}],"seed_played":"6417636208579317676","potions_obtained":[{"floor":0.0,"key":"Poison Potion"},{"floor":0.0,"key":"CultistPotion"}],"is_trial":false,"path_per_floor":["M","?","M","?","M","E","?","M","T","R","E"],"character_chosen":"THE_SILENT","items_purchased":[],"campfire_rested":0,"item_purchase_floors":[],"current_hp_per_floor":[56,45,42,42,37,15,15,15,15,15,0,0],"gold":358,"neow_bonus":"THREE_SMALL_POTIONS","is_daily":false,"chose_seed":false,"campfire_upgraded":1,"win_rate":0.0,"timestamp":1611972347,"path_taken":["M","?","M","?","M","E","?","M","T","R","E"],"items_purchased_type":[],"build_version":"2020-12-22","purchased_purges":0,"victory":false,"max_hp_per_floor":[66,66,66,66,66,66,66,66,66,66,66,66],"relic_stats":{"Lizard Tail":33,"counters":[6,29],"Ginger":[0],"Question Card":0,"obtain_stats":[{"Lizard Tail":6,"Ginger":4,"Question Card":9,"Ring of the Snake":0},{"Lizard Tail":4,"Ginger":2,"Question Card":5,"Ring of the Snake":0},{"Lizard Tail":20,"Ginger":10,"Question Card":24,"Ring of the Snake":0}],"Ring of the Snake":[12]},"card_choices":[{"not_picked":["PiercingWail","Backflip"],"picked":"Blade Dance","floor":1.0},{"not_picked":["Cloak And Dagger","ReplayTheSpireMod:Shiv Toss"],"picked":"Dagger Throw","floor":3.0},{"not_picked":["Quick Slash","Concentrate"],"picked":"Fluid Movement","floor":4.0},{"not_picked":["Slice","Prepared","Cloak And Dagger"],"picked":"SKIP","floor":5.0},{"not_picked":["Infinite Blades","ReplayTheSpireMod:Speed Training"],"picked":"Adrenaline","floor":6},{"not_picked":["All Out Attack","Well Laid Plans"],"picked":"Footwork","floor":8}],"player_experience":396410,"relics_obtained":[{"floor":4.0,"key":"Ginger"},{"floor":6,"key":"Lizard Tail"},{"floor":9,"key":"Question Card"}],"event_choices":[{"damage_healed":0.0,"max_hp_gain":0.0,"max_hp_loss":0.0,"gold_gain":75.0,"event_name":"World of Goop","player_choice":"Gather Gold","floor":2.0,"gold_loss":0.0,"damage_taken":11.0},{"damage_healed":0,"gold_gain":0,"player_choice":"Ignored","damage_taken":0,"max_hp_gain":0,"max_hp_loss":0,"event_name":"Shining Light","floor":7,"gold_loss":0}],"is_beta":false,"boss_relics":[],"items_purged_floors":[],"is_endless":false,"potions_floor_spawned":[1],"killed_by":"Gremlin Nob","ascension_level":17}}