{"host":"ki5kvxn974a96omm","time":1611974067,"event":{"mods":["BaseMod","Colored Map","Colored Powertips","Downfall","Highlight Path","Minty Spire (QoL Compilation)","Relic Sorter","Relic Stats","StSLib"],"gold_per_floor":[99,114,125,35,52,52,52,52,67,67,79,79,91,120,136,241,241,141,161,179,192,192,192,192,205,240,240,251,286,301,319,329,430,430,330,341,358,373,258,258,258,277,290,190,203,236,248,276,295,295,295,295,295,295],"floor_reached":52,"language":"ENG","playtime":4326,"items_purged":["bronze:Strike","Writhe"],"score":791,"play_id":"86af9e66-bac8-4c58-945d-03280097bd21","local_time":"20210129213427","is_ascension_mode":false,"campfire_choices":[{"data":"bronze:Goto","floor":1,"key":"SMITH"},{"data":"bronze:BugBarrage","floor":12,"key":"SMITH"},{"data":"bronze:HyperBeam","floor":18,"key":"SMITH"},{"data":"bronze:ItsAFeature","floor":27,"key":"SMITH"},{"floor":35,"key":"RECALL"},{"floor":44,"key":"REST"}],"circlet_count":0,"master_deck":["bronze:Strike+1","bronze:Strike+1","bronze:Defend+1","bronze:Defend+1","bronze:Defend+1","bronze:Goto+1","bronze:BugBarrage+1","bronze:BuggyMess","bronze:FineTuning","bronze:Allocate","bronze:Iterate","bronze:HardenedForm","bronze:Return","bronze:ItsAFeature+1","bronze:HyperBeam+1","bronze:BugBarrage+1","bronze:Flail","bronze:Shield","bronze:FindAndReplace","bronze:Fortify+1"],"relics":["bronze:BronzeCore","Oddly Smooth Stone","Velvet Choker","downfall:HeartBlessingGreen","Meat on the Bone","Matryoshka","Nunchaku","Frozen Egg 2","expansioncontent:StudyCardRelic","downfall:HeartBlessingBlue","HornCleat","Pantograph","downfall:HeartBlessingRed","Bag of Preparation","Strawberry"],"acts_visited":["Exordium","TheCity","TheBeyond","TheEnding"],"potions_floor_usage":[13,14,16,26,29,29,32,39,50,52,52],"damage_taken":[{"damage":2,"enemies":"Small Slimes","floor":2,"turns":3},{"damage":1,"enemies":"Jaw Worm","floor":3,"turns":3},{"damage":0,"enemies":"downfall:FleeingMerchant","floor":4,"turns":4},{"damage":0,"enemies":"2 Louse","floor":5,"turns":2},{"damage":15,"enemies":"Gremlin Gang","floor":9,"turns":3},{"damage":6,"enemies":"3 Louse","floor":11,"turns":3},{"damage":3,"enemies":"Large Slime","floor":13,"turns":3},{"damage":0,"enemies":"Gremlin Nob","floor":14,"turns":2},{"damage":0,"enemies":"Lots of Slimes","floor":15,"turns":3},{"damage":22,"enemies":"IC_STATUS_ARCHETYPE","floor":16,"turns":3},{"damage":7,"enemies":"Shell Parasite","floor":19,"turns":3},{"damage":4,"enemies":"3 Cultists","floor":20,"turns":3},{"damage":3,"enemies":"Chosen and Byrds","floor":21,"turns":3},{"damage":13,"enemies":"Centurion and Healer","floor":25,"turns":4},{"damage":13,"enemies":"Book of Stabbing","floor":26,"turns":4},{"damage":22,"enemies":"Snake Plant","floor":28,"turns":4},{"damage":4,"enemies":"Slavers","floor":29,"turns":3},{"damage":0,"enemies":"3 Cultists","floor":30,"turns":3},{"damage":0,"enemies":"Sentry and Sphere","floor":31,"turns":3},{"damage":17,"enemies":"Centurion and Healer","floor":32,"turns":3},{"damage":21,"enemies":"SI_MIRROR_ARCHETYPE","floor":33,"turns":10},{"damage":0,"enemies":"3 Shapes","floor":36,"turns":2},{"damage":21,"enemies":"3 Darklings","floor":37,"turns":3},{"damage":0,"enemies":"Maw","floor":38,"turns":6},{"damage":0,"enemies":"downfall:FleeingMerchant","floor":39,"turns":4},{"damage":0,"enemies":"Sphere and 2 Shapes","floor":42,"turns":3},{"damage":10,"enemies":"Jaw Worm Horde","floor":43,"turns":3},{"damage":6,"enemies":"Spire Growth","floor":45,"turns":3},{"damage":0,"enemies":"Reptomancer","floor":46,"turns":4},{"damage":3,"enemies":"3 Darklings","floor":47,"turns":3},{"damage":9,"enemies":"Giant Head","floor":48,"turns":6},{"damage":0,"enemies":"Sphere and 2 Shapes","floor":49,"turns":2},{"damage":65,"enemies":"DF_ARCHETYPE_ORBS","floor":50,"turns":6},{"damage":113,"enemies":"downfall:CharBossMerchant","floor":52,"turns":8}],"seed_played":"-5631746964849660441","potions_obtained":[{"floor":2,"key":"bronze:BuildAFunctionPotion"},{"floor":10,"key":"Fire Potion"},{"floor":10,"key":"DuplicationPotion"},{"floor":13,"key":"champ:CounterPotion"},{"floor":15,"key":"Regen Potion"},{"floor":16,"key":"Dexterity Potion"},{"floor":28,"key":"Energy Potion"},{"floor":31,"key":"Weak Potion"},{"floor":33,"key":"LiquidMemories"},{"floor":36,"key":"Weak Potion"},{"floor":46,"key":"GamblersBrew"},{"floor":47,"key":"CultistPotion"},{"floor":49,"key":"DuplicationPotion"}],"is_trial":false,"path_per_floor":["R","M","M","$","M","?","T","?","M","?","M","R","M","E","M","B",null,"R","M","M","M","?","?","T","M","E","R","M","E","M","M","M","B",null,"R","M","M","M","$","?","T","M","M","R","M","E","M","E","M","B",null,"E"],"character_chosen":"THE_AUTOMATON","items_purchased":[],"campfire_rested":1,"item_purchase_floors":[],"current_hp_per_floor":[77,75,74,74,74,74,74,74,59,59,53,53,50,50,50,37,77,77,70,66,63,63,63,63,50,49,49,39,47,47,47,42,33,77,87,87,66,66,66,66,66,66,56,82,76,76,73,71,71,41,94,0,0,0],"gold":295,"neow_bonus":"TEN_PERCENT_HP_BONUS","is_daily":false,"chose_seed":false,"campfire_upgraded":4,"win_rate":0.0,"timestamp":1611974067,"path_taken":["R","M","M","$","M","?","T","?","M","?","M","R","M","E","M","BOSS","R","M","?","M","?","?","T","M","E","R","M","E","M","M","M","BOSS","R","M","M","M","$","?","T","?","M","R","M","E","?","E","M","BOSS","E"],"items_purchased_type":[],"build_version":"2020-12-22","purchased_purges":2,"victory":false,"max_hp_per_floor":[77,77,77,77,77,77,77,77,77,77,77,77,77,77,77,77,77,77,77,77,77,77,77,77,77,77,77,77,77,77,77,77,77,77,87,87,87,87,87,87,87,87,87,87,87,87,87,94,94,94,94,94,94,94],"relic_stats":{"Nunchaku":[15],"counters":[34,125],"Pantograph":23,"Bag of Preparation":[10],"obtain_stats":[{"bronze:BronzeCore":0,"downfall:HeartBlessingRed":44,"Oddly Smooth Stone":14,"Velvet Choker":17,"downfall:HeartBlessingGreen":18,"expansioncontent:StudyCardRelic":34,"Bag of Preparation":46,"Frozen Egg 2":29,"Nunchaku":26,"Matryoshka":24,"HornCleat":41,"downfall:HeartBlessingBlue":35,"Pantograph":41,"Strawberry":48,"Meat on the Bone":23},{"bronze:BronzeCore":0,"downfall:HeartBlessingRed":27,"Oddly Smooth Stone":8,"Velvet Choker":10,"downfall:HeartBlessingGreen":10,"expansioncontent:StudyCardRelic":21,"Bag of Preparation":29,"Frozen Egg 2":17,"Nunchaku":15,"Matryoshka":13,"HornCleat":25,"downfall:HeartBlessingBlue":21,"Pantograph":25,"Strawberry":31,"Meat on the Bone":13},{"bronze:BronzeCore":0,"downfall:HeartBlessingRed":93,"Oddly Smooth Stone":23,"Velvet Choker":29,"downfall:HeartBlessingGreen":29,"expansioncontent:StudyCardRelic":72,"Bag of Preparation":100,"Frozen Egg 2":53,"Nunchaku":46,"Matryoshka":38,"HornCleat":87,"downfall:HeartBlessingBlue":72,"Pantograph":87,"Strawberry":109,"Meat on the Bone":38}],"Meat on the Bone":72},"card_choices":[{"not_picked":["bronze:CloningBeam","bronze:BitShift"],"picked":"bronze:BugBarrage","floor":2},{"not_picked":["bronze:Repulsor","bronze:DelayedSlice"],"picked":"bronze:BuggyMess","floor":3},{"not_picked":["bronze:Safeguard","bronze:Iterate"],"picked":"bronze:FineTuning","floor":4},{"not_picked":["bronze:DelayedGuard","bronze:OilSpill"],"picked":"bronze:Allocate","floor":5},{"not_picked":["bronze:FineTuning","bronze:WildBeam","bronze:Deprecate"],"picked":"SKIP","floor":9},{"not_picked":["bronze:Shield","bronze:BuggyMess"],"picked":"bronze:HardenedForm","floor":11},{"not_picked":["bronze:FineTuning","bronze:Philosophize","bronze:ForLoop"],"picked":"SKIP","floor":13},{"not_picked":["bronze:ForLoop","bronze:BuggyMess"],"picked":"bronze:Return","floor":14},{"not_picked":["bronze:ChosenStrike","bronze:Iterate"],"picked":"bronze:ItsAFeature","floor":15},{"not_picked":["bronze:SpaghettiCode","bronze:ThunderWave"],"picked":"bronze:HyperBeam","floor":16},{"not_picked":["bronze:CutThrough","bronze:DelayedSlice+1","bronze:Return"],"picked":"SKIP","floor":19},{"not_picked":["bronze:Deprecate","bronze:Shield"],"picked":"bronze:BugBarrage+1","floor":20},{"not_picked":["bronze:ChosenStrike","bronze:FineTuning+1"],"picked":"bronze:Flail","floor":21},{"not_picked":["bronze:DelayedSlice","bronze:Branch","bronze:DigitalCarnage"],"picked":"SKIP","floor":25},{"not_picked":["bronze:ChildClass+1","bronze:BitShift","bronze:Iterate+1"],"picked":"SKIP","floor":26},{"not_picked":["bronze:CutThrough","bronze:BugBarrage","bronze:Overload"],"picked":"SKIP","floor":28},{"not_picked":["bronze:FollowUp+1","bronze:Safeguard","bronze:Iterate"],"picked":"SKIP","floor":29},{"not_picked":["bronze:Branch","bronze:ItsAFeature+1","bronze:AlphaBuild"],"picked":"SKIP","floor":30},{"not_picked":["bronze:DelayedSlice","bronze:Branch+1","bronze:Overload"],"picked":"SKIP","floor":31},{"not_picked":["bronze:FollowUp+1","bronze:DelayedGuard+1"],"picked":"bronze:Shield","floor":32},{"not_picked":["bronze:RecursiveStrike","bronze:HyperBeam"],"picked":"bronze:FindAndReplace","floor":33},{"not_picked":["bronze:BugBarrage","bronze:Overheat","bronze:WildBeam"],"picked":"SKIP","floor":36},{"not_picked":["bronze:Boost+1","bronze:Repair+1","bronze:WildBeam+1"],"picked":"SKIP","floor":37},{"not_picked":["bronze:WhirlingStrike","bronze:ForLoop+1","bronze:DelayedSlice"],"picked":"SKIP","floor":38},{"not_picked":["bronze:Safeguard","bronze:Repair","bronze:ForceShield"],"picked":"SKIP","floor":39},{"not_picked":["bronze:WildBeam+1","bronze:ForLoop"],"picked":"bronze:Fortify+1","floor":42},{"not_picked":["bronze:FineTuning+1","bronze:WildBeam","bronze:Shield"],"picked":"SKIP","floor":43},{"not_picked":["bronze:CutThrough","bronze:BuggyMess","bronze:Flail"],"picked":"SKIP","floor":45},{"not_picked":["bronze:Philosophize","bronze:Boost","bronze:ClassDefault+1"],"picked":"SKIP","floor":46},{"not_picked":["bronze:MaxOutput+1","bronze:BronzeArmor","bronze:Shell+1"],"picked":"SKIP","floor":47},{"not_picked":["bronze:Format","bronze:OilSpill","bronze:BronzeOrb+1"],"picked":"SKIP","floor":48},{"not_picked":["bronze:FineTuning","bronze:ChosenStrike","bronze:FollowUp+1"],"picked":"SKIP","floor":49}],"player_experience":1924238,"relics_obtained":[{"floor":14,"key":"Oddly Smooth Stone"},{"floor":24,"key":"Matryoshka"},{"floor":26,"key":"Nunchaku"},{"floor":29,"key":"Frozen Egg 2"},{"floor":41,"key":"HornCleat"},{"floor":41,"key":"Pantograph"},{"floor":46,"key":"Bag of Preparation"},{"floor":48,"key":"Strawberry"}],"event_choices":[{"damage_healed":0,"gold_gain":0,"player_choice":"Got Potions","damage_taken":0,"max_hp_gain":0,"max_hp_loss":0,"event_name":"Lab","floor":10,"gold_loss":0}],"is_beta":false,"boss_relics":[{"not_picked":["SacredBark","Calling Bell"],"picked":"Velvet Choker"},{"not_picked":["Tiny House","SlaversCollar"],"picked":"expansioncontent:StudyCardRelic"}],"items_purged_floors":[4,39],"is_endless":false,"potions_floor_spawned":[2,11,13,15,16,21,28,31,33,36,37,46,47,48,49],"killed_by":"downfall:CharBossMerchant","ascension_level":0}}