{"host":"sav7uxregyirlf69","time":1611972760,"event":{"mods":["AchievementEnabler","BaseMod","Colored Map","DeckTracker","Keyboard Shortcuts","Minty Spire (QoL Compilation)","READ ME - Guardian Mod","StSLib","SuperFastMode"],"gold_per_floor":[117,117,137,62,7,33,47,47,71,71,89,103,115,115,115,115,115],"floor_reached":16,"language":"KOR","playtime":199,"items_purged":[],"score":254,"play_id":"f6fb2a48-175a-4edc-bcfb-bae3ce6e2d95","local_time":"20210130111240","is_ascension_mode":true,"campfire_choices":[{"data":"All Out Attack","floor":10,"key":"SMITH"},{"floor":15,"key":"REST"}],"circlet_count":0,"master_deck":["AscendersBane","Strike_G","Strike_G+1","Strike_G","Strike_G","Defend_G","Defend_G","Defend_G","Defend_G+1","Defend_G","Survivor","Neutralize","Deadly Poison","Predator","All Out Attack+1"],"relics":["Ring of the Snake","NeowsBlessing","Bronze Scales","Lantern","Darkstone Periapt"],"acts_visited":["Exordium"],"potions_floor_usage":[16,16],"damage_taken":[{"damage":0,"enemies":"Jaw Worm","floor":1,"turns":1},{"damage":0,"enemies":"2 Louse","floor":3,"turns":1},{"damage":0,"enemies":"Lagavulin","floor":6,"turns":1},{"damage":5,"enemies":"Small Slimes","floor":7,"turns":3},{"damage":12,"enemies":"Exordium Wildlife","floor":11,"turns":4},{"damage":8,"enemies":"3 Louse","floor":12,"turns":2},{"damage":0,"enemies":"Gremlin Gang","floor":13,"turns":3},{"damage":16,"enemies":"Slime Boss","floor":16,"turns":5}],"seed_played":"4655589230325361464","potions_obtained":[{"floor":1,"key":"ColorlessPotion"},{"floor":11,"key":"Block Potion"}],"is_trial":false,"path_per_floor":["M","$","M","?","$","E","M","?","T","R","M","M","M","?","R","B"],"character_chosen":"THE_SILENT","items_purchased":["PowerPotion"],"campfire_rested":1,"item_purchase_floors":[5],"current_hp_per_floor":[59,59,59,59,59,59,54,34,34,34,22,14,14,9,28,12,12],"gold":115,"neow_bonus":"THREE_ENEMY_KILL","is_daily":false,"chose_seed":false,"campfire_upgraded":1,"win_rate":0.0,"timestamp":1611972760,"path_taken":["M","$","M","?","$","E","M","?","T","R","M","?","M","?","R","BOSS"],"items_purchased_type":["Potion"],"build_version":"2020-12-22","purchased_purges":0,"victory":false,"max_hp_per_floor":[66,66,66,66,66,66,66,66,66,66,66,66,66,66,66,66,66],"card_choices":[{"not_picked":["Cloak And Dagger","Setup"],"picked":"Deadly Poison","floor":1},{"not_picked":["Acrobatics","Finisher"],"picked":"Predator","floor":3},{"not_picked":["Blur","Envenom","Cloak And Dagger"],"picked":"SKIP","floor":6},{"not_picked":["Escape Plan","Blur"],"picked":"All Out Attack","floor":7},{"not_picked":["Caltrops","Acrobatics","Prepared"],"picked":"SKIP","floor":11},{"not_picked":["Outmaneuver","Prepared","Underhanded Strike"],"picked":"SKIP","floor":12},{"not_picked":["Bane","Outmaneuver","Deadly Poison"],"picked":"SKIP","floor":13}],"player_experience":1434417,"relics_obtained":[{"floor":6,"key":"Bronze Scales"},{"floor":9,"key":"Lantern"}],"event_choices":[{"cards_removed":["Strike_G"],"damage_healed":0,"gold_gain":0,"player_choice":"Card Removal","damage_taken":0,"max_hp_gain":0,"max_hp_loss":0,"event_name":"The Cleric","floor":4,"gold_loss":75},{"damage_healed":0,"gold_gain":0,"player_choice":"Entered Light","damage_taken":20,"max_hp_gain":0,"max_hp_loss":0,"event_name":"Shining Light","floor":8,"gold_loss":0,"cards_upgraded":["Strike_G","Defend_G"]},{"damage_healed":0,"gold_gain":0,"player_choice":"Success","damage_taken":5,"relics_obtained":["Darkstone Periapt"],"max_hp_gain":0,"max_hp_loss":0,"event_name":"Scrap Ooze","floor":14,"gold_loss":0}],"is_beta":false,"boss_relics":[],"items_purged_floors":[],"is_endless":false,"potions_floor_spawned":[1,7,11],"killed_by":"Slime Boss","ascension_level":20}}