{"host":"1i9jpj392h4nt9ho","time":1611989335,"event":{"mods":["AchievementEnabler","BaseMod","Colored Map","Minty Spire (QoL Compilation)"],"gold_per_floor":[110,110,35,45,45,45,73,73,73,1,1,31,42,54,54,150,150,135,151,167,167,54,73,87,87,87,118,118,150,150,162,162,267,267,280,280,291,302,122,122,138,188,215,215,215,248,92,92,92],"floor_reached":48,"language":"ENG","playtime":4607,"items_purged":["Defend_B"],"score":664,"play_id":"6cbea039-727e-4d60-9d0c-bbb9efea5709","local_time":"20210130174855","is_ascension_mode":true,"campfire_choices":[{"data":"Auto Shields","floor":6,"key":"SMITH"},{"data":"Machine Learning","floor":11,"key":"SMITH"},{"data":"Hologram","floor":15,"key":"SMITH"},{"data":"Defragment","floor":25,"key":"SMITH"},{"data":"White Noise","floor":28,"key":"SMITH"},{"floor":30,"key":"REST"},{"data":"Blizzard","floor":32,"key":"SMITH"},{"floor":40,"key":"REST"},{"data":"Echo Form","floor":44,"key":"SMITH"}],"circlet_count":0,"master_deck":["Defend_B","Defend_B","Defend_B","Zap","Dualcast","Coolheaded","Auto Shields+1","Machine Learning+1","Pain","Self Repair","Hologram+1","Turbo","Cold Snap","Biased Cognition","Hello World","Reinforced Body","White Noise+1","Bite","Bite","Bite","Bite","Defragment+1","Double Energy","Rainbow","White Noise+1","Genetic Algorithm","Aggregate+1","Blizzard+1","Echo Form+1","Coolheaded","Leap+1","Defragment+1","Hello World","Core Surge","Stack+1","White Noise+1"],"relics":["Cracked Core","NeowsBlessing","TungstenRod","Oddly Smooth Stone","WarpedTongs","Pear","Strawberry","Philosopher\u0027s Stone","Boot","Du-Vu Doll","InkBottle","Inserter","DollysMirror","Emotion Chip","Lantern","Strange Spoon"],"acts_visited":["Exordium","TheCity","TheBeyond"],"potions_floor_usage":[12,13,14,14,14,16,16,27,33,48],"damage_taken":[{"damage":0,"enemies":"Jaw Worm","floor":1,"turns":1},{"damage":0,"enemies":"Cultist","floor":4,"turns":1},{"damage":0,"enemies":"Gremlin Nob","floor":7,"turns":1},{"damage":6,"enemies":"3 Sentries","floor":12,"turns":8},{"damage":0,"enemies":"2 Louse","floor":13,"turns":1},{"damage":0,"enemies":"Gremlin Gang","floor":14,"turns":4},{"damage":35,"enemies":"Slime Boss","floor":16,"turns":15},{"damage":16,"enemies":"2 Thieves","floor":18,"turns":4},{"damage":15,"enemies":"Chosen","floor":19,"turns":6},{"damage":25,"enemies":"Centurion and Healer","floor":20,"turns":7},{"damage":0,"enemies":"Cultist and Chosen","floor":23,"turns":6},{"damage":8,"enemies":"Snake Plant","floor":24,"turns":4},{"damage":25,"enemies":"Gremlin Leader","floor":27,"turns":6},{"damage":43,"enemies":"Slavers","floor":29,"turns":6},{"damage":22,"enemies":"Centurion and Healer","floor":31,"turns":9},{"damage":36,"enemies":"Automaton","floor":33,"turns":9},{"damage":14,"enemies":"3 Shapes","floor":35,"turns":6},{"damage":35,"enemies":"Orb Walker","floor":37,"turns":5},{"damage":31,"enemies":"Sphere and 2 Shapes","floor":38,"turns":7},{"damage":28,"enemies":"Spire Growth","floor":41,"turns":7},{"damage":0,"enemies":"Mind Bloom Boss Battle","floor":42,"turns":6},{"damage":0,"enemies":"Giant Head","floor":46,"turns":9},{"damage":73,"enemies":"Reptomancer","floor":48,"turns":3}],"seed_played":"2908776636525795972","potions_obtained":[{"floor":1,"key":"Block Potion"},{"floor":4,"key":"AttackPotion"},{"floor":12,"key":"EntropicBrew"},{"floor":14,"key":"FocusPotion"},{"floor":23,"key":"Explosive Potion"},{"floor":31,"key":"Weak Potion"},{"floor":33,"key":"BlessingOfTheForge"},{"floor":35,"key":"ColorlessPotion"},{"floor":38,"key":"Swift Potion"}],"is_trial":false,"path_per_floor":["M","?","$","M","?","R","E","?","T","$","R","E","M","M","R","B",null,"M","M","M","?","$","M","M","R","T","E","R","E","R","M","R","B",null,"M","?","M","M","$","R","M","?","T","R","?","E","$","E"],"character_chosen":"DEFECT","items_purchased":["Self Repair","Defragment","Double Energy","DollysMirror","Hello World","Strange Spoon"],"campfire_rested":2,"item_purchase_floors":[10,22,22,39,39,47],"current_hp_per_floor":[75,75,75,75,68,68,68,68,78,78,78,89,89,89,89,54,92,83,75,57,57,57,64,64,64,64,61,61,32,51,58,58,45,64,63,63,40,18,18,37,33,51,51,51,51,64,64,0,0],"gold":92,"neow_bonus":"THREE_ENEMY_KILL","is_daily":false,"chose_seed":false,"campfire_upgraded":7,"win_rate":0.0,"timestamp":1611989335,"path_taken":["M","?","$","?","?","R","E","?","T","$","R","E","M","M","R","BOSS","M","M","?","?","$","M","M","R","T","E","R","E","R","M","R","BOSS","M","?","?","M","$","R","M","?","T","R","?","E","?","E"],"items_purchased_type":["Card","Card","Card","Relic","Card","Relic"],"build_version":"2020-12-22","purchased_purges":1,"victory":false,"max_hp_per_floor":[75,75,75,75,75,75,75,75,85,85,85,92,92,92,92,92,92,92,92,92,64,64,64,64,64,64,64,64,64,64,64,64,64,64,64,64,64,64,64,64,64,64,64,64,64,64,64,64,64],"card_choices":[{"not_picked":["Lockon","Sweeping Beam"],"picked":"Coolheaded","floor":1},{"not_picked":["Rebound","Stack"],"picked":"Auto Shields","floor":4},{"not_picked":["Self Repair","Meteor Strike"],"picked":"Machine Learning","floor":7},{"not_picked":["Force Field","Steam"],"picked":"Hologram","floor":12},{"not_picked":["Beam Cell","Go for the Eyes"],"picked":"Turbo","floor":13},{"not_picked":["Force Field","Barrage"],"picked":"Cold Snap","floor":14},{"not_picked":["Thunder Strike","Fission"],"picked":"Biased Cognition","floor":16},{"not_picked":["Undo","Rebound"],"picked":"Hello World","floor":18},{"not_picked":["Glacier","Tempest"],"picked":"Reinforced Body","floor":19},{"not_picked":["Rebound+1","Turbo+1"],"picked":"White Noise+1","floor":20},{"not_picked":["Coolheaded","Steam+1"],"picked":"Rainbow","floor":23},{"not_picked":["Stack","Go for the Eyes"],"picked":"White Noise","floor":24},{"not_picked":["Streamline+1","Rebound"],"picked":"Genetic Algorithm","floor":27},{"not_picked":["Leap","Consume+1"],"picked":"Aggregate+1","floor":29},{"not_picked":["White Noise","Barrage"],"picked":"Blizzard","floor":31},{"not_picked":["Buffer","Meteor Strike"],"picked":"Echo Form","floor":33},{"not_picked":["Auto Shields","Ball Lightning+1"],"picked":"Coolheaded","floor":35},{"not_picked":["Streamline+1","Turbo+1","Leap"],"picked":"SKIP","floor":37},{"not_picked":["Lockon+1","Skim"],"picked":"Leap+1","floor":38},{"not_picked":["Redo+1","Barrage+1"],"picked":"Core Surge","floor":41},{"not_picked":["Leap","Darkness+1"],"picked":"Stack+1","floor":42},{"not_picked":["Static Discharge","Ball Lightning"],"picked":"White Noise+1","floor":46}],"player_experience":571765,"relics_obtained":[{"floor":7,"key":"Oddly Smooth Stone"},{"floor":9,"key":"Pear"},{"floor":12,"key":"Strawberry"},{"floor":26,"key":"Boot"},{"floor":27,"key":"Du-Vu Doll"},{"floor":29,"key":"InkBottle"},{"floor":42,"key":"Emotion Chip"},{"floor":46,"key":"Lantern"}],"event_choices":[{"cards_removed":["Strike_B"],"damage_healed":0,"gold_gain":0,"player_choice":"Purged","damage_taken":0,"max_hp_gain":0,"max_hp_loss":0,"event_name":"Purifier","floor":2,"gold_loss":0},{"damage_healed":0,"gold_gain":0,"player_choice":"Success","damage_taken":7,"relics_obtained":["TungstenRod"],"max_hp_gain":0,"max_hp_loss":0,"event_name":"Scrap Ooze","floor":5,"gold_loss":0},{"damage_healed":0,"gold_gain":0,"player_choice":"Rummage","damage_taken":0,"relics_obtained":["WarpedTongs"],"max_hp_gain":0,"max_hp_loss":0,"event_name":"Accursed Blacksmith","floor":8,"gold_loss":0,"cards_obtained":["Pain"]},{"damage_healed":0,"gold_gain":0,"player_choice":"Became a vampire","damage_taken":0,"max_hp_gain":0,"max_hp_loss":28,"event_name":"Vampires","floor":21,"gold_loss":0,"cards_obtained":["Bite","Bite","Bite","Bite","Bite"]},{"damage_healed":0,"gold_gain":0,"player_choice":"Ignored","damage_taken":0,"max_hp_gain":0,"max_hp_loss":0,"event_name":"SecretPortal","floor":36,"gold_loss":0},{"damage_healed":0,"gold_gain":0,"player_choice":"Fight","damage_taken":0,"max_hp_gain":0,"max_hp_loss":0,"event_name":"MindBloom","floor":42,"gold_loss":0},{"cards_removed":["Bite"],"damage_healed":0,"gold_gain":0,"player_choice":"Removed Attack","damage_taken":0,"max_hp_gain":0,"max_hp_loss":0,"event_name":"Falling","floor":45,"gold_loss":0}],"is_beta":false,"boss_relics":[{"not_picked":["Runic Dome","Coffee Dripper"],"picked":"Philosopher\u0027s Stone"},{"not_picked":["Tiny House","Black Star"],"picked":"Inserter"}],"items_purged_floors":[3],"is_endless":false,"potions_floor_spawned":[1,4,12,14,23,31,33,35,38],"killed_by":"Reptomancer","ascension_level":2}}