{"host":"wghdsg8ym2wc7ov9","time":1611986036,"event":{"mods":["A Penny For Your Troubles","AchievementEnabler","Astrologer","BaseMod","Beaked The Cultist","Better Altar","Better Note","ChefMod","Colored Map","Evolution","Fox Events","Hermit","Highlight Path","Jorbs\u0027s Wanderer Trilogy","KinomotoSakuraMod(????)","Minty Spire (QoL Compilation)","Random Character Button","Relic Stats","SIMod","Shop Mod","StSLib","The Blackbeard","The Bladedancer","The Construct","The Cursed","The Death Knight","The Gatherer","The Hierophant","The Marked","The Mystic","The Necromancer","The Runesmith","The Senshi","The Servant 0.9.4","Weighted Paths"],"gold_per_floor":[17,49,59,11,11,38,57,71,148,148,182,182,200,228,228,326,403,417,402,421,438,457,457,457],"floor_reached":23,"language":"ENG","playtime":4245,"items_purged":[],"score":226,"play_id":"5d73e21e-462e-4460-b84d-71dd64d75dc2","local_time":"20210129215356","is_ascension_mode":true,"campfire_choices":[{"floor":10.0,"key":"REST"},{"data":"Runesmith:Reinforce","floor":12.0,"key":"SMITH"},{"floor":15.0,"key":"REST"}],"circlet_count":0,"master_deck":["Runesmith:Strike_RS","Runesmith:Strike_RS","Runesmith:Strike_RS","Runesmith:Strike_RS","Runesmith:Defend_RS","Runesmith:Defend_RS","Runesmith:Defend_RS","Runesmith:Defend_RS","Runesmith:CraftFirestone","Runesmith:Fortify+1","Runesmith:Empowerment","Runesmith:Reinforce+1","Runesmith:GoWithTheFlow","Runesmith:CraftProtectio","Runesmith:EarthShield","Runesmith:FissionHammer","Runesmith:FieryHammer","Runesmith:CraftSpiculum","Runesmith:CraftIndustria","Runesmith:BackupBattery","Runesmith:CraftIncendium","Runesmith:Accelerate","Runesmith:LightningRod","Runesmith:RunicBlueprint+1"],"relics":["Runesmith:BrokenRuby","EVO:Axolotl","theSenshi:SpiralHeartMoonRodRelic","foxEvents:LuckyCharm","Darkstone Periapt","beaked:ShinyBauble","Sundial","Centennial Puzzle","Black Star"],"acts_visited":["Exordium","TheCity"],"potions_floor_usage":[20,21,22],"damage_taken":[{"damage":0.0,"enemies":"Jaw Worm","floor":1.0,"turns":5.0},{"damage":35.0,"enemies":"Colosseum Slavers","floor":2.0,"turns":6.0},{"damage":0.0,"enemies":"Small Slimes","floor":3.0,"turns":4.0},{"damage":8.0,"enemies":"Lagavulin","floor":6.0,"turns":9.0},{"damage":0.0,"enemies":"Cultist","floor":7.0,"turns":4.0},{"damage":1.0,"enemies":"Large Slime","floor":8.0,"turns":6.0},{"damage":4.0,"enemies":"3 Sentries","floor":11.0,"turns":10.0},{"damage":2.0,"enemies":"2 Fungi Beasts","floor":13.0,"turns":3.0},{"damage":35.0,"enemies":"Gremlin Nob","floor":14.0,"turns":5.0},{"damage":13.0,"enemies":"Hexaghost","floor":16.0,"turns":9.0},{"damage":7,"enemies":"Shell Parasite","floor":18,"turns":7},{"damage":4,"enemies":"2 Thieves","floor":19,"turns":4},{"damage":16,"enemies":"3 Cultists","floor":20,"turns":5},{"damage":22,"enemies":"Snake Plant","floor":21,"turns":4},{"damage":18,"enemies":"Snecko","floor":22,"turns":7},{"damage":23,"enemies":"Gremlin Leader","floor":23,"turns":5}],"seed_played":"6525205030755298144","potions_obtained":[{"floor":3.0,"key":"DeathKnight:RimePotion"},{"floor":8.0,"key":"construct:ShiftPotion"},{"floor":13.0,"key":"Swift Potion"},{"floor":19,"key":"Explosive Potion"},{"floor":20,"key":"LiquidBronze"},{"floor":21,"key":"Block Potion"}],"is_trial":false,"path_per_floor":["M","?","M","?","?","E","M","M","T","R","E","R","M","E","R","B",null,"M","M","M","M","M","E"],"character_chosen":"RUNESMITH_CLASS","items_purchased":[],"campfire_rested":2,"item_purchase_floors":[],"current_hp_per_floor":[70,39,43,43,43,37,39,42,42,63,65,65,67,34,55,44,70,65,63,53,33,17,0,0],"gold":457,"neow_bonus":"ONE_RARE_RELIC","is_daily":false,"chose_seed":false,"campfire_upgraded":1,"win_rate":0.0,"timestamp":1611986036,"path_taken":["M","?","M","?","?","E","M","M","T","R","E","R","M","E","R","BOSS","M","M","?","M","M","E"],"items_purchased_type":[],"build_version":"2020-12-22","purchased_purges":0,"victory":false,"max_hp_per_floor":[70,70,70,70,70,70,70,70,70,70,70,70,70,70,70,70,70,70,70,70,70,70,70,70],"relic_stats":{"Darkstone Periapt":0,"Centennial Puzzle":[21],"counters":[16,93],"Sundial":[6],"Black Star":0,"obtain_stats":[{"Darkstone Periapt":6,"Runesmith:BrokenRuby":0,"beaked:ShinyBauble":9,"Centennial Puzzle":14,"Sundial":11,"foxEvents:LuckyCharm":2,"Black Star":17,"EVO:Axolotl":0,"theSenshi:SpiralHeartMoonRodRelic":0},{"Darkstone Periapt":4,"Runesmith:BrokenRuby":0,"beaked:ShinyBauble":6,"Centennial Puzzle":9,"Sundial":7,"foxEvents:LuckyCharm":2,"Black Star":10,"EVO:Axolotl":0,"theSenshi:SpiralHeartMoonRodRelic":0},{"Darkstone Periapt":24,"Runesmith:BrokenRuby":0,"beaked:ShinyBauble":34,"Centennial Puzzle":52,"Sundial":44,"foxEvents:LuckyCharm":11,"Black Star":61,"EVO:Axolotl":0,"theSenshi:SpiralHeartMoonRodRelic":0}]},"card_choices":[{"not_picked":["Runesmith:RuneHurl","Runesmith:Repurpose"],"picked":"Runesmith:Empowerment","floor":1.0},{"not_picked":["Runesmith:ChiselStab","Runesmith:EnergizedChisel"],"picked":"Runesmith:Reinforce","floor":3.0},{"not_picked":["Runesmith:Grindstone","Runesmith:HeatExchange"],"picked":"Runesmith:GoWithTheFlow","floor":6.0},{"not_picked":["Runesmith:MakeshiftArmor","Runesmith:Malloc"],"picked":"Runesmith:CraftProtectio","floor":7.0},{"not_picked":["Runesmith:Retool","Runesmith:CraftReservo"],"picked":"Runesmith:EarthShield","floor":8.0},{"not_picked":["Runesmith:GenerateForcefield","Runesmith:GoWithTheFlow"],"picked":"Runesmith:FissionHammer","floor":11.0},{"not_picked":["Runesmith:Grindstone","Runesmith:UnstableHammer"],"picked":"Runesmith:FieryHammer","floor":13.0},{"not_picked":["Runesmith:RuneHurl","Runesmith:CraftProtectio"],"picked":"Runesmith:CraftSpiculum","floor":14.0},{"not_picked":["Runesmith:CreatorForm","Runesmith:GenerateForcefield"],"picked":"Runesmith:CraftIndustria","floor":16.0},{"not_picked":["Runesmith:Repurpose+1","Runesmith:Grindstone"],"picked":"Runesmith:BackupBattery","floor":18},{"not_picked":["Runesmith:Terraform","Runesmith:DoubleUp+1"],"picked":"Runesmith:CraftIncendium","floor":19},{"not_picked":["Runesmith:CraftProtectio","Runesmith:CraftSpiculum"],"picked":"Runesmith:Accelerate","floor":20},{"not_picked":["Runesmith:CraftProtectio+1","Runesmith:CraftVitae"],"picked":"Runesmith:LightningRod","floor":21},{"not_picked":["Runesmith:RuneHurl","Runesmith:MakeshiftArmor"],"picked":"Runesmith:RunicBlueprint+1","floor":22}],"player_experience":832753,"relics_obtained":[{"floor":2.0,"key":"foxEvents:LuckyCharm"},{"floor":6.0,"key":"Darkstone Periapt"},{"floor":9.0,"key":"beaked:ShinyBauble"},{"floor":11.0,"key":"Sundial"},{"floor":14.0,"key":"Centennial Puzzle"}],"event_choices":[{"damage_healed":0.0,"max_hp_gain":0.0,"max_hp_loss":0.0,"gold_gain":0.0,"event_name":"World of Goop","player_choice":"Left Gold","floor":4.0,"gold_loss":48.0,"damage_taken":0.0},{"damage_healed":0.0,"max_hp_gain":0.0,"max_hp_loss":0.0,"gold_gain":0.0,"event_name":"Upgrade Shrine","player_choice":"Upgraded","floor":5.0,"gold_loss":0.0,"damage_taken":0.0,"cards_upgraded":["Runesmith:Fortify"]}],"is_beta":false,"boss_relics":[{"not_picked":["beaked:SacredDeck","Runesmith:UraniumAnvil"],"picked":"Black Star"}],"items_purged_floors":[],"is_endless":false,"potions_floor_spawned":[3,8,13,19,20,21],"killed_by":"Gremlin Leader","ascension_level":1}}