{"host":"08z5bj28eube4vug","time":1611983093,"event":{"mods":["2.2 Compatiblity","Abigail Mod","Act Like it!","BaseMod","Beaked The Cultist","Bestiary","Friendly Minions","Gensokyo","GungeonMod","Hallownest","Kiyohime????","Koishi","Lobotomy","Marisa????????","Minty Spire (QoL Compilation)","Prisma Mod","Remilia??????","Replay The Spire","StSLib","Td1madao Mod","The Alterego","The Bug Knight","The Jungle","The Sage","The Senshi","The Servant 0.9.4","Waifu the Spire","WarShipGirlsR/????R mod","Yuri Mod"],"gold_per_floor":[118,83,83,25,52,80,95,95,122,41,41,41,21,36,36,155,155,173,173,24,37,37,67,67,87,87,17,17,32,32,63,63,158,158,173,173,185,185,38,38,67,67,67,67,37,64,12,25,25,25],"floor_reached":51,"language":"ENG","playtime":3250,"items_purged":[],"score":1207,"play_id":"c5d8cb0f-fcfc-4f77-b800-65602294add8","local_time":"20210130080453","is_ascension_mode":true,"campfire_choices":[{"data":"alterego_mod:BigMeatyClaws","floor":8,"key":"SMITH"},{"data":"alterego_mod:Impale","floor":12,"key":"SMITH"},{"data":"alterego_mod:BrynhildrsRune","floor":15,"key":"SMITH"},{"data":"AbbyMod:ConsumeFlesh","floor":24,"key":"SMITH"},{"data":"alterego_mod:Rake","floor":28,"key":"SMITH"},{"data":"Gensokyo:MorningStar","floor":30,"key":"SMITH"},{"data":"alterego_mod:Nekomimi","floor":32,"key":"SMITH"},{"data":"beaked:Hexing","floor":40,"key":"SMITH"},{"data":"Scrawl","floor":42,"key":"SMITH"},{"data":"alterego_mod:MaintainEyeContact","floor":44,"key":"SMITH"}],"circlet_count":0,"master_deck":["alterego_mod:Strike","alterego_mod:Strike","alterego_mod:Defend","alterego_mod:Defend","alterego_mod:Defend","alterego_mod:Defend","alterego_mod:Impale+1","alterego_mod:BigMeatyClaws+1","alterego_mod:BrynhildrsRune+1","alterego_mod:SakuraFive","Slice","Dagger Spray+1","Gensokyo:MorningStar+1","theSenshi:KlutzyLuck","alterego_mod:Rake+1","PrismaMod:IllyaMinorRapidFire","alterego_mod:MaintainEyeContact+1","AbbyMod:ConsumeFlesh+1","theSenshi:MoonKick","alterego_mod:Nekomimi+1","beaked:Hexing+1","Scrawl+1","alterego_mod:MagicResistance+1","alterego_mod:Birthday","alterego_mod:DiscoLights","BlueScar+1","PrismaMod:MiyuCheapChannelVul"],"relics":["alterego_mod:MasochisticConstitution","Pet Ghost","PrismaticShard","Nunchaku","DemoMod:ChaffGrenade","Replay:Rubber Ducky","Bloody Idol","Snecko Heart","Calipers","Bottled Flame","Ring of Chaos","DemoMod:Bottle","Chemical X","DemoMod:ClearGuonStone","DemoMod:MonsterBlood","Juzu Bracelet"],"acts_visited":["Exordium","TheCity","TheBeyond"],"potions_floor_usage":[1,16,21,25,29,31,50],"damage_taken":[{"damage":3,"enemies":"Small Slimes","floor":1,"turns":3},{"damage":0,"enemies":"Gremlin Nob","floor":6,"turns":1},{"damage":0,"enemies":"2 Louse","floor":7,"turns":2},{"damage":0,"enemies":"Jaw Worm","floor":10,"turns":3},{"damage":7,"enemies":"2 Fungi Beasts","floor":14,"turns":2},{"damage":4,"enemies":"Fading Forest","floor":16,"turns":11},{"damage":0,"enemies":"Spheric Guardian","floor":18,"turns":2},{"damage":0,"enemies":"Chosen","floor":21,"turns":3},{"damage":4,"enemies":"Book of Stabbing","floor":23,"turns":6},{"damage":4,"enemies":"Shelled Parasite and Fungi","floor":25,"turns":4},{"damage":12,"enemies":"Snake Plant","floor":29,"turns":4},{"damage":4,"enemies":"Slavers","floor":31,"turns":3},{"damage":10,"enemies":"Automaton","floor":33,"turns":8},{"damage":5,"enemies":"3 Darklings","floor":35,"turns":4},{"damage":10,"enemies":"Orb Walker","floor":37,"turns":3},{"damage":45,"enemies":"R_Hoarder","floor":41,"turns":9},{"damage":0,"enemies":"Nemesis","floor":46,"turns":7},{"damage":0,"enemies":"4 Shapes","floor":48,"turns":4},{"damage":24,"enemies":"Donu and Deca","floor":50,"turns":9}],"seed_played":"-1442085663407625671","potions_obtained":[{"floor":1,"key":"Fruit Juice"},{"floor":14,"key":"Adrenaline Potion"},{"floor":16,"key":"Reflective Coating"},{"floor":21,"key":"Adrenaline Potion"},{"floor":23,"key":"SneckoOil"},{"floor":29,"key":"Energy Potion"},{"floor":48,"key":"Elixir"}],"is_trial":false,"path_per_floor":["M","?","?","$","T","E","M","R","T","M","?","R","?","M","R","B",null,"M","?","$","M","?","E","R","M","T","$","R","M","R","E","R","B",null,"M","?","M","T","$","R","E","R","T","R","?","E","$","M","R","B",null],"character_chosen":"The_Alterego","items_purchased":["alterego_mod:DustData+1","alterego_mod:Rake","alterego_mod:Nekomimi","Chemical X","PowerPotion"],"campfire_rested":0,"item_purchase_floors":[4,20,27,39,47],"current_hp_per_floor":[66,76,76,76,76,76,76,76,76,76,57,57,57,51,51,76,78,78,78,78,78,78,79,79,82,82,82,82,83,83,84,84,82,86,89,89,93,93,93,93,56,56,63,63,63,72,72,81,107,95],"gold":25,"neow_bonus":"RANDOM_COMMON_RELIC","is_daily":false,"chose_seed":false,"campfire_upgraded":10,"win_rate":0.0,"timestamp":1611983093,"path_taken":["M","?","?","$","?","E","M","R","T","M","?","R","?","M","R","BOSS","M","?","$","M","?","E","R","M","T","$","R","?","R","E","R","BOSS","M","?","M","?","$","R","E","R","T","R","?","E","$","M","R","BOSS"],"items_purchased_type":["Card","Card","Card","Relic","Potion"],"build_version":"2020-12-22","purchased_purges":0,"victory":true,"max_hp_per_floor":[76,76,76,76,76,76,76,76,76,76,76,76,76,77,77,78,78,78,78,78,78,78,79,79,82,82,82,82,83,83,84,84,87,87,90,90,93,93,93,93,96,96,103,103,103,105,105,107,107,110],"card_choices":[{"not_picked":["alterego_mod:Belle","alterego_mod:Schoolgirl"],"picked":"alterego_mod:SakuraFive","floor":1},{"not_picked":["NightDance","PathToVictory"],"picked":"Slice","floor":6},{"not_picked":["GrandCross","Koishi:ReflexRadar","Read"],"picked":"SKIP","floor":7},{"not_picked":["Battle Trance","DemoMod:BoxingGlove"],"picked":"Dagger Spray","floor":10},{"not_picked":["beaked:MimicHuntress","PrismaMod:ChloeDemonicTutor","alterego_mod:TrashNCrash"],"picked":"SKIP","floor":14},{"not_picked":["Format All Data","yuri:NoEscape"],"picked":"Gensokyo:MorningStar","floor":16},{"not_picked":["Prostrate","Koishi:SubconsciousSweep"],"picked":"theSenshi:KlutzyLuck","floor":18},{"not_picked":["Panic Button","KiyohimeMod:MagicCrystal"],"picked":"PrismaMod:IllyaMinorRapidFire","floor":21},{"not_picked":["DevilSight+1","theSenshi:LateForSchool"],"picked":"AbbyMod:ConsumeFlesh","floor":23},{"not_picked":["DemoMod:StickyCrossBow","Conserve Battery"],"picked":"theSenshi:MoonKick","floor":25},{"not_picked":["Here Defend Chip","KiyohimeMod:RedBlackKey"],"picked":"beaked:Hexing","floor":29},{"not_picked":["KiyohimeMod:ImaginaryNumberMagecraft","beaked:WindBringer","Koishi:SpiritedAway"],"picked":"SKIP","floor":31},{"not_picked":["sagemod:How_To_Feed_Apes","rmod:stealaluminum"],"picked":"Scrawl","floor":33},{"not_picked":["SashWhip","Compile Driver","PanicButton"],"picked":"SKIP","floor":35},{"not_picked":["HollowMod:NewLittleFool","HollowMod:SoulSplash"],"picked":"alterego_mod:MagicResistance+1","floor":37},{"not_picked":["beaked:Poke","beaked:CursingBlood","Tough+1"],"picked":"SKIP","floor":41},{"not_picked":[],"picked":"alterego_mod:Birthday","floor":45},{"not_picked":[],"picked":"alterego_mod:DiscoLights","floor":45},{"not_picked":["PrismaMod:IllyaUncommonEvoke+1","Halt+1"],"picked":"BlueScar+1","floor":46},{"not_picked":["DemoMod:EasyReloadBullets","theSenshi:MoonTiaraMagic+1"],"picked":"PrismaMod:MiyuCheapChannelVul","floor":48}],"player_experience":865021,"relics_obtained":[{"floor":5,"key":"Nunchaku"},{"floor":6,"key":"DemoMod:ChaffGrenade"},{"floor":9,"key":"Replay:Rubber Ducky"},{"floor":23,"key":"Calipers"},{"floor":26,"key":"Bottled Flame"},{"floor":38,"key":"DemoMod:Bottle"},{"floor":41,"key":"DemoMod:ClearGuonStone"},{"floor":43,"key":"DemoMod:MonsterBlood"},{"floor":46,"key":"Juzu Bracelet"}],"event_choices":[{"damage_healed":19,"gold_gain":0,"player_choice":"Healed","damage_taken":0,"max_hp_gain":0,"max_hp_loss":0,"event_name":"The Cleric","floor":2,"gold_loss":35},{"damage_healed":0,"gold_gain":0,"player_choice":"Take Damage","damage_taken":19,"relics_obtained":["Golden Idol"],"max_hp_gain":0,"max_hp_loss":0,"event_name":"Golden Idol","floor":11,"gold_loss":0},{"damage_healed":0,"gold_gain":0,"player_choice":"Left Gold","damage_taken":0,"max_hp_gain":0,"max_hp_loss":0,"event_name":"World of Goop","floor":13,"gold_loss":20},{"damage_healed":0,"gold_gain":0,"player_choice":"Gave Idol","damage_taken":0,"relics_obtained":["Bloody Idol"],"max_hp_gain":0,"max_hp_loss":0,"event_name":"Forgotten Altar","floor":19,"relics_lost":["Golden Idol"],"gold_loss":0},{"damage_healed":0,"gold_gain":0,"cards_transformed":["alterego_mod:Strike"],"player_choice":"Transformed","damage_taken":0,"max_hp_gain":0,"max_hp_loss":0,"event_name":"Transmorgrifier","floor":22,"gold_loss":0,"cards_obtained":["alterego_mod:MaintainEyeContact"]},{"cards_removed":["alterego_mod:Strike"],"damage_healed":0,"gold_gain":0,"player_choice":"Removed Attack","damage_taken":0,"max_hp_gain":0,"max_hp_loss":0,"event_name":"Falling","floor":36,"gold_loss":0}],"is_beta":false,"boss_relics":[{"not_picked":["Busted Crown","Pandora\u0027s Box"],"picked":"Snecko Heart"},{"not_picked":["Replay:Wanted Poster","SacredBark"],"picked":"Ring of Chaos"}],"items_purged_floors":[],"is_endless":false,"potions_floor_spawned":[1,14,16,21,23,29,48],"ascension_level":8}}