{"host":"farxtl2u8hmkbdo2","time":1611984332,"event":{"mods":["A Magickal Journey","BaseMod","Better Altar","Better Note","Better Sensory Stone","Better Skull","Better Third Choice","Challenge The Spire","Colored Map","Colored Powertips","Current Relic Mod","Energized Spire","Fox Events","Gremlin Mod","Hermit","Hubris","Mimic Mod","Minty Spire (QoL Compilation)","Quick Restart","READ ME - Guardian Mod","READ ME - Snecko Mod","Rare Cards Sparkle","StSLib","The Bladedancer","The Bug Knight","The Cursed","The Disciple","The Hierophant","The Marked","The Necromancer","The Runesmith","Transform Curses"],"gold_per_floor":[110,110,124,131,131,131,154,174,199,206,214,206,248,279,279,350,350,386,386,405,405,451,453,14,52,52,70,99,101,101,85,85,140,140,154,79,79,79,79],"floor_reached":38,"language":"SPA","playtime":2076,"items_purged":["hierophant:Determination"],"score":719,"play_id":"1dc0cbca-dbc0-4e0f-a2e6-29a6b883fade","local_time":"20210130022532","is_ascension_mode":true,"campfire_choices":[{"data":"hierophant:Punish","floor":6,"key":"SMITH"},{"data":"hierophant:ChurchCoffers","floor":15,"key":"SMITH"},{"data":"hierophant:Repentance","floor":30,"key":"SMITH"},{"data":"hierophant:PristineSoul","floor":32,"key":"SMITH"}],"circlet_count":0,"master_deck":["hierophant:Strike_Hierophant","hierophant:Strike_Hierophant","hierophant:Strike_Hierophant","hierophant:Strike_Hierophant","hierophant:Punish+1","hierophant:Defend_Hierophant+1","hierophant:Defend_Hierophant","hierophant:Defend_Hierophant","hierophant:ChurchCoffers+1","hierophant:Smite","hierophant:Smite","hierophant:Flagellation","hierophant:Anathema","hierophant:MorningPrayer","hierophant:MorningPrayer","hierophant:PristineSoul","hierophant:RustyCrate","hierophant:Doubloon","hierophant:Doubloon","hierophant:DivineIntervention+1","hierophant:MorningPrayer","hierophant:Smite+1","hierophant:ChurchCoffers+1","hierophant:Invocation","hierophant:SealAway+1","hierophant:Doomsaying","hierophant:HolyVerse","hierophant:PristineSoul+1","hierophant:Repentance+1","hierophant:EyeForCoin+1","hierophant:Invocation","hierophant:AuricForm","hierophant:Flagellation","Madness","Madness"],"relics":["hierophant:PropheticMaskRelic","Ancient Tea Set","Runesmith:AutoHammer","Thread and Needle","Omamori","hubris:Backtick","Molten Egg 2","hubris:BottledHeart","Red Mask","Centennial Puzzle","hubris:AstralHammer","War Paint","hubris:MedicalManual","Black Star"],"acts_visited":["Exordium","TheCity","TheBeyond"],"potions_floor_usage":[7,10,16,16,22,25,25],"damage_taken":[{"damage":1,"enemies":"2 Louse","floor":1,"turns":2},{"damage":0,"enemies":"Cultist","floor":3,"turns":2},{"damage":0,"enemies":"Small Slimes","floor":4,"turns":2},{"damage":0,"enemies":"3 Sentries","floor":7,"turns":2},{"damage":7,"enemies":"2 Fungi Beasts","floor":8,"turns":2},{"damage":5,"enemies":"Lagavulin","floor":10,"turns":3},{"damage":0,"enemies":"Blue Slaver","floor":11,"turns":2},{"damage":2,"enemies":"Looter","floor":12,"turns":2},{"damage":0,"enemies":"2 Fungi Beasts","floor":13,"turns":3},{"damage":9,"enemies":"Gremlin Nob","floor":14,"turns":4},{"damage":45,"enemies":"The Guardian","floor":16,"turns":12},{"damage":6,"enemies":"Spheric Guardian","floor":18,"turns":4},{"damage":0,"enemies":"Shell Parasite","floor":20,"turns":1},{"damage":0,"enemies":"Masked Bandits","floor":22,"turns":2},{"damage":0,"enemies":"Gremlin Leader","floor":23,"turns":6},{"damage":0,"enemies":"Book of Stabbing","floor":25,"turns":6},{"damage":0,"enemies":"HollowMod:Nosk","floor":27,"turns":2},{"damage":0,"enemies":"Centurion and Healer","floor":28,"turns":2},{"damage":0,"enemies":"Chosen and Byrds","floor":29,"turns":3},{"damage":0,"enemies":"3 Cultists","floor":31,"turns":4},{"damage":0,"enemies":"Champ","floor":33,"turns":8},{"damage":0,"enemies":"3 Shapes","floor":35,"turns":3}],"seed_played":"-2214339587511823629","potions_obtained":[{"floor":3,"key":"Energy Potion"},{"floor":5,"key":"Fire Potion"},{"floor":5,"key":"Energy Potion"},{"floor":5,"key":"Weak Potion"},{"floor":8,"key":"ColorlessPotion"},{"floor":12,"key":"Strength Potion"},{"floor":13,"key":"Regen Potion"},{"floor":14,"key":"SkillPotion"},{"floor":16,"key":"Strength Potion"},{"floor":18,"key":"Swift Potion"},{"floor":25,"key":"EssenceOfSteel"},{"floor":27,"key":"DuplicationPotion"},{"floor":28,"key":"BlessingOfTheForge"}],"is_trial":false,"path_per_floor":["M","?","M","M","?","R","E","M","T","E","M","M","M","E","R","B",null,"M","?","M","?","?","E","$","E","T","E","M","M","R","M","R","B",null,"M","$","?","?"],"character_chosen":"HIEROPHANT","items_purchased":["hubris:AstralHammer","hierophant:HolyVerse","Fruit Juice"],"campfire_rested":0,"item_purchase_floors":[24,24,24],"current_hp_per_floor":[81,81,81,81,81,81,81,74,74,69,69,67,67,58,58,13,82,82,82,82,1,1,1,1,1,1,1,1,1,1,1,1,1,1,1,1,1,0,0],"gold":79,"neow_bonus":"TEN_PERCENT_HP_BONUS","is_daily":false,"chose_seed":false,"campfire_upgraded":4,"win_rate":0.0,"timestamp":1611984332,"path_taken":["M","?","?","M","?","R","E","M","T","E","M","M","?","E","R","BOSS","M","?","?","?","?","E","?","E","T","E","M","M","R","M","R","BOSS","M","$","?","?"],"items_purchased_type":["Relic","Card","Potion"],"build_version":"2020-12-22","purchased_purges":1,"victory":false,"max_hp_per_floor":[82,82,82,82,82,82,82,82,82,82,82,82,82,82,82,82,82,82,82,82,1,1,1,1,1,1,1,1,1,1,1,1,1,1,1,1,1,1,1],"card_choices":[{"not_picked":["hierophant:RepressedViolence","hierophant:Purify"],"picked":"hierophant:Smite","floor":1},{"not_picked":["hierophant:DisplayOfPower","hierophant:Doubloon"],"picked":"hierophant:Smite","floor":3},{"not_picked":["hierophant:PassingBell","hierophant:Sermon"],"picked":"hierophant:Flagellation","floor":4},{"not_picked":["hierophant:Community","hierophant:Purify"],"picked":"hierophant:Anathema","floor":7},{"not_picked":["hierophant:FlamingChariot","hierophant:SolarFlare"],"picked":"hierophant:MorningPrayer","floor":8},{"not_picked":["hierophant:RustyCrate","hierophant:OrnateBuckler"],"picked":"hierophant:MorningPrayer","floor":10},{"not_picked":["hierophant:Zeal","hierophant:Cornucopia"],"picked":"hierophant:PristineSoul","floor":11},{"not_picked":["hierophant:SealAway","hierophant:RepressedViolence"],"picked":"hierophant:RustyCrate","floor":12},{"not_picked":["hierophant:Sermon","hierophant:PassingBell"],"picked":"hierophant:DivineIntervention","floor":13},{"not_picked":["hierophant:Zeal","hierophant:OrnateJavelin"],"picked":"hierophant:MorningPrayer","floor":14},{"not_picked":["hierophant:MintersHammer","hierophant:DeathKnell"],"picked":"hierophant:Determination","floor":16},{"not_picked":["hierophant:HammerAndAnvil","hierophant:Prophecy"],"picked":"hierophant:Smite+1","floor":18},{"not_picked":["hierophant:FieryStrike+1","hierophant:Purify+1"],"picked":"hierophant:Invocation","floor":20},{"not_picked":["hierophant:Shelter","hierophant:Empathy+1"],"picked":"hierophant:SealAway+1","floor":22},{"not_picked":["hierophant:RepressedViolence+1","hierophant:AuricBeam+1"],"picked":"hierophant:Doomsaying","floor":23},{"not_picked":["hierophant:Alms","hierophant:RepressedViolence+1","hierophant:Prophecy"],"picked":"SKIP","floor":25},{"not_picked":["hierophant:Remorse+1","hierophant:Empathy+1"],"picked":"hierophant:PristineSoul","floor":27},{"not_picked":["hierophant:ThreeLashes+1","hierophant:Zeal+1"],"picked":"hierophant:Repentance","floor":28},{"not_picked":["hierophant:HammerAndAnvil","hierophant:RepressedViolence+1"],"picked":"hierophant:EyeForCoin+1","floor":29},{"not_picked":["hierophant:Glossolalia+1","hierophant:HolyVerse"],"picked":"hierophant:Invocation","floor":31},{"not_picked":["hierophant:Generosity","hierophant:Levitation"],"picked":"hierophant:AuricForm","floor":33},{"not_picked":["hierophant:Martyrdom+1","hierophant:Zeal+1"],"picked":"hierophant:Flagellation","floor":35}],"player_experience":1952425,"relics_obtained":[{"floor":7,"key":"Ancient Tea Set"},{"floor":9,"key":"Runesmith:AutoHammer"},{"floor":10,"key":"Thread and Needle"},{"floor":14,"key":"Omamori"},{"floor":22,"key":"Red Mask"},{"floor":23,"key":"Centennial Puzzle"},{"floor":25,"key":"War Paint"},{"floor":27,"key":"hubris:MedicalManual"}],"event_choices":[{"cards_removed":["hierophant:Defend_Hierophant"],"damage_healed":0,"gold_gain":0,"player_choice":"Purged","damage_taken":0,"max_hp_gain":0,"max_hp_loss":0,"event_name":"Purifier","floor":2,"gold_loss":0},{"damage_healed":0,"gold_gain":0,"player_choice":"Got Potions","damage_taken":0,"max_hp_gain":0,"max_hp_loss":0,"event_name":"Lab","floor":5,"gold_loss":0},{"damage_healed":0,"gold_gain":0,"player_choice":"Copied","damage_taken":0,"max_hp_gain":0,"max_hp_loss":0,"event_name":"Duplicator","floor":19,"gold_loss":0,"cards_obtained":["hierophant:ChurchCoffers"]},{"damage_healed":0,"gold_gain":0,"player_choice":"Fought Bandits","damage_taken":0,"max_hp_gain":0,"max_hp_loss":0,"event_name":"Masked Bandits","floor":22,"gold_loss":0},{"damage_healed":0,"gold_gain":0,"player_choice":"Embrace Madness","damage_taken":0,"max_hp_gain":0,"max_hp_loss":0,"event_name":"Winding Halls","floor":37,"gold_loss":0,"cards_obtained":["Madness","Madness"]}],"is_beta":false,"boss_relics":[{"not_picked":["Ectoplasm","hubris:BlackHole"],"picked":"hubris:Backtick"},{"not_picked":["Busted Crown","Tiny House"],"picked":"Black Star"}],"items_purged_floors":[36],"is_endless":false,"potions_floor_spawned":[3,8,12,13,14,16,18,25,27,28,33],"ascension_level":2}}