{"host":"3y33rrrkia6pkpow","time":1611998940,"event":{"mods":["2.2 Compatiblity","AchievementEnabler","Act Like it!","BaseMod","BetterRewards","Block Reminder","Colored Map","Colored Powertips","DeckTracker","Faster Ascension Climbing","Gensokyo","Highlight Path","Infinite Spire","Minty Spire (QoL Compilation)","Quick Restart","Rare Cards Sparkle","Replay The Spire","Shop Mod","Spicy Shops","StSLib","Synergy Search","The Animator","The Blue Laboratory","Unknown Chances"],"gold_per_floor":[125,125,135,154,165,165,165,190,216,234,234,234,29,29,29,100,100,119,119,180,180,180,180],"floor_reached":22,"language":"ENG","playtime":2513,"items_purged":[],"score":354,"play_id":"c65ba259-63e7-49fd-95b6-bcb8477278ae","local_time":"20210130032900","is_ascension_mode":true,"campfire_choices":[{"floor":6.0,"key":"REST"},{"floor":12.0,"key":"REST"},{"data":"Gensokyo:LittleGreenMen","floor":15.0,"key":"SMITH"}],"circlet_count":0,"master_deck":["AscendersBane","animator:Strike_TenSura","animator:Defend_TenSura","animator:Strike","animator:Strike","animator:Strike","animator:Defend","animator:Defend","animator:Defend","animator:Benimaru","animator:Shuna","animator:Millim","animator:KaguyaHouraisan","Pain","animator:Hakurou","animator:Arpeggio","animator:AliceMargatroid","animator:DolaSchwi","animator:SatoriKomeiji","Clumsy","Gensokyo:LittleGreenMen+1","animator:AyatoNaoi","animator:Benimaru","Pain","animator:Jibril"],"relics":["animator:LivingPicture","animator:TheMissingPiece","animator:PurgingStone","Gensokyo:LunaticRedEyes","Replay:Baseball","ReplayTheSpireMod:Lightbulb","Gensokyo:NagashiBinaDoll","Replay:Accelerometer","Black Star","Gensokyo:RedStar","Gremlin Food"],"acts_visited":["Gensokyo:Gensokyo","Gensokyo:Gensokyoer"],"potions_floor_usage":[18,22,22],"damage_taken":[{"damage":2.0,"enemies":"Gensokyo:Gryphon","floor":1.0,"turns":4.0},{"damage":2.0,"enemies":"Gensokyo:3_Fairies","floor":3.0,"turns":3.0},{"damage":11.0,"enemies":"Gensokyo:Python","floor":4.0,"turns":4.0},{"damage":23.0,"enemies":"Gensokyo:5_Fairies","floor":5.0,"turns":5.0},{"damage":3.0,"enemies":"Gensokyo:Mamizou","floor":8.0,"turns":8.0},{"damage":15.0,"enemies":"Gensokyo:VengefulSpirit","floor":10.0,"turns":5.0},{"damage":12.0,"enemies":"Gensokyo:Yukari","floor":16.0,"turns":7.0},{"damage":38,"enemies":"Gensokyo:3_Dogs","floor":18,"turns":5},{"damage":19,"enemies":"Gensokyo:Chomper","floor":22,"turns":2}],"seed_played":"3542070608323473606","potions_obtained":[{"floor":5.0,"key":"SkillPotion"},{"floor":10.0,"key":"animator:FalseLifePotion"},{"floor":20,"key":"Fruit Juice"},{"floor":20,"key":"blueLaboratory:HeartbeatPotion"}],"is_trial":false,"path_per_floor":["M","?","M","M","M","R","?","E","T","M","?","R","COS","T","R","B",null,"M","?","?","?","M"],"character_chosen":"THE_ANIMATOR","items_purchased":[],"campfire_rested":2,"item_purchase_floors":[],"current_hp_per_floor":[52,52,51,40,17,35,35,32,32,17,17,35,35,35,35,23,52,14,14,14,14,0,0],"gold":180,"neow_bonus":"THREE_CARDS","is_daily":false,"chose_seed":true,"campfire_upgraded":1,"win_rate":0.0,"timestamp":1611998940,"path_taken":["M","?","?","M","?","R","?","E","T","M","?","R","COS","?","R","BOSS","M","?","?","?","M"],"items_purchased_type":[],"build_version":"2020-12-22","purchased_purges":0,"victory":false,"max_hp_per_floor":[60,60,61,61,61,61,61,61,61,61,61,61,61,61,61,61,61,61,61,61,61,66,66],"card_choices":[{"not_picked":["animator:Tyuule","animator:HidekiHinata"],"picked":"animator:Millim","floor":0.0},{"not_picked":["animator:UneriGinkaku","animator:Azekura"],"picked":"animator:KaguyaHouraisan","floor":1.0},{"not_picked":["animator:Ciel","animator:UneriGinkaku"],"picked":"animator:Hakurou","floor":3.0},{"not_picked":["animator:PinaCoLada","animator:Ciel"],"picked":"animator:Arpeggio","floor":4.0},{"not_picked":["animator:Clownpiece","animator:YuukaKazami"],"picked":"animator:AliceMargatroid","floor":5.0},{"not_picked":["animator:Millim","animator:TsurugaMeisai"],"picked":"animator:DolaSchwi","floor":8.0},{"not_picked":["animator:Sloth","animator:DolaCouronne"],"picked":"animator:SatoriKomeiji","floor":10.0},{"not_picked":["animator:Shiro","animator:YukariYakumo"],"picked":"animator:AyatoNaoi","floor":16.0},{"not_picked":["animator:YuiTsuruno+1","animator:LeleiLaLalena+1"],"picked":"animator:Benimaru","floor":18},{"not_picked":["animator:Elsword","animator:LeleiLaLalena"],"picked":"animator:Jibril","floor":20}],"player_experience":934315,"relics_obtained":[{"floor":8.0,"key":"Replay:Baseball"},{"floor":9.0,"key":"ReplayTheSpireMod:Lightbulb"},{"floor":14.0,"key":"Replay:Accelerometer"},{"floor":20,"key":"Gremlin Food"}],"event_choices":[],"is_beta":false,"boss_relics":[{"not_picked":["Replay:Grab Bag","Busted Crown"],"picked":"Black Star"}],"items_purged_floors":[],"is_endless":false,"potions_floor_spawned":[5,10],"killed_by":"Gensokyo:Chomper","ascension_level":20}}