{"host":"o3b7ow6d1xe49css","time":1611986242,"event":{"mods":["Act Like it!","Aspiration","BaseMod","Bestiary","Better Altar","Better Match","Better Note","Better Sensory Stone","Better Skull","Better Third Choice","Colored Powertips","Conspire","Energized Spire","Force Act Four","GifTheSpireLib","Halation","Hermit","Hubris","Infinite Spire","Lobotomy","Minty Spire (QoL Compilation)","Quick Restart","Rare Cards Sparkle","Relic Filter Mod","Reliquary","Replay The Spire","Spicy Shops","Spikes Relics","Spire Arcade","StSLib","Stuff the Spire","The Blue Laboratory","Wandering Minibosses"],"gold_per_floor":[109,109,126,126,109,137,137,160,183,201,4,31,31,54,54,149,149,169,178,928,249,249,282,282,282,282,310,342,377,404,435,435,535,535,550,567,567,581,601,626,626,660,683,683,712,712,745,193,193,292,292,292,44,75,180],"floor_reached":56,"language":"ENG","playtime":2326,"items_purged":["Strike_R","Strike_R","Scorched","Strike_R"],"score":1828,"play_id":"e0a63057-5e57-4579-8f2a-be3accc9616e","local_time":"20210129205722","daily_mods":["Heirloom","Flight"],"is_ascension_mode":true,"campfire_choices":[{"data":"ReplayTheSpireMod:Muscle Training","floor":7.0,"key":"SMITH"},{"data":"Offering","floor":13.0,"key":"SMITH"},{"data":"Heavy Blade","floor":15.0,"key":"SMITH"},{"floor":24.0,"key":"RECALL"},{"data":"Limit Break","floor":32.0,"key":"SMITH"},{"data":"Flame Barrier","floor":32.0,"key":"SMITH"},{"data":"Blood for Blood","floor":44,"key":"SMITH"},{"data":"Spot Weakness","floor":44,"key":"SMITH"},{"data":"Burning Pact","floor":49,"key":"SMITH"},{"data":"Shockwave","floor":49,"key":"SMITH"},{"data":"Battle Trance","floor":52,"key":"SMITH"},{"data":"Twin Strike","floor":52,"key":"SMITH"}],"circlet_count":0,"master_deck":["Strike_R","Defend_R","Defend_R","Defend_R","Defend_R","Bash","UniverseFragment","ReplayTheSpireMod:Muscle Training+1","Battle Trance+1","OldLady","Spot Weakness+1","Heavy Blade+1","Offering+1","Twin Strike+1","Flame Barrier+1","Shrug It Off+1","Shockwave+1","Limit Break+1","OSAHOGD","Burning Pact+1","Mercenary","Limit Break+1","Blood for Blood+1","Reaper","Iron Wave+1"],"relics":["Burning Blood","Ring of Chaos","Du-Vu Doll","CogitoBucket","Dream Catcher","StuffTheSpire:HeavyRock","StuffTheSpire:Mouthbags","Toy Ornithopter","ClockworkSouvenir","halation:LostSnail","Pet Ghost","StuffTheSpire:Barrel","hubris:CrackedHourglass","LuminousBracelet","wanderingMiniBosses:MasterThiefsPresence","Replay:Arrowhead","conspire:GiftBox","infinitespire:PuzzleCube","Rawhide","aspiration:TomeofQuesting","BlackRope","StuffTheSpire:Gunfinga","RetroEgg","Gremlin Food","conspire:SpecialSausage","InkBottle","Oddly Smooth Stone","reliquary:Stiletto","Matryoshka","Frozen Egg 2","hubris:EmptyBottle","Singing Bowl","energizedSpire:DeadBattery","infinitespire:Bottled Soul","ReplayTheSpireMod:Ninjato"],"acts_visited":["Exordium","TheCity","TheBeyond","Exordium","TheEnding"],"potions_floor_usage":[45,47,55,55],"damage_taken":[{"damage":12.0,"enemies":"Small Slimes","floor":1.0,"turns":4.0},{"damage":10.0,"enemies":"Jaw Worm","floor":2.0,"turns":5.0},{"damage":3.0,"enemies":"Cultist","floor":3.0,"turns":4.0},{"damage":2.0,"enemies":"Large Slime","floor":5.0,"turns":6.0},{"damage":9.0,"enemies":"Gremlin Nob","floor":6.0,"turns":3.0},{"damage":18.0,"enemies":"Lagavulin","floor":8.0,"turns":7.0},{"damage":16.0,"enemies":"Gremlin Nob","floor":10.0,"turns":3.0},{"damage":6.0,"enemies":"3 Sentries","floor":12.0,"turns":2.0},{"damage":7.0,"enemies":"Gremlin Nob","floor":14.0,"turns":2.0},{"damage":7.0,"enemies":"Slime Boss","floor":16.0,"turns":4.0},{"damage":11.0,"enemies":"Chosen","floor":18.0,"turns":3.0},{"damage":6.0,"enemies":"Spheric Guardian","floor":19.0,"turns":3.0},{"damage":7.0,"enemies":"3 Cultists","floor":20.0,"turns":5.0},{"damage":13.0,"enemies":"conspire:SneckoGhost","floor":23.0,"turns":3.0},{"damage":9.0,"enemies":"Slavers","floor":27.0,"turns":3.0},{"damage":7.0,"enemies":"Book of Stabbing","floor":28.0,"turns":2.0},{"damage":14.0,"enemies":"Nightmare","floor":29.0,"turns":4.0},{"damage":8.0,"enemies":"Slavers","floor":30.0,"turns":2.0},{"damage":7.0,"enemies":"Book of Stabbing","floor":31.0,"turns":2.0},{"damage":24.0,"enemies":"conspire:MysteriousRune","floor":33.0,"turns":4.0},{"damage":0.0,"enemies":"3 Darklings","floor":35.0,"turns":2.0},{"damage":1.0,"enemies":"Orb Walker","floor":36.0,"turns":2.0},{"damage":3.0,"enemies":"Transient","floor":38.0,"turns":5.0},{"damage":0.0,"enemies":"3 Darklings","floor":39.0,"turns":2.0},{"damage":13.0,"enemies":"Giant Head","floor":40.0,"turns":3.0},{"damage":21.0,"enemies":"R_Hoarder","floor":42.0,"turns":5.0},{"damage":9,"enemies":"Nemesis","floor":45,"turns":3},{"damage":24,"enemies":"Nightmare","floor":47,"turns":4},{"damage":64,"enemies":"conspire:OrnateMirror","floor":50,"turns":6},{"damage":15,"enemies":"Shield and Spear","floor":54,"turns":3},{"damage":69,"enemies":"The Heart","floor":55,"turns":6}],"seed_played":"-6880323702747521676","potions_obtained":[{"floor":2.0,"key":"AttackPotion"},{"floor":3.0,"key":"Energy Potion"},{"floor":5.0,"key":"LifebloodPotion"},{"floor":12.0,"key":"Weak Potion"},{"floor":14.0,"key":"Adrenaline Potion"},{"floor":18.0,"key":"Languid Potion"},{"floor":19.0,"key":"SkillPotion"},{"floor":20.0,"key":"blueLaboratory:HummingbirdPotion"},{"floor":30.0,"key":"Block Potion"},{"floor":33.0,"key":"blueLaboratory:BottleOfRum"},{"floor":36.0,"key":"LifebloodPotion"},{"floor":39.0,"key":"SpeedPotion"},{"floor":45,"key":"BloodPotion"},{"floor":47,"key":"Reflective Coating"}],"is_trial":true,"path_per_floor":["M","M","M","?","M","E","R","E","T","E","$","E","R","E","R","B",null,"M","M","M","$","?","E","R","AVR","T","E","E","NM","E","E","R","B",null,"M","M","?","M","M","E","?","E","T","R","E","AVR","NM","$","R","B",null,"R","$","E","B",null],"character_chosen":"IRONCLAD","items_purchased":["ClockworkSouvenir","halation:LostSnail","Replay:Arrowhead","conspire:GiftBox","hubris:EmptyBottle","Singing Bowl","Adrenaline Potion","infinitespire:Bottled Soul"],"campfire_rested":0,"item_purchase_floors":[11,11,21,21,48,48,48,53],"current_hp_per_floor":[74,70,73,73,77,74,74,62,62,52,52,52,52,51,51,63,76,86,86,88,88,88,83,83,83,83,82,88,82,81,80,80,64,87,93,95,95,95,95,89,89,79,79,79,82,82,74,74,74,47,94,94,94,94,91],"gold":180,"neow_bonus":"","is_daily":false,"chose_seed":false,"campfire_upgraded":11,"win_rate":0.0,"timestamp":1611986242,"path_taken":["M","M","M","?","M","E","R","E","T","E","$","E","R","E","R","BOSS","M","M","?","$","?","E","R","AVR","T","E","E","NM","E","E","R","BOSS","M","M","?","M","M","E","?","E","T","R","E","AVR","NM","$","R","BOSS","R","$","E","BOSS"],"items_purchased_type":["Relic","Relic","Relic","Relic","Relic","Relic","Potion","Relic"],"build_version":"2020-12-22","purchased_purges":4,"victory":true,"max_hp_per_floor":[80,80,80,80,80,80,80,80,80,80,80,80,80,80,80,80,80,95,95,95,95,95,95,95,95,95,95,95,95,95,95,95,95,95,95,95,95,95,95,95,95,95,95,95,95,95,95,95,95,97,97,97,97,97,99],"card_choices":[{"not_picked":["Variant","SpiderBud"],"picked":"UniverseFragment","floor":1.0},{"not_picked":["Pummel","Life Link"],"picked":"ReplayTheSpireMod:Muscle Training","floor":1.0},{"not_picked":["Wellcheers","VoidDream","PunishingBird"],"picked":"Singing Bowl","floor":2.0},{"not_picked":["Twin Strike","Replay:Undeath\u0027s Touch"],"picked":"Battle Trance","floor":2.0},{"not_picked":["Perfected Strike","Sword Boomerang"],"picked":"Iron Wave","floor":3.0},{"not_picked":["BeautyBeast","QueenBee"],"picked":"OldLady","floor":5.0},{"not_picked":["Burning Pact","conspire:Charge"],"picked":"Spot Weakness","floor":5.0},{"not_picked":["Murderer","BeautyBeast","MeatLantern"],"picked":"Singing Bowl","floor":6.0},{"not_picked":["Flex","Evolve"],"picked":"Heavy Blade","floor":6.0},{"not_picked":["Woodsman","Funeral","CherryBlossoms"],"picked":"Singing Bowl","floor":8.0},{"not_picked":["Cleave","Pummel"],"picked":"Offering","floor":8.0},{"not_picked":["WhitesApple","Rudolta","VoidDream"],"picked":"Singing Bowl","floor":10.0},{"not_picked":["Wellcheers","Woodsman"],"picked":"Scorched","floor":10.0},{"not_picked":["Thunderclap","Cleave"],"picked":"Twin Strike","floor":10.0},{"not_picked":["Bloodbath","Rudolta","Porccubus"],"picked":"Singing Bowl","floor":12.0},{"not_picked":["Havoc","Rampage","Sword Boomerang"],"picked":"SKIP","floor":12.0},{"not_picked":["Combust","Dark Embrace"],"picked":"Flame Barrier","floor":14.0},{"not_picked":["WallGazer","ShyLook","BigBird"],"picked":"Singing Bowl","floor":16.0},{"not_picked":["CENSORED","LaLuna","CrumblingArmor"],"picked":"Singing Bowl","floor":18.0},{"not_picked":["ReplayTheSpireMod:Strike From Hell+1","StuffTheSpire:TitanForm"],"picked":"Shrug It Off+1","floor":18.0},{"not_picked":["Murderer","BeautyBeast","Variant"],"picked":"Singing Bowl","floor":19.0},{"not_picked":["Run Through","hubris:ReadiedAction"],"picked":"Shockwave","floor":19.0},{"not_picked":["QueenOfHatred","VoidDream","LittlePrince"],"picked":"Singing Bowl","floor":20.0},{"not_picked":["Run Through+1","StuffTheSpire:Slingshot","Clash"],"picked":"SKIP","floor":20.0},{"not_picked":["conspire:HitWhereItHurts","Exhume"],"picked":"Limit Break","floor":21.0},{"not_picked":["PunishingBird","Bloodbath","MHz"],"picked":"Singing Bowl","floor":23.0},{"not_picked":["Run Through+1","ReplayTheSpireMod:Corrosion Curse","StuffTheSpire:Resist"],"picked":"SKIP","floor":23.0},{"not_picked":["PunishingBird","Alriune","SingingMachine"],"picked":"Singing Bowl","floor":27.0},{"not_picked":["Perfected Strike","Reckless Charge","Carnage"],"picked":"SKIP","floor":27.0},{"not_picked":["MeatLantern","BigBird"],"picked":"OSAHOGD","floor":28.0},{"not_picked":["Burning Pact","Hemogenesis","Replay:Undeath\u0027s Touch"],"picked":"SKIP","floor":28.0},{"not_picked":["Hemogenesis","Replay:Undeath\u0027s Touch"],"picked":"Burning Pact","floor":28.0},{"not_picked":["RedShoes","NakedNest","BlackSwan"],"picked":"Singing Bowl","floor":29.0},{"not_picked":["hubris:ReadiedAction","Feel No Pain","ReplayTheSpireMod:LeadingStrike"],"picked":"SKIP","floor":29.0},{"not_picked":["BlackSwan","Porccubus","Alriune"],"picked":"Singing Bowl","floor":30.0},{"not_picked":["Variant","MeatLantern"],"picked":"Mercenary","floor":30.0},{"not_picked":["Heavy Blade","Clash","StuffTheSpire:RockThrow"],"picked":"SKIP","floor":30.0},{"not_picked":["MHz","VoidDream","FairyFestival"],"picked":"Singing Bowl","floor":31.0},{"not_picked":["StuffTheSpire:RockThrow","StuffTheSpire:Slingshot","Second Wind"],"picked":"SKIP","floor":31.0},{"not_picked":["Eclipse","Double Tap"],"picked":"Limit Break","floor":33.0},{"not_picked":["Armaments","Massacre+1","Blood for Blood"],"picked":"SKIP","floor":35.0},{"not_picked":["Armaments","Massacre+1"],"picked":"Blood for Blood","floor":35.0},{"not_picked":["BeautyBeast","MeatLantern","MHz"],"picked":"Singing Bowl","floor":36.0},{"not_picked":["Havoc+1","Invigoration+1","Warcry+1"],"picked":"SKIP","floor":36.0},{"not_picked":["WhitesApple","PunishingBird","GalaxyChild"],"picked":"Singing Bowl","floor":38.0},{"not_picked":["ReplayTheSpireMod:Stacked+1","Invigoration","Pummel"],"picked":"SKIP","floor":38.0},{"not_picked":["Havoc+1","Rage","Carnage+1"],"picked":"SKIP","floor":39.0},{"not_picked":["VoidDream","Alriune","LongBird"],"picked":"Singing Bowl","floor":40.0},{"not_picked":["Replay:Undeath\u0027s Touch","Hemokinesis+1"],"picked":"Reaper","floor":40.0},{"not_picked":["Freischutz","WhitesApple","Laetitia"],"picked":"Singing Bowl","floor":42.0},{"not_picked":["Shockwave+1","hubris:ReadiedAction","ReplayTheSpireMod:Stacked+1"],"picked":"SKIP","floor":42.0},{"not_picked":["Abandon+1","Wild Strike+1","Rupture+1"],"picked":"SKIP","floor":45},{"not_picked":["WhiteNight","WhitesApple","FairyFestival"],"picked":"Singing Bowl","floor":47},{"not_picked":["conspire:Purge","Twin Strike","Armaments"],"picked":"SKIP","floor":47},{"not_picked":["BlueStar","CENSORED","SilentOrchestra"],"picked":"Singing Bowl","floor":50},{"not_picked":["Fiend Fire","Exhume","Replay:Many Hands"],"picked":"Singing Bowl","floor":50},{"not_picked":["ReplayTheSpireMod:Muscle Training","Shrug It Off","StuffTheSpire:Incineration+1"],"picked":"SKIP","floor":54},{"not_picked":["Corruption+1","Feed","Brutality+1"],"picked":"Singing Bowl","floor":55}],"player_experience":1903980,"relics_obtained":[{"floor":6.0,"key":"Dream Catcher"},{"floor":8.0,"key":"StuffTheSpire:HeavyRock"},{"floor":9.0,"key":"StuffTheSpire:Mouthbags"},{"floor":10.0,"key":"Toy Ornithopter"},{"floor":12.0,"key":"Pet Ghost"},{"floor":14.0,"key":"StuffTheSpire:Barrel"},{"floor":20.0,"key":"wanderingMiniBosses:MasterThiefsPresence"},{"floor":23.0,"key":"infinitespire:PuzzleCube"},{"floor":26.0,"key":"Rawhide"},{"floor":27.0,"key":"aspiration:TomeofQuesting"},{"floor":28.0,"key":"BlackRope"},{"floor":29.0,"key":"StuffTheSpire:Gunfinga"},{"floor":30.0,"key":"RetroEgg"},{"floor":31.0,"key":"Gremlin Food"},{"floor":40.0,"key":"InkBottle"},{"floor":42.0,"key":"Oddly Smooth Stone"},{"floor":45,"key":"reliquary:Stiletto"},{"floor":47,"key":"Frozen Egg 2"},{"floor":54,"key":"ReplayTheSpireMod:Ninjato"}],"event_choices":[{"damage_healed":0.0,"max_hp_gain":0.0,"max_hp_loss":0.0,"gold_gain":0.0,"event_name":"betterNote:BetterNote","player_choice":"Ignored","floor":22.0,"gold_loss":0.0,"damage_taken":0.0,"cards_obtained":["Strike_P"]},{"damage_healed":0.0,"max_hp_gain":0.0,"max_hp_loss":0.0,"gold_gain":0.0,"event_name":"conspire:Investor","player_choice":"Leave","floor":37.0,"gold_loss":0.0,"damage_taken":0.0},{"damage_healed":0.0,"max_hp_gain":0.0,"max_hp_loss":0.0,"gold_gain":0.0,"event_name":"Upgrade Shrine","player_choice":"Upgraded","floor":41.0,"gold_loss":0.0,"damage_taken":0.0,"cards_upgraded":["Limit Break"]}],"is_beta":false,"boss_relics":[{"not_picked":["Busted Crown","Painkiller Herb"],"picked":"hubris:CrackedHourglass"},{"not_picked":["Velvet Choker","conspire:SlowCooker"],"picked":"conspire:SpecialSausage"},{"not_picked":["Abe\u0027s Treasure","hubris:GrandSneckoEye"],"picked":"energizedSpire:DeadBattery"}],"items_purged_floors":[21,25,46,48],"is_endless":true,"potions_floor_spawned":[2,3,5,12,14,18,19,20,30,33,36,39,45,47,54],"ascension_level":5}}