{"host":"i9z6y8pcdeu2qxnx","time":1611980255,"event":{"mods":["BaseMod","Colored Map","Googly Eyes","Highlight Path","Minty Spire (QoL Compilation)","Replay The Spire","StSLib"],"gold_per_floor":[116,130,7,7,19,19,51,65,65,100,50,50,76,76,76,175,175,188,188,207,187,205,205,232,232,232,262,277,277,309,329,329,428,428,442,244,244,264,274,307,322,349,349,382,382,412,57,86,86,86],"floor_reached":51,"language":"ENG","playtime":8086,"items_purged":["Grand Finale"],"score":1096,"play_id":"7a99416c-f677-4823-b6d7-e9f3f7409e3a","local_time":"20210129231735","daily_mods":["Shiny","Diverse","Elite Swarm"],"is_ascension_mode":false,"campfire_choices":[{"data":"After Image","floor":6.0,"key":"SMITH"},{"data":"Adrenaline","floor":12.0,"key":"SMITH"},{"floor":15.0,"key":"REST"},{"data":"Buffer","floor":23.0,"key":"SMITH"},{"floor":25.0,"key":"REST"},{"floor":29.0,"key":"REST"},{"floor":32,"key":"REST"},{"data":"Envenom","floor":49,"key":"SMITH"},{"data":"Well Laid Plans","floor":49,"key":"SMITH"}],"circlet_count":0,"master_deck":["Brilliance","Devotion","Replay:AllIn","LessonLearned","Vault","Establishment","Replay:LoomingThreat","DeusExMachina","Judgement","ConjureBlade","MasterReality","Blasphemy","Ragnarok","Scrawl","Wish","Omniscience","SpiritShield","DevaForm","Hyperbeam","Machine Learning","Buffer+1","Mirror Shield","Seek","Echo Form","All For One","Reboot","Fission","Core Surge","Thunder Strike","Biased Cognition","Electrodynamics","ReplayRNGCard","ReplayTheSpireMod:Omega Cannon","Rainbow","Meteor Strike","Amplify","Creative AI","ReplayTheSpireMod:Necrosis","Corpse Explosion","Die Die Die","Atom Bomb","ReplayTheSpireMod:From All Sides","Adrenaline+1","Envenom+1","Doppelganger","Burst","Wraith Form v2","Tools of the Trade","After Image+1","Poison Darts","A Thousand Cuts","Venomology+1","Replay:Bag of Tricks","Malaise","Phantasmal Killer","Night Terror","Unload","Bullet Time","Storm of Steel","Glass Knife","Double Tap","Demon Form","Fiend Fire","Eclipse","Berserk","Impervious","Juggernaut","Brutality","Demonic Infusion","Exhume","Offering","Bludgeon","Feed","Replay:Many Hands","Limit Break","Corruption","Hemogenesis","Reaper","Immolate","Abandon","Replay:Undeath\u0027s Touch","Conserve Battery","ReplayReversal","Immolate","Rebound","Ragnarok","Mirror Shield","ReplayTheSpireMod:Omega Cannon","Well Laid Plans+1","Power Through+1","Leap","Evaluate+1","Underhanded Strike","TalkToTheHand","LessonLearned","Machine Learning","Twin Strike+1","Tools of the Trade","FTL","Toxin Wave","Demon Form","Gash+1","Consecrate","SandsOfTime+1","Flame Barrier","Glass Knife","Adrenaline+1","Finisher","Skim","Offering"],"relics":["Black Blood","FossilizedHelix","Gambling Chip","Prayer Wheel","Torii","Nunchaku","Ice Cream","Runic Cube","Replay:PocketPolymizer","Pocketwatch","Centennial Puzzle","TungstenRod","Replay:Rubber Ducky","Bag of Preparation","Toy Ornithopter","Red Skull","Replay:Accelerometer","Blue Doll","Pondfish Scales","DollysMirror","Replay:Arrowhead"],"acts_visited":["Exordium","TheCity","TheBeyond"],"potions_floor_usage":[33,40,44,46,48,50,50,50],"damage_taken":[{"damage":0.0,"enemies":"Small Slimes","floor":1.0,"turns":2.0},{"damage":0.0,"enemies":"2 Louse","floor":2.0,"turns":1.0},{"damage":11.0,"enemies":"Jaw Worm","floor":5.0,"turns":2.0},{"damage":15.0,"enemies":"3 Sentries","floor":7.0,"turns":5.0},{"damage":0.0,"enemies":"Red Slaver","floor":8.0,"turns":2.0},{"damage":1.0,"enemies":"Lagavulin","floor":10.0,"turns":6.0},{"damage":0.0,"enemies":"Replay:BlueRogue","floor":13.0,"turns":5.0},{"damage":0.0,"enemies":"Slime Boss","floor":16.0,"turns":4.0},{"damage":0.0,"enemies":"Chosen","floor":18.0,"turns":3.0},{"damage":28.0,"enemies":"2 Thieves","floor":20.0,"turns":3.0},{"damage":0.0,"enemies":"Snake Plant","floor":22.0,"turns":2.0},{"damage":59.0,"enemies":"Slavers","floor":24.0,"turns":5.0},{"damage":46.0,"enemies":"Gremlin Leader","floor":27.0,"turns":8.0},{"damage":0.0,"enemies":"Centurion and Healer","floor":28.0,"turns":5.0},{"damage":16.0,"enemies":"Book of Stabbing","floor":30.0,"turns":5.0},{"damage":0.0,"enemies":"Shelled Parasite and Fungi","floor":31.0,"turns":7.0},{"damage":34,"enemies":"Collector","floor":33,"turns":6},{"damage":11,"enemies":"3 Shapes","floor":35,"turns":3},{"damage":0,"enemies":"Orb Walker","floor":38,"turns":3},{"damage":0,"enemies":"Sphere and 2 Shapes","floor":39,"turns":3},{"damage":0,"enemies":"Giant Head","floor":40,"turns":8},{"damage":16,"enemies":"Jaw Worm Horde","floor":41,"turns":6},{"damage":0,"enemies":"Nemesis","floor":42,"turns":7},{"damage":0,"enemies":"Giant Head","floor":44,"turns":10},{"damage":0,"enemies":"Nemesis","floor":46,"turns":9},{"damage":30,"enemies":"Reptomancer","floor":48,"turns":6},{"damage":5,"enemies":"Time Eater","floor":50,"turns":10}],"seed_played":"6597687582426255687","potions_obtained":[{"floor":2.0,"key":"Swift Potion"},{"floor":10.0,"key":"BloodPotion"},{"floor":18.0,"key":"SteroidPotion"},{"floor":21.0,"key":"Reflective Coating"},{"floor":24.0,"key":"Energy Potion"},{"floor":30.0,"key":"ColorlessPotion"},{"floor":33,"key":"Explosive Potion"},{"floor":35,"key":"Adrenaline Potion"},{"floor":39,"key":"FearPotion"},{"floor":40,"key":"BlessingOfTheForge"},{"floor":48,"key":"Reflective Coating"}],"is_trial":true,"path_per_floor":["M","M","$","?","M","R","E","M","T","E","?","R","E","?","R","B",null,"M","?","M","?","M","R","E","R","T","E","M","R","E","M","R","B",null,"M","$","?","M","M","E","M","E","T","E","?","E","$","E","R","B",null],"character_chosen":"IRONCLAD","items_purchased":["Conserve Battery","Replay:Rubber Ducky","Consecrate","DollysMirror","Explosive Potion","Finisher","Skim"],"campfire_rested":4,"item_purchase_floors":[3,36,36,47,47,47,47],"current_hp_per_floor":[80,80,80,80,75,75,66,72,72,83,83,83,83,65,83,83,83,83,83,61,61,67,67,35,59,59,19,25,49,39,45,69,41,83,83,83,83,83,83,83,79,83,83,83,83,83,83,74,74,83],"gold":86,"neow_bonus":"","is_daily":false,"chose_seed":false,"campfire_upgraded":5,"win_rate":0.0,"timestamp":1611980255,"path_taken":["M","M","$","?","M","R","E","M","T","E","?","R","E","?","R","BOSS","M","?","?","?","?","R","E","R","T","E","M","R","E","M","R","BOSS","M","$","?","?","M","E","M","E","T","E","?","E","$","E","R","BOSS"],"items_purchased_type":["Card","Relic","Card","Relic","Potion","Card","Card"],"build_version":"2020-12-22","purchased_purges":1,"victory":true,"max_hp_per_floor":[80,80,80,80,80,80,80,80,80,83,83,83,83,83,83,83,83,83,83,83,83,83,83,83,83,83,83,83,83,83,83,83,83,83,83,83,83,83,83,83,83,83,83,83,83,83,83,83,83,83],"card_choices":[{"not_picked":["Halt","Replay:Vibes"],"picked":"Abandon","floor":1.0},{"not_picked":["Replay:AtTheReady","SashWhip"],"picked":"Replay:Undeath\u0027s Touch","floor":2.0},{"not_picked":["Bane","Hidden Blade"],"picked":"ReplayReversal","floor":5.0},{"not_picked":["Tools of the Trade","MasterReality"],"picked":"Immolate","floor":7.0},{"not_picked":["Time Bomb","Headbutt"],"picked":"Rebound","floor":8.0},{"not_picked":["Atom Bomb","Alpha"],"picked":"Ragnarok","floor":10.0},{"not_picked":["Replay:Bag of Tricks","Corruption"],"picked":"Mirror Shield","floor":13.0},{"not_picked":["Fission","Replay:AllIn"],"picked":"ReplayTheSpireMod:Omega Cannon","floor":16.0},{"not_picked":["Blizzard","Escape Plan+1"],"picked":"Well Laid Plans","floor":18.0},{"not_picked":["Concentrate+1","Massacre+1"],"picked":"Power Through+1","floor":18.0},{"not_picked":["Halt","BasicCrystalCard"],"picked":"Leap","floor":20.0},{"not_picked":["Go for the Eyes","PathToVictory"],"picked":"Evaluate+1","floor":20.0},{"not_picked":["Barrage","Redo+1"],"picked":"Underhanded Strike","floor":22.0},{"not_picked":["Sentinel","Gash+1"],"picked":"TalkToTheHand","floor":22.0},{"not_picked":["ConjureBlade","Meteor Strike"],"picked":"LessonLearned","floor":24.0},{"not_picked":["Hemogenesis","Fission"],"picked":"Machine Learning","floor":27.0},{"not_picked":["Compile Driver","Havoc"],"picked":"Twin Strike+1","floor":28.0},{"not_picked":["Barrage","Clothesline","Replay:BluntJabs"],"picked":"SKIP","floor":28.0},{"not_picked":["ReplayTheSpireMod:Necrosis","Scrawl"],"picked":"Tools of the Trade","floor":30.0},{"not_picked":["Redo","Wireheading"],"picked":"FTL","floor":31},{"not_picked":["Clothesline","Poisoned Stab"],"picked":"Toxin Wave","floor":31},{"not_picked":["Juggernaut","Hyperbeam"],"picked":"Demon Form","floor":33},{"not_picked":["PathToVictory+1","Adaptation+1"],"picked":"Gash+1","floor":35},{"not_picked":["Blizzard","WindmillStrike","Shockwave+1"],"picked":"SKIP","floor":35},{"not_picked":["Bloodletting+1","SashWhip","Armaments"],"picked":"SKIP","floor":38},{"not_picked":["Bloodletting+1","Study+1","Cloak And Dagger+1"],"picked":"SKIP","floor":38},{"not_picked":["Slice+1","Abandon+1"],"picked":"SandsOfTime+1","floor":39},{"not_picked":["Reflex","Dodge and Roll"],"picked":"Flame Barrier","floor":39},{"not_picked":["Vault","Limit Break","Replay:Many Hands"],"picked":"SKIP","floor":40},{"not_picked":["JustLucky","EmptyBody+1","TalkToTheHand+1"],"picked":"SKIP","floor":41},{"not_picked":["ReplayTheSpireMod:Tripwire+1","Perfected Strike+1","Indignation"],"picked":"SKIP","floor":41},{"not_picked":["Demon Form","Immolate","Grand Finale"],"picked":"SKIP","floor":42},{"not_picked":["Bludgeon","ReplayTheSpireMod:Omega Cannon","Vault"],"picked":"SKIP","floor":44},{"not_picked":["Doppelganger","Tools of the Trade"],"picked":"Glass Knife","floor":46},{"not_picked":["Creative AI","Buffer"],"picked":"Offering","floor":48}],"player_experience":973625,"relics_obtained":[{"floor":7.0,"key":"FossilizedHelix"},{"floor":9.0,"key":"Gambling Chip"},{"floor":10.0,"key":"Torii"},{"floor":13.0,"key":"Nunchaku"},{"floor":24.0,"key":"Replay:PocketPolymizer"},{"floor":26.0,"key":"Pocketwatch"},{"floor":27.0,"key":"Centennial Puzzle"},{"floor":30.0,"key":"TungstenRod"},{"floor":40,"key":"Toy Ornithopter"},{"floor":42,"key":"Red Skull"},{"floor":43,"key":"Replay:Accelerometer"},{"floor":44,"key":"Blue Doll"},{"floor":46,"key":"Pondfish Scales"},{"floor":48,"key":"Replay:Arrowhead"}],"event_choices":[{"cards_removed":["Multi-Cast"],"damage_healed":0.0,"max_hp_gain":0.0,"max_hp_loss":0.0,"gold_gain":0.0,"event_name":"Living Wall","player_choice":"Forget","floor":4.0,"gold_loss":0.0,"damage_taken":0.0},{"cards_removed":["Alpha"],"damage_healed":0.0,"max_hp_gain":0.0,"max_hp_loss":0.0,"gold_gain":0.0,"event_name":"The Cleric","player_choice":"Card Removal","floor":11.0,"gold_loss":50.0,"damage_taken":0.0},{"damage_healed":0.0,"max_hp_gain":0.0,"max_hp_loss":0.0,"gold_gain":0.0,"event_name":"Scrap Ooze","player_choice":"Success","floor":14.0,"gold_loss":0.0,"damage_taken":18.0,"relics_obtained":["Ice Cream"]},{"damage_healed":0.0,"max_hp_gain":0.0,"max_hp_loss":0.0,"gold_gain":0.0,"event_name":"NoteForYourself","player_choice":"Ignored","floor":19.0,"gold_loss":0.0,"damage_taken":0.0},{"damage_healed":0.0,"max_hp_gain":0.0,"max_hp_loss":0.0,"gold_gain":0.0,"event_name":"The Woman in Blue","player_choice":"Bought 1 Potion","floor":21.0,"gold_loss":0.0,"damage_taken":0.0},{"damage_healed":0,"gold_gain":0,"player_choice":"Gave Potion","damage_taken":0,"relics_obtained":["Bag of Preparation"],"max_hp_gain":0,"max_hp_loss":0,"event_name":"WeMeetAgain","floor":37,"gold_loss":0},{"cards_removed":["Barricade"],"damage_healed":0,"gold_gain":0,"player_choice":"Removed Power","damage_taken":0,"max_hp_gain":0,"max_hp_loss":0,"event_name":"Falling","floor":45,"gold_loss":0}],"is_beta":false,"boss_relics":[{"not_picked":["SacredBark","Runic Dome"],"picked":"Runic Cube"},{"not_picked":["Philosopher\u0027s Stone","Electric Blood"],"picked":"Black Blood"}],"items_purged_floors":[3],"is_endless":false,"potions_floor_spawned":[2,10,13,18,24,30,33,35,39,40,42,48],"ascension_level":0}}