{"host":"kpyf5rnb72uwap8k","time":1611965030,"event":{"mods":["AchievementEnabler","BaseMod","Colored Map","Colored Powertips","DeckTracker","Minty Spire (QoL Compilation)","Permanent Neow","Quick Restart","StSLib","SuperFastMode"],"gold_per_floor":[113,125,135,135,210,210,237,237,237,248,146,157,157,174,174,273,273,290,51,51,71,71,170,55,73,97,97,111,143,143,64,64,160,160,179,179,194,214,226,226,0,0,24,24,24,39,39,58,58,58],"floor_reached":51,"language":"KOR","playtime":1352,"items_purged":["Strike_R","Strike_R","Strike_R","Strike_R"],"score":1004,"play_id":"95ae6f41-7f7f-4824-8cd2-cc08f9002627","local_time":"20210130090350","is_ascension_mode":true,"campfire_choices":[{"data":"Power Through","floor":6.0,"key":"SMITH"},{"data":"Cleave","floor":8.0,"key":"SMITH"},{"floor":15.0,"key":"REST"},{"data":"Armaments","floor":27.0,"key":"SMITH"},{"floor":30.0,"key":"REST"},{"data":"Entrench","floor":32.0,"key":"SMITH"},{"floor":40.0,"key":"REST"},{"data":"Shrug It Off","floor":45.0,"key":"SMITH"},{"floor":47.0,"key":"REST"},{"data":"Impervious","floor":49.0,"key":"SMITH"}],"circlet_count":0,"master_deck":["Defend_R","Defend_R","Defend_R","Defend_R","Bash+1","Cleave+1","Reckless Charge","Power Through+1","Barricade+1","Shrug It Off","Body Slam+1","Shrug It Off+1","CurseOfTheBell","Burning Pact","Fire Breathing+1","Armaments+1","Entrench+1","Body Slam+1","Body Slam+1","Power Through","Burning Pact","Shrug It Off+1","Burning Pact","Impervious+1"],"relics":["Burning Blood","Frozen Egg 2","Gremlin Horn","Calling Bell","Bag of Marbles","Mummified Hand","Unceasing Top","Membership Card","MutagenicStrength","Lantern","Self Forming Clay","Art of War","Runic Pyramid","Du-Vu Doll","Strawberry"],"acts_visited":["Exordium","TheCity","TheBeyond"],"potions_floor_usage":[50],"damage_taken":[{"damage":6.0,"enemies":"Cultist","floor":1.0,"turns":4.0},{"damage":0.0,"enemies":"Small Slimes","floor":2.0,"turns":3.0},{"damage":3.0,"enemies":"2 Louse","floor":3.0,"turns":2.0},{"damage":41.0,"enemies":"Lagavulin","floor":7.0,"turns":7.0},{"damage":17.0,"enemies":"Red Slaver","floor":10.0,"turns":4.0},{"damage":0.0,"enemies":"3 Louse","floor":12.0,"turns":2.0},{"damage":0.0,"enemies":"2 Fungi Beasts","floor":14.0,"turns":4.0},{"damage":34.0,"enemies":"Hexaghost","floor":16.0,"turns":15.0},{"damage":10.0,"enemies":"Shell Parasite","floor":18.0,"turns":8.0},{"damage":0.0,"enemies":"Chosen","floor":21.0,"turns":6.0},{"damage":0.0,"enemies":"Snake Plant","floor":25.0,"turns":4.0},{"damage":61.0,"enemies":"Snecko","floor":28.0,"turns":9.0},{"damage":0.0,"enemies":"Book of Stabbing","floor":29.0,"turns":3.0},{"damage":9.0,"enemies":"Champ","floor":33.0,"turns":12.0},{"damage":26.0,"enemies":"3 Darklings","floor":35.0,"turns":4.0},{"damage":19.0,"enemies":"3 Shapes","floor":37.0,"turns":3.0},{"damage":16.0,"enemies":"Spire Growth","floor":38.0,"turns":5.0},{"damage":18.0,"enemies":"Sphere and 2 Shapes","floor":39.0,"turns":6.0},{"damage":21.0,"enemies":"3 Darklings","floor":46.0,"turns":5.0},{"damage":5.0,"enemies":"Jaw Worm Horde","floor":48.0,"turns":5.0},{"damage":10,"enemies":"Time Eater","floor":50,"turns":9}],"seed_played":"6946752478491391084","potions_obtained":[{"floor":2.0,"key":"Fire Potion"},{"floor":12.0,"key":"AttackPotion"},{"floor":14.0,"key":"Energy Potion"},{"floor":21.0,"key":"FearPotion"},{"floor":29.0,"key":"Ancient Potion"},{"floor":37.0,"key":"FearPotion"},{"floor":39.0,"key":"SmokeBomb"}],"is_trial":false,"path_per_floor":["M","M","M","?","?","R","E","R","T","M","$","M","?","M","R","B",null,"M","$","?","M","?","?","$","M","T","R","M","E","R","$","R","B",null,"M","?","M","M","M","R","$","?","T","$","R","M","R","M","R","B",null],"character_chosen":"IRONCLAD","items_purchased":["Body Slam","Membership Card","Fire Breathing+1","Entrench","Body Slam","Art of War","Du-Vu Doll"],"campfire_rested":4,"item_purchase_floors":[11,19,19,24,24,31,41],"current_hp_per_floor":[80,80,80,85,74,74,39,39,39,28,28,34,34,40,65,37,85,81,81,81,85,85,85,85,85,85,85,30,36,61,61,61,58,85,65,65,52,42,30,55,55,55,62,62,62,47,74,75,75,71],"gold":58,"neow_bonus":"UPGRADE_CARD","is_daily":false,"chose_seed":false,"campfire_upgraded":6,"win_rate":0.0,"timestamp":1611965030,"path_taken":["M","M","M","?","?","R","E","R","T","M","$","M","?","M","R","BOSS","M","$","?","M","?","?","$","M","T","R","M","E","R","$","R","BOSS","M","?","M","M","M","R","$","?","T","$","R","M","R","M","R","BOSS"],"items_purchased_type":["Card","Relic","Card","Card","Card","Relic","Relic"],"build_version":"2020-12-22","purchased_purges":4,"victory":true,"max_hp_per_floor":[80,80,80,85,85,85,85,85,85,85,85,85,85,85,85,85,85,85,85,85,85,85,85,85,85,85,85,85,85,85,85,85,85,85,85,85,85,85,85,85,85,85,92,92,92,92,92,92,92,92],"card_choices":[{"not_picked":["Sword Boomerang","Clothesline"],"picked":"Cleave","floor":1.0},{"not_picked":["Twin Strike","Anger"],"picked":"Reckless Charge","floor":2.0},{"not_picked":["Rampage","Heavy Blade"],"picked":"Power Through","floor":3.0},{"not_picked":["Heavy Blade","Rampage"],"picked":"Barricade+1","floor":7.0},{"not_picked":["Wild Strike","Twin Strike"],"picked":"Shrug It Off","floor":10.0},{"not_picked":["Heavy Blade","True Grit"],"picked":"Shrug It Off","floor":12.0},{"not_picked":["Flex","Uppercut","Clash"],"picked":"SKIP","floor":14.0},{"not_picked":["Warcry+1","Wild Strike"],"picked":"Burning Pact","floor":18.0},{"not_picked":["Rupture+1","Heavy Blade"],"picked":"Armaments","floor":21.0},{"not_picked":["Bloodletting+1","Iron Wave"],"picked":"Body Slam+1","floor":25.0},{"not_picked":["Cleave+1","Clothesline"],"picked":"Power Through","floor":28.0},{"not_picked":["Shockwave","Sever Soul+1"],"picked":"Burning Pact","floor":29.0},{"not_picked":["Carnage+1","Searing Blow","Dark Embrace+1"],"picked":"SKIP","floor":35.0},{"not_picked":["Wild Strike","Thunderclap","Iron Wave"],"picked":"SKIP","floor":37.0},{"not_picked":["Whirlwind","Clothesline+1"],"picked":"Shrug It Off+1","floor":38.0},{"not_picked":["Perfected Strike","Seeing Red"],"picked":"Burning Pact","floor":39.0},{"not_picked":["Twin Strike+1","Flex+1"],"picked":"Impervious","floor":46.0},{"not_picked":["Body Slam","Warcry+1","Inflame+1"],"picked":"SKIP","floor":48.0}],"player_experience":235026,"relics_obtained":[{"floor":7.0,"key":"Frozen Egg 2"},{"floor":9.0,"key":"Gremlin Horn"},{"floor":17.0,"key":"Bag of Marbles"},{"floor":17.0,"key":"Mummified Hand"},{"floor":17.0,"key":"Unceasing Top"},{"floor":26.0,"key":"Lantern"},{"floor":29.0,"key":"Self Forming Clay"},{"floor":43.0,"key":"Strawberry"}],"event_choices":[{"damage_healed":0.0,"max_hp_gain":5.0,"max_hp_loss":0.0,"gold_gain":0.0,"event_name":"Big Fish","player_choice":"Donut","floor":4.0,"gold_loss":0.0,"damage_taken":0.0},{"damage_healed":0.0,"max_hp_gain":0.0,"max_hp_loss":0.0,"gold_gain":75.0,"event_name":"World of Goop","player_choice":"Gather Gold","floor":5.0,"gold_loss":0.0,"damage_taken":11.0},{"damage_healed":0.0,"max_hp_gain":0.0,"max_hp_loss":0.0,"gold_gain":0.0,"event_name":"Upgrade Shrine","player_choice":"Upgraded","floor":13.0,"gold_loss":0.0,"damage_taken":0.0,"cards_upgraded":["Body Slam"]},{"cards_removed":["Strike_R"],"damage_healed":0.0,"max_hp_gain":0.0,"max_hp_loss":0.0,"gold_gain":0.0,"event_name":"Back to Basics","player_choice":"Elegance","floor":20.0,"gold_loss":0.0,"damage_taken":0.0},{"damage_healed":0.0,"max_hp_gain":0.0,"max_hp_loss":0.0,"gold_gain":0.0,"event_name":"Drug Dealer","player_choice":"Inject Mutagens","floor":22.0,"gold_loss":0.0,"damage_taken":0.0,"relics_obtained":["MutagenicStrength"]},{"damage_healed":0.0,"max_hp_gain":0.0,"max_hp_loss":0.0,"gold_gain":99.0,"event_name":"Nest","player_choice":"Stole From Cult","floor":23.0,"gold_loss":0.0,"damage_taken":0.0},{"damage_healed":0.0,"max_hp_gain":0.0,"max_hp_loss":0.0,"gold_gain":0.0,"event_name":"SensoryStone","player_choice":"Memory 1","floor":36.0,"gold_loss":0.0,"damage_taken":0.0},{"damage_healed":0.0,"max_hp_gain":0.0,"max_hp_loss":0.0,"gold_gain":0.0,"event_name":"Upgrade Shrine","player_choice":"Upgraded","floor":42.0,"gold_loss":0.0,"damage_taken":0.0,"cards_upgraded":["Body Slam"]}],"is_beta":false,"boss_relics":[{"not_picked":["Black Blood","Velvet Choker"],"picked":"Calling Bell"},{"not_picked":["Runic Cube","Coffee Dripper"],"picked":"Runic Pyramid"}],"items_purged_floors":[11,19,24,41],"is_endless":false,"potions_floor_spawned":[2,12,14,21,29,37,39,46,48],"ascension_level":2}}