{"host":"d8lhi0dhhvwve23n","time":1611984023,"event":{"mods":["2.2 Compatiblity","BaseMod","Downfall","Minty Spire (QoL Compilation)","StSLib"],"gold_per_floor":[99,110,129,15,28,28,28,55,55,71,97,115,115,131,151,246,246,246,260,277,70,85,101,177,1,16,32,32,43,53,68,83,185,185,185,198,198,213,213,231,256,291,67,41,58,58,78,98,98,98,98,98],"floor_reached":50,"language":"ENG","playtime":3950,"items_purged":[],"score":548,"play_id":"ac0f6716-133a-4bd2-b10c-bc12748cde60","local_time":"20210130022023","is_ascension_mode":false,"campfire_choices":[{"data":"Guardian:CurlUp","floor":1,"key":"SMITH"},{"data":"Guardian:StasisStrike","floor":6,"key":"SMITH"},{"data":"Guardian:SpikerProtocol","floor":9,"key":"SMITH"},{"floor":13,"key":"REST"},{"data":"Guardian:BaubleBeam","floor":18,"key":"SMITH"},{"data":"expansioncontent:StudyTheSpire","floor":28,"key":"SMITH"},{"floor":35,"key":"RECALL"},{"data":"Guardian:BodySlam","floor":46,"key":"SMITH"}],"circlet_count":0,"master_deck":["Guardian:Strike_Guardian","Guardian:Strike_Guardian","Guardian:Strike_Guardian","Guardian:Strike_Guardian","Guardian:Defend_Guardian","Guardian:Defend_Guardian","Guardian:Defend_Guardian","Guardian:Defend_Guardian","Guardian:CurlUp+1","Guardian:TwinSlam","Guardian:Reroute","Guardian:Recover","Guardian:SpikerProtocol+1","Guardian:RollAttack","Guardian:StasisStrike+1","Guardian:DecasProtection+1","Guardian:StasisField+1","Guardian:ShieldCharger+1","Guardian:BaubleBeam+1","Guardian:BodySlam+1","Guardian:CrystalBeam","Guardian:SphericShield+1","Guardian:Harden+1","Guardian:TimeSifter","Guardian:FloatingOrbs","Guardian:VentSteam+1","Guardian:PolyBeam","Guardian:PrimingBeam","Guardian:WalkerClaw+1","Guardian:TemporalStrike+1","Enlightenment+1","Master of Strategy+1","Guardian:Emergency+1"],"relics":["Guardian:ModeShifterPlus","Toxic Egg 2","Letter Opener","Toy Ornithopter","Bottled Lightning","Busted Crown","Blood Vial","Gremlin Horn","Bottled Tornado"],"acts_visited":["Exordium","TheCity","TheBeyond"],"potions_floor_usage":[10,16,33,33,50,50],"damage_taken":[{"damage":1,"enemies":"Cultist","floor":2,"turns":5},{"damage":6,"enemies":"Jaw Worm","floor":3,"turns":3},{"damage":5,"enemies":"downfall:FleeingMerchant","floor":4,"turns":4},{"damage":2,"enemies":"2 Louse","floor":5,"turns":2},{"damage":16,"enemies":"3 Sentries","floor":8,"turns":5},{"damage":5,"enemies":"Exordium Thugs","floor":10,"turns":4},{"damage":11,"enemies":"Gremlin Nob","floor":11,"turns":4},{"damage":16,"enemies":"Large Slime","floor":12,"turns":5},{"damage":14,"enemies":"Lots of Slimes","floor":14,"turns":4},{"damage":3,"enemies":"Blue Slaver","floor":15,"turns":4},{"damage":26,"enemies":"IC_STATUS_ARCHETYPE","floor":16,"turns":10},{"damage":0,"enemies":"Spheric Guardian","floor":19,"turns":4},{"damage":2,"enemies":"Cultist and Chosen","floor":20,"turns":5},{"damage":0,"enemies":"downfall:FleeingMerchant","floor":21,"turns":4},{"damage":12,"enemies":"3 Cultists","floor":22,"turns":7},{"damage":0,"enemies":"Sentry and Sphere","floor":23,"turns":6},{"damage":0,"enemies":"downfall:FleeingMerchant","floor":25,"turns":4},{"damage":0,"enemies":"Shelled Parasite and Fungi","floor":26,"turns":4},{"damage":0,"enemies":"Snecko","floor":27,"turns":4},{"damage":0,"enemies":"Centurion and Healer","floor":29,"turns":6},{"damage":0,"enemies":"Shelled Parasite and Fungi","floor":30,"turns":6},{"damage":0,"enemies":"3 Cultists","floor":31,"turns":6},{"damage":0,"enemies":"Centurion and Healer","floor":32,"turns":6},{"damage":13,"enemies":"SI_MIRROR_ARCHETYPE","floor":33,"turns":13},{"damage":0,"enemies":"3 Shapes","floor":36,"turns":4},{"damage":0,"enemies":"Orb Walker","floor":38,"turns":4},{"damage":33,"enemies":"4 Shapes","floor":40,"turns":7},{"damage":12,"enemies":"Nemesis","floor":42,"turns":9},{"damage":0,"enemies":"downfall:FleeingMerchant","floor":43,"turns":4},{"damage":4,"enemies":"Writhing Mass","floor":45,"turns":7},{"damage":0,"enemies":"Spire Growth","floor":47,"turns":5},{"damage":6,"enemies":"4 Shapes","floor":48,"turns":3},{"damage":6,"enemies":"Transient","floor":49,"turns":5},{"damage":86,"enemies":"DF_ARCHETYPE_ORBS","floor":50,"turns":11}],"seed_played":"9144919848827407895","potions_obtained":[{"floor":0,"key":"Fruit Juice"},{"floor":0,"key":"ColorlessPotion"},{"floor":0,"key":"DuplicationPotion"},{"floor":10,"key":"AttackPotion"},{"floor":12,"key":"LiquidBronze"},{"floor":16,"key":"Guardian:DefensiveModePotion"},{"floor":19,"key":"DuplicationPotion"},{"floor":33,"key":"Guardian:StasisDiscoveryPotion"},{"floor":42,"key":"FairyPotion"}],"is_trial":false,"path_per_floor":["R","M","M","$","M","R","T","E","R","M","E","M","R","M","M","B",null,"R","M","M","$","M","M","T","$","M","M","R","M","M","M","M","B",null,"R","M","?","M","?","M","T","E","$","$","M","R","M","M","M","B"],"character_chosen":"GUARDIAN","items_purchased":["Guardian:SpikerProtocol","Guardian:RollAttack","expansioncontent:StudyTheSpire","Guardian:TimeSifter","Bottled Tornado","Guardian:Gem_Red","Enlightenment+1","Master of Strategy+1","Guardian:Gem_Red"],"campfire_rested":1,"item_purchase_floors":[4,4,21,25,43,43,43,43,44],"current_hp_per_floor":[80,79,73,68,66,66,66,50,50,50,39,23,48,34,31,10,85,85,85,83,83,71,71,71,71,71,71,71,71,71,71,71,68,85,85,85,85,85,85,52,52,42,44,44,42,42,44,40,36,0,0,0],"gold":98,"neow_bonus":"THREE_SMALL_POTIONS","is_daily":false,"chose_seed":false,"campfire_upgraded":6,"win_rate":0.0,"timestamp":1611984023,"path_taken":["R","M","M","?","?","R","T","E","R","M","E","M","R","M","M","BOSS","R","M","?","?","M","M","T","$","M","M","R","M","M","M","M","BOSS","R","M","?","M","?","M","T","E","?","$","M","R","M","M","M","BOSS"],"items_purchased_type":["Card","Card","Card","Card","Relic","Card","Card","Card","Card"],"build_version":"2020-12-22","purchased_purges":0,"victory":false,"max_hp_per_floor":[80,80,80,80,80,80,80,80,80,85,85,85,85,85,85,85,85,85,85,85,85,85,85,85,85,85,85,85,85,85,85,85,85,85,85,85,85,85,85,85,85,85,85,85,85,85,85,85,85,85,85,85],"card_choices":[{"not_picked":["Guardian:TemporalShield","Guardian:CrystalBeam"],"picked":"Guardian:Reroute","floor":2},{"not_picked":["Guardian:ChargeCore","Guardian:Suspension"],"picked":"Guardian:Gem_Green","floor":3},{"not_picked":["Guardian:DonusPower","Guardian:Incinerate"],"picked":"Guardian:Recover","floor":4},{"not_picked":["Guardian:BodySlam","Guardian:RefractedBeam"],"picked":"Guardian:StasisStrike","floor":5},{"not_picked":["Guardian:BodySlam","Guardian:Emergency+1"],"picked":"Guardian:DecasProtection+1","floor":8},{"not_picked":["Guardian:ArmoredProtocol","Guardian:BronzeOrb"],"picked":"Guardian:Gem_Red","floor":10},{"not_picked":["Guardian:PiercingHide+1","Guardian:GuardianWhirl"],"picked":"Guardian:StasisField+1","floor":11},{"not_picked":["Guardian:EvasiveProtocol","Guardian:PrismaticBarrier+1"],"picked":"Guardian:ShieldCharger+1","floor":12},{"not_picked":["Guardian:RollAttack","Guardian:Repulse","Guardian:WalkerClaw"],"picked":"SKIP","floor":14},{"not_picked":["Guardian:PiercingHide+1","Guardian:WalkerClaw"],"picked":"Guardian:Gem_Green","floor":15},{"not_picked":["Guardian:FierceBash","Guardian:HyperBeam_Guardian"],"picked":"Guardian:BaubleBeam","floor":16},{"not_picked":["Guardian:Recover+1","Guardian:Planning+1"],"picked":"Guardian:BodySlam","floor":19},{"not_picked":["Guardian:DonusPower+1","Guardian:Recover+1"],"picked":"Guardian:CrystalBeam","floor":20},{"not_picked":["Guardian:Planning+1","Guardian:PiercingHide+1"],"picked":"Guardian:SphericShield+1","floor":21},{"not_picked":["Guardian:CrystalBeam","Guardian:TimeBomb+1"],"picked":"Guardian:Gem_Lightblue","floor":22},{"not_picked":["Guardian:DonusPower+1","Guardian:Suspension+1","Guardian:VentSteam+1"],"picked":"SKIP","floor":23},{"not_picked":["Guardian:BronzeOrb","Guardian:Repulse"],"picked":"Guardian:Harden+1","floor":25},{"not_picked":["Guardian:BronzeArmor+1","Guardian:ShieldCharger+1"],"picked":"Guardian:FloatingOrbs","floor":26},{"not_picked":["Guardian:DonusPower+1","Guardian:PiercingHide+1"],"picked":"Guardian:VentSteam+1","floor":27},{"not_picked":["Guardian:TemporalShield+1","Guardian:ChargeCore","Guardian:CrystalBeam"],"picked":"SKIP","floor":29},{"not_picked":["Guardian:PrismaticBarrier+1","Guardian:CrystalBeam+1"],"picked":"Guardian:Gem_Red","floor":30},{"not_picked":["Guardian:ArmoredProtocol","Guardian:Gem_Synthetic"],"picked":"Guardian:Gem_Red","floor":31},{"not_picked":["Guardian:Clone+1","Guardian:PiercingHide+1"],"picked":"Guardian:PolyBeam","floor":32},{"not_picked":["Guardian:BaubleBeam","Guardian:RevengeProtocol"],"picked":"Guardian:Gem_Orange","floor":33},{"not_picked":[],"picked":"Guardian:PrimingBeam","floor":36},{"not_picked":[],"picked":"Guardian:WalkerClaw+1","floor":38},{"not_picked":["Guardian:RefractedBeam"],"picked":"SKIP","floor":40},{"not_picked":["Guardian:RollAttack+1"],"picked":"SKIP","floor":42},{"not_picked":[],"picked":"Guardian:TemporalStrike+1","floor":43},{"not_picked":["Guardian:TimeBomb+1"],"picked":"SKIP","floor":45},{"not_picked":[],"picked":"Guardian:Emergency+1","floor":47},{"not_picked":["Guardian:Gem_Green"],"picked":"SKIP","floor":48},{"not_picked":["Guardian:Recover+1"],"picked":"SKIP","floor":49}],"player_experience":17459,"relics_obtained":[{"floor":7,"key":"Toxic Egg 2"},{"floor":8,"key":"Letter Opener"},{"floor":11,"key":"Toy Ornithopter"},{"floor":24,"key":"Bottled Lightning"},{"floor":39,"key":"Blood Vial"},{"floor":42,"key":"Gremlin Horn"}],"event_choices":[{"cards_removed":["expansioncontent:StudyTheSpire"],"damage_healed":0,"gold_gain":0,"player_choice":"Removed Power","damage_taken":0,"max_hp_gain":0,"max_hp_loss":0,"event_name":"Falling","floor":37,"gold_loss":0}],"is_beta":false,"boss_relics":[{"not_picked":["Runic Dome","Philosopher\u0027s Stone"],"picked":"Guardian:ModeShifterPlus"},{"not_picked":["Fusion Hammer","Coffee Dripper"],"picked":"Busted Crown"}],"items_purged_floors":[],"is_endless":false,"potions_floor_spawned":[10,11,12,14,15,16,19,23,27,29,33,42,45,47,49],"killed_by":"DF_ARCHETYPE_ORBS","ascension_level":0}}