{"host":"gfmw02tnhhvp9jba","time":1611992578,"event":{"mods":["AchievementEnabler","BaseMod","Colored Map","Conspire","Downfall","Highlight Path","Minty Spire (QoL Compilation)","Replay The Spire","StSLib"],"gold_per_floor":[119,194,194,208,51,82,98,98,98],"floor_reached":8,"language":"ENG","playtime":397,"items_purged":[],"score":56,"play_id":"8088b6fe-6d4a-4da3-826c-a97ea76a468d","local_time":"20210130084258","is_ascension_mode":false,"campfire_choices":[],"circlet_count":0,"master_deck":["Strike_P","Strike_P","Strike_P","Strike_P","Defend_P","Defend_P","Defend_P","Defend_P","Eruption","Vigilance","Devotion","ThirdEye+1","FollowUp","champ:StanceDance"],"relics":["PureWater","PrismaticShard","conspire:DecoderRing"],"acts_visited":["Exordium"],"potions_floor_usage":[],"damage_taken":[{"damage":5,"enemies":"Small Slimes","floor":1,"turns":4},{"damage":2,"enemies":"2 Louse","floor":4,"turns":2},{"damage":11,"enemies":"Replay:BlueRogue","floor":6,"turns":6},{"damage":0,"enemies":"conspire:RoseBush","floor":7,"turns":3},{"damage":54,"enemies":"3 Sentries","floor":8,"turns":8}],"seed_played":"-4054043780355242134","potions_obtained":[{"floor":6,"key":"Dexterity Potion"}],"is_trial":false,"path_per_floor":["M","?","?","M","$","E","M","E"],"character_chosen":"WATCHER","items_purchased":["PrismaticShard"],"campfire_rested":0,"item_purchase_floors":[5],"current_hp_per_floor":[67,56,56,54,54,43,43,0,0],"gold":98,"neow_bonus":"ONE_RANDOM_RARE_CARD","is_daily":false,"chose_seed":false,"campfire_upgraded":0,"win_rate":0.0,"timestamp":1611992578,"path_taken":["M","?","?","M","$","E","M","E"],"items_purchased_type":["Relic"],"build_version":"2020-12-22","purchased_purges":0,"victory":false,"max_hp_per_floor":[72,72,72,72,72,72,72,72,72],"card_choices":[{"not_picked":["Replay:ManipulateFuture","ForeignInfluence"],"picked":"ThirdEye","floor":1},{"not_picked":["CrushJoints","FlyingSleeves"],"picked":"FollowUp","floor":4},{"not_picked":["hexamod:HauntingEcho","hexamod:SwordOfDarkness"],"picked":"champ:StanceDance","floor":6},{"not_picked":["Madness","sneckomod:UnknownCommonSkill","Bullet Time"],"picked":"SKIP","floor":7}],"player_experience":106668,"relics_obtained":[{"floor":6,"key":"conspire:DecoderRing"}],"event_choices":[{"damage_healed":0,"gold_gain":75,"player_choice":"Gather Gold","damage_taken":11,"max_hp_gain":0,"max_hp_loss":0,"event_name":"World of Goop","floor":2,"gold_loss":0}],"is_beta":false,"boss_relics":[],"items_purged_floors":[],"is_endless":false,"potions_floor_spawned":[6],"killed_by":"3 Sentries","ascension_level":0}}