{"host":"9kesdg97wkrx2bva","time":1611969383,"event":{"mods":["AchievementEnabler","BaseMod","Colored Map","GifTheSpireLib","Infinite Spire","Minty Spire (QoL Compilation)","Replay The Spire","StSLib"],"gold_per_floor":[117,117,131,19,32,67,87,87,155,165,145,145,163,175,175,175,175],"floor_reached":16,"language":"ENG","playtime":319,"items_purged":["Strike_B"],"score":198,"play_id":"ca27733e-3115-4e32-bec2-b34901835d43","local_time":"20210129191623","is_ascension_mode":true,"campfire_choices":[{"data":"Zap","floor":8,"key":"SMITH"},{"data":"Dualcast","floor":12,"key":"SMITH"}],"circlet_count":0,"master_deck":["AscendersBane","Strike_B","Strike_B","Defend_B","Defend_B","Defend_B","Zap+1","Dualcast+1","Ball Lightning","Streamline","Streamline","Gash+1","Streamline","Gash"],"relics":["Cracked Core","Unceasing Top","Boot","Question Card"],"acts_visited":["Exordium"],"potions_floor_usage":[6,7,10,16,16],"damage_taken":[{"damage":4,"enemies":"Jaw Worm","floor":1,"turns":4},{"damage":1,"enemies":"Cultist","floor":3,"turns":3},{"damage":0,"enemies":"2 Louse","floor":5,"turns":2},{"damage":20,"enemies":"3 Sentries","floor":6,"turns":5},{"damage":2,"enemies":"Large Slime","floor":7,"turns":4},{"damage":10,"enemies":"Gremlin Gang","floor":10,"turns":3},{"damage":14,"enemies":"Red Slaver","floor":13,"turns":2},{"damage":8,"enemies":"Blue Slaver","floor":14,"turns":2},{"damage":25,"enemies":"The Guardian","floor":16,"turns":5}],"seed_played":"5217404260923819251","potions_obtained":[{"floor":1,"key":"Reflective Coating"},{"floor":3,"key":"EssenceOfDarkness"},{"floor":6,"key":"FearPotion"},{"floor":7,"key":"Adrenaline Potion"},{"floor":11,"key":"Toxic Potion"},{"floor":13,"key":"Weak Potion"}],"is_trial":false,"path_per_floor":["M","?","M","$","M","E","M","R","T","M","?","R","M","M","R_BF","B"],"character_chosen":"DEFECT","items_purchased":["Streamline"],"campfire_rested":0,"item_purchase_floors":[4],"current_hp_per_floor":[60,60,59,59,59,39,37,37,37,27,27,27,13,5,24,0,0],"gold":175,"neow_bonus":"REMOVE_TWO","is_daily":false,"chose_seed":false,"campfire_upgraded":2,"win_rate":0.0,"timestamp":1611969383,"path_taken":["M","?","M","$","?","E","M","R","T","M","?","R","?","M","R_BF","BOSS"],"items_purchased_type":["Card"],"build_version":"2020-12-22","purchased_purges":1,"victory":false,"max_hp_per_floor":[64,64,64,64,64,64,64,64,64,64,64,64,64,64,64,64,64],"card_choices":[{"not_picked":["ReplaySolidLightProjector","Cold Snap"],"picked":"Beam Cell","floor":1},{"not_picked":["Go for the Eyes","FTL"],"picked":"Ball Lightning","floor":3},{"not_picked":["Fusion","FTL"],"picked":"Gash","floor":5},{"not_picked":["Panic Button","Ball Lightning"],"picked":"Streamline","floor":6},{"not_picked":["Chill","Stack","Hologram"],"picked":"SKIP","floor":7},{"not_picked":["ReplayTheSpireMod:GoodbyeWorld","Sweeping Beam","Coolheaded","Aggregate"],"picked":"SKIP","floor":10},{"not_picked":["Reinforced Body","Beam Cell","Capacitor"],"picked":"Gash","floor":13},{"not_picked":["Redo","Stack","Rebound","Barrage"],"picked":"SKIP","floor":14}],"player_experience":985918,"relics_obtained":[{"floor":6,"key":"Boot"},{"floor":9,"key":"Question Card"}],"event_choices":[{"cards_removed":["Beam Cell"],"damage_healed":0,"gold_gain":0,"player_choice":"Gave Card","damage_taken":0,"relics_obtained":["Unceasing Top"],"max_hp_gain":0,"max_hp_loss":0,"event_name":"WeMeetAgain","floor":2,"gold_loss":0},{"damage_healed":0,"gold_gain":0,"player_choice":"Bought 1 Potion","damage_taken":0,"max_hp_gain":0,"max_hp_loss":0,"event_name":"The Woman in Blue","floor":11,"gold_loss":0}],"is_beta":false,"boss_relics":[],"items_purged_floors":[4],"is_endless":false,"potions_floor_spawned":[1,3,6,7,13],"killed_by":"The Guardian","ascension_level":18}}