{"host":"Sean","time":1611966323,"event":{"mods":["BaseMod","Block Reminder","Colored Map","Colored Powertips","Highlight Path","Minty Spire (QoL Compilation)","Permanent Neow","Relic Stats"],"gold_per_floor":[109,126,138,39,50,50,68,84,111,445,460,460,479,494,494,592,592,615,437,437,456,4,4,39,66,113,113,132,53,96,24,24,131,131,151,171,171,200,200,200,241,262,287,324,324,324,324,383,383,383],"floor_reached":51,"language":"ENG","playtime":4780,"items_purged":["Defend_R","Strike_R","Strike_R"],"score":1089,"play_id":"b45985bd-68e7-456e-b038-adbc7d40505d","local_time":"20210130002523","is_ascension_mode":true,"campfire_choices":[{"data":"Hemokinesis","floor":6.0,"key":"SMITH"},{"data":"Wild Strike","floor":12.0,"key":"SMITH"},{"data":"Immolate","floor":15.0,"key":"SMITH"},{"data":"Armaments","floor":23.0,"key":"SMITH"},{"data":"Corruption","floor":27.0,"key":"SMITH"},{"data":"Demon Form","floor":32.0,"key":"SMITH"},{"data":"Fiend Fire","floor":40.0,"key":"SMITH"},{"data":"Warcry","floor":45,"key":"SMITH"},{"data":"Rupture","floor":47,"key":"SMITH"},{"data":"Pommel Strike","floor":49,"key":"SMITH"}],"circlet_count":0,"master_deck":["Strike_R+1","Strike_R+1","Defend_R","Defend_R","Defend_R","Bash","Wild Strike+1","Hemokinesis+1","Cleave","Shrug It Off","Burning Pact","Intimidate","Shrug It Off","Immolate+1","Feel No Pain","Pommel Strike+1","Second Wind","Corruption+1","CurseOfTheBell","Seeing Red+1","Flame Barrier","Armaments+1","Flex+1","Evolve","Rupture+1","Warcry+1","Rupture+1","Seeing Red","Demon Form+1","Fiend Fire+1","Shrug It Off+1","Headbutt+1","Shrug It Off","Warcry+1","Hemokinesis+1","Warcry+1","Sentinel+1"],"relics":["Burning Blood","Centennial Puzzle","Pen Nib","Old Coin","Calling Bell","CeramicFish","HornCleat","Charon\u0027s Ashes","Eternal Feather","Potion Belt","Whetstone","Happy Flower","Snecko Eye","Orichalcum","Vajra","Torii"],"acts_visited":[],"potions_floor_usage":[44,50,50],"damage_taken":[{"damage":1.0,"enemies":"Cultist","floor":1.0,"turns":3.0},{"damage":4.0,"enemies":"Jaw Worm","floor":2.0,"turns":4.0},{"damage":2.0,"enemies":"Small Slimes","floor":3.0,"turns":2.0},{"damage":9.0,"enemies":"Gremlin Gang","floor":5.0,"turns":4.0},{"damage":2.0,"enemies":"Exordium Wildlife","floor":7.0,"turns":2.0},{"damage":5.0,"enemies":"Looter","floor":8.0,"turns":2.0},{"damage":13.0,"enemies":"Gremlin Nob","floor":10.0,"turns":4.0},{"damage":0.0,"enemies":"2 Fungi Beasts","floor":11.0,"turns":2.0},{"damage":1.0,"enemies":"Blue Slaver","floor":13.0,"turns":2.0},{"damage":19.0,"enemies":"Red Slaver","floor":14.0,"turns":4.0},{"damage":33.0,"enemies":"Slime Boss","floor":16.0,"turns":10.0},{"damage":17.0,"enemies":"2 Thieves","floor":18.0,"turns":2.0},{"damage":0.0,"enemies":"Chosen","floor":21.0,"turns":4.0},{"damage":13.0,"enemies":"Slavers","floor":24.0,"turns":3.0},{"damage":6.0,"enemies":"Snake Plant","floor":25.0,"turns":4.0},{"damage":0.0,"enemies":"Centurion and Healer","floor":28.0,"turns":2.0},{"damage":32.0,"enemies":"Gremlin Leader","floor":30.0,"turns":8.0},{"damage":45.0,"enemies":"Collector","floor":33.0,"turns":10.0},{"damage":5.0,"enemies":"3 Darklings","floor":35.0,"turns":3.0},{"damage":0.0,"enemies":"Orb Walker","floor":36.0,"turns":3.0},{"damage":4.0,"enemies":"4 Shapes","floor":38.0,"turns":4.0},{"damage":37.0,"enemies":"Nemesis","floor":41.0,"turns":7.0},{"damage":8.0,"enemies":"Transient","floor":42.0,"turns":5.0},{"damage":36,"enemies":"Reptomancer","floor":44,"turns":5},{"damage":7,"enemies":"Mind Bloom Boss Battle","floor":48,"turns":5},{"damage":53,"enemies":"Time Eater","floor":50,"turns":5}],"seed_played":"-4297811404121509614","potions_obtained":[{"floor":5.0,"key":"EssenceOfSteel"},{"floor":7.0,"key":"HeartOfIron"},{"floor":8.0,"key":"Block Potion"},{"floor":11.0,"key":"PowerPotion"},{"floor":14.0,"key":"AttackPotion"},{"floor":24.0,"key":"FearPotion"},{"floor":25.0,"key":"Explosive Potion"},{"floor":30.0,"key":"AttackPotion"},{"floor":36.0,"key":"LiquidMemories"},{"floor":41.0,"key":"Energy Potion"},{"floor":48,"key":"Swift Potion"}],"is_trial":false,"path_per_floor":["M","M","M","$","M","R","M","M","T","E","M","R","M","M","R","B",null,"M","$","?","M","$","R","E","M","T","R","M","$","E","$","R","B",null,"M","M","?","M","?","R","E","M","T","E","R","?","R","?","R","B",null],"character_chosen":"IRONCLAD","items_purchased":["Shrug It Off","Flame Barrier","Armaments","Eternal Feather","Evolve","Block Potion","Seeing Red","BlessingOfTheForge","EssenceOfSteel"],"campfire_rested":0,"item_purchase_floors":[4,19,19,22,22,22,29,29,31],"current_hp_per_floor":[77,79,80,80,77,77,80,80,80,73,79,79,80,67,67,40,70,59,59,44,50,50,65,58,58,58,73,79,79,53,53,71,32,72,73,79,79,81,81,85,54,52,52,22,43,43,64,63,81,34],"gold":383,"neow_bonus":"RANDOM_COMMON_RELIC","is_daily":false,"chose_seed":false,"campfire_upgraded":10,"win_rate":0.0,"timestamp":1611966323,"path_taken":["M","M","M","$","M","R","?","M","T","E","M","R","M","M","R","BOSS","M","?","?","M","$","R","E","M","T","R","M","$","E","?","R","BOSS","M","M","?","?","?","R","E","M","T","E","R","?","R","?","R","BOSS"],"items_purchased_type":["Card","Card","Card","Relic","Card","Potion","Card","Potion","Potion"],"build_version":"2020-12-18","purchased_purges":3,"victory":true,"max_hp_per_floor":[80,80,80,80,80,80,80,80,80,80,80,80,80,80,80,80,80,80,80,85,85,85,85,85,85,85,85,85,85,85,85,85,85,85,85,85,85,85,85,85,85,85,85,85,85,81,81,81,81,81],"relic_stats":{"Happy Flower":[5],"Torii":6,"counters":[3,15],"CeramicFish":18,"Eternal Feather":60,"Pen Nib":[2],"Charon\u0027s Ashes":[135],"Whetstone":[],"Orichalcum":[6],"Burning Blood":18,"Centennial Puzzle":[9],"Snecko Eye":[32,38,41,26],"obtain_stats":[{"Potion Belt":0,"Happy Flower":0,"Torii":48,"CeramicFish":0,"Vajra":44,"Eternal Feather":0,"Pen Nib":0,"Charon\u0027s Ashes":0,"Whetstone":0,"Orichalcum":0,"Burning Blood":0,"Old Coin":0,"Calling Bell":0,"Centennial Puzzle":0,"HornCleat":0,"Snecko Eye":0},{"Potion Belt":0,"Happy Flower":0,"Torii":2,"CeramicFish":0,"Vajra":1,"Eternal Feather":0,"Pen Nib":0,"Charon\u0027s Ashes":0,"Whetstone":0,"Orichalcum":0,"Burning Blood":0,"Old Coin":0,"Calling Bell":0,"Centennial Puzzle":0,"HornCleat":0,"Snecko Eye":0},{"Potion Belt":0,"Happy Flower":0,"Torii":10,"CeramicFish":0,"Vajra":5,"Eternal Feather":0,"Pen Nib":0,"Charon\u0027s Ashes":0,"Whetstone":0,"Orichalcum":0,"Burning Blood":0,"Old Coin":0,"Calling Bell":0,"Centennial Puzzle":0,"HornCleat":0,"Snecko Eye":0}]},"card_choices":[{"not_picked":["True Grit","Shrug It Off"],"picked":"Wild Strike","floor":1.0},{"not_picked":["Reckless Charge","Reaper"],"picked":"Hemokinesis","floor":2.0},{"not_picked":["Thunderclap","Havoc"],"picked":"Cleave","floor":3.0},{"not_picked":["Perfected Strike","Thunderclap"],"picked":"Burning Pact","floor":5.0},{"not_picked":["Clash","Cleave"],"picked":"Intimidate","floor":7.0},{"not_picked":["Seeing Red","Perfected Strike"],"picked":"Shrug It Off","floor":8.0},{"not_picked":["Dropkick","Havoc"],"picked":"Immolate","floor":10.0},{"not_picked":["Anger","Burning Pact"],"picked":"Feel No Pain","floor":11.0},{"not_picked":["Havoc","Wild Strike"],"picked":"Pommel Strike","floor":13.0},{"not_picked":["Cleave","Clothesline"],"picked":"Second Wind","floor":14.0},{"not_picked":["Juggernaut","Brutality"],"picked":"Corruption","floor":16.0},{"not_picked":["Armaments+1","Power Through"],"picked":"Seeing Red+1","floor":18.0},{"not_picked":["Armaments","Wild Strike"],"picked":"Flex+1","floor":21.0},{"not_picked":["Iron Wave+1","Rampage+1"],"picked":"Rupture","floor":24.0},{"not_picked":["Anger","Searing Blow+1"],"picked":"Warcry","floor":25.0},{"not_picked":["Headbutt","Disarm"],"picked":"Rupture+1","floor":28.0},{"not_picked":["Searing Blow","Uppercut"],"picked":"Demon Form","floor":30.0},{"not_picked":["Impervious","Corruption"],"picked":"Fiend Fire","floor":33.0},{"not_picked":["Wild Strike","Perfected Strike+1"],"picked":"Shrug It Off+1","floor":35.0},{"not_picked":["Wild Strike+1","Combust"],"picked":"Headbutt+1","floor":36.0},{"not_picked":["Evolve+1","Wild Strike"],"picked":"Shrug It Off","floor":38.0},{"not_picked":["Brutality","Heavy Blade+1"],"picked":"Warcry+1","floor":41.0},{"not_picked":["Rupture","Twin Strike+1"],"picked":"Hemokinesis+1","floor":42.0},{"not_picked":["Offering","Battle Trance"],"picked":"Warcry+1","floor":44},{"not_picked":["Inflame+1","Blood for Blood"],"picked":"Sentinel+1","floor":48}],"player_experience":498692,"relics_obtained":[{"floor":9.0,"key":"Pen Nib"},{"floor":10.0,"key":"Old Coin"},{"floor":17.0,"key":"CeramicFish"},{"floor":17.0,"key":"HornCleat"},{"floor":17.0,"key":"Charon\u0027s Ashes"},{"floor":24.0,"key":"Potion Belt"},{"floor":26.0,"key":"Whetstone"},{"floor":30.0,"key":"Happy Flower"},{"floor":41.0,"key":"Orichalcum"},{"floor":44,"key":"Vajra"},{"floor":48,"key":"Torii"}],"event_choices":[{"damage_healed":0.0,"max_hp_gain":5.0,"max_hp_loss":0.0,"gold_gain":0.0,"event_name":"Forgotten Altar","player_choice":"Shed Blood","floor":20.0,"gold_loss":0.0,"damage_taken":20.0},{"cards_removed":["Strike_R"],"damage_healed":0.0,"max_hp_gain":0.0,"max_hp_loss":0.0,"gold_gain":0.0,"event_name":"Purifier","player_choice":"Purged","floor":37.0,"gold_loss":0.0,"damage_taken":0.0},{"damage_healed":0.0,"max_hp_gain":0.0,"max_hp_loss":0.0,"gold_gain":0.0,"event_name":"Tomb of Lord Red Mask","player_choice":"Ignored","floor":39.0,"gold_loss":0.0,"damage_taken":0.0},{"damage_healed":0,"gold_gain":0,"player_choice":"Max HP","damage_taken":0,"max_hp_gain":0,"max_hp_loss":4,"event_name":"Winding Halls","floor":46,"gold_loss":0},{"damage_healed":0,"gold_gain":0,"player_choice":"Fight","damage_taken":0,"max_hp_gain":0,"max_hp_loss":0,"event_name":"MindBloom","floor":48,"gold_loss":0}],"is_beta":true,"boss_relics":[{"not_picked":["Black Blood","Runic Pyramid"],"picked":"Calling Bell"},{"not_picked":["Pandora\u0027s Box","Mark of Pain"],"picked":"Snecko Eye"}],"items_purged_floors":[4,19,22],"is_endless":false,"potions_floor_spawned":[5,7,8,11,14,16,24,25,30,36,41,48],"ascension_level":9}}