{"host":"dprcptr190br6xbd","time":1611982274,"event":{"mods":["AchievementEnabler","BaseMod","Colored Map","Colored Powertips","Googly Eyes","Hubris","Minty Spire (QoL Compilation)","Permanent Neow","Quick Restart","Remilia??????","Replay The Spire","StSLib"],"gold_per_floor":[99,99,99,99,99,99,99,99,99,99,99,99,99,99,99,99,99],"floor_reached":19,"language":"ENG","playtime":96,"items_purged":[],"score":513,"play_id":"0f5e8725-3bed-431f-af42-15767f2f8b3f","local_time":"20210129225114","is_ascension_mode":true,"campfire_choices":[{"floor":9,"key":"REST"},{"floor":17,"key":"REST"}],"circlet_count":0,"master_deck":["Strike_R","Strike_R","Strike_R","Strike_R","Strike_R","Defend_R","Defend_R","Defend_R","Defend_R","Bash","Offering","Forethought"],"relics":["SlaversCollar"],"acts_visited":["Exordium","TheBeyond"],"potions_floor_usage":[],"damage_taken":[{"damage":0,"enemies":"3 Darklings","floor":3,"turns":1},{"damage":0,"enemies":"3 Shapes","floor":4,"turns":1},{"damage":0,"enemies":"Maw","floor":5,"turns":1},{"damage":0,"enemies":"3 Darklings","floor":6,"turns":1},{"damage":0,"enemies":"Writhing Mass","floor":7,"turns":1},{"damage":0,"enemies":"Giant Head","floor":8,"turns":1},{"damage":0,"enemies":"Reptomancer","floor":10,"turns":1},{"damage":0,"enemies":"Sphere and 2 Shapes","floor":12,"turns":1},{"damage":0,"enemies":"Spire Growth","floor":14,"turns":1},{"damage":0,"enemies":"Writhing Mass","floor":15,"turns":1},{"damage":0,"enemies":"hubris:GrandSnecko","floor":18,"turns":1}],"seed_played":"-2949113859452969905","potions_obtained":[],"is_trial":false,"path_per_floor":["M","M","M","M","M","E","R","E","T","M","?","M","M","$","R","B",null],"character_chosen":"IRONCLAD","items_purchased":[],"campfire_rested":2,"item_purchase_floors":[],"current_hp_per_floor":[80,80,80,80,80,80,80,80,80,80,80,80,80,80,80,80,80],"gold":99,"neow_bonus":"BOSS_RELIC","is_daily":false,"chose_seed":false,"campfire_upgraded":0,"win_rate":0.0,"timestamp":1611982274,"path_taken":["M","M","M","M","M","E","R","E","T","M","?","?","M","$","R","BOSS"],"items_purchased_type":[],"build_version":"2020-12-22","purchased_purges":0,"victory":true,"max_hp_per_floor":[80,80,80,80,80,80,80,80,80,80,80,80,80,80,80,80,80],"card_choices":[{"not_picked":["Body Slam+1","Sword Boomerang+1","Cleave+1"],"picked":"SKIP","floor":3},{"not_picked":["Uppercut","Iron Wave","ReplayTheSpireMod:Muscle Training+1"],"picked":"SKIP","floor":4},{"not_picked":["Sword Boomerang","Dark Embrace+1","Combust"],"picked":"SKIP","floor":5},{"not_picked":["hubris:SharpeningStone","ReplayReversal","Iron Wave+1"],"picked":"SKIP","floor":6},{"not_picked":["Iron Wave","Flex","Wild Strike"],"picked":"SKIP","floor":7},{"not_picked":["Uppercut","Headbutt","Juggernaut"],"picked":"SKIP","floor":8},{"not_picked":["Dropkick+1","Intimidate","Clothesline"],"picked":"SKIP","floor":10},{"not_picked":["Iron Wave","True Grit","Clash"],"picked":"SKIP","floor":12},{"not_picked":["Uppercut+1","Evolve","hubris:SharpeningStone+1"],"picked":"SKIP","floor":14},{"not_picked":["Reckless Charge+1","Iron Wave+1","hubris:ReadiedAction+1"],"picked":"SKIP","floor":15}],"player_experience":79051,"relics_obtained":[],"event_choices":[{"damage_healed":0,"gold_gain":0,"player_choice":"2 cards matched","damage_taken":0,"max_hp_gain":0,"max_hp_loss":0,"event_name":"Match and Keep!","floor":13,"gold_loss":0,"cards_obtained":["Offering","Forethought"]}],"is_beta":false,"boss_relics":[],"items_purged_floors":[],"is_endless":false,"potions_floor_spawned":[4,6,7,10,12],"ascension_level":1}}