{"host":"lzlnscgb2n0l5w2m","time":1611983022,"event":{"mods":["AchievementEnabler","BaseMod","Block Reminder","Colored Powertips","Highlight Path","Minty Spire (QoL Compilation)","Permanent Neow","Relic Stats","StSLib","Yuri Mod"],"gold_per_floor":[15,15,33,48,48,86,86,100,100,100,100,113,0,21,21,151,151,174,75,75,90,5,20,20,20,20,20,46,57,86,99,99,203,203,219,230,130,130,130,130,159,159,186,215,235,255,130,146,146,146,146,146,18,47,47],"floor_reached":56,"language":"ZHS","playtime":5980,"items_purged":["yuri:yuriStrike","yuri:yuriDefend","yuri:yuriStrike"],"score":1272,"play_id":"96153e3d-b9cc-46ec-82bb-f096cccb5a8b","local_time":"20210130130342","is_ascension_mode":false,"campfire_choices":[{"data":"yuri:Oolong","floor":7.0,"key":"SMITH"},{"floor":11.0,"key":"REST"},{"data":"yuri:DistillInsanity","floor":15.0,"key":"SMITH"},{"data":"yuri:BrokenCode","floor":24.0,"key":"SMITH"},{"data":"yuri:GhostForm","floor":27.0,"key":"SMITH"},{"floor":32.0,"key":"REST"},{"data":"yuri:ConsumeGlitch","floor":40,"key":"SMITH"},{"floor":42,"key":"RECALL"},{"data":"yuri:CorruptHitbox","floor":49,"key":"SMITH"},{"data":"yuri:BlackTea","floor":52,"key":"SMITH"}],"circlet_count":0,"master_deck":["yuri:yuriStrike+1","yuri:yuriStrike+1","yuri:yuriStrike","yuri:yuriDefend","yuri:yuriDefend","yuri:yuriDefend","yuri:Oolong+1","yuri:yuriStab","yuri:GreenTea","yuri:CorruptHitbox+1","yuri:DebugCard","yuri:InduceGlitch","yuri:GrowingInsanity","yuri:BookPurple","yuri:DistillInsanity+1","yuri:GhostForm+1","yuri:BrokenCode+1","yuri:DebugCard","yuri:ReactiveMadness","yuri:RecklessStrike+1","yuri:Parry+1","yuri:RecklessStrike+1","yuri:yuriQuickStrike+1","yuri:NoEscape+1","yuri:BookPurple+1","yuri:yuriHeavyStrike+1","yuri:ConsumeGlitch+1","yuri:yuriQuickStrike+1","yuri:BlackTea+1","yuri:InduceGlitch","yuri:DeepBreathing+1","yuri:BlackTea","Mind Blast+1","Finesse","yuri:yuriQuickStrike+1","yuri:yuriQuickStrike+1","yuri:yuriQuickStrike+1","yuri:DuplicateCode"],"relics":["yuri:yuriKnife","Prayer Wheel","Bloody Idol","Molten Egg 2","Bottled Lightning","Darkstone Periapt","yuri:BookOfBooks","Bag of Marbles","Vajra","Orichalcum","Busted Crown","Centennial Puzzle","Whetstone","Gremlin Horn"],"acts_visited":["Exordium","TheCity","TheBeyond","TheEnding"],"potions_floor_usage":[41,44,50,55,55,55],"damage_taken":[{"damage":13.0,"enemies":"Jaw Worm","floor":1.0,"turns":4.0},{"damage":1.0,"enemies":"Small Slimes","floor":3.0,"turns":3.0},{"damage":1.0,"enemies":"Cultist","floor":4.0,"turns":3.0},{"damage":57.0,"enemies":"Gremlin Nob","floor":6.0,"turns":6.0},{"damage":5.0,"enemies":"2 Fungi Beasts","floor":8.0,"turns":5.0},{"damage":6.0,"enemies":"Blue Slaver","floor":12.0,"turns":4.0},{"damage":2.0,"enemies":"3 Louse","floor":14.0,"turns":3.0},{"damage":25.0,"enemies":"Hexaghost","floor":16.0,"turns":7.0},{"damage":18.0,"enemies":"Shell Parasite","floor":18.0,"turns":6.0},{"damage":12.0,"enemies":"Chosen","floor":21.0,"turns":4.0},{"damage":25.0,"enemies":"Snake Plant","floor":23.0,"turns":3.0},{"damage":14.0,"enemies":"Book of Stabbing","floor":28.0,"turns":5.0},{"damage":8.0,"enemies":"Shelled Parasite and Fungi","floor":29.0,"turns":3.0},{"damage":38.0,"enemies":"Slavers","floor":30.0,"turns":5.0},{"damage":21.0,"enemies":"3 Cultists","floor":31.0,"turns":6.0},{"damage":31.0,"enemies":"Champ","floor":33.0,"turns":9.0},{"damage":7,"enemies":"3 Darklings","floor":35,"turns":5},{"damage":6,"enemies":"3 Shapes","floor":36,"turns":4},{"damage":25,"enemies":"Giant Head","floor":41,"turns":6},{"damage":43,"enemies":"Nemesis","floor":44,"turns":5},{"damage":16,"enemies":"Maw","floor":45,"turns":6},{"damage":10,"enemies":"3 Darklings","floor":46,"turns":4},{"damage":2,"enemies":"Spire Growth","floor":48,"turns":2},{"damage":58,"enemies":"Donu and Deca","floor":50,"turns":9},{"damage":33,"enemies":"Shield and Spear","floor":54,"turns":5},{"damage":79,"enemies":"The Heart","floor":55,"turns":10}],"seed_played":"-3569180566218333260","potions_obtained":[{"floor":3.0,"key":"Energy Potion"},{"floor":8.0,"key":"Block Potion"},{"floor":12.0,"key":"EntropicBrew"},{"floor":16.0,"key":"BlessingOfTheForge"},{"floor":23.0,"key":"Swift Potion"},{"floor":28.0,"key":"Fire Potion"},{"floor":41,"key":"Fruit Juice"},{"floor":44,"key":"DistilledChaos"},{"floor":48,"key":"SmokeBomb"}],"is_trial":false,"path_per_floor":["M","?","M","M","?","E","R","M","T","?","R","M","$","M","R","B",null,"M","$","?","M","?","M","R","?","T","R","E","M","E","M","R","B",null,"M","M","$","?","?","R","E","R","T","E","M","M","$","M","R","B",null,"R","$","E","B",null],"character_chosen":"YURI","items_purchased":["yuri:Parry+1","yuri:ArmBrace","yuri:yuriHeavyStrike+1","LiquidMemories","SkillPotion"],"campfire_rested":2,"item_purchase_floors":[13,13,19,53,53],"current_hp_per_floor":[71,51,60,69,69,22,22,30,30,30,54,55,55,53,53,41,78,66,66,66,66,66,59,59,59,59,59,62,69,43,45,73,60,92,96,103,103,93,93,93,95,95,100,76,81,88,88,98,98,59,130,130,130,116,50],"gold":47,"neow_bonus":"ONE_RARE_RELIC","is_daily":false,"chose_seed":false,"campfire_upgraded":7,"win_rate":0.0,"timestamp":1611983022,"path_taken":["M","?","M","M","?","E","R","?","T","?","R","M","$","M","R","BOSS","M","$","?","M","?","M","R","?","T","R","E","M","E","M","R","BOSS","M","M","$","?","?","R","E","R","T","E","M","M","$","M","R","BOSS","R","$","E","BOSS"],"items_purchased_type":["Card","Card","Card","Potion","Potion"],"build_version":"2020-12-22","purchased_purges":3,"victory":true,"max_hp_per_floor":[80,80,80,80,80,80,80,80,80,80,80,80,80,80,80,78,78,78,78,78,78,78,78,78,78,78,78,81,84,89,94,94,92,92,98,103,103,103,103,103,113,113,113,120,121,126,126,126,126,130,130,130,130,135,133],"relic_stats":{"Darkstone Periapt":0,"Centennial Puzzle":[21],"Busted Crown":32,"Gremlin Horn":[0,0],"counters":[26,132],"Bloody Idol":77,"Prayer Wheel":16,"Whetstone":["yuri:yuriStrike","yuri:yuriStrike"],"Orichalcum":[156],"obtain_stats":[{"Darkstone Periapt":10,"yuri:BookOfBooks":17,"Gremlin Horn":54,"Golden Idol":2,"yuri:yuriKnife":0,"Vajra":28,"Whetstone":44,"Orichalcum":30,"Centennial Puzzle":43,"Busted Crown":34,"Bloody Idol":20,"Prayer Wheel":0,"Molten Egg 2":6,"Bag of Marbles":22,"Bottled Lightning":9},{"Darkstone Periapt":5,"yuri:BookOfBooks":8,"Gremlin Horn":25,"Golden Idol":1,"yuri:yuriKnife":0,"Vajra":12,"Whetstone":20,"Orichalcum":14,"Centennial Puzzle":19,"Busted Crown":16,"Bloody Idol":9,"Prayer Wheel":0,"Molten Egg 2":4,"Bag of Marbles":10,"Bottled Lightning":5},{"Darkstone Periapt":21,"yuri:BookOfBooks":35,"Gremlin Horn":122,"Golden Idol":4,"yuri:yuriKnife":0,"Vajra":53,"Whetstone":96,"Orichalcum":61,"Centennial Puzzle":91,"Busted Crown":76,"Bloody Idol":41,"Prayer Wheel":0,"Molten Egg 2":16,"Bag of Marbles":45,"Bottled Lightning":21}]},"card_choices":[{"not_picked":["yuri:UntestedCode","yuri:MPose"],"picked":"yuri:GreenTea","floor":1.0},{"not_picked":["yuri:RecklessStrike","yuri:yuriHeavyStrike"],"picked":"yuri:CorruptHitbox","floor":1.0},{"not_picked":["yuri:DejaVu","yuri:Stare"],"picked":"yuri:DebugCard","floor":3.0},{"not_picked":["yuri:CalmingAura","yuri:Stare"],"picked":"yuri:InduceGlitch","floor":3.0},{"not_picked":["yuri:yuriHeavyStrike","yuri:Spin"],"picked":"yuri:GrowingInsanity","floor":4.0},{"not_picked":["yuri:BookRed","yuri:ReloadGame"],"picked":"yuri:BookPurple","floor":4.0},{"not_picked":["yuri:GlitchedStrike+1","yuri:Stalk"],"picked":"yuri:GhostForm","floor":6.0},{"not_picked":["yuri:TeaSet","yuri:CalmingAura"],"picked":"yuri:BrokenCode","floor":8.0},{"not_picked":["yuri:Stare","yuri:CalmingAura"],"picked":"yuri:DebugCard","floor":8.0},{"not_picked":["yuri:ThrowBook+1","yuri:CalmingAura"],"picked":"yuri:ReactiveMadness","floor":12.0},{"not_picked":["yuri:BookGreen","yuri:BookBlue"],"picked":"yuri:RecklessStrike+1","floor":12.0},{"not_picked":["yuri:ChibiInvasion+1","yuri:ThrowingKnives+1"],"picked":"yuri:RecklessStrike+1","floor":14.0},{"not_picked":["yuri:Stare","yuri:DebugCard"],"picked":"yuri:yuriQuickStrike+1","floor":14.0},{"not_picked":["yuri:RelentlessStrikes","yuri:MagneticKnives"],"picked":"yuri:NoEscape+1","floor":16.0},{"not_picked":["yuri:BookRed+1","yuri:BookGreen+1","yuri:BookBlue+1"],"picked":"yuri:BookPurple+1","floor":17.0},{"not_picked":["yuri:CorruptHitbox","yuri:UntestedCode","yuri:DejaVu"],"picked":"SKIP","floor":18.0},{"not_picked":["yuri:DejaVu","yuri:Stare","yuri:TPose+1"],"picked":"SKIP","floor":18.0},{"not_picked":["yuri:Stalk","yuri:ThrowingKnives+1"],"picked":"yuri:ConsumeGlitch","floor":21.0},{"not_picked":["yuri:DebugCard+1","yuri:RepairCode+1"],"picked":"yuri:yuriQuickStrike+1","floor":21.0},{"not_picked":["yuri:InsanityDefense","yuri:MPose","yuri:WickedSlash+1"],"picked":"SKIP","floor":23.0},{"not_picked":["yuri:SeeingDouble","yuri:BookRed","yuri:ThrowingKnives+1"],"picked":"SKIP","floor":23.0},{"not_picked":["yuri:Stare","yuri:WickedSlash+1"],"picked":"yuri:InduceGlitch","floor":28.0},{"not_picked":["yuri:WickedSlash+1","yuri:BookRed"],"picked":"yuri:DeepBreathing+1","floor":29.0},{"not_picked":["yuri:HeavierStrike+1","yuri:SturdyUniform","yuri:TPose"],"picked":"SKIP","floor":29.0},{"not_picked":["yuri:CalmingAura+1","yuri:Stare+1","yuri:Spin+1"],"picked":"SKIP","floor":30.0},{"not_picked":["yuri:Stalk+1","yuri:DebugCard","yuri:ThrowBook+1"],"picked":"SKIP","floor":31.0},{"not_picked":["yuri:ReloadGame","yuri:JumpScare","yuri:CalmingAura"],"picked":"SKIP","floor":31.0},{"not_picked":["yuri:ExploitStrike+1","yuri:MirrorInsanity"],"picked":"yuri:BlackTea","floor":33.0},{"not_picked":["yuri:SelfHarm"],"picked":"SKIP","floor":35},{"not_picked":["yuri:RepairCode"],"picked":"SKIP","floor":35},{"not_picked":["yuri:BrokenCode"],"picked":"SKIP","floor":36},{"not_picked":["yuri:SturdyUniform"],"picked":"SKIP","floor":36},{"not_picked":[],"picked":"Mind Blast+1","floor":38},{"not_picked":[],"picked":"Finesse","floor":38},{"not_picked":["yuri:BookGreen"],"picked":"SKIP","floor":41},{"not_picked":["yuri:HeavierStrike+1"],"picked":"SKIP","floor":44},{"not_picked":[],"picked":"yuri:yuriQuickStrike+1","floor":45},{"not_picked":["yuri:SelfHarm+1"],"picked":"SKIP","floor":45},{"not_picked":[],"picked":"yuri:yuriQuickStrike+1","floor":46},{"not_picked":["yuri:Skip"],"picked":"SKIP","floor":46},{"not_picked":[],"picked":"yuri:yuriQuickStrike+1","floor":48},{"not_picked":["yuri:DebugCard+1"],"picked":"SKIP","floor":48},{"not_picked":[],"picked":"yuri:DuplicateCode","floor":54}],"player_experience":293037,"relics_obtained":[{"floor":6.0,"key":"Molten Egg 2"},{"floor":9.0,"key":"Bottled Lightning"},{"floor":28.0,"key":"Vajra"},{"floor":30.0,"key":"Orichalcum"},{"floor":43,"key":"Centennial Puzzle"},{"floor":44,"key":"Whetstone"},{"floor":54,"key":"Gremlin Horn"}],"event_choices":[{"damage_healed":0.0,"max_hp_gain":0.0,"max_hp_loss":0.0,"gold_gain":0.0,"event_name":"Golden Idol","player_choice":"Take Damage","floor":2.0,"gold_loss":0.0,"damage_taken":20.0,"relics_obtained":["Golden Idol"]},{"damage_healed":0.0,"max_hp_gain":0.0,"max_hp_loss":0.0,"gold_gain":0.0,"cards_transformed":["yuri:yuriDefend"],"event_name":"Transmorgrifier","player_choice":"Transformed","floor":5.0,"gold_loss":0.0,"damage_taken":0.0,"cards_obtained":["yuri:DistillInsanity"]},{"damage_healed":0.0,"max_hp_gain":0.0,"max_hp_loss":0.0,"gold_gain":0.0,"event_name":"Dead Adventurer","player_choice":"Searched \u00272\u0027 times","floor":10.0,"gold_loss":0.0,"damage_taken":0.0,"relics_obtained":["Darkstone Periapt"]},{"damage_healed":0.0,"max_hp_gain":0.0,"max_hp_loss":0.0,"gold_gain":0.0,"event_name":"Forgotten Altar","player_choice":"Gave Idol","floor":20.0,"relics_lost":["Golden Idol"],"gold_loss":0.0,"damage_taken":0.0,"relics_obtained":["Bloody Idol"]},{"damage_healed":0.0,"max_hp_gain":0.0,"max_hp_loss":0.0,"gold_gain":0.0,"event_name":"Addict","player_choice":"Obtained Relic","floor":22.0,"gold_loss":85.0,"damage_taken":0.0,"relics_obtained":["Bag of Marbles"]},{"damage_healed":0.0,"max_hp_gain":0.0,"max_hp_loss":0.0,"gold_gain":0.0,"event_name":"The Library","player_choice":"Read","floor":25.0,"gold_loss":0.0,"damage_taken":0.0,"cards_obtained":["yuri:BlackTea"]},{"damage_healed":0,"gold_gain":0,"player_choice":"Memory 3","damage_taken":10,"max_hp_gain":0,"max_hp_loss":0,"event_name":"SensoryStone","floor":38,"gold_loss":0},{"cards_removed":["yuri:ArmBrace"],"damage_healed":0,"gold_gain":0,"player_choice":"Removed Skill","damage_taken":0,"max_hp_gain":0,"max_hp_loss":0,"event_name":"Falling","floor":39,"gold_loss":0}],"is_beta":false,"boss_relics":[{"not_picked":["Empty Cage","Coffee Dripper"],"picked":"yuri:BookOfBooks"},{"not_picked":["Cursed Key","Runic Pyramid"],"picked":"Busted Crown"}],"items_purged_floors":[19,37,47],"is_endless":false,"potions_floor_spawned":[3,8,12,16,23,28,29,30,31,41,44,48,54],"ascension_level":0}}