{"host":"hfxahm4y1ssattqc","time":1611982163,"event":{"mods":["2.2 Compatiblity","Act Like it!","Aspiration","BaseMod","Beaked The Cultist","Better Third Choice","BetterRewards","Colored Map","Colored Powertips","Custom Start","Googly Eyes","Halation","Hallownest","Hermit","Highlight Path","Hubris","Mimic Mod","Minty Spire (QoL Compilation)","Reorder Act Four","Replay The Spire","Shop Mod","Spikes Relics","StSLib","The Bug Knight","The IronCluck","The Jungle","Unknown Chances","slay the spire mod where everything is the same but ironclad has a cowboy hat"],"gold_per_floor":[110,110,110,125,141,141,141],"floor_reached":6,"language":"ENG","playtime":482,"items_purged":[],"score":36,"play_id":"4fe274cf-50d8-4662-9ac8-d5543bb893c2","local_time":"20210129204923","is_ascension_mode":false,"campfire_choices":[],"circlet_count":0,"master_deck":["Strike_R","Strike_R","Strike_R","Strike_R","Strike_R","Defend_R","Defend_R","Defend_R","Defend_R","Bash","Doubt","Armaments","Clash"],"relics":["Burning Blood","ReplayTheSpireMod:CursedCoin","Garlic","MerchantsRug","Regal Pillow","Singing Bowl","hubris:Spice","Orichalcum","halation:PrussianBluePaint","BlackRope"],"acts_visited":["Exordium"],"potions_floor_usage":[6],"damage_taken":[{"damage":1,"enemies":"Small Slimes","floor":1,"turns":5},{"damage":0,"enemies":"Cultist","floor":4,"turns":4},{"damage":0,"enemies":"2 Louse","floor":5,"turns":4},{"damage":28,"enemies":"Gremlin Nob","floor":6,"turns":4}],"seed_played":"7499175447569458879","potions_obtained":[{"floor":4,"key":"Explosive Potion"}],"is_trial":false,"path_per_floor":["M","?","$","M","M","E"],"character_chosen":"IRONCLAD","items_purchased":["ReplayTheSpireMod:CursedCoin","Armaments","Garlic","MerchantsRug","Clash","Singing Bowl","hubris:Spice","Orichalcum","halation:PrussianBluePaint","BlackRope"],"campfire_rested":0,"item_purchase_floors":[0,0,0,0,0,3,3,3,3,3],"current_hp_per_floor":[80,80,12,20,28,0,0],"gold":141,"neow_bonus":"","is_daily":false,"chose_seed":false,"campfire_upgraded":0,"win_rate":0.0,"timestamp":1611982163,"path_taken":["M","?","?","M","M","E"],"items_purchased_type":["Relic","Card","Relic","Relic","Card","Relic","Relic","Relic","Relic","Relic"],"build_version":"2020-12-22","purchased_purges":0,"victory":false,"max_hp_per_floor":[80,80,88,90,92,92,92],"card_choices":[{"not_picked":["Battle Trance","True Grit","ReplayTheSpireMod:LeadingStrike"],"picked":"SKIP","floor":1},{"not_picked":["Sword Boomerang","Replay:Undeath\u0027s Touch","Perfected Strike"],"picked":"Singing Bowl","floor":4},{"not_picked":["Hemokinesis","Perfected Strike","Run Through"],"picked":"Singing Bowl","floor":5}],"player_experience":944519,"relics_obtained":[{"floor":2,"key":"Regal Pillow"}],"event_choices":[{"damage_healed":0,"gold_gain":0,"player_choice":"Relic","damage_taken":0,"max_hp_gain":0,"max_hp_loss":0,"event_name":"Wheel of Change","floor":2,"gold_loss":0}],"is_beta":false,"boss_relics":[],"items_purged_floors":[],"is_endless":false,"potions_floor_spawned":[4],"killed_by":"Gremlin Nob","ascension_level":0}}