{"host":"cxvb37eaaiijvrl4","time":1611974406,"event":{"mods":["ATMod(阿瑾Mod)","BaseMod","Better Third Choice","Minty Spire (QoL Compilation)","MostiFishMod","Quick Restart","Rare Cards Sparkle","Shop Mod","Spicy Shops","StSLib","TestMod","Uncapped","残留之物"],"gold_per_floor":[117,117,128,53,53,82,111,111,135,169,194,194,23,33,33,110,110,129,129,529,529,539,565,595,621,621,621,656,706,732,743,743,815,815,826,826,826,838,838,872,872,903,983,1011,1011,345,123,156,156,156,156,156,156,14,48,48],"floor_reached":57,"language":"ZHS","playtime":1899,"items_purged":["Bloodletting","Feed+1","Disarm+1"],"score":4297,"play_id":"ecf7c43f-7d82-4428-9364-373a6931d31e","local_time":"20210129184006","daily_mods":["SealedDeck","Heirloom","Flight"],"is_ascension_mode":true,"campfire_choices":[{"data":"Seeing Red","floor":8,"key":"SMITH"},{"data":"Feel No Pain","floor":12,"key":"SMITH"},{"floor":15,"key":"RECALL"},{"data":"Burning Pact","floor":27,"key":"SMITH"},{"data":"Entrench","floor":32,"key":"SMITH"},{"data":"Evolve","floor":41,"key":"SMITH"},{"floor":45,"key":"REST"},{"floor":49,"key":"REST"},{"floor":53,"key":"REST"}],"circlet_count":0,"master_deck":["AscendersBane","Seeing Red+1","Shrug It Off+1","Body Slam+1","Feel No Pain+1","MostiFishMod:404NotFound+1","Evolve+1","Burning Pact+1","Entrench+1"],"relics":["Burning Blood","DaveBox","AT_ATBox","BirthdayGift-Icosahedron","testmod-Temperance","Calipers","SynthV:TestCard","War Paint","Du-Vu Doll","Molten Egg 2","FossilizedHelix","PlaceholderMod:FlatBlood","Runic Pyramid","MutagenicStrength","White Beast Statue","Anchor","testmod-AssaultLearning","Bottled Flame","PlaceholderMod:SoulofChaos","Dream Catcher","Busted Crown","Letter Opener","AT_SilvercatRing","Mummified Hand","Bag of Preparation","AT_GuinsooRageblade","ImprovedEquipment","Membership Card","Sundial","Kunai","ClockworkSouvenir","Akabeko"],"acts_visited":["Exordium","TheCity","TheBeyond","TheEnding"],"potions_floor_usage":[56,56],"damage_taken":[{"damage":0,"enemies":"Cultist","floor":1,"turns":3},{"damage":0,"enemies":"Small Slimes","floor":3,"turns":2},{"damage":0,"enemies":"3 Sentries","floor":6,"turns":3},{"damage":0,"enemies":"Lagavulin","floor":7,"turns":3},{"damage":0,"enemies":"Gremlin Nob","floor":10,"turns":2},{"damage":0,"enemies":"3 Sentries","floor":11,"turns":2},{"damage":0,"enemies":"2 Louse","floor":14,"turns":2},{"damage":0,"enemies":"Hexaghost","floor":16,"turns":5},{"damage":0,"enemies":"Shell Parasite","floor":18,"turns":3},{"damage":0,"enemies":"3 Byrds","floor":22,"turns":2},{"damage":0,"enemies":"Book of Stabbing","floor":23,"turns":2},{"damage":0,"enemies":"Gremlin Leader","floor":24,"turns":3},{"damage":0,"enemies":"Book of Stabbing","floor":25,"turns":5},{"damage":0,"enemies":"Gremlin Leader","floor":28,"turns":3},{"damage":0,"enemies":"Slavers","floor":30,"turns":2},{"damage":0,"enemies":"Snecko","floor":31,"turns":2},{"damage":0,"enemies":"Collector","floor":33,"turns":2},{"damage":0,"enemies":"3 Shapes","floor":35,"turns":2},{"damage":0,"enemies":"Orb Walker","floor":38,"turns":3},{"damage":0,"enemies":"Giant Head","floor":40,"turns":7},{"damage":0,"enemies":"Reptomancer","floor":42,"turns":3},{"damage":0,"enemies":"Giant Head","floor":44,"turns":4},{"damage":0,"enemies":"Reptomancer","floor":48,"turns":1},{"damage":0,"enemies":"Donu and Deca","floor":50,"turns":1},{"damage":0,"enemies":"Time Eater","floor":51,"turns":2},{"damage":0,"enemies":"Shield and Spear","floor":55,"turns":2},{"damage":0,"enemies":"The Heart","floor":56,"turns":4}],"seed_played":"3129385903319282764","potions_obtained":[{"floor":1,"key":"EssenceOfSteel"},{"floor":10,"key":"Explosive Potion"},{"floor":22,"key":"DuplicationPotion"},{"floor":24,"key":"DuplicationPotion"}],"is_trial":true,"path_per_floor":["M","?","M","$","?","E","E","R","T","E","E","R","$","M","R","B",null,"M","?","?","$","M","E","E","E","T","R","E","?","E","M","R","B",null,"M","?","?","M","?","E","R","E","T","E","R","$","$","E","R","B","B",null,"R","$","E","B",null],"character_chosen":"IRONCLAD","items_purchased":["PlaceholderMod:FlatBlood","AT_GuinsooRageblade","ImprovedEquipment","Membership Card","Sundial","ClockworkSouvenir"],"campfire_rested":3,"item_purchase_floors":[13,46,46,47,47,54],"current_hp_per_floor":[75,75,75,75,75,75,75,75,75,75,75,75,75,79,79,83,83,87,87,87,87,91,95,99,103,103,103,107,99,110,121,121,125,125,129,125,128,135,138,142,142,146,146,150,150,150,150,150,150,150,150,150,150,150,150,150],"gold":48,"neow_bonus":"","is_daily":false,"chose_seed":false,"campfire_upgraded":5,"win_rate":0.0,"timestamp":1611974406,"path_taken":["M","?","?","$","?","E","E","R","T","E","E","R","?","M","R","BOSS","M","?","?","?","M","E","E","E","T","R","E","?","E","?","R","BOSS","M","?","?","?","?","E","R","E","T","E","R","$","$","E","R","BOSS","BOSS","R","$","E","BOSS"],"items_purchased_type":["Relic","Relic","Relic","Relic","Relic","Relic"],"build_version":"2020-12-22","purchased_purges":3,"victory":true,"max_hp_per_floor":[75,75,75,75,75,75,75,75,75,75,75,75,75,79,79,83,83,87,87,87,87,91,95,99,103,103,103,107,110,114,121,121,125,125,129,125,128,135,138,142,142,146,146,150,150,150,150,150,150,150,150,150,150,150,150,150],"card_choices":[{"not_picked":["Ghostly Armor","Anger"],"picked":"Body Slam","floor":1},{"not_picked":["AT_DiedThrough","Armaments","Carnage","True Grit","Iron Wave"],"picked":"SKIP","floor":3},{"not_picked":["Dropkick","AT_DiedThrough","Sword Boomerang","Pummel","Brutality"],"picked":"SKIP","floor":6},{"not_picked":["Armaments","Uppercut","Hemokinesis","Combust"],"picked":"Feel No Pain","floor":7},{"not_picked":["Perfected Strike+1","Shrug It Off","Anger+1","Cleave+1","Sword Boomerang+1"],"picked":"SKIP","floor":10},{"not_picked":["Headbutt+1","Anger+1","Inflame","Warcry"],"picked":"Feed+1","floor":11},{"not_picked":["Clothesline+1","Clash+1","AT_IchimonjiDouble+1","Pommel Strike+1","Wild Strike+1"],"picked":"SKIP","floor":14},{"not_picked":["Impervious","Brutality","Barricade","Limit Break"],"picked":"MostiFishMod:404NotFound+1","floor":16},{"not_picked":["Combust+1","Carnage+1","Sword Boomerang+1","Pommel Strike+1"],"picked":"Evolve","floor":18},{"not_picked":["AT_IchimonjiDouble+1","Sword Boomerang+1","Headbutt+1","Flex","Heavy Blade+1"],"picked":"SKIP","floor":22},{"not_picked":["Anger+1","Pommel Strike+1","Body Slam+1","Armaments","Rupture"],"picked":"SKIP","floor":23},{"not_picked":["Perfected Strike+1","Armaments","Twin Strike+1","Seeing Red","Sentinel"],"picked":"SKIP","floor":24},{"not_picked":["MostiFishMod:PerfectStrikeMKII+1","Metallicize","Thunderclap+1","Shrug It Off"],"picked":"Burning Pact","floor":25},{"not_picked":["Clothesline+1","Sword Boomerang+1","Iron Wave+1","Rage"],"picked":"Entrench","floor":28},{"not_picked":["Reckless Charge+1","Cleave+1","Anger+1","AT_GerminateFire","Perfected Strike+1"],"picked":"SKIP","floor":30},{"not_picked":["Exhume","Perfected Strike+1","Thunderclap+1","Cleave+1","Pommel Strike+1"],"picked":"SKIP","floor":31},{"not_picked":["Rage","True Grit","Havoc"],"picked":"SKIP","floor":35},{"not_picked":["Twin Strike+1","Inflame","Second Wind+1"],"picked":"SKIP","floor":38},{"not_picked":["MostiFishMod:404NotFound+1","AT_DiedThrough","Warcry"],"picked":"SKIP","floor":40},{"not_picked":["Feel No Pain+1","Sword Boomerang+1","Sever Soul+1"],"picked":"SKIP","floor":42},{"not_picked":["AT_DiedThrough+1","Feel No Pain+1","Inflame"],"picked":"SKIP","floor":44},{"not_picked":["AT_DiedThrough+1","Feel No Pain+1","Inflame"],"picked":"SKIP","floor":44},{"not_picked":["Seeing Red+1","AT_ShrugMaster","AT_DiedThrough"],"picked":"SKIP","floor":48},{"not_picked":["Barricade","Heavy Blade+1","AT_BodySlamDance"],"picked":"SKIP","floor":55}],"player_experience":718633,"relics_obtained":[{"floor":1,"key":"SynthV:TestCard"},{"floor":6,"key":"War Paint"},{"floor":7,"key":"Du-Vu Doll"},{"floor":10,"key":"Molten Egg 2"},{"floor":11,"key":"FossilizedHelix"},{"floor":23,"key":"White Beast Statue"},{"floor":24,"key":"Anchor"},{"floor":25,"key":"testmod-AssaultLearning"},{"floor":26,"key":"Bottled Flame"},{"floor":28,"key":"PlaceholderMod:SoulofChaos"},{"floor":30,"key":"Dream Catcher"},{"floor":40,"key":"Letter Opener"},{"floor":42,"key":"AT_SilvercatRing"},{"floor":43,"key":"Mummified Hand"},{"floor":44,"key":"Bag of Preparation"},{"floor":48,"key":"Kunai"},{"floor":55,"key":"Akabeko"}],"event_choices":[{"damage_healed":0,"gold_gain":0,"player_choice":"Upgraded","damage_taken":0,"max_hp_gain":0,"max_hp_loss":0,"event_name":"Upgrade Shrine","floor":2,"gold_loss":0,"cards_upgraded":["Body Slam"]},{"cards_removed":["Pommel Strike"],"damage_healed":0,"gold_gain":0,"player_choice":"Card Removal","damage_taken":0,"max_hp_gain":0,"max_hp_loss":0,"event_name":"Wheel of Change","floor":5,"gold_loss":0},{"damage_healed":0,"gold_gain":0,"player_choice":"Inject Mutagens","damage_taken":0,"relics_obtained":["MutagenicStrength"],"max_hp_gain":0,"max_hp_loss":0,"event_name":"Drug Dealer","floor":19,"gold_loss":0},{"damage_healed":0,"gold_gain":400,"player_choice":"Sell","damage_taken":0,"max_hp_gain":0,"max_hp_loss":0,"event_name":"恩洛斯的盘子","floor":20,"relics_lost":["testmod-TestBox"],"gold_loss":0},{"damage_healed":0,"gold_gain":50,"player_choice":"Touch","damage_taken":11,"max_hp_gain":0,"max_hp_loss":0,"event_name":"FaceTrader","floor":29,"gold_loss":0},{"damage_healed":0,"gold_gain":0,"player_choice":"Max HP","damage_taken":0,"max_hp_gain":0,"max_hp_loss":7,"event_name":"Winding Halls","floor":36,"gold_loss":0},{"damage_healed":0,"gold_gain":0,"player_choice":"Memory 1","damage_taken":0,"max_hp_gain":0,"max_hp_loss":0,"event_name":"SensoryStone","floor":37,"gold_loss":0},{"damage_healed":0,"gold_gain":0,"player_choice":"Ignored","damage_taken":0,"max_hp_gain":0,"max_hp_loss":0,"event_name":"Tomb of Lord Red Mask","floor":39,"gold_loss":0}],"is_beta":false,"boss_relics":[{"not_picked":["testmod-HarvestTotem","testmod-Fanaticism"],"picked":"Runic Pyramid"},{"not_picked":["GuanYuAspect","testmod-NegativeEmotionEnhancer"],"picked":"Busted Crown"}],"items_purged_floors":[4,46,54],"is_endless":false,"potions_floor_spawned":[1,10,11,16,22,24,25,28,30,31,33,35,38,40,42,44,48,55],"ascension_level":20}}