{"host":"6qo42zgaknezulyg","time":1611994690,"event":{"mods":["2.2 Compatiblity","BaseMod","Faster Ascension Climbing","Keyboard Shortcuts","Minty Spire (QoL Compilation)","Permanent Neow","Quick Restart","StSLib","SuperFastMode","The Animator"],"gold_per_floor":[110,129,54,54,65,65,99,99,99,134,145,95,110,165,165,265,265,265,265],"floor_reached":18,"language":"ENG","playtime":1163,"items_purged":["animator:Strike","animator:Strike"],"score":195,"play_id":"5a3e7686-163d-4e54-8097-e26b651e3ca4","local_time":"20210130171810","is_ascension_mode":false,"campfire_choices":[{"data":"animator:KrulTepes","floor":6.0,"key":"SMITH"},{"data":"animator:Vanir","floor":8.0,"key":"SMITH"},{"data":"animator:Nanami","floor":15.0,"key":"SMITH"}],"circlet_count":0,"master_deck":["animator:Strike_Konosuba","animator:Defend_Konosuba","animator:Strike","animator:Defend","animator:Defend","animator:Defend","animator:Kazuma","animator:Aqua","animator:NarberalGamma","animator:KrulTepes+1","animator:Vanir+1","animator:Guy","animator:Nanami+1"],"relics":["animator:LivingPicture","animator:PurgingStone","animator:TheMissingPiece","Lantern","Smiling Mask","Darkstone Periapt","The Courier","Frozen Eye","Oddly Smooth Stone","Blood Vial","animator:HolyGrailRelic"],"acts_visited":[],"potions_floor_usage":[],"damage_taken":[{"damage":0.0,"enemies":"2 Louse","floor":1.0,"turns":3.0},{"damage":0.0,"enemies":"Cultist","floor":2.0,"turns":5.0},{"damage":1.0,"enemies":"Jaw Worm","floor":5.0,"turns":5.0},{"damage":18.0,"enemies":"Lagavulin","floor":7.0,"turns":5.0},{"damage":35.0,"enemies":"Gremlin Nob","floor":10.0,"turns":6.0},{"damage":0.0,"enemies":"3 Louse","floor":11.0,"turns":3.0},{"damage":0.0,"enemies":"Large Slime","floor":13.0,"turns":4.0},{"damage":22.0,"enemies":"The Guardian","floor":16.0,"turns":11.0},{"damage":0,"enemies":"2 Thieves","floor":18,"turns":1}],"seed_played":"-5539404236444915866","potions_obtained":[{"floor":4.0,"key":"DuplicationPotion"},{"floor":4.0,"key":"FairyPotion"},{"floor":4.0,"key":"FearPotion"},{"floor":5.0,"key":"animator:GrowthPotion"},{"floor":10.0,"key":"ColorlessPotion"},{"floor":11.0,"key":"Strength Potion"}],"is_trial":false,"path_per_floor":["M","M","$","?","M","R","E","R","T","E","M","$","M","T","R","B",null,"M"],"character_chosen":"THE_ANIMATOR","items_purchased":[],"campfire_rested":0,"item_purchase_floors":[],"current_hp_per_floor":[78,78,78,78,78,78,60,60,60,27,29,29,31,31,31,11,86,86,86],"gold":265,"neow_bonus":"TEN_PERCENT_HP_BONUS","is_daily":false,"chose_seed":false,"campfire_upgraded":3,"win_rate":0.0,"timestamp":1611994690,"path_taken":["M","M","$","?","M","R","E","R","T","E","M","?","M","?","R","BOSS","M"],"items_purchased_type":[],"build_version":"2020-12-22","purchased_purges":2,"victory":false,"max_hp_per_floor":[78,78,78,78,78,78,78,78,78,78,78,78,78,78,78,78,86,86,86],"card_choices":[{"not_picked":["animator:CrowleyEusford","animator:Shinoa"],"picked":"animator:NarberalGamma","floor":1.0},{"not_picked":["animator:Tatsumaki","animator:Konayuki"],"picked":"animator:KrulTepes","floor":2.0},{"not_picked":["animator:GazelDwargon","animator:Jibril","animator:Tet"],"picked":"SKIP","floor":5.0},{"not_picked":["animator:Darkness","animator:Kazuma"],"picked":"animator:Vanir","floor":7.0},{"not_picked":["animator:Elsword","animator:Ara"],"picked":"animator:Guy","floor":10.0},{"not_picked":["animator:Emonzaemon","animator:ElricEdward","animator:Bozes"],"picked":"SKIP","floor":11.0},{"not_picked":["animator:Pride","animator:IzunaHatsuse"],"picked":"animator:Nanami","floor":13.0}],"player_experience":729297,"relics_obtained":[{"floor":7.0,"key":"Lantern"},{"floor":7.0,"key":"Smiling Mask"},{"floor":9.0,"key":"Darkstone Periapt"},{"floor":10.0,"key":"The Courier"},{"floor":10.0,"key":"Frozen Eye"},{"floor":14.0,"key":"Oddly Smooth Stone"},{"floor":16.0,"key":"Blood Vial"}],"event_choices":[{"damage_healed":0.0,"max_hp_gain":0.0,"max_hp_loss":0.0,"gold_gain":0.0,"event_name":"Lab","player_choice":"Got Potions","floor":4.0,"gold_loss":0.0,"damage_taken":0.0}],"is_beta":false,"boss_relics":[{"not_picked":["Calling Bell","Philosopher\u0027s Stone"],"picked":"animator:HolyGrailRelic"}],"items_purged_floors":[3,12],"is_endless":false,"potions_floor_spawned":[5,10,11],"killed_by":"2 Thieves","ascension_level":0}}