{"host":"dprcptr190br6xbd","time":1611980698,"event":{"mods":["AchievementEnabler","BaseMod","Colored Map","Colored Powertips","Googly Eyes","Hubris","Minty Spire (QoL Compilation)","Permanent Neow","Quick Restart","Remilia??????","Replay The Spire","StSLib"],"gold_per_floor":[10113,10124,10124,10136,9133,9161,9173,9173,9253,8441,8454,8467,8480,8519,8583,8682,8682,8693,8693,8629,7864,7880,7912,7156,7156,7156,7189,7189,7206,7219,7229,7229,7327,7327,7338,7338,6642,6661,5981,5981,5981,6013,6040,6050,6050,5196,5213,5243,5243,5143],"floor_reached":51,"language":"ENG","playtime":4659,"items_purged":[],"score":1069,"play_id":"64183143-8298-4666-af07-6d71108c604e","local_time":"20210129222458","is_ascension_mode":true,"campfire_choices":[{"floor":25,"key":"REST"},{"floor":28,"key":"REST"},{"floor":32,"key":"REST"},{"floor":40,"key":"REST"},{"floor":45,"key":"REST"},{"floor":49,"key":"DIG"}],"circlet_count":0,"master_deck":["Strike_RM","Strike_RM","Strike_RM","Strike_RM","Defend_RM","Defend_RM","Defend_RM","RedMoon+1","ScarletShoot","NightLord","NightDance","BombardNight","DiffusionOfMisfortune","KillingBlow","KillingBlow","BloodHunter+1","BadLadyScramble","ScarletDevilSign","MastersStateliness","Transmutation","VampireClaw","ForecastOfChange+1","UltimateOffering+1","FitfulNightmare","BlasphemousPunishment","DiffusionOfMisfortune","CharismaGuard","ScarletDevil","VampireSweep","TransientEternity","CurseOfTheBell","Stigmanizer","VampireKiss","BloodHunter","UltimateOffering","VampirishNight","ScarletDevilSign","HeartBreak","Ultimatum","CeilingFear","The Bomb","hubris:EnhanceAbility+1","Replay:Sssssssssshield","EndlessAdversity+1","NightDance+1","StarOfDavid+1","NightDance+1","BloodHunter","BombardNight+1","TricksterDevil+1","ChaoticDestiny","TwelveNightmare+1","Stigmanizer+1","ScarletDevilSign+1","Dramatic Entrance+1","VampireClaw+1","FavorOfDestiny","FitfulNightmare+1","MiserableFate","ScarletNetherworld+1"],"relics":["ScarletHat","NeowsBlessing","Strawberry","Dream Catcher","TheAbacus","hubris:OldNail","Replay:Ringing Soul","Potion Belt","Replay:Mystery Machine","Chemical X","Calling Bell","Durian","Frozen Egg 2","War Paint","Enchiridion","Iron Hammer","PreservedInsect","OrangePellets","Bottled Flame","Orichalcum","Nunchaku","InkBottle","ReplayTheSpireMod:ShopPack","Molten Egg 2","ReplayTheSpireMod:Lightbulb","hubris:Backtick","Calipers","Replay:Accelerometer","Mirror","Juzu Bracelet","Lee\u0027s Waffle","hubris:PeanutButter","Bag of Preparation","PrismaticShard","MealTicket","Gremlin Food","Simple Rune","Counterbalance","BargainBundle","hubris:ToyBattleship"],"acts_visited":["Exordium","TheCity","TheBeyond"],"potions_floor_usage":[14,16,16,16,42,50,50,50,50,50],"damage_taken":[{"damage":0,"enemies":"Cultist","floor":1,"turns":1},{"damage":0,"enemies":"Small Slimes","floor":2,"turns":1},{"damage":0,"enemies":"2 Louse","floor":4,"turns":1},{"damage":0,"enemies":"3 Sentries","floor":6,"turns":3},{"damage":18,"enemies":"Gremlin Gang","floor":7,"turns":4},{"damage":9,"enemies":"Red Slaver","floor":11,"turns":2},{"damage":6,"enemies":"Looter","floor":12,"turns":2},{"damage":14,"enemies":"Gremlin Gang","floor":13,"turns":3},{"damage":9,"enemies":"Large Slime","floor":14,"turns":4},{"damage":61,"enemies":"The Guardian","floor":16,"turns":6},{"damage":16,"enemies":"3 Byrds","floor":18,"turns":5},{"damage":9,"enemies":"Chosen","floor":22,"turns":1},{"damage":0,"enemies":"Book of Stabbing","floor":23,"turns":3},{"damage":30,"enemies":"Slavers","floor":27,"turns":3},{"damage":3,"enemies":"Snake Plant","floor":29,"turns":1},{"damage":17,"enemies":"Snecko","floor":30,"turns":1},{"damage":0,"enemies":"Centurion and Healer","floor":31,"turns":1},{"damage":128,"enemies":"hubris:MusketHawk","floor":33,"turns":5},{"damage":23,"enemies":"3 Darklings","floor":35,"turns":6},{"damage":30,"enemies":"3 Shapes","floor":38,"turns":2},{"damage":106,"enemies":"Nemesis","floor":42,"turns":9},{"damage":0,"enemies":"Spire Growth","floor":44,"turns":3},{"damage":0,"enemies":"Sphere and 2 Shapes","floor":47,"turns":3},{"damage":0,"enemies":"R_Hoarder","floor":48,"turns":2},{"damage":102,"enemies":"Replay:Hell Engine","floor":50,"turns":10}],"seed_played":"-6530529104541607975","potions_obtained":[{"floor":1,"key":"Energy Potion"},{"floor":2,"key":"EssenceOfSteel"},{"floor":11,"key":"DestinyDice"},{"floor":14,"key":"Reflective Coating"},{"floor":31,"key":"DuplicationPotion"},{"floor":41,"key":"Doom Potion"},{"floor":44,"key":"BlessingOfTheForge"}],"is_trial":false,"path_per_floor":["M","M","?","M","$","E","M","?","T","$","M","M","M","M","R_BF","B",null,"M","?","?","$","M","E","$","R","T","E","R","M","M","M","R","B",null,"M","T","$","M","$","R","?","E","T","M","R","$","M","E","R_BF","B",null],"character_chosen":"REMILIA","items_purchased":["Strawberry","Dream Catcher","TheAbacus","KillingBlow","BloodHunter","BadLadyScramble","ScarletDevilSign","MastersStateliness","Transmutation","UltimateOffering+1","FitfulNightmare","BlasphemousPunishment","Potion Belt","Replay:Mystery Machine","Chemical X","Languid Potion","Strength Potion","Block Potion","VampireKiss","BloodHunter","UltimateOffering","VampirishNight","PreservedInsect","OrangePellets","Bottled Flame","Ultimatum","CeilingFear","Nunchaku","InkBottle","ReplayTheSpireMod:ShopPack","ChaoticDestiny","Mirror","Juzu Bracelet","Lee\u0027s Waffle","TwelveNightmare+1","hubris:PeanutButter","Bag of Preparation","PrismaticShard","ScarletDevilSign+1","Dramatic Entrance+1","Simple Rune","VampireClaw+1","FavorOfDestiny","FitfulNightmare+1","Counterbalance","BargainBundle","MiserableFate"],"campfire_rested":5,"item_purchase_floors":[5,5,5,5,5,5,5,5,5,10,10,10,10,10,10,10,10,10,21,21,21,21,21,21,21,24,24,24,24,24,37,37,37,37,37,39,39,39,39,39,46,46,46,46,46,46,46],"current_hp_per_floor":[93,93,93,93,100,100,85,85,85,88,82,79,69,63,63,17,106,97,81,81,84,85,96,99,146,146,120,157,157,143,148,166,57,141,129,129,179,155,158,188,188,86,86,91,147,165,170,181,181,171],"gold":5143,"neow_bonus":"THREE_ENEMY_KILL","is_daily":false,"chose_seed":false,"campfire_upgraded":0,"win_rate":0.0,"timestamp":1611980698,"path_taken":["M","?","?","?","$","E","M","?","T","$","M","M","M","M","R_BF","BOSS","M","?","?","$","M","E","$","R","T","E","R","?","M","M","R","BOSS","M","?","$","M","$","R","?","E","T","M","R","$","M","E","R_BF","BOSS"],"items_purchased_type":["Relic","Relic","Relic","Card","Card","Card","Card","Card","Card","Card","Card","Card","Relic","Relic","Relic","Potion","Potion","Potion","Card","Card","Card","Card","Relic","Relic","Relic","Card","Card","Relic","Relic","Relic","Card","Relic","Relic","Relic","Card","Relic","Relic","Relic","Card","Card","Relic","Card","Card","Card","Relic","Relic","Card"],"build_version":"2020-12-22","purchased_purges":0,"victory":true,"max_hp_per_floor":[100,100,100,100,107,107,107,107,107,110,113,116,119,122,122,125,133,136,136,136,139,142,145,148,151,151,154,157,160,163,163,166,169,169,169,169,179,185,188,188,188,188,188,188,188,191,194,194,194,194],"card_choices":[{"not_picked":["BloodyTrap","CharismaGuard"],"picked":"NightLord","floor":1},{"not_picked":["ScarletDevil","ForbiddenFruit"],"picked":"NightDance","floor":2},{"not_picked":["ScarletImprint","UnderTheZenith"],"picked":"DiffusionOfMisfortune","floor":4},{"not_picked":["FavorOfDestiny","RedRainbow"],"picked":"BloodHunter","floor":6},{"not_picked":["BlasphemousPunishment","BloodyCatastrophe"],"picked":"VampireClaw","floor":7},{"not_picked":["MiserableFate","ScarletDream"],"picked":"DiffusionOfMisfortune","floor":11},{"not_picked":["BlasphemousPunishment","UnstableMagic"],"picked":"CharismaGuard","floor":12},{"not_picked":["BombardNight","BloodyMagicSquare"],"picked":"ScarletDevil","floor":13},{"not_picked":["BadLadyScramble","UnstableMagic"],"picked":"VampireSweep","floor":14},{"not_picked":["BloodyHallows","ChaoticDestiny"],"picked":"TransientEternity","floor":16},{"not_picked":["ScarletDevil","RedRainbow"],"picked":"Stigmanizer","floor":18},{"not_picked":["CharismaGuard+1","ForbiddenFruit"],"picked":"ScarletDevilSign","floor":22},{"not_picked":["CharismaGuard+1","HunterOfTheNight"],"picked":"HeartBreak","floor":23},{"not_picked":["Midas Touch","Panache"],"picked":"The Bomb","floor":24},{"not_picked":["Panacea","Replay:Sssssssssstrike"],"picked":"hubris:EnhanceAbility","floor":24},{"not_picked":["Panacea","Finesse"],"picked":"Replay:Sssssssssshield","floor":24},{"not_picked":["CharismaGuard+1","FavorOfDestiny"],"picked":"EndlessAdversity+1","floor":25},{"not_picked":["CharismaGuard+1","CurseOfVladTepes+1"],"picked":"NightDance+1","floor":27},{"not_picked":["BloodyTrap","CharismaGuard+1"],"picked":"StarOfDavid+1","floor":28},{"not_picked":["RedMagic","EmergencyRegeneration+1"],"picked":"NightDance+1","floor":29},{"not_picked":["DevilSight","CharismaGuard+1"],"picked":"BloodHunter","floor":30},{"not_picked":["ScarletImprint+1","BlasphemousPunishment","HunterOfTheNight+1"],"picked":"SKIP","floor":31},{"not_picked":["ReincarnationDial","BlasphemousPunishment"],"picked":"BombardNight+1","floor":32},{"not_picked":["CurseOfVladTepes+1","BloodyCatastrophe"],"picked":"TricksterDevil+1","floor":33},{"not_picked":["MiserableFate","UnstableMagic+1","StarOfDavid+1"],"picked":"SKIP","floor":35},{"not_picked":["ScarletImprint+1","BatForm+1"],"picked":"Stigmanizer+1","floor":38},{"not_picked":["Malaise","JustLucky+1","Headbutt+1"],"picked":"SKIP","floor":42},{"not_picked":["Clothesline+1","Streamline+1","ReplayTheSpireMod:Strike From Hell+1"],"picked":"SKIP","floor":44},{"not_picked":["Jack Of All Trades","Hemokinesis+1"],"picked":"ScarletNetherworld+1","floor":47},{"not_picked":["Deadly Poison+1","Pommel Strike+1","Perfected Strike+1"],"picked":"SKIP","floor":47},{"not_picked":["Replay:Many Hands","Replay:AtTheReady+1","BloodyHallows"],"picked":"SKIP","floor":48}],"player_experience":73302,"relics_obtained":[{"floor":6,"key":"hubris:OldNail"},{"floor":9,"key":"Replay:Ringing Soul"},{"floor":17,"key":"Durian"},{"floor":17,"key":"Frozen Egg 2"},{"floor":17,"key":"War Paint"},{"floor":19,"key":"Enchiridion"},{"floor":23,"key":"Orichalcum"},{"floor":26,"key":"Molten Egg 2"},{"floor":27,"key":"ReplayTheSpireMod:Lightbulb"},{"floor":36,"key":"Replay:Accelerometer"},{"floor":42,"key":"MealTicket"},{"floor":43,"key":"Gremlin Food"},{"floor":49,"key":"hubris:ToyBattleship"}],"event_choices":[{"damage_healed":0,"gold_gain":0,"cards_transformed":["Defend_RM"],"player_choice":"Transformed","damage_taken":0,"max_hp_gain":0,"max_hp_loss":0,"event_name":"Transmorgrifier","floor":3,"gold_loss":0,"cards_obtained":["BombardNight"]},{"damage_healed":0,"gold_gain":64,"player_choice":"Gained Gold","damage_taken":0,"max_hp_gain":0,"max_hp_loss":0,"event_name":"Golden Wing","floor":15,"gold_loss":0},{"damage_healed":0,"gold_gain":0,"player_choice":"Obtained Book","damage_taken":16,"max_hp_gain":0,"max_hp_loss":0,"event_name":"Cursed Tome","floor":19,"gold_loss":0},{"damage_healed":0,"gold_gain":0,"player_choice":"Paid Gold","damage_taken":0,"relics_obtained":["Iron Hammer"],"max_hp_gain":0,"max_hp_loss":0,"event_name":"WeMeetAgain","floor":20,"gold_loss":64},{"damage_healed":0,"gold_gain":0,"player_choice":"Got Potions","damage_taken":0,"max_hp_gain":0,"max_hp_loss":0,"event_name":"Lab","floor":41,"gold_loss":0}],"is_beta":false,"boss_relics":[{"not_picked":["Tiny House","Philosopher\u0027s Stone"],"picked":"Calling Bell"},{"not_picked":["Astrolabe","Replay:Drink Me"],"picked":"hubris:Backtick"}],"items_purged_floors":[],"is_endless":false,"potions_floor_spawned":[1,2,11,14,16,18,22,27,31,44,47],"ascension_level":6}}