{"host":"3po7ngt2j61s4rmj","time":1611982558,"event":{"mods":["Act Like it!","BaseMod","Elementarium","JesterMod","Minty Spire (QoL Compilation)","Relic Stats","Shade Mod","StSLib"],"gold_per_floor":[112,112,112,137,158,197,197,216,265,265,284,315,35,68,68,193,193,218,208,229,242,242,242,281,281,328,353,353,478,513,531,531,655,655,678,678,678,678,692,726,1001,1040,1040,1040,1058,1058,875,919,919,919,919,919,445,486,486,486],"floor_reached":55,"language":"ENG","playtime":3206,"items_purged":["Shade:Strike_Shade","Shade:Strike_Shade"],"score":1374,"play_id":"f8f8e9dd-db2d-44b3-967e-490ecf70ad5b","local_time":"20210129215558","is_ascension_mode":true,"campfire_choices":[{"data":"Shade:PressTheAttack","floor":7.0,"key":"SMITH"},{"floor":10.0,"key":"REST"},{"data":"Shade:SkeletonArmy","floor":15.0,"key":"SMITH"},{"data":"Shade:LichForm","floor":23.0,"key":"SMITH"},{"data":"Shade:LichForm","floor":25.0,"key":"SMITH"},{"data":"Shade:FreshBones","floor":28.0,"key":"SMITH"},{"data":"Shade:Strike_Shade","floor":32.0,"key":"PURGE"},{"data":"Elementarium:GildedEssence","floor":44,"key":"PURGE"},{"floor":49,"key":"RECALL"},{"data":"Normality","floor":52,"key":"PURGE"}],"circlet_count":0,"master_deck":["AscendersBane","Shade:Strike_Shade","Shade:Defend_Shade","Shade:Defend_Shade","Shade:Defend_Shade+1","Shade:Defend_Shade+1","Shade:AnimateDead","Shade:CarefulCut","Shade:PotionOfRestlessness","Shade:SkeletonArmy+1","Shade:Bonestorm","Shade:PressTheAttack+1","Shade:FreshBones+1","Shade:WallOfFlesh","Shade:PressTheAttack","Shade:LichForm+1","Shade:FreshBones+1","Doubt","Shade:LichForm+1","Shade:DangerousRitual","Shade:WallOfFlesh","Shade:Brains+1","Writhe","Regret","Shade:FleshLikeOak","Shade:Brains+1","Shade:StitchTogether","Thinking Ahead"],"relics":["Shade:YorickSkull","Ancient Tea Set","Golden Idol","Eternal Feather","Anchor","Strawberry","Membership Card","Question Card","Du-Vu Doll","Snecko Eye","Pantograph","Juzu Bracelet","Peace Pipe","Pear","Happy Flower","Elementarium:ElementariumTrophy","Cursed Key","Singing Bowl","Mercury Hourglass","ClockworkSouvenir","War Paint","Bronze Scales","Ginger","Mango","Akabeko"],"acts_visited":["Exordium","Exordium","TheBeyond","TheEnding"],"potions_floor_usage":[40,48,55,55],"damage_taken":[{"damage":3.0,"enemies":"Small Slimes","floor":1.0,"turns":4.0},{"damage":0.0,"enemies":"Cultist","floor":4.0,"turns":3.0},{"damage":4.0,"enemies":"2 Louse","floor":5.0,"turns":2.0},{"damage":37.0,"enemies":"3 Sentries","floor":6.0,"turns":7.0},{"damage":0.0,"enemies":"Large Slime","floor":8.0,"turns":3.0},{"damage":0.0,"enemies":"Exordium Wildlife","floor":11.0,"turns":3.0},{"damage":32.0,"enemies":"Lagavulin","floor":12.0,"turns":6.0},{"damage":12.0,"enemies":"Gremlin Nob","floor":14.0,"turns":3.0},{"damage":19.0,"enemies":"Hexaghost","floor":16.0,"turns":9.0},{"damage":0.0,"enemies":"Elementarium:VoidCorruption","floor":18.0,"turns":3.0},{"damage":0.0,"enemies":"Elementarium:2_ELEMENTALS","floor":20.0,"turns":1.0},{"damage":0.0,"enemies":"Elementarium:STONE_GOLEMS","floor":21.0,"turns":3.0},{"damage":0.0,"enemies":"Elementarium:WarGolem","floor":24.0,"turns":2.0},{"damage":4.0,"enemies":"Elementarium:Hydrostalker","floor":27.0,"turns":3.0},{"damage":0.0,"enemies":"Elementarium:FIRE_SANCTUM_HERALD","floor":29.0,"turns":3.0},{"damage":20.0,"enemies":"Elementarium:FIRE_SANCTUM_FIRELORD","floor":29.0,"turns":3.0},{"damage":21.0,"enemies":"Elementarium:FIRE_NOBILITY","floor":30.0,"turns":4.0},{"damage":0.0,"enemies":"Elementarium:VoidBeast","floor":31.0,"turns":3.0},{"damage":21.0,"enemies":"Elementarium:PHOENIXES","floor":33.0,"turns":5.0},{"damage":0,"enemies":"Orb Walker","floor":35,"turns":1},{"damage":0,"enemies":"3 Shapes","floor":39,"turns":2},{"damage":0,"enemies":"Giant Head","floor":40,"turns":5},{"damage":59,"enemies":"Nemesis","floor":42,"turns":5},{"damage":4,"enemies":"Spire Growth","floor":45,"turns":2},{"damage":13,"enemies":"Reptomancer","floor":48,"turns":5},{"damage":53,"enemies":"Donu and Deca","floor":50,"turns":5},{"damage":73,"enemies":"Shield and Spear","floor":54,"turns":4},{"damage":59,"enemies":"The Heart","floor":55,"turns":5}],"seed_played":"6625058483436912839","potions_obtained":[{"floor":1.0,"key":"Energy Potion"},{"floor":8.0,"key":"Ancient Potion"},{"floor":11.0,"key":"SteroidPotion"},{"floor":14.0,"key":"Ancient Potion"},{"floor":16.0,"key":"ColorlessPotion"},{"floor":20.0,"key":"Fire Potion"},{"floor":30.0,"key":"SneckoOil"},{"floor":33.0,"key":"AttackPotion"},{"floor":35,"key":"LiquidMemories"},{"floor":42,"key":"Weak Potion"},{"floor":48,"key":"SteroidPotion"}],"is_trial":false,"path_per_floor":["M","?","?","M","M","E","R","M","T","R","M","E","$","E","R","B",null,"M","?","M","M","?","R","E","R","T","M","R","?","E","M","R","B",null,"M","?","?","?","M","E","?","E","T","R","M","?","$","E","R","B",null,"R","$","E","B"],"character_chosen":"SHADE","items_purchased":["Membership Card","Question Card","ClockworkSouvenir","War Paint","Ginger","Mango","Shade:StitchTogether","Thinking Ahead"],"campfire_rested":1,"item_purchase_floors":[13,13,47,47,53,53,53,53],"current_hp_per_floor":[56,56,56,56,52,15,24,24,24,52,52,27,27,15,24,5,55,55,55,55,55,55,67,67,72,72,68,72,62,41,41,56,60,77,77,77,77,82,82,84,84,27,27,42,38,75,75,62,75,22,62,75,89,25,0,0],"gold":486,"neow_bonus":"RANDOM_COMMON_RELIC","is_daily":false,"chose_seed":false,"campfire_upgraded":5,"win_rate":0.0,"timestamp":1611982558,"path_taken":["M","?","?","?","M","E","R","M","T","R","M","E","$","E","R","BOSS","M","?","M","M","?","R","E","R","T","M","R","?","E","M","R","BOSS","M","?","?","?","M","E","?","E","T","R","M","?","$","E","R","BOSS","R","$","E","BOSS"],"items_purchased_type":["Relic","Relic","Relic","Relic","Relic","Relic","Card","Card"],"build_version":"2020-12-22","purchased_purges":2,"victory":false,"max_hp_per_floor":[65,65,65,65,65,65,65,65,65,65,65,72,72,72,72,72,72,72,72,72,72,72,72,72,72,72,72,72,82,82,82,82,82,82,82,82,82,82,82,84,84,86,86,86,86,75,75,75,75,75,75,75,89,91,91,91],"relic_stats":{"Happy Flower":[14],"Singing Bowl":6,"counters":[28,104],"Golden Idol":219,"Eternal Feather":104,"Juzu Bracelet":1,"Ginger":[3],"War Paint":["Shade:Defend_Shade","Shade:Defend_Shade"],"Question Card":19,"Cursed Key":1,"Mercury Hourglass":[87],"Peace Pipe":3,"Pantograph":50,"Bronze Scales":[117],"Snecko Eye":[93,109,119,95],"obtain_stats":[{"Singing Bowl":40,"Shade:YorickSkull":0,"Mango":53,"Juzu Bracelet":26,"Ginger":53,"Ancient Tea Set":0,"Cursed Key":34,"ClockworkSouvenir":47,"Strawberry":12,"Pantograph":24,"Pear":29,"Happy Flower":30,"Golden Idol":2,"Eternal Feather":6,"War Paint":47,"Question Card":13,"Akabeko":54,"Mercury Hourglass":42,"Du-Vu Doll":14,"Peace Pipe":29,"Anchor":9,"Elementarium:ElementariumTrophy":33,"Bronze Scales":48,"Snecko Eye":17,"Membership Card":13},{"Singing Bowl":22,"Shade:YorickSkull":0,"Mango":26,"Juzu Bracelet":13,"Ginger":26,"Ancient Tea Set":0,"Cursed Key":19,"ClockworkSouvenir":24,"Strawberry":7,"Pantograph":13,"Pear":16,"Happy Flower":17,"Golden Idol":1,"Eternal Feather":4,"War Paint":24,"Question Card":7,"Akabeko":27,"Mercury Hourglass":23,"Du-Vu Doll":8,"Peace Pipe":16,"Anchor":5,"Elementarium:ElementariumTrophy":19,"Bronze Scales":25,"Snecko Eye":9,"Membership Card":7},{"Singing Bowl":78,"Shade:YorickSkull":0,"Mango":95,"Juzu Bracelet":49,"Ginger":95,"Ancient Tea Set":0,"Cursed Key":70,"ClockworkSouvenir":85,"Strawberry":28,"Pantograph":49,"Pear":58,"Happy Flower":62,"Golden Idol":4,"Eternal Feather":16,"War Paint":85,"Question Card":28,"Akabeko":99,"Mercury Hourglass":83,"Du-Vu Doll":31,"Peace Pipe":58,"Anchor":19,"Elementarium:ElementariumTrophy":70,"Bronze Scales":90,"Snecko Eye":40,"Membership Card":28}]},"card_choices":[{"not_picked":["Shade:RitualOffering","Shade:FuneraryArmor"],"picked":"Shade:PotionOfRestlessness","floor":1.0},{"not_picked":["Shade:Premonition","Shade:SpontaneousRitual"],"picked":"Shade:SkeletonArmy","floor":4.0},{"not_picked":["Shade:Trample","Shade:Awaken"],"picked":"Shade:Bonestorm","floor":5.0},{"not_picked":["Shade:ExtraLimbs","Shade:Consume"],"picked":"Shade:PressTheAttack","floor":6.0},{"not_picked":["Shade:SkeletonHug","Shade:RavenousHorde","Shade:FeralStrike"],"picked":"SKIP","floor":8.0},{"not_picked":["Shade:ExtraLimbs","Shade:Awaken"],"picked":"Shade:FreshBones","floor":11.0},{"not_picked":["Shade:AblativeArmor","Shade:Excise"],"picked":"Shade:WallOfFlesh","floor":12.0},{"not_picked":["Shade:Premonition","Shade:ScuttlingHand","Shade:BoneShards"],"picked":"Shade:PressTheAttack","floor":14.0},{"not_picked":["Shade:MadHubris","Shade:SoulPierce","Shade:UnbarTheGrave"],"picked":"Shade:LichForm","floor":16.0},{"not_picked":["Shade:ClawBack","Shade:FeralStrike","Shade:CallOfTheGrave"],"picked":"Shade:FreshBones+1","floor":18.0},{"not_picked":["Shade:Awaken","Shade:GreyBargain","Shade:SkeletonHug","Shade:Trample+1"],"picked":"SKIP","floor":20.0},{"not_picked":["Shade:GraveStillness","Shade:FingerOfDeath","Shade:AblativeArmor+1","Shade:CoffinDance"],"picked":"SKIP","floor":21.0},{"not_picked":["Shade:FuneraryArmor","Shade:AuraOfUnlife+1","Shade:PotionOfRestlessness","Shade:AncientSpear"],"picked":"SKIP","floor":24.0},{"not_picked":["Shade:Carnophage","Shade:OpenGraves","Shade:Awaken","Shade:GoDigging"],"picked":"SKIP","floor":27.0},{"not_picked":["Shade:AblativeArmor","Shade:SpectralStrikes","Shade:FleshToFlesh"],"picked":"Shade:DangerousRitual","floor":29.0},{"not_picked":["Shade:SanguineRitual","Shade:Frenzy","Shade:OminousRitual"],"picked":"Shade:WallOfFlesh","floor":30.0},{"not_picked":["Shade:AncientSpear","Shade:FreshBones","Shade:CallOfTheGrave+1","Shade:FeralStrike"],"picked":"SKIP","floor":31.0},{"not_picked":["Shade:WallOfFlesh","Shade:FleshOffering","Shade:CommandSoldier"],"picked":"Shade:Brains+1","floor":35},{"not_picked":["Shade:CoffinDance","Shade:ExtraLimbs","Shade:FuneraryArmor+1","Shade:AuraOfUnlife"],"picked":"SKIP","floor":39},{"not_picked":["Shade:ScuttlingHand","Shade:LoseControl","Shade:FeralStrike","Shade:ClawBack+1"],"picked":"Singing Bowl","floor":40},{"not_picked":["Shade:WallOfFlesh","Shade:Excise","Shade:Premonition","Shade:AuraOfUnlife"],"picked":"Singing Bowl","floor":42},{"not_picked":["Shade:PoundOfFlesh","Shade:FleshToFlesh","Shade:FeralStrike"],"picked":"Shade:FleshLikeOak","floor":45},{"not_picked":["Shade:ClawBack+1","Shade:FeralStrike","Shade:FingerOfDeath+1"],"picked":"Shade:Brains+1","floor":48},{"not_picked":["Shade:ClawBack","Shade:GreaterAnimation","Shade:GoDigging","Shade:Asphyxiate"],"picked":"Singing Bowl","floor":54}],"player_experience":1117529,"relics_obtained":[{"floor":6.0,"key":"Eternal Feather"},{"floor":9.0,"key":"Anchor"},{"floor":12.0,"key":"Strawberry"},{"floor":14.0,"key":"Du-Vu Doll"},{"floor":24.0,"key":"Pantograph"},{"floor":26.0,"key":"Juzu Bracelet"},{"floor":29.0,"key":"Peace Pipe"},{"floor":29.0,"key":"Pear"},{"floor":30.0,"key":"Happy Flower"},{"floor":40,"key":"Singing Bowl"},{"floor":42,"key":"Mercury Hourglass"},{"floor":48,"key":"Bronze Scales"},{"floor":54,"key":"Akabeko"}],"event_choices":[{"damage_healed":0.0,"max_hp_gain":0.0,"max_hp_loss":0.0,"gold_gain":0.0,"event_name":"Golden Idol","player_choice":"Take Wound","floor":2.0,"gold_loss":0.0,"damage_taken":0.0,"relics_obtained":["Golden Idol"],"cards_obtained":["Injury"]},{"cards_removed":["Injury"],"damage_healed":0.0,"max_hp_gain":0.0,"max_hp_loss":0.0,"gold_gain":0.0,"event_name":"Purifier","player_choice":"Purged","floor":3.0,"gold_loss":0.0,"damage_taken":0.0},{"damage_healed":0.0,"max_hp_gain":0.0,"max_hp_loss":0.0,"gold_gain":0.0,"event_name":"Elementarium:OnrushingOffering","player_choice":"Toss","floor":19.0,"gold_loss":10.0,"damage_taken":0.0,"cards_obtained":["Elementarium:GildedEssence"]},{"damage_healed":0.0,"max_hp_gain":0.0,"max_hp_loss":0.0,"gold_gain":0.0,"event_name":"Elementarium:VoidShrine","player_choice":"Embrace","floor":22.0,"gold_loss":0.0,"damage_taken":0.0,"cards_obtained":["Doubt","Shade:LichForm"]},{"damage_healed":0.0,"max_hp_gain":0.0,"max_hp_loss":0.0,"gold_gain":0.0,"event_name":"Elementarium:FireSanctum","player_choice":"Fight","floor":29.0,"gold_loss":0.0,"damage_taken":0.0},{"damage_healed":0.0,"max_hp_gain":0.0,"max_hp_loss":0.0,"gold_gain":0.0,"event_name":"Elementarium:FireSanctum","player_choice":"Confrontation","floor":29.0,"gold_loss":0.0,"damage_taken":0.0},{"damage_healed":0,"gold_gain":0,"player_choice":"Ignored","damage_taken":0,"max_hp_gain":0,"max_hp_loss":0,"event_name":"Elementarium:ChestOfTheGoldenMirage","floor":36,"gold_loss":0},{"damage_healed":0,"gold_gain":0,"player_choice":"Memory 1","damage_taken":0,"max_hp_gain":0,"max_hp_loss":0,"event_name":"SensoryStone","floor":37,"gold_loss":0},{"damage_healed":21,"gold_gain":0,"player_choice":"Writhe","damage_taken":0,"max_hp_gain":0,"max_hp_loss":0,"event_name":"Winding Halls","floor":38,"gold_loss":0,"cards_obtained":["Writhe"]},{"damage_healed":0,"gold_gain":275,"player_choice":"Desecrate","damage_taken":0,"max_hp_gain":0,"max_hp_loss":0,"event_name":"Golden Shrine","floor":41,"gold_loss":0,"cards_obtained":["Regret"]},{"damage_healed":75,"gold_gain":0,"player_choice":"Heal","damage_taken":0,"max_hp_gain":0,"max_hp_loss":11,"event_name":"The Moai Head","floor":46,"gold_loss":0}],"is_beta":false,"boss_relics":[{"not_picked":["SacredBark","Runic Pyramid"],"picked":"Snecko Eye"},{"not_picked":["Tiny House","Busted Crown"],"picked":"Cursed Key"}],"items_purged_floors":[47,53],"is_endless":false,"potions_floor_spawned":[1,8,11,14,16,20,24,29,30,33,35,42,48],"killed_by":"The Heart","ascension_level":12}}