{"host":"2j7k79oxv8es4yqd","time":1611980481,"event":{"mods":["BaseMod","Minty Spire (QoL Compilation)","Permanent Neow","Reliquary","StSLib"],"gold_per_floor":[112,125,78,78,78,103,103,114,147,156,171,187,187,206,206,317,317,335,351,361,370,382,382,382,382,391,410,421,456,313,328,328,449,449,462,462,513,526,539,539,539,539,539],"floor_reached":42,"language":"ZHS","playtime":1468,"items_purged":["Strike_R"],"score":672,"play_id":"51bec15a-1154-42d3-a022-8406f8ff749d","local_time":"20210130122121","daily_mods":["Vintage","Heirloom","Cursed Run","Uncertain Future","Binary"],"is_ascension_mode":false,"campfire_choices":[{"data":"Bash","floor":7,"key":"SMITH"},{"data":"Shrug It Off","floor":13,"key":"SMITH"},{"data":"Defend_R","floor":15,"key":"SMITH"},{"data":"Pommel Strike","floor":24,"key":"SMITH"},{"floor":32,"key":"REST"},{"data":"Strike_R","floor":40,"key":"SMITH"}],"circlet_count":0,"master_deck":["Strike_R","Strike_R+1","Strike_R+1","Defend_R+1","Defend_R+1","Defend_R+1","Defend_R+1","Bash+1","Shrug It Off+1","Regret","Decay","Clumsy","Normality","Pommel Strike+1","Pain","Parasite"],"relics":["Cursed Key","Darkstone Periapt","Du-Vu Doll","Busted Crown","reliquary:OuijaBoard","reliquary:Stiletto","reliquary:Firecrackers","Shovel","CeramicFish","Dream Catcher","reliquary:BoilingFlask","reliquary:BallBearing","Pear","The Courier","SlaversCollar","Pantograph","Vajra","Lantern","reliquary:Aerogel","reliquary:QuartzCube","CeramicFish","Thread and Needle","Matryoshka","reliquary:RedPaperclip","InkBottle","Ginger","reliquary:MedicineBall","Self Forming Clay"],"acts_visited":["Exordium","TheCity","TheBeyond"],"potions_floor_usage":[22,33],"damage_taken":[{"damage":0,"enemies":"Jaw Worm","floor":1,"turns":2},{"damage":5,"enemies":"Small Slimes","floor":2,"turns":3},{"damage":16,"enemies":"Lagavulin","floor":6,"turns":7},{"damage":0,"enemies":"2 Louse","floor":8,"turns":1},{"damage":13,"enemies":"Exordium Thugs","floor":11,"turns":3},{"damage":0,"enemies":"Blue Slaver","floor":12,"turns":1},{"damage":5,"enemies":"2 Fungi Beasts","floor":14,"turns":3},{"damage":4,"enemies":"Slime Boss","floor":16,"turns":4},{"damage":1,"enemies":"Chosen","floor":18,"turns":2},{"damage":0,"enemies":"Shell Parasite","floor":19,"turns":2},{"damage":9,"enemies":"Chosen and Byrds","floor":20,"turns":4},{"damage":11,"enemies":"Centurion and Healer","floor":22,"turns":4},{"damage":16,"enemies":"Snake Plant","floor":27,"turns":2},{"damage":14,"enemies":"Shelled Parasite and Fungi","floor":28,"turns":4},{"damage":24,"enemies":"Book of Stabbing","floor":29,"turns":6},{"damage":13,"enemies":"Snecko","floor":31,"turns":3},{"damage":69,"enemies":"Automaton","floor":33,"turns":7},{"damage":12,"enemies":"3 Darklings","floor":35,"turns":4},{"damage":16,"enemies":"2 Orb Walkers","floor":37,"turns":6},{"damage":7,"enemies":"3 Shapes","floor":38,"turns":5},{"damage":8,"enemies":"Sphere and 2 Shapes","floor":39,"turns":4},{"damage":5,"enemies":"3 Darklings","floor":42,"turns":2}],"seed_played":"-6742759880788049494","potions_obtained":[{"floor":2,"key":"ElixirPotion"},{"floor":11,"key":"Strength Potion"},{"floor":12,"key":"LiquidBronze"},{"floor":14,"key":"DuplicationPotion"},{"floor":18,"key":"AttackPotion"},{"floor":37,"key":"FearPotion"}],"is_trial":true,"path_per_floor":["M","M","$","?","?","E","R","M","T","T","M","M","R","M","R","B",null,"M","M","M","?","M","?","R","?","T","M","M","E","$","M","R","B",null,"M","?","?","M","M","R","?","M"],"character_chosen":"IRONCLAD","items_purchased":["Shrug It Off","HeartOfIron"],"campfire_rested":1,"item_purchase_floors":[3,30],"current_hp_per_floor":[80,75,75,59,65,49,49,49,55,61,48,58,58,53,53,55,114,113,113,104,104,93,93,93,93,99,83,69,45,45,32,68,30,126,114,114,98,91,83,83,73,68,68],"gold":539,"neow_bonus":"","is_daily":false,"chose_seed":false,"campfire_upgraded":5,"win_rate":0.0,"timestamp":1611980481,"path_taken":["M","M","$","?","?","E","R","M","T","?","M","M","R","M","R","BOSS","M","M","M","?","M","?","R","?","T","M","M","E","$","M","R","BOSS","M","?","?","M","M","R","?","M"],"items_purchased_type":["Card","Potion"],"build_version":"2020-12-22","purchased_purges":1,"victory":false,"max_hp_per_floor":[80,80,80,80,86,86,86,86,92,98,98,108,108,108,108,114,114,114,114,114,114,114,114,114,114,120,120,120,120,120,120,120,126,126,126,126,126,126,126,126,126,126,126],"card_choices":[],"player_experience":524540,"relics_obtained":[{"floor":1,"key":"reliquary:Stiletto"},{"floor":2,"key":"reliquary:Firecrackers"},{"floor":6,"key":"Shovel"},{"floor":8,"key":"CeramicFish"},{"floor":9,"key":"Dream Catcher"},{"floor":10,"key":"reliquary:BoilingFlask"},{"floor":11,"key":"reliquary:BallBearing"},{"floor":12,"key":"Pear"},{"floor":14,"key":"The Courier"},{"floor":18,"key":"Pantograph"},{"floor":19,"key":"Vajra"},{"floor":20,"key":"Lantern"},{"floor":22,"key":"reliquary:Aerogel"},{"floor":26,"key":"reliquary:QuartzCube"},{"floor":27,"key":"reliquary:SculptingSteel"},{"floor":28,"key":"reliquary:PorcupineQuills"},{"floor":29,"key":"Thread and Needle"},{"floor":31,"key":"Matryoshka"},{"floor":35,"key":"InkBottle"},{"floor":37,"key":"Ginger"},{"floor":38,"key":"reliquary:MedicineBall"},{"floor":39,"key":"Self Forming Clay"}],"event_choices":[{"damage_healed":0,"gold_gain":0,"player_choice":"Entered Light","damage_taken":16,"max_hp_gain":0,"max_hp_loss":0,"event_name":"Shining Light","floor":4,"gold_loss":0,"cards_upgraded":["Strike_R","Defend_R"]},{"damage_healed":0,"gold_gain":0,"player_choice":"Box","damage_taken":0,"relics_obtained":["War Paint"],"max_hp_gain":0,"max_hp_loss":0,"event_name":"Big Fish","floor":5,"gold_loss":0,"cards_obtained":["Regret"]},{"damage_healed":0,"gold_gain":0,"player_choice":"Read","damage_taken":0,"max_hp_gain":0,"max_hp_loss":0,"event_name":"The Library","floor":21,"gold_loss":0,"cards_obtained":["Pommel Strike"]},{"damage_healed":0,"gold_gain":0,"player_choice":"Ignored","damage_taken":0,"max_hp_gain":0,"max_hp_loss":0,"event_name":"Ghosts","floor":23,"gold_loss":0},{"damage_healed":0,"gold_gain":0,"player_choice":"Bought 0 Potions","damage_taken":0,"max_hp_gain":0,"max_hp_loss":0,"event_name":"The Woman in Blue","floor":25,"gold_loss":0},{"cards_removed":["Strike_R"],"damage_healed":0,"gold_gain":0,"player_choice":"Removed Attack","damage_taken":0,"max_hp_gain":0,"max_hp_loss":0,"event_name":"Falling","floor":36,"gold_loss":0},{"damage_healed":0,"gold_gain":0,"player_choice":"Fight","damage_taken":0,"max_hp_gain":0,"max_hp_loss":0,"event_name":"Mysterious Sphere","floor":37,"gold_loss":0},{"damage_healed":0,"gold_gain":0,"player_choice":"Memory 3","damage_taken":10,"max_hp_gain":0,"max_hp_loss":0,"event_name":"SensoryStone","floor":41,"gold_loss":0}],"is_beta":false,"boss_relics":[{"not_picked":["SacredBark","Coffee Dripper"],"picked":"SlaversCollar"},{"not_picked":["Black Star","Pandora\u0027s Box"],"picked":"reliquary:RedPaperclip"}],"items_purged_floors":[30],"is_endless":false,"potions_floor_spawned":[2,11,12,14,18,31,37],"killed_by":"3 Darklings","ascension_level":0}}