{"host":"snjtcuf7krqplf70","time":1611969916,"event":{"mods":["AchievementEnabler","BaseMod","Colored Map","Colored Powertips","Minty Spire (QoL Compilation)","StSLib"],"gold_per_floor":[116,166,191,204,59,59,84,101,125,160,160,160,160,179,179,283,283,302,321,3,19,19,19,30,30,56,90,90,120,70,90,90,193,193,203,216,266,541,541,541],"floor_reached":39,"language":"ENG","playtime":2859,"items_purged":["Defend_G","Strike_G"],"score":607,"play_id":"77b1efa8-a492-451e-acec-253db1a3e2c2","local_time":"20210129172516","is_ascension_mode":true,"campfire_choices":[{"data":"Blur","floor":6,"key":"SMITH"},{"data":"Blur","floor":12,"key":"SMITH"},{"data":"Terror","floor":15,"key":"SMITH"},{"data":"Accuracy","floor":23,"key":"SMITH"},{"floor":25,"key":"REST"},{"floor":32,"key":"REST"}],"circlet_count":0,"master_deck":["Strike_G","Strike_G+1","Defend_G+1","Defend_G","Defend_G+1","Survivor","Neutralize","Blur+1","Backflip","Infinite Blades+1","Blur+1","Malaise+1","Terror+1","Burst","Infinite Blades+1","Accuracy+1","PiercingWail","Sadistic Nature","Backstab+1","Blur+1","Deadly Poison+1","Adrenaline","Enlightenment","Venomology","Burst+1","Terror+1","Envenom+1","Prepared+1","Backstab+1","Expertise+1"],"relics":["Ring of the Snake","NeowsBlessing","Ancient Tea Set","Omamori","Regal Pillow","Oddly Smooth Stone","Smiling Mask","Philosopher\u0027s Stone","Whetstone","Nunchaku","War Paint","Astrolabe","Du-Vu Doll"],"acts_visited":["Exordium","TheCity","TheBeyond"],"potions_floor_usage":[10,16,16,21,33,35,37,37],"damage_taken":[{"damage":0,"enemies":"Cultist","floor":1,"turns":1},{"damage":0,"enemies":"Jaw Worm","floor":4,"turns":1},{"damage":0,"enemies":"Lagavulin","floor":7,"turns":2},{"damage":0,"enemies":"2 Louse","floor":8,"turns":5},{"damage":15,"enemies":"3 Sentries","floor":10,"turns":14},{"damage":0,"enemies":"Large Slime","floor":14,"turns":12},{"damage":0,"enemies":"The Guardian","floor":16,"turns":15},{"damage":29,"enemies":"3 Byrds","floor":18,"turns":10},{"damage":1,"enemies":"Spheric Guardian","floor":19,"turns":8},{"damage":3,"enemies":"Centurion and Healer","floor":21,"turns":7},{"damage":27,"enemies":"Cultist and Chosen","floor":24,"turns":6},{"damage":26,"enemies":"Slavers","floor":27,"turns":5},{"damage":9,"enemies":"Gremlin Leader","floor":29,"turns":5},{"damage":0,"enemies":"Snecko","floor":31,"turns":5},{"damage":0,"enemies":"Champ","floor":33,"turns":10},{"damage":9,"enemies":"Orb Walker","floor":35,"turns":2},{"damage":40,"enemies":"3 Shapes","floor":36,"turns":5},{"damage":7,"enemies":"Mind Bloom Boss Battle","floor":37,"turns":6},{"damage":20,"enemies":"Jaw Worm Horde","floor":39,"turns":1}],"seed_played":"-9088208680808457536","potions_obtained":[{"floor":7,"key":"Ancient Potion"},{"floor":8,"key":"AttackPotion"},{"floor":10,"key":"Energy Potion"},{"floor":18,"key":"ColorlessPotion"},{"floor":29,"key":"FearPotion"},{"floor":31,"key":"ColorlessPotion"},{"floor":36,"key":"CultistPotion"}],"is_trial":false,"path_per_floor":["M","T","T","M","$","R","E","M","T","E","?","R","?","M","R","B",null,"M","M","$","M","?","R","M","R","T","E","?","E","$","M","R","B",null,"M","M","?","?","M"],"character_chosen":"THE_SILENT","items_purchased":["Omamori","Accuracy","PiercingWail","Sadistic Nature"],"campfire_rested":2,"item_purchase_floors":[5,20,20,20],"current_hp_per_floor":[70,70,70,70,70,70,70,70,70,55,55,55,55,55,55,55,70,41,40,40,37,37,37,10,46,46,20,20,11,11,11,47,47,70,61,21,14,14,0,0],"gold":541,"neow_bonus":"THREE_ENEMY_KILL","is_daily":false,"chose_seed":false,"campfire_upgraded":4,"win_rate":0.0,"timestamp":1611969916,"path_taken":["M","?","?","?","$","R","E","M","T","E","?","R","?","M","R","BOSS","M","M","$","?","?","R","?","R","T","E","?","E","$","?","R","BOSS","M","M","?","?","M"],"items_purchased_type":["Relic","Card","Card","Card"],"build_version":"2020-12-22","purchased_purges":2,"victory":false,"max_hp_per_floor":[70,70,70,70,70,70,70,70,70,70,70,70,70,70,70,70,70,70,70,70,70,70,70,70,70,70,70,70,70,70,70,70,70,70,70,70,70,70,70,70],"card_choices":[{"not_picked":["Bane","Endless Agony"],"picked":"Blur","floor":1},{"not_picked":["Tactician","Quick Slash"],"picked":"Backflip","floor":4},{"not_picked":["Catalyst","Adrenaline"],"picked":"Infinite Blades","floor":7},{"not_picked":["Deadly Poison","Underhanded Strike"],"picked":"Blur","floor":8},{"not_picked":["Phantasmal Killer","Underhanded Strike"],"picked":"Malaise","floor":10},{"not_picked":["Deflect","Choke"],"picked":"Terror","floor":14},{"not_picked":["Unload","Storm of Steel"],"picked":"Burst","floor":16},{"not_picked":["Poisoned Stab","Catalyst"],"picked":"Infinite Blades+1","floor":18},{"not_picked":["Blade Dance","Underhanded Strike","Slice"],"picked":"SKIP","floor":19},{"not_picked":["Underhanded Strike","Predator"],"picked":"Backstab","floor":21},{"not_picked":["Tactician+1","Quick Slash"],"picked":"Deadly Poison+1","floor":24},{"not_picked":["Dagger Throw","Flying Knee"],"picked":"Adrenaline","floor":27},{"not_picked":["Footwork","Underhanded Strike","Masterful Stab"],"picked":"SKIP","floor":29},{"not_picked":["Bane","Sucker Punch","Outmaneuver"],"picked":"SKIP","floor":31},{"not_picked":["A Thousand Cuts","Tools of the Trade"],"picked":"Venomology","floor":33},{"not_picked":["Backstab","Blade Dance"],"picked":"Prepared+1","floor":35},{"not_picked":["Riddle With Holes","Prepared+1"],"picked":"Backstab+1","floor":36},{"not_picked":["Slice+1","Flying Knee"],"picked":"Expertise+1","floor":37}],"player_experience":153258,"relics_obtained":[{"floor":3,"key":"Ancient Tea Set"},{"floor":7,"key":"Regal Pillow"},{"floor":9,"key":"Oddly Smooth Stone"},{"floor":10,"key":"Smiling Mask"},{"floor":26,"key":"Whetstone"},{"floor":27,"key":"Nunchaku"},{"floor":29,"key":"War Paint"},{"floor":37,"key":"Du-Vu Doll"}],"event_choices":[{"damage_healed":0,"gold_gain":0,"player_choice":"Grow","damage_taken":0,"max_hp_gain":0,"max_hp_loss":0,"event_name":"Living Wall","floor":11,"gold_loss":0,"cards_upgraded":["Malaise"]},{"damage_healed":0,"gold_gain":0,"player_choice":"Upgraded","damage_taken":0,"max_hp_gain":0,"max_hp_loss":0,"event_name":"Upgrade Shrine","floor":13,"gold_loss":0,"cards_upgraded":["Infinite Blades"]},{"damage_healed":0,"gold_gain":0,"player_choice":"Copied","damage_taken":0,"max_hp_gain":0,"max_hp_loss":0,"event_name":"Duplicator","floor":22,"gold_loss":0,"cards_obtained":["Blur"]},{"damage_healed":0,"gold_gain":0,"player_choice":"1 cards matched","damage_taken":0,"max_hp_gain":0,"max_hp_loss":0,"event_name":"Match and Keep!","floor":28,"gold_loss":0,"cards_obtained":["Enlightenment"]},{"damage_healed":0,"gold_gain":0,"player_choice":"1 cards matched","damage_taken":0,"max_hp_gain":0,"max_hp_loss":0,"event_name":"Match and Keep!","floor":28,"gold_loss":0,"cards_obtained":["Enlightenment"]},{"damage_healed":0,"gold_gain":0,"player_choice":"Fight","damage_taken":0,"max_hp_gain":0,"max_hp_loss":0,"event_name":"MindBloom","floor":37,"gold_loss":0},{"damage_healed":0,"gold_gain":275,"player_choice":"Desecrate","damage_taken":0,"max_hp_gain":0,"max_hp_loss":0,"event_name":"Golden Shrine","floor":38,"gold_loss":0,"cards_obtained":["Regret"]}],"is_beta":false,"boss_relics":[{"not_picked":["Calling Bell","SlaversCollar"],"picked":"Philosopher\u0027s Stone"},{"not_picked":["Black Star","HoveringKite"],"picked":"Astrolabe"}],"items_purged_floors":[20,30],"is_endless":false,"potions_floor_spawned":[7,8,10,18,29,31,36],"killed_by":"Jaw Worm Horde","ascension_level":2}}