{"host":"3vgzk5mhz751jdrj","time":1611980519,"event":{"mods":["2.2 Compatiblity","AchievementEnabler","Act Like it!","Aspiration","BaseMod","Better Altar","Better Match","Better Note","Better Sensory Stone","Better Skull","Better Third Choice","Block Reminder","Colored Map","Conspire","Curses Come First","Dark Map","Displayed Cursed Tome","Downfall","Friendly Minions","GifTheSpireLib","Halation","Hubris","Marked Mod","Mimic Mod","Minty Spire (QoL Compilation)","Quick Restart","Rare Cards Sparkle","Replay The Spire","Shop Mod","Spicy Shops","Spikes Relics","StSLib","Stuff the Spire","TheSurvivalist","Trackpad"],"gold_per_floor":[112,187,203,222,54,85,85,95,95,14,34,34,34,54,54,158,158,171,171,188,42,61,61,71,71,146,146,146,158,185,185,185,285,285,300,318,318,337,337,362,362,362,362,381,381,396,427,50,50,50,50],"floor_reached":50,"language":"ENG","playtime":2465,"items_purged":[],"score":522,"play_id":"c56f9118-23ba-46c5-9f48-8a77281f381e","local_time":"20210129232159","is_ascension_mode":false,"campfire_choices":[{"data":"survmod:FlareQuiver","floor":7.0,"key":"SMITH"},{"data":"survmod:MarkedFromAfar","floor":12.0,"key":"SMITH"},{"floor":15.0,"key":"REST"},{"floor":23.0,"key":"REST"},{"floor":25.0,"key":"REST"},{"data":"survmod:Sprint","floor":28.0,"key":"SMITH"},{"floor":32.0,"key":"REST"},{"floor":42,"key":"REST"},{"floor":45,"key":"REST"},{"floor":49,"key":"RECALL"}],"circlet_count":0,"master_deck":["survmod:Strike","survmod:Defend","survmod:Defend","survmod:Defend","survmod:Defend","survmod:VersatileOffense","survmod:Sprint+1","survmod:GoForFace","survmod:AcidTrap","survmod:FlareQuiver+1","survmod:GoForFace","survmod:VersatileDefense","survmod:MarkTrap","survmod:MarkedFromAfar+1","survmod:AcidArrow+1","survmod:MarkedShot","survmod:ExpertSniper","survmod:FlareQuiver+1","Slice","StuffTheSpire:ClusterCrunch","survmod:FlashbangTrap+1","survmod:PenetratingShot","survmod:MarkedShot+1","survmod:FlashbangTrap","survmod:MutantEnergy","survmod:PiercingShot","survmod:FocusedFire+1","survmod:TacticalManeuver+1","survmod:NockAnArrow+1","survmod:Detonation"],"relics":["survmod:InnateMutation","NeowsBlessing","aspiration:VileToxins","Ancient Tea Set","hubris:Backtick","survmod:GoodBoy","Bag of Preparation","Bottled Flame","ReplayTheSpireMod:TigerMarble","Ice Cream","bronze:MakeshiftBattery","hubris:Towel","StuffTheSpire:Nightcore","Torii","Bag of Marbles","StuffTheSpire:EmeraldSignet","Guardian:PocketSentry"],"acts_visited":["Exordium","TheCity","TheBeyond"],"potions_floor_usage":[33,33,33,38,46,46,46,50,50],"damage_taken":[{"damage":0.0,"enemies":"Jaw Worm","floor":1.0,"turns":1.0},{"damage":0.0,"enemies":"Cultist","floor":3.0,"turns":1.0},{"damage":0.0,"enemies":"2 Louse","floor":4.0,"turns":1.0},{"damage":2.0,"enemies":"Lagavulin","floor":6.0,"turns":10.0},{"damage":4.0,"enemies":"2 Fungi Beasts","floor":8.0,"turns":4.0},{"damage":1.0,"enemies":"Red Slaver","floor":11.0,"turns":5.0},{"damage":3.0,"enemies":"Blue Slaver","floor":14.0,"turns":5.0},{"damage":10.0,"enemies":"Slime Boss","floor":16.0,"turns":10.0},{"damage":3.0,"enemies":"Shell Parasite","floor":18.0,"turns":7.0},{"damage":9.0,"enemies":"2 Thieves","floor":20.0,"turns":4.0},{"damage":27.0,"enemies":"Shelled Parasite and Fungi","floor":22.0,"turns":7.0},{"damage":0.0,"enemies":"Centurion and Healer","floor":24.0,"turns":6.0},{"damage":0.0,"enemies":"Cultist and Chosen","floor":29.0,"turns":4.0},{"damage":12.0,"enemies":"Slavers","floor":30.0,"turns":3.0},{"damage":16,"enemies":"Champ","floor":33,"turns":7},{"damage":0,"enemies":"Orb Walker","floor":35,"turns":4},{"damage":4,"enemies":"3 Shapes","floor":36,"turns":4},{"damage":18,"enemies":"Sphere and 2 Shapes","floor":38,"turns":4},{"damage":22,"enemies":"Nemesis","floor":40,"turns":7},{"damage":23,"enemies":"Spire Growth","floor":44,"turns":5},{"damage":0,"enemies":"Writhing Mass","floor":46,"turns":2},{"damage":10,"enemies":"Giant Head","floor":47,"turns":7},{"damage":40,"enemies":"conspire:OrnateMirror","floor":50,"turns":2}],"seed_played":"7254592006144121790","potions_obtained":[{"floor":3.0,"key":"SteroidPotion"},{"floor":8.0,"key":"PowerPotion"},{"floor":24.0,"key":"LifebloodPotion"},{"floor":29.0,"key":"Swift Potion"},{"floor":30.0,"key":"PowerPotion"},{"floor":31.0,"key":"Guardian:BlockOnCardUsePotion"},{"floor":31.0,"key":"Toxic Potion"},{"floor":33,"key":"champ:CounterPotion"},{"floor":36,"key":"Reflective Coating"},{"floor":38,"key":"SpeedPotion"},{"floor":44,"key":"SkillPotion"},{"floor":46,"key":"Death Potion"}],"is_trial":false,"path_per_floor":["M","?","M","M","$","E","R","M","T","$","M","R","?","M","R","B",null,"M","?","M","$","M","R","M","R","T","?","R","M","E","?","R","B",null,"M","M","?","M","?","E","T","R","T","M","R","M","E","$","R","B"],"character_chosen":"THE_SURVIVOR","items_purchased":["aspiration:VileToxins","survmod:GoForFace","survmod:MarkedFromAfar","Bag of Preparation","Guardian:PocketSentry","Flashbang","DuplicationPotion"],"campfire_rested":6,"item_purchase_floors":[5,5,10,21,48,48,48],"current_hp_per_floor":[50,45,45,45,45,43,43,39,39,39,38,38,38,35,50,40,50,47,47,38,38,11,26,26,41,41,41,41,41,29,29,44,28,50,50,46,50,32,32,10,10,25,25,2,17,17,7,7,7,0,0],"gold":50,"neow_bonus":"THREE_ENEMY_KILL","is_daily":false,"chose_seed":false,"campfire_upgraded":3,"win_rate":0.0,"timestamp":1611980519,"path_taken":["M","?","M","?","$","E","R","M","T","?","?","R","?","M","R","BOSS","M","?","?","$","M","R","M","R","T","?","R","M","E","?","R","BOSS","M","M","?","?","?","E","?","R","T","M","R","M","E","$","R","BOSS"],"items_purchased_type":["Relic","Card","Card","Relic","Relic","Potion","Potion"],"build_version":"2020-12-22","purchased_purges":0,"victory":false,"max_hp_per_floor":[50,50,50,50,50,50,50,50,50,50,50,50,50,50,50,50,50,50,50,50,50,50,50,50,50,50,50,50,50,50,50,50,50,50,50,50,50,50,50,50,50,50,50,50,50,50,50,50,50,50,50],"card_choices":[{"not_picked":["survmod:SimpleMutation","survmod:TwinShot"],"picked":"survmod:GoForFace","floor":1.0},{"not_picked":["survmod:FindCover","survmod:SimpleMutation"],"picked":"survmod:AcidTrap","floor":3.0},{"not_picked":["survmod:KnowThyEnemy","survmod:SwiftKick"],"picked":"survmod:FlareQuiver","floor":4.0},{"not_picked":["survmod:BearTrap","survmod:FlareQuiver"],"picked":"survmod:VersatileDefense","floor":6.0},{"not_picked":["survmod:PinningSnipe","survmod:SimpleMutation"],"picked":"survmod:MarkTrap","floor":8.0},{"not_picked":["survmod:LongShot","survmod:ExplosiveTrap"],"picked":"survmod:AcidArrow","floor":11.0},{"not_picked":["survmod:MarkTrap","survmod:TakeAim"],"picked":"survmod:MarkedShot","floor":14.0},{"not_picked":["survmod:PerfectPosition","survmod:LeapingShot"],"picked":"survmod:ExpertSniper","floor":16.0},{"not_picked":["survmod:UnfortunateEscape+1","survmod:AcidTrap"],"picked":"survmod:FlareQuiver+1","floor":18.0},{"not_picked":["survmod:AcidTrap","survmod:LongShot"],"picked":"survmod:FlashbangTrap+1","floor":20.0},{"not_picked":["survmod:ExplosiveTrap","survmod:FindCover"],"picked":"survmod:PenetratingShot","floor":22.0},{"not_picked":["survmod:MarkedFromAfar","survmod:BearTrap"],"picked":"survmod:MarkedShot+1","floor":24.0},{"not_picked":["survmod:TrapTrap","survmod:GoForFace"],"picked":"survmod:FlashbangTrap","floor":29.0},{"not_picked":["survmod:AimForTheLiver","survmod:UnfortunateEscape+1","survmod:BendAndBow"],"picked":"SKIP","floor":30.0},{"not_picked":["survmod:Detonation","survmod:NeedleShot"],"picked":"survmod:MutantEnergy","floor":33},{"not_picked":["survmod:MarkedShot","survmod:QuickDash+1"],"picked":"survmod:PiercingShot","floor":35},{"not_picked":["survmod:OverwhelmingAssault+1","survmod:WalledOffTraps","survmod:TwinShot"],"picked":"SKIP","floor":36},{"not_picked":["survmod:LongShot+1","survmod:MarkTrap"],"picked":"survmod:FocusedFire+1","floor":38},{"not_picked":["survmod:FenceTrap","survmod:QuickDash+1"],"picked":"survmod:TacticalManeuver+1","floor":40},{"not_picked":["survmod:PiercingShot","survmod:UnfortunateEscape","survmod:AimForTheLiver+1"],"picked":"SKIP","floor":44},{"not_picked":["survmod:ExplosiveTrap","survmod:PinningSnipe"],"picked":"survmod:NockAnArrow+1","floor":46},{"not_picked":["survmod:MarkedFromAfar","survmod:TwinShot"],"picked":"survmod:Detonation","floor":47}],"player_experience":415543,"relics_obtained":[{"floor":6.0,"key":"Ancient Tea Set"},{"floor":26.0,"key":"Bottled Flame"},{"floor":30.0,"key":"Ice Cream"},{"floor":40,"key":"StuffTheSpire:Nightcore"},{"floor":41,"key":"Torii"},{"floor":43,"key":"Bag of Marbles"},{"floor":47,"key":"StuffTheSpire:EmeraldSignet"}],"event_choices":[{"damage_healed":0.0,"max_hp_gain":0.0,"max_hp_loss":0.0,"gold_gain":75.0,"event_name":"FaceTrader","player_choice":"Touch","floor":2.0,"gold_loss":0.0,"damage_taken":5.0},{"damage_healed":0.0,"max_hp_gain":0.0,"max_hp_loss":0.0,"gold_gain":0.0,"event_name":"Living Wall","player_choice":"Grow","floor":13.0,"gold_loss":0.0,"damage_taken":0.0,"cards_upgraded":["survmod:AcidArrow"]},{"damage_healed":0.0,"max_hp_gain":0.0,"max_hp_loss":0.0,"gold_gain":0.0,"event_name":"WeMeetAgain","player_choice":"Gave Potion","floor":27.0,"gold_loss":0.0,"damage_taken":0.0,"relics_obtained":["ReplayTheSpireMod:TigerMarble"]},{"damage_healed":0.0,"max_hp_gain":0.0,"max_hp_loss":0.0,"gold_gain":0.0,"event_name":"Lab","player_choice":"Got Potions","floor":31.0,"gold_loss":0.0,"damage_taken":0.0},{"cards_removed":["Sucker Punch"],"damage_healed":5,"gold_gain":0,"player_choice":"Offered Common","damage_taken":0,"max_hp_gain":0,"max_hp_loss":0,"event_name":"Bonfire Elementals","floor":37,"gold_loss":0},{"cards_removed":["Sucker Punch"],"damage_healed":5,"gold_gain":0,"player_choice":"Offered Special","damage_taken":0,"max_hp_gain":0,"max_hp_loss":0,"event_name":"Bonfire Elementals","floor":37,"gold_loss":0}],"is_beta":false,"boss_relics":[{"not_picked":["StuffTheSpire:ModemDavis","hubris:RunicObelisk"],"picked":"hubris:Backtick"},{"not_picked":["halation:Prosthetics","Abe\u0027s Treasure"],"picked":"bronze:MakeshiftBattery"}],"items_purged_floors":[],"is_endless":false,"potions_floor_spawned":[3,8,24,29,30,33,36,38,44,46],"killed_by":"conspire:OrnateMirror","ascension_level":0}}