{"host":"hpn0uxah5qjr7pa6","time":1611978030,"event":{"mods":["Act Like it!","BaseMod","BetterRewards","Colored Powertips","Conspire","Downfall","Hallownest","Hermit","Hubris","Infinite Spire","Minty Spire (QoL Compilation)","Quick Restart","Replay The Spire","StSLib","The Jungle"],"gold_per_floor":[0,14,26,26,40,40,40,54,70,70,70,89,104,123,135,237,237,237,247,262,262,262,272,272,272,55,68,68,82,82,82,102,102,102,102],"floor_reached":33,"language":"ENG","playtime":1314,"items_purged":[],"score":307,"play_id":"55a83889-e421-43c9-9bfc-c0792fda4484","local_time":"20210129194030","is_ascension_mode":true,"campfire_choices":[{"data":"bronze:Replicate","floor":1,"key":"SMITH"},{"floor":6,"key":"REST"},{"floor":10,"key":"REST"},{"data":"bronze:AlphaBuild","floor":18,"key":"SMITH"},{"floor":25,"key":"REST"},{"floor":28,"key":"REST"}],"circlet_count":0,"master_deck":["bronze:Strike","bronze:Strike","bronze:Strike","bronze:Strike","bronze:Defend","bronze:Defend","bronze:Defend","bronze:Defend","bronze:Replicate+1","bronze:Goto","bronze:DelayedSlice","bronze:OilSpill","bronze:OilSpill","bronze:WhirlingStrike","bronze:OilSpill","bronze:AlphaBuild+1","bronze:Deprecate","bronze:Optimize+1","bronze:Flail","bronze:Repair"],"relics":["bronze:BronzeCore","bronze:SilverBullet","Hallownest:DreamNailRelic","hubris:RunicObelisk","hubris:Metronome","Replay:Mystery Machine"],"acts_visited":["Hallownest:Greenpath","TheCity"],"potions_floor_usage":[16,16,16,23,33],"damage_taken":[{"damage":2,"enemies":"2_ Uuma","floor":2,"turns":5},{"damage":0,"enemies":"Hallownest:2_Baldur","floor":3,"turns":3},{"damage":8,"enemies":"Hallownest:monsterHuskGuard","floor":5,"turns":5},{"damage":4,"enemies":"Hallownest:monsterMossCharger","floor":8,"turns":5},{"damage":13,"enemies":"Hallownest:Wandering_and_Horned","floor":9,"turns":3},{"damage":7,"enemies":"Hallownest:Guard_and_Warrior","floor":12,"turns":4},{"damage":12,"enemies":"Hallownest:monsterFoolEater","floor":13,"turns":2},{"damage":3,"enemies":"Hallownest:1_Baldur_1_Crawlid_1_Warrior","floor":14,"turns":2},{"damage":8,"enemies":"Hallownest:MossCreep_and_Mosskin","floor":15,"turns":4},{"damage":7,"enemies":"SI_SHIV_ARCHETYPE","floor":16,"turns":5},{"damage":10,"enemies":"conspire:FuzzyDice","floor":19,"turns":6},{"damage":9,"enemies":"Chosen","floor":20,"turns":3},{"damage":26,"enemies":"Snecko","floor":23,"turns":4},{"damage":7,"enemies":"downfall:FleeingMerchant","floor":26,"turns":4},{"damage":7,"enemies":"Chosen and Byrds","floor":27,"turns":3},{"damage":19,"enemies":"Snake Plant","floor":29,"turns":2},{"damage":21,"enemies":"conspire:HollyBat","floor":32,"turns":6},{"damage":74,"enemies":"IC_MUSHROOM_ARCHETYPE","floor":33,"turns":4}],"seed_played":"6622407036804637537","potions_obtained":[{"floor":3,"key":"Block Potion"},{"floor":8,"key":"Energy Potion"},{"floor":9,"key":"Strength Potion"},{"floor":14,"key":"Slimebound:ThreeZeroPotion"},{"floor":15,"key":"Fire Potion"},{"floor":20,"key":"Energy Potion"},{"floor":29,"key":"Strength Potion"},{"floor":32,"key":"SkillPotion"}],"is_trial":false,"path_per_floor":["R","M","M","?","M","R","T","M","M","R","?","M","M","M","M","B",null,"R","M","M","?","?","M","T","R","$","M","R","M","?","?","M","B"],"character_chosen":"THE_AUTOMATON","items_purchased":["bronze:Optimize+1","Replay:Mystery Machine"],"campfire_rested":4,"item_purchase_floors":[26,26],"current_hp_per_floor":[84,82,82,92,84,94,94,90,77,94,94,87,75,72,64,57,94,94,84,75,75,75,49,49,77,70,63,91,72,72,72,51,0,0,0],"gold":102,"neow_bonus":"TWENTY_PERCENT_HP_BONUS","is_daily":false,"chose_seed":false,"campfire_upgraded":2,"win_rate":0.0,"timestamp":1611978030,"path_taken":["R","M","M","?","M","R","T","M","M","R","?","M","M","?","M","BOSS","R","M","M","?","?","M","T","R","$","M","R","M","?","?","M","BOSS"],"items_purchased_type":["Card","Relic"],"build_version":"2020-12-22","purchased_purges":0,"victory":false,"max_hp_per_floor":[84,84,84,94,94,94,94,94,94,94,94,94,94,94,94,94,94,94,94,94,94,94,94,94,94,94,94,94,94,94,94,94,94,94,94],"card_choices":[{"not_picked":["bronze:BugBarrage","bronze:Fortify","bronze:Invalidate"],"picked":"SKIP","floor":2},{"not_picked":["bronze:Iterate","bronze:FineTuning","bronze:WildBeam"],"picked":"SKIP","floor":3},{"not_picked":["bronze:BronzeOrb","bronze:ClassDefault"],"picked":"bronze:DelayedSlice","floor":5},{"not_picked":["bronze:Terminator","bronze:DelayedGuard"],"picked":"bronze:OilSpill","floor":8},{"not_picked":["bronze:DelayedSlice","bronze:Allocate"],"picked":"bronze:OilSpill","floor":9},{"not_picked":["bronze:Return","bronze:Backtrace"],"picked":"bronze:WhirlingStrike","floor":12},{"not_picked":["bronze:Separator","bronze:FollowUp","bronze:Format"],"picked":"SKIP","floor":13},{"not_picked":["bronze:Fortify","bronze:DelayedSlice"],"picked":"bronze:OilSpill","floor":14},{"not_picked":["bronze:CutThrough","bronze:Flail","bronze:Frontload"],"picked":"SKIP","floor":15},{"not_picked":["bronze:Assembly","bronze:HardenedForm"],"picked":"bronze:AlphaBuild","floor":16},{"not_picked":["bronze:Safeguard","bronze:GetLatest","bronze:Iterate"],"picked":"SKIP","floor":19},{"not_picked":["bronze:Shield","bronze:BitShift","bronze:FineTuning+1"],"picked":"SKIP","floor":20},{"not_picked":["bronze:CloningBeam","bronze:BronzeOrb","bronze:BitShift"],"picked":"SKIP","floor":23},{"not_picked":["bronze:Iterate+1","bronze:Hardcode","bronze:Shield+1"],"picked":"SKIP","floor":26},{"not_picked":["bronze:MaxOutput","bronze:DigitalCarnage","bronze:CutThrough"],"picked":"SKIP","floor":27},{"not_picked":["bronze:Overheat","bronze:Repulsor"],"picked":"bronze:Flail","floor":29},{"not_picked":["bronze:Separator+1","bronze:SpaghettiCode"],"picked":"bronze:Repair","floor":32}],"player_experience":126782,"relics_obtained":[{"floor":7,"key":"bronze:SilverBullet"},{"floor":24,"key":"hubris:Metronome"}],"event_choices":[],"is_beta":false,"boss_relics":[{"not_picked":["hubris:HollowSoul","hubris:CrackedHourglass"],"picked":"hubris:RunicObelisk"}],"items_purged_floors":[],"is_endless":false,"potions_floor_spawned":[3,8,9,12,14,15,20,29,32],"killed_by":"IC_MUSHROOM_ARCHETYPE","ascension_level":3}}