{"host":"fv4u04bzswzfg5qa","time":1611983621,"event":{"mods":["BaseMod","Colored Map","Colored Powertips","Highlight Path","Minty Spire (QoL Compilation)","StSLib","Synergy Search"],"gold_per_floor":[111,131,131,53,71,102,102,128,128,161,161,336,28,47,47,142,142,154,166,166,16,16,16,16,16],"floor_reached":24,"language":"ENG","playtime":2316,"items_purged":["Doubt"],"score":328,"play_id":"1e82bdf5-a2fb-4ced-9c97-6359e118d707","local_time":"20210130001341","is_ascension_mode":true,"campfire_choices":[{"data":"Eruption","floor":7,"key":"SMITH"},{"data":"CarveReality","floor":11,"key":"SMITH"},{"data":"Transmutation","floor":15,"key":"SMITH"},{"floor":23,"key":"REST"}],"circlet_count":0,"master_deck":["Strike_P","Strike_P","Strike_P","Strike_P","Defend_P","Defend_P","Defend_P","Defend_P+1","Eruption+1","Vigilance","Apotheosis+1","CarveReality+1","FollowUp","Adaptation","ClearTheMind+1","Vengeance","Wallop","Crescendo","FollowUp","Transmutation+1","FlyingSleeves","DevaForm","SignatureMove","MentalFortress+1","Transmutation+1"],"relics":["PureWater","Toy Ornithopter","Eternal Feather","War Paint","Damaru","Sozu","DollysMirror"],"acts_visited":["Exordium","TheCity"],"potions_floor_usage":[24,24],"damage_taken":[{"damage":1.0,"enemies":"Jaw Worm","floor":1.0,"turns":4.0},{"damage":0.0,"enemies":"2 Louse","floor":2.0,"turns":2.0},{"damage":0.0,"enemies":"Small Slimes","floor":5.0,"turns":2.0},{"damage":0,"enemies":"Gremlin Nob","floor":6,"turns":2},{"damage":5,"enemies":"3 Sentries","floor":8,"turns":4},{"damage":0,"enemies":"Lagavulin","floor":10,"turns":4},{"damage":8,"enemies":"Exordium Thugs","floor":14,"turns":4},{"damage":0,"enemies":"Slime Boss","floor":16,"turns":5},{"damage":43,"enemies":"2 Thieves","floor":18,"turns":4},{"damage":10,"enemies":"Chosen","floor":19,"turns":4},{"damage":65,"enemies":"Gremlin Leader","floor":24,"turns":3}],"seed_played":"-1979162708778754028","potions_obtained":[{"floor":2.0,"key":"CultistPotion"},{"floor":8,"key":"Ancient Potion"},{"floor":16,"key":"LiquidBronze"}],"is_trial":false,"path_per_floor":["M","M","?","$","M","E","R","E","T","E","R","?","$","M","R","B",null,"M","M","?","$","$","R","E"],"character_chosen":"WATCHER","items_purchased":["Adaptation","FollowUp","Transmutation","DollysMirror"],"campfire_rested":1,"item_purchase_floors":[4,13,13,21],"current_hp_per_floor":[50,50,50,50,50,50,50,45,45,45,54,54,54,46,58,58,72,29,19,19,19,19,55,0,0],"gold":16,"neow_bonus":"RANDOM_COLORLESS_2","is_daily":false,"chose_seed":false,"campfire_upgraded":3,"win_rate":0.0,"timestamp":1611983621,"path_taken":["M","M","?","$","M","E","R","E","T","E","R","?","$","M","R","BOSS","M","M","?","?","$","R","E"],"items_purchased_type":["Card","Card","Card","Relic"],"build_version":"2020-12-22","purchased_purges":1,"victory":false,"max_hp_per_floor":[72,72,72,72,72,72,72,72,72,72,72,72,72,72,72,72,72,72,72,72,72,72,72,72,72],"card_choices":[{"not_picked":["Secret Weapon","Thinking Ahead"],"picked":"Apotheosis","floor":0.0},{"not_picked":["JustLucky","WaveOfTheHand"],"picked":"CarveReality","floor":1.0},{"not_picked":["Sanctity","Crescendo"],"picked":"FollowUp","floor":2.0},{"not_picked":["JustLucky","PathToVictory"],"picked":"ClearTheMind","floor":5.0},{"not_picked":["Blasphemy","ThirdEye"],"picked":"Vengeance","floor":6},{"not_picked":["Conclude","Halt"],"picked":"Wallop","floor":8},{"not_picked":["Halt","JustLucky"],"picked":"Crescendo","floor":10},{"not_picked":["FearNoEvil","Conclude"],"picked":"FlyingSleeves","floor":14},{"not_picked":["ConjureBlade","Scrawl"],"picked":"DevaForm","floor":16},{"not_picked":["ClearTheMind","Crescendo"],"picked":"SignatureMove","floor":18},{"not_picked":["TalkToTheHand","Nirvana"],"picked":"MentalFortress+1","floor":19}],"player_experience":217667,"relics_obtained":[{"floor":6,"key":"Toy Ornithopter"},{"floor":8,"key":"Eternal Feather"},{"floor":9,"key":"War Paint"},{"floor":10,"key":"Damaru"}],"event_choices":[{"damage_healed":0.0,"max_hp_gain":0.0,"max_hp_loss":0.0,"gold_gain":0.0,"event_name":"Living Wall","player_choice":"Grow","floor":3.0,"gold_loss":0.0,"damage_taken":0.0,"cards_upgraded":["Apotheosis"]},{"damage_healed":0,"gold_gain":175,"player_choice":"AGREE","damage_taken":0,"max_hp_gain":0,"max_hp_loss":0,"event_name":"Liars Game","floor":12,"gold_loss":0,"cards_obtained":["Doubt"]},{"damage_healed":0,"gold_gain":0,"player_choice":"Got Potions","damage_taken":0,"max_hp_gain":0,"max_hp_loss":0,"event_name":"Lab","floor":20,"gold_loss":0}],"is_beta":false,"boss_relics":[{"not_picked":["Black Star","VioletLotus"],"picked":"Sozu"}],"items_purged_floors":[13],"is_endless":false,"potions_floor_spawned":[2,8,16,18],"killed_by":"Gremlin Leader","ascension_level":1}}