{"host":"OR","time":1611992945,"event":{"mods":["Act Like it!","BaseMod","Downfall","Friendly Minions","Gensokyo","Highlight Path","Minty Spire (QoL Compilation)","Quick Restart","Robot Space Explorer","StSLib","Youmu£®ªÍ∆«—˝√Œ£©"],"gold_per_floor":[117,117,117,133,148,174,174,203,203,218,95,109,136,162,162,258,258,269,269,269,289,299,299,45,45,45,61,93,106,106,116,116,216,216,232,285,185,198,212,243,260,260,260,260,278,303,303,303,303,303],"floor_reached":51,"language":"ZHS","playtime":3396,"items_purged":["RobotSpaceExplorer:Defend","RobotSpaceExplorer:Strike"],"score":797,"play_id":"72c216d4-0f7a-4d05-a6c4-0cedba4a1966","local_time":"20210130154905","is_ascension_mode":false,"campfire_choices":[{"data":"RobotSpaceExplorer:MiniLasers","floor":15.0,"key":"SMITH"},{"data":"RobotSpaceExplorer:Exploration","floor":23.0,"key":"SMITH"},{"data":"RobotSpaceExplorer:StarLightning","floor":25.0,"key":"SMITH"},{"floor":30.0,"key":"DIG"},{"data":"RobotSpaceExplorer:Fix","floor":32.0,"key":"SMITH"},{"floor":44.0,"key":"DIG"},{"floor":47.0,"key":"DIG"},{"floor":49.0,"key":"REST"}],"circlet_count":0,"master_deck":["RobotSpaceExplorer:Strike","RobotSpaceExplorer:Strike","RobotSpaceExplorer:Strike","RobotSpaceExplorer:Defend","RobotSpaceExplorer:Defend+1","RobotSpaceExplorer:Scan+1","RobotSpaceExplorer:MiniLasers+1","RobotSpaceExplorer:ScrapShield","RobotSpaceExplorer:SlimeMissile","RobotSpaceExplorer:StarLightning+1","RobotSpaceExplorer:StarDust+1","RobotSpaceExplorer:MiniBoosters+1","Finesse","RobotSpaceExplorer:ScrapToss","RobotSpaceExplorer:PowerGlove+1","RobotSpaceExplorer:ScrapMissile+1","RobotSpaceExplorer:Accelerator+1","RobotSpaceExplorer:ScrapToss","RobotSpaceExplorer:Fix+1","RobotSpaceExplorer:ScrapMissile","RobotSpaceExplorer:MiniBoosters+1","RobotSpaceExplorer:SwiftStep","RobotSpaceExplorer:Accelerator+1","RobotSpaceExplorer:MiniDrones","RobotSpaceExplorer:DualCore+1","RobotSpaceExplorer:ExhaustFan+1","RobotSpaceExplorer:Probe","RobotSpaceExplorer:LuckyStrike","RobotSpaceExplorer:PowerGlove+1"],"relics":["RobotSpaceExplorer:RoboCore","NeowsBlessing","Sundial","Frozen Egg 2","Toy Ornithopter","Potion Belt","Ancient Tea Set","Bronze Scales","Black Star","Gambling Chip","Meat on the Bone","Shovel","Blood Vial","Nunchaku","RobotSpaceExplorer:SearchSpecs","Unceasing Top","Dream Catcher","RobotSpaceExplorer:ClockworkSextant","Blue Candle","Art of War","Thread and Needle","Centennial Puzzle","StoneCalendar","Bottled Tornado"],"acts_visited":["Exordium","TheCity","TheBeyond"],"potions_floor_usage":[50,50],"damage_taken":[{"damage":0.0,"enemies":"Cultist","floor":1.0,"turns":1.0},{"damage":0.0,"enemies":"Jaw Worm","floor":4.0,"turns":1.0},{"damage":0.0,"enemies":"Small Slimes","floor":5.0,"turns":1.0},{"damage":14.0,"enemies":"Gremlin Nob","floor":6.0,"turns":3.0},{"damage":0.0,"enemies":"3 Sentries","floor":8.0,"turns":1.0},{"damage":0.0,"enemies":"Exordium Thugs","floor":10.0,"turns":4.0},{"damage":2.0,"enemies":"Blue Slaver","floor":12.0,"turns":3.0},{"damage":6.0,"enemies":"Lagavulin","floor":13.0,"turns":5.0},{"damage":0.0,"enemies":"Slime Boss","floor":16.0,"turns":4.0},{"damage":17.0,"enemies":"Shell Parasite","floor":18.0,"turns":4.0},{"damage":0.0,"enemies":"Chosen","floor":21.0,"turns":4.0},{"damage":12.0,"enemies":"Centurion and Healer","floor":22.0,"turns":6.0},{"damage":8.0,"enemies":"3 Cultists","floor":27.0,"turns":4.0},{"damage":3.0,"enemies":"Book of Stabbing","floor":28.0,"turns":4.0},{"damage":16.0,"enemies":"Snake Plant","floor":29.0,"turns":3.0},{"damage":0.0,"enemies":"Cultist and Chosen","floor":31.0,"turns":3.0},{"damage":28.0,"enemies":"Champ","floor":33.0,"turns":7.0},{"damage":4.0,"enemies":"3 Shapes","floor":35.0,"turns":5.0},{"damage":40.0,"enemies":"2 Orb Walkers","floor":36.0,"turns":4.0},{"damage":17.0,"enemies":"3 Darklings","floor":38.0,"turns":4.0},{"damage":0.0,"enemies":"Transient","floor":39.0,"turns":5.0},{"damage":26.0,"enemies":"Nemesis","floor":40.0,"turns":4.0},{"damage":19.0,"enemies":"Sphere and 2 Shapes","floor":41.0,"turns":4.0},{"damage":0.0,"enemies":"Maw","floor":45.0,"turns":5.0},{"damage":22.0,"enemies":"Reptomancer","floor":46.0,"turns":5.0},{"damage":24,"enemies":"Time Eater","floor":50,"turns":8}],"seed_played":"5059569891299305540","potions_obtained":[{"floor":5.0,"key":"SteroidPotion"},{"floor":6.0,"key":"AttackPotion"},{"floor":10.0,"key":"PowerPotion"},{"floor":12.0,"key":"bronze:BurnAndBuffPotion"},{"floor":13.0,"key":"RobotSpaceExplorer:PlasmaFlask"},{"floor":21.0,"key":"Strength Potion"},{"floor":31.0,"key":"Guardian:BlockOnCardUsePotion"},{"floor":33.0,"key":"Fire Potion"},{"floor":40.0,"key":"Energy Potion"},{"floor":41.0,"key":"SkillPotion"}],"is_trial":false,"path_per_floor":["M","?","T","M","M","E","?","E","T","M","$","M","E","T","R","B",null,"M","?","?","M","M","R","$","R","T","M","E","M","R","M","R","B",null,"M","?","$","M","M","E","M","?","T","R","M","E","R","?","R","B",null],"character_chosen":"RobotSpaceExplorer","items_purchased":["Finesse","RobotSpaceExplorer:ScrapToss","RobotSpaceExplorer:Accelerator+1","RobotSpaceExplorer:ScrapToss"],"campfire_rested":1,"item_purchase_floors":[11,11,24,24],"current_hp_per_floor":[75,68,68,68,68,54,39,39,39,39,39,37,31,31,31,41,75,58,58,58,58,46,46,46,46,46,43,40,42,42,48,48,45,75,71,40,40,43,51,45,46,41,41,41,49,47,47,47,69,51],"gold":303,"neow_bonus":"THREE_ENEMY_KILL","is_daily":false,"chose_seed":false,"campfire_upgraded":4,"win_rate":0.0,"timestamp":1611992945,"path_taken":["M","?","?","?","M","E","?","E","T","M","?","M","E","?","R","BOSS","M","?","?","M","?","R","$","R","T","M","E","M","R","M","R","BOSS","M","?","$","M","M","E","M","?","T","R","M","E","R","?","R","BOSS"],"items_purchased_type":["Card","Card","Card","Card"],"build_version":"2020-12-18","purchased_purges":2,"victory":true,"max_hp_per_floor":[75,75,75,75,75,75,75,75,75,75,75,75,75,75,75,75,75,75,75,75,75,75,75,75,75,75,75,75,75,75,75,75,75,75,75,75,75,75,75,75,75,75,75,75,75,75,75,75,75,75],"card_choices":[{"not_picked":["RobotSpaceExplorer:StunGrenade","RobotSpaceExplorer:Reload"],"picked":"RobotSpaceExplorer:ScrapShield","floor":1.0},{"not_picked":["RobotSpaceExplorer:ShockKick","RobotSpaceExplorer:JunkDive"],"picked":"RobotSpaceExplorer:SlimeMissile","floor":4.0},{"not_picked":["RobotSpaceExplorer:MiniDrones","RobotSpaceExplorer:DualCore"],"picked":"RobotSpaceExplorer:StarLightning","floor":5.0},{"not_picked":["RobotSpaceExplorer:FreezeRay+1","RobotSpaceExplorer:MiniDrones","RobotSpaceExplorer:DualCore+1"],"picked":"SKIP","floor":6.0},{"not_picked":["RobotSpaceExplorer:FranticSearch","RobotSpaceExplorer:LaserBurst"],"picked":"RobotSpaceExplorer:StarDust+1","floor":8.0},{"not_picked":["RobotSpaceExplorer:ShovelStrike","RobotSpaceExplorer:MakeshiftVolley"],"picked":"RobotSpaceExplorer:MiniBoosters+1","floor":10.0},{"not_picked":["RobotSpaceExplorer:Pulsar","RobotSpaceExplorer:DoubleBlock"],"picked":"RobotSpaceExplorer:PowerGlove+1","floor":12.0},{"not_picked":["RobotSpaceExplorer:SurgingShield","RobotSpaceExplorer:Blitz","RobotSpaceExplorer:Smokescreen"],"picked":"SKIP","floor":13.0},{"not_picked":["RobotSpaceExplorer:Explosion","RobotSpaceExplorer:HighVoltage"],"picked":"RobotSpaceExplorer:Exploration","floor":16.0},{"not_picked":["RobotSpaceExplorer:MakeshiftVolley","RobotSpaceExplorer:FrostMissile","RobotSpaceExplorer:FranticSearch"],"picked":"SKIP","floor":18.0},{"not_picked":["RobotSpaceExplorer:SurgingStrike","RobotSpaceExplorer:GlueShot","RobotSpaceExplorer:IronShell+1"],"picked":"SKIP","floor":21.0},{"not_picked":["RobotSpaceExplorer:FrostMissile","RobotSpaceExplorer:SwiftStep"],"picked":"RobotSpaceExplorer:ScrapMissile+1","floor":22.0},{"not_picked":["RobotSpaceExplorer:IronShell+1","RobotSpaceExplorer:GlueShot"],"picked":"RobotSpaceExplorer:Fix","floor":27.0},{"not_picked":["RobotSpaceExplorer:ToxicBomb","RobotSpaceExplorer:Electropulse"],"picked":"RobotSpaceExplorer:ScrapMissile","floor":28.0},{"not_picked":["RobotSpaceExplorer:ShockKick","RobotSpaceExplorer:Electropulse"],"picked":"RobotSpaceExplorer:MiniBoosters+1","floor":29.0},{"not_picked":["RobotSpaceExplorer:Counterblock","RobotSpaceExplorer:DoubleFind"],"picked":"RobotSpaceExplorer:SwiftStep","floor":31.0},{"not_picked":["RobotSpaceExplorer:BlastShield","RobotSpaceExplorer:Autoloader+1"],"picked":"RobotSpaceExplorer:Accelerator+1","floor":33.0},{"not_picked":["RobotSpaceExplorer:SurgingStrike","RobotSpaceExplorer:ScrapMissile+1","RobotSpaceExplorer:ToxicBomb"],"picked":"SKIP","floor":35.0},{"not_picked":["RobotSpaceExplorer:FranticSearch+1","RobotSpaceExplorer:Blitz+1"],"picked":"RobotSpaceExplorer:MiniDrones","floor":38.0},{"not_picked":["RobotSpaceExplorer:Discharger+1","RobotSpaceExplorer:SelfCleaning"],"picked":"RobotSpaceExplorer:DualCore+1","floor":39.0},{"not_picked":["RobotSpaceExplorer:ShockKick","RobotSpaceExplorer:ToxicBomb+1"],"picked":"RobotSpaceExplorer:ExhaustFan+1","floor":40.0},{"not_picked":["RobotSpaceExplorer:MetalStrike","RobotSpaceExplorer:StunGrenade+1"],"picked":"RobotSpaceExplorer:Probe","floor":41.0},{"not_picked":["RobotSpaceExplorer:Pulsar+1","RobotSpaceExplorer:Counterblock"],"picked":"RobotSpaceExplorer:LuckyStrike","floor":45.0},{"not_picked":["RobotSpaceExplorer:SurgingStrike","RobotSpaceExplorer:PlasmaMissile","RobotSpaceExplorer:StunGrenade+1"],"picked":"SKIP","floor":46.0},{"not_picked":["RobotSpaceExplorer:ImprovisedAttack+1","RobotSpaceExplorer:Calculate"],"picked":"RobotSpaceExplorer:PowerGlove+1","floor":49.0}],"player_experience":471696,"relics_obtained":[{"floor":3.0,"key":"Sundial"},{"floor":6.0,"key":"Frozen Egg 2"},{"floor":8.0,"key":"Toy Ornithopter"},{"floor":9.0,"key":"Potion Belt"},{"floor":13.0,"key":"Ancient Tea Set"},{"floor":14.0,"key":"Bronze Scales"},{"floor":26.0,"key":"Gambling Chip"},{"floor":28.0,"key":"Meat on the Bone"},{"floor":28.0,"key":"Shovel"},{"floor":28.0,"key":"Blood Vial"},{"floor":30.0,"key":"Nunchaku"},{"floor":36.0,"key":"Unceasing Top"},{"floor":40.0,"key":"Dream Catcher"},{"floor":40.0,"key":"RobotSpaceExplorer:ClockworkSextant"},{"floor":43.0,"key":"Art of War"},{"floor":44.0,"key":"Thread and Needle"},{"floor":46.0,"key":"Centennial Puzzle"},{"floor":46.0,"key":"StoneCalendar"},{"floor":47.0,"key":"Bottled Tornado"}],"event_choices":[{"cards_removed":["RobotSpaceExplorer:Defend"],"damage_healed":0.0,"max_hp_gain":0.0,"max_hp_loss":0.0,"gold_gain":0.0,"event_name":"Golden Wing","player_choice":"Card Removal","floor":2.0,"gold_loss":0.0,"damage_taken":7.0},{"damage_healed":0.0,"max_hp_gain":0.0,"max_hp_loss":0.0,"gold_gain":0.0,"event_name":"Shining Light","player_choice":"Entered Light","floor":7.0,"gold_loss":0.0,"damage_taken":15.0,"cards_upgraded":["RobotSpaceExplorer:Scan","RobotSpaceExplorer:Defend"]},{"damage_healed":0.0,"max_hp_gain":0.0,"max_hp_loss":0.0,"gold_gain":0.0,"event_name":"The Mausoleum","player_choice":"Ignored","floor":19.0,"gold_loss":0.0,"damage_taken":0.0},{"damage_healed":0.0,"max_hp_gain":0.0,"max_hp_loss":0.0,"gold_gain":0.0,"event_name":"NoteForYourself","player_choice":"Ignored","floor":20.0,"gold_loss":0.0,"damage_taken":0.0},{"damage_healed":0.0,"max_hp_gain":0.0,"max_hp_loss":0.0,"gold_gain":0.0,"event_name":"Mysterious Sphere","player_choice":"Fight","floor":36.0,"gold_loss":0.0,"damage_taken":0.0},{"damage_healed":0.0,"max_hp_gain":0.0,"max_hp_loss":0.0,"gold_gain":0.0,"event_name":"Tomb of Lord Red Mask","player_choice":"Ignored","floor":48.0,"gold_loss":0.0,"damage_taken":0.0}],"is_beta":true,"boss_relics":[{"not_picked":["Ectoplasm","Astrolabe"],"picked":"Black Star"},{"not_picked":["RobotSpaceExplorer:Reprocessor","bronze:MakeshiftBattery"],"picked":"RobotSpaceExplorer:SearchSpecs"}],"items_purged_floors":[24,37],"is_endless":false,"potions_floor_spawned":[5,6,10,12,13,21,31,33,40,41],"ascension_level":0}}