{"host":"0buepsujecqpt684","time":1611992543,"event":{"mods":["AchievementEnabler","AlwaysNeverKeys","BaseMod","Bestiary","Better Altar","Better Match","Better Note","Better Sensory Stone","Better Skull","Better Third Choice","Better-Laid Plans","Dota2Spire","Downfall","GifTheSpireLib","GungeonMod","Hyrulean Relics","Ironclad Rager","Minty Spire (QoL Compilation)","Spicy Shops","StSLib","The Wild Card","Treasure Hunter"],"gold_per_floor":[62,0,14,14,31,31,62,62,85,85,10,28,52,52,52,154,154,194,194,48,86,86,86,101,79,127,140,140,66,84,84,84,185,185,205,205,205,255,114,114,114,114,114,114,228,238,25,25,25,25],"floor_reached":51,"language":"ENG","playtime":4352,"items_purged":["downfall:Icky","Writhe"],"score":612,"play_id":"4e41e0bc-0c75-4860-ac9c-3ce167562544","local_time":"20210130024223","is_ascension_mode":false,"campfire_choices":[{"floor":6,"key":"REST"},{"data":"BattleHymn","floor":8,"key":"SMITH"},{"data":"Weave","floor":10,"key":"SMITH"},{"floor":15,"key":"REST"},{"data":"Weave","floor":23,"key":"SMITH"},{"floor":28,"key":"REST"},{"floor":32,"key":"REST"},{"floor":40,"key":"REST"},{"data":"1","floor":44,"key":"LIFT"},{"data":"2","floor":49,"key":"LIFT"}],"circlet_count":0,"master_deck":["Eruption+1","Vigilance","FollowUp","FollowUp","FollowUp","ThirdEye","ThirdEye","ThirdEye","ThirdEye","BattleHymn+1","SashWhip","Weave+1","SashWhip","Wish","Consecrate","Weave+1","CutThroughFate+1","Prostrate","CurseOfTheBell"],"relics":["PureWater","Damaru","Omamori","Odd Mushroom","Darkstone Periapt","Dota2Spire:RefresherOrb","Toolbox","Dota2Spire:DrumOfEndurance","TH:HealthInsurance","InkBottle","Calling Bell","DemoMod:ClearGuonStone","The Courier","Girya","White Beast Statue","Dota2Spire:Satanic","Juzu Bracelet","Akabeko","Dota2Spire:BattleFury","DemoMod:RingOfEthereal","Frozen Egg 2","Dota2Spire:Butterfly"],"acts_visited":["Exordium","TheCity","TheBeyond"],"potions_floor_usage":[13],"damage_taken":[{"damage":0,"enemies":"Jaw Worm","floor":1,"turns":2},{"damage":0,"enemies":"Small Slimes","floor":3,"turns":2},{"damage":0,"enemies":"Cultist","floor":5,"turns":3},{"damage":14,"enemies":"Lagavulin","floor":7,"turns":4},{"damage":0,"enemies":"Red Slaver","floor":12,"turns":2},{"damage":4,"enemies":"The Mushroom Lair","floor":13,"turns":2},{"damage":16,"enemies":"Hexaghost","floor":16,"turns":6},{"damage":0,"enemies":"Chosen","floor":18,"turns":3},{"damage":10,"enemies":"2 Thieves","floor":21,"turns":3},{"damage":19,"enemies":"Cultist and Chosen","floor":24,"turns":4},{"damage":1,"enemies":"Shelled Parasite and Fungi","floor":27,"turns":3},{"damage":12,"enemies":"3 Cultists","floor":30,"turns":3},{"damage":8,"enemies":"Champ","floor":33,"turns":7},{"damage":11,"enemies":"3 Shapes","floor":35,"turns":5},{"damage":17,"enemies":"Mind Bloom Boss Battle","floor":38,"turns":6},{"damage":10,"enemies":"3 Darklings","floor":46,"turns":3},{"damage":38,"enemies":"Time Eater","floor":50,"turns":5}],"seed_played":"7065526927236676518","potions_obtained":[{"floor":1,"key":"SteroidPotion"},{"floor":7,"key":"Explosive Potion"},{"floor":13,"key":"DistilledChaos"},{"floor":21,"key":"Guardian:BlockOnCardUsePotion"}],"is_trial":false,"path_per_floor":["M","?","M","?","M","R","E","R","T","R","$","M","?","?","R","B",null,"M","?","$","M","?","R","M","$","T","M","R","$","M","?","R","B",null,"M","?","T","?","$","R","?","?","T","R","?","M","$","T","R","B",null],"character_chosen":"WATCHER","items_purchased":["Toolbox","Prostrate","TH:HealthInsurance","Juzu Bracelet","Dota2Spire:BattleFury","DemoMod:RingOfEthereal","Frozen Egg 2"],"campfire_rested":5,"item_purchase_floors":[20,25,29,39,47,47,47],"current_hp_per_floor":[47,53,53,53,53,71,57,57,57,57,57,57,53,53,71,55,71,71,71,71,61,71,71,52,52,52,51,71,71,59,65,77,69,83,72,72,72,55,55,79,79,79,79,79,71,61,61,61,61,23],"gold":25,"neow_bonus":"WATCHER_SHAOLIN","is_daily":false,"chose_seed":false,"campfire_upgraded":3,"win_rate":0.0,"timestamp":1611992543,"path_taken":["M","?","M","?","?","R","E","R","T","R","?","?","?","?","R","BOSS","M","?","$","M","?","R","?","$","T","M","R","?","M","?","R","BOSS","M","?","?","?","$","R","?","?","T","R","?","M","$","?","R","BOSS"],"items_purchased_type":["Relic","Card","Relic","Relic","Relic","Relic","Relic"],"build_version":"2020-12-22","purchased_purges":2,"victory":true,"max_hp_per_floor":[65,71,71,71,71,71,71,71,71,71,71,71,71,71,71,71,71,71,71,71,71,71,71,71,71,71,71,71,71,71,77,77,77,83,83,83,83,83,83,83,79,79,79,79,79,79,79,79,79,79],"card_choices":[{"not_picked":["Fasting2","EmptyBody"],"picked":"BattleHymn","floor":1},{"not_picked":["JustLucky","Halt","BowlingBash"],"picked":"SKIP","floor":3},{"not_picked":["Conclude","ThirdEye"],"picked":"SashWhip","floor":5},{"not_picked":["Study","CrushJoints"],"picked":"Weave","floor":7},{"not_picked":["TH:BikiniMail","TH:ElvenBoots"],"picked":"SKIP","floor":7},{"not_picked":["TH:CopperCoins","TH:EnergyPotion"],"picked":"SKIP","floor":9},{"not_picked":["JustLucky","EmptyFist","InnerPeace"],"picked":"SKIP","floor":12},{"not_picked":["Protect","Crescendo"],"picked":"SashWhip","floor":13},{"not_picked":["Establishment","Ragnarok"],"picked":"Wish","floor":16},{"not_picked":["Wallop","Collect"],"picked":"Consecrate","floor":18},{"not_picked":["DevaForm","Consecrate"],"picked":"Weave","floor":21},{"not_picked":["ThirdEye","ReachHeaven"],"picked":"CutThroughFate+1","floor":24},{"not_picked":["TH:CopperCoins","TH:ArmorSpikes"],"picked":"SKIP","floor":26},{"not_picked":["WaveOfTheHand","Crescendo","ClearTheMind"],"picked":"SKIP","floor":27},{"not_picked":["SignatureMove+1","WaveOfTheHand","Evaluate"],"picked":"SKIP","floor":30},{"not_picked":["ThirdEye","Collect+1","FearNoEvil"],"picked":"SKIP","floor":35},{"not_picked":["TH:Mimic","TH:PixieDust"],"picked":"SKIP","floor":37},{"not_picked":["TH:CopperCoins","TH:ArmorSpikes"],"picked":"SKIP","floor":43},{"not_picked":["Tantrum+1","Conclude+1","FlyingSleeves+1"],"picked":"SKIP","floor":46},{"not_picked":["TH:CopperCoins","TH:EnergyPotion"],"picked":"SKIP","floor":48}],"player_experience":276043,"relics_obtained":[{"floor":7,"key":"Damaru"},{"floor":9,"key":"Omamori"},{"floor":13,"key":"Odd Mushroom"},{"floor":26,"key":"Dota2Spire:DrumOfEndurance"},{"floor":34,"key":"DemoMod:ClearGuonStone"},{"floor":34,"key":"The Courier"},{"floor":34,"key":"Girya"},{"floor":37,"key":"White Beast Statue"},{"floor":38,"key":"Dota2Spire:Satanic"},{"floor":43,"key":"Akabeko"},{"floor":48,"key":"Dota2Spire:Butterfly"}],"event_choices":[{"damage_healed":0,"gold_gain":0,"player_choice":"RENOUNCE","damage_taken":62,"max_hp_gain":0,"max_hp_loss":0,"event_name":"betterThird:BetterSerpent","floor":2,"gold_loss":62,"cards_obtained":["Enlightenment"]},{"damage_healed":0,"gold_gain":0,"player_choice":"Upgraded","damage_taken":0,"max_hp_gain":0,"max_hp_loss":0,"event_name":"Upgrade Shrine","floor":4,"gold_loss":0,"cards_upgraded":["Eruption"]},{"damage_healed":0,"gold_gain":0,"player_choice":"Fought Mushrooms","damage_taken":0,"max_hp_gain":0,"max_hp_loss":0,"event_name":"Mushrooms","floor":13,"gold_loss":0},{"cards_removed":["BattleHymn"],"damage_healed":0,"gold_gain":0,"player_choice":"Give","damage_taken":0,"max_hp_gain":0,"max_hp_loss":0,"event_name":"betterNote:BetterNote","floor":19,"gold_loss":0,"cards_obtained":["Eruption"]},{"cards_removed":["Enlightenment"],"damage_healed":10,"gold_gain":0,"player_choice":"Offered Uncommon","damage_taken":0,"max_hp_gain":0,"max_hp_loss":0,"event_name":"Bonfire Elementals","floor":22,"gold_loss":0},{"damage_healed":0,"gold_gain":0,"player_choice":"Opened","damage_taken":0,"relics_obtained":["InkBottle"],"max_hp_gain":0,"max_hp_loss":0,"event_name":"The Mausoleum","floor":31,"gold_loss":0,"cards_obtained":["Writhe"]},{"damage_healed":0,"gold_gain":0,"player_choice":"Ignored","damage_taken":0,"max_hp_gain":0,"max_hp_loss":0,"event_name":"Tomb of Lord Red Mask","floor":36,"gold_loss":0},{"damage_healed":0,"gold_gain":0,"player_choice":"Fight","damage_taken":0,"max_hp_gain":0,"max_hp_loss":0,"event_name":"MindBloom","floor":38,"gold_loss":0},{"damage_healed":0,"gold_gain":0,"player_choice":"Max HP","damage_taken":0,"max_hp_gain":0,"max_hp_loss":4,"event_name":"Winding Halls","floor":41,"gold_loss":0},{"cards_removed":["FollowUp"],"damage_healed":0,"gold_gain":0,"player_choice":"Removed Attack","damage_taken":0,"max_hp_gain":0,"max_hp_loss":0,"event_name":"Falling","floor":42,"gold_loss":0},{"damage_healed":0,"gold_gain":114,"player_choice":"GO ","damage_taken":9,"relics_obtained":[],"max_hp_gain":0,"max_hp_loss":0,"event_name":"betterSkull:BetterSkull","floor":45,"gold_loss":0,"cards_upgraded":[]}],"is_beta":false,"boss_relics":[{"not_picked":["Velvet Choker","Fusion Hammer"],"picked":"Dota2Spire:RefresherOrb"},{"not_picked":["SlaversCollar","bronze:MakeshiftBattery"],"picked":"Calling Bell"}],"items_purged_floors":[11,39],"is_endless":false,"potions_floor_spawned":[1,7,13,21,27,33,38,46],"ascension_level":0}}