{"host":"p34rppyhk302xzzg","time":1611971727,"event":{"mods":["Act Like it!","Ascension Reborn","BaseMod","Better Vampires","BetterRewards","Gensokyo","Googly Eyes","Hallownest","Koishi","Lobotomy","LobotomyExtend","Marisa£®ÏF”Í°°ƒß¿Ì…≥£©","Minty Spire (QoL Compilation)","Pale of the Ancients","Quick Restart","Reimu£®≤©¿ˆ¡È√Œ£©","Remilia£®¿Ÿ√◊¿Ú—«£©","Replay The Spire","SOS£®Àπ∞Õ¥Ô÷Æ◊”£©","StSLib","The Administrix","The Bug Knight","UnlockEverythingMod","Waifu the Spire","Yakumo Yukari mod","Youmu£®ªÍ∆«—˝√Œ£©","noobMod","°æ“≈ŒÔø®≈∆°øREMEMod"],"gold_per_floor":[116,135,146,146,156,156,172,172,199,230,243,0,0,0,0,127,177,177,177],"floor_reached":18,"language":"ZHS","playtime":947,"items_purged":[],"score":187,"play_id":"f0f54849-42bf-4bfd-a885-f6df56c106ea","local_time":"20210130095527","is_ascension_mode":true,"campfire_choices":[{"floor":6,"key":"RECALL"},{"data":"HollowMod:GrimmsGift","floor":8,"key":"SMITH"},{"data":"HollowMod:GoodIntentions","floor":15,"key":"SMITH"}],"circlet_count":0,"master_deck":["HollowMod:NailStrikeStart","HollowMod:NailStrikeStart","HollowMod:NailStrikeStart","HollowMod:NailStrikeStart","HollowMod:QuickDashStart","HollowMod:QuickDashStart","HollowMod:QuickDashStart","HollowMod:QuickDashStart","HollowMod:FocusHealStart","HollowMod:PogoStrike","Expertise","HollowMod:HeavyBlow","HollowMod:HeavyBlow","HollowMod:DoubleDash","HollowMod:MantisMark+1","HollowMod:GreatSlash+1","HollowMod:GrimmsGift+1","HollowMod:SharpenedNail","HollowMod:CloakDash","HollowMod:RecoilStrike+1","HollowMod:AbyssShriek","HollowMod:GoodIntentions+1","HollowMod:NewLastStag","HollowMod:ZotesMagnificence","HollowMod:ChannelNail"],"relics":["HollowMod:VesselMask","REME_ComplimentaryCards","ice","TentaclePot:ReiMu","Oddly Smooth Stone","Mastiff:ReiMu","LetterFromLob","Hallownest:DreamNailRelic","Bag of Preparation","ScarletDevilRocket","Tiny House","Moonlight_r","LaetitiaHeart"],"acts_visited":["Exordium","Hallownest:Greenpath"],"potions_floor_usage":[16],"damage_taken":[{"damage":1,"enemies":"Hallownest:2_Baldur","floor":1,"turns":3},{"damage":0,"enemies":"2_ Uuma","floor":2,"turns":3},{"damage":8,"enemies":"Hallownest:2_Tiktiks_and_1_Crawlid","floor":3,"turns":2},{"damage":10,"enemies":"Hallownest:1_Baldur_1_Crawlid_1_Warrior","floor":5,"turns":4},{"damage":0,"enemies":"Hallownest:monsterAspidMother","floor":7,"turns":4},{"damage":30,"enemies":"Hallownest:eliteMossKnight","floor":10,"turns":6},{"damage":0,"enemies":"Hallownest:monsterMossCharger","floor":11,"turns":3},{"damage":36,"enemies":"Hallownest:BossHornet","floor":16,"turns":14},{"damage":0,"enemies":"Hallownest:Flukemon_and_Top","floor":18,"turns":1}],"seed_played":"-8688282357613231137","potions_obtained":[{"floor":2,"key":"LiquidMemories"},{"floor":5,"key":"Doom Potion"},{"floor":7,"key":"REME_GoldPotion"},{"floor":17,"key":"FearPotion"}],"is_trial":false,"path_per_floor":["M","M","M","?","M","R","M","R","T","E","M","?","$","?","R","B",null,"M"],"character_chosen":"THE_BUGKNIGHT","items_purchased":["HollowMod:HeavyBlow","TentaclePot:ReiMu","Oddly Smooth Stone","Mastiff:ReiMu","HollowMod:DoubleDash","HollowMod:MantisMark"],"campfire_rested":0,"item_purchase_floors":[0,0,0,0,0,0],"current_hp_per_floor":[39,39,31,31,21,21,27,27,27,7,7,7,7,7,7,52,96,59,59],"gold":177,"neow_bonus":"","is_daily":false,"chose_seed":false,"campfire_upgraded":2,"win_rate":0.0,"timestamp":1611971727,"path_taken":["M","M","?","?","?","R","M","R","T","E","M","?","$","?","R","BOSS","M"],"items_purchased_type":["Card","Relic","Relic","Relic","Card","Card"],"build_version":"2020-12-22","purchased_purges":0,"victory":false,"max_hp_per_floor":[75,75,75,75,75,75,75,75,75,75,75,75,75,75,75,91,96,96,96],"card_choices":[{"not_picked":["HollowMod:SoulShaman","HollowMod:WraithStrike"],"picked":"HollowMod:GreatSlash","floor":1},{"not_picked":["HollowMod:InfectedCysts","HollowMod:SoulEater"],"picked":"HollowMod:GrimmsGift","floor":2},{"not_picked":["HollowMod:GreatSlash","HollowMod:HeavyBlow"],"picked":"HollowMod:SharpenedNail","floor":3},{"not_picked":["HollowMod:DungDefenderAura","HollowMod:HowlingWraiths"],"picked":"HollowMod:CloakDash","floor":5},{"not_picked":["HollowMod:DreamGate","HollowMod:SoulShaman"],"picked":"HollowMod:RecoilStrike","floor":7},{"not_picked":["HollowMod:theNailsmith","HollowMod:MawleksShell"],"picked":"HollowMod:AbyssShriek","floor":10},{"not_picked":["HollowMod:HeavyBlow","HollowMod:CornifersMapStart"],"picked":"HollowMod:GoodIntentions","floor":11},{"not_picked":["HollowMod:SoulMaster","HollowMod:ElderbugsWisdom"],"picked":"HollowMod:ZotesMagnificence","floor":16},{"not_picked":["HollowMod:VengefulVoid","HollowMod:ShadowDash"],"picked":"HollowMod:ChannelNail","floor":17}],"player_experience":70903,"relics_obtained":[{"floor":1,"key":"LetterFromLob"},{"floor":9,"key":"Bag of Preparation"},{"floor":10,"key":"ScarletDevilRocket"}],"event_choices":[],"is_beta":false,"boss_relics":[{"not_picked":["Fusion Hammer","REME_LowDesire"],"picked":"Tiny House"}],"items_purged_floors":[],"is_endless":false,"potions_floor_spawned":[2,5,7,10,18],"killed_by":"Hallownest:Flukemon_and_Top","ascension_level":0}}