{"host":"1i9jpj392h4nt9ho","time":1611982459,"event":{"mods":["AchievementEnabler","BaseMod","Colored Map","Minty Spire (QoL Compilation)"],"gold_per_floor":[119,194,369,387,404,436,447,447,470,497,521,533,533,533,533,654,654,679,487,487,487,506,506,524,524,524],"floor_reached":25,"language":"ENG","playtime":1171,"items_purged":["Doubt"],"score":257,"play_id":"0252b8e9-b864-41bd-aeed-b6534eda485c","local_time":"20210130155419","is_ascension_mode":true,"campfire_choices":[{"floor":8,"key":"REST"},{"data":"Defragment","floor":13,"key":"SMITH"},{"floor":15,"key":"REST"},{"data":"Hello World","floor":23,"key":"SMITH"}],"circlet_count":0,"master_deck":["Strike_B","Strike_B","Strike_B","Strike_B","Defend_B","Defend_B","Defend_B","Defend_B","Zap","Dualcast","Hologram","Ball Lightning","Leap","Conserve Battery","Defragment+1","Seek","Chill+1","Melter","Hello World+1","Ghostly","Ghostly","Ghostly","Ghostly","Ghostly","Beam Cell","Force Field+1"],"relics":["FrozenCore","NeowsBlessing","Boot","Art of War","MealTicket","Vajra","Golden Idol"],"acts_visited":["Exordium","TheCity"],"potions_floor_usage":[16,16,25],"damage_taken":[{"damage":0.0,"enemies":"2 Louse","floor":1.0,"turns":1.0},{"damage":0.0,"enemies":"Small Slimes","floor":4.0,"turns":1.0},{"damage":0.0,"enemies":"Jaw Worm","floor":5.0,"turns":1.0},{"damage":21.0,"enemies":"3 Sentries","floor":6.0,"turns":7.0},{"damage":16,"enemies":"Exordium Thugs","floor":7,"turns":6},{"damage":13,"enemies":"Lagavulin","floor":10,"turns":8},{"damage":5,"enemies":"3 Louse","floor":12,"turns":3},{"damage":19,"enemies":"The Guardian","floor":16,"turns":12},{"damage":9,"enemies":"Chosen","floor":18,"turns":5},{"damage":0,"enemies":"Spheric Guardian","floor":22,"turns":2},{"damage":12,"enemies":"Shelled Parasite and Fungi","floor":24,"turns":7},{"damage":29,"enemies":"Slavers","floor":25,"turns":6}],"seed_played":"-6798774151324505346","potions_obtained":[{"floor":1.0,"key":"PotionOfCapacity"},{"floor":5.0,"key":"SkillPotion"},{"floor":6.0,"key":"SteroidPotion"},{"floor":7,"key":"Energy Potion"},{"floor":16,"key":"PowerPotion"},{"floor":18,"key":"SkillPotion"},{"floor":22,"key":"EssenceOfDarkness"},{"floor":24,"key":"BlessingOfTheForge"}],"is_trial":false,"path_per_floor":["M","?","?","M","M","E","M","R","T","E","T","M","R","?","R","B",null,"M","$","?","?","M","R","M","E"],"character_chosen":"DEFECT","items_purchased":["Melter","Hello World"],"campfire_rested":2,"item_purchase_floors":[19,19],"current_hp_per_floor":[75,64,64,64,64,43,27,49,49,36,36,31,31,13,35,16,75,66,75,37,37,37,37,25,0,0],"gold":524,"neow_bonus":"THREE_ENEMY_KILL","is_daily":false,"chose_seed":false,"campfire_upgraded":2,"win_rate":0.0,"timestamp":1611982459,"path_taken":["M","?","?","?","M","E","M","R","T","E","?","M","R","?","R","BOSS","M","$","?","?","M","R","?","E"],"items_purchased_type":["Card","Card"],"build_version":"2020-12-22","purchased_purges":1,"victory":false,"max_hp_per_floor":[75,75,75,75,75,75,75,75,75,75,75,75,75,75,75,75,75,75,75,37,37,37,37,37,37,37],"card_choices":[{"not_picked":["Consume","Turbo"],"picked":"Hologram","floor":1.0},{"not_picked":["Scrape","Reprogram"],"picked":"Ball Lightning","floor":4.0},{"not_picked":["Rip and Tear","Beam Cell"],"picked":"Leap","floor":5.0},{"not_picked":["Blizzard","Gash"],"picked":"Conserve Battery","floor":6.0},{"not_picked":["Scrape","Fission","Aggregate"],"picked":"SKIP","floor":7},{"not_picked":["Beam Cell","Aggregate"],"picked":"Chill","floor":10},{"not_picked":["Reprogram","Gash"],"picked":"Defragment","floor":12},{"not_picked":["All For One","Machine Learning"],"picked":"Seek","floor":16},{"not_picked":["Loop","Hologram+1"],"picked":"Chill+1","floor":18},{"not_picked":["Static Discharge+1","Reprogram"],"picked":"Beam Cell","floor":22},{"not_picked":["Coolheaded","Rebound"],"picked":"Force Field+1","floor":24}],"player_experience":568361,"relics_obtained":[{"floor":6.0,"key":"Boot"},{"floor":9,"key":"Art of War"},{"floor":10,"key":"MealTicket"},{"floor":11,"key":"Vajra"}],"event_choices":[{"damage_healed":0.0,"max_hp_gain":0.0,"max_hp_loss":0.0,"gold_gain":75.0,"event_name":"World of Goop","player_choice":"Gather Gold","floor":2.0,"gold_loss":0.0,"damage_taken":11.0},{"damage_healed":0.0,"max_hp_gain":0.0,"max_hp_loss":0.0,"gold_gain":175.0,"event_name":"Liars Game","player_choice":"AGREE","floor":3.0,"gold_loss":0.0,"damage_taken":0.0,"cards_obtained":["Doubt"]},{"damage_healed":0,"gold_gain":0,"player_choice":"Take Damage","damage_taken":18,"relics_obtained":["Golden Idol"],"max_hp_gain":0,"max_hp_loss":0,"event_name":"Golden Idol","floor":14,"gold_loss":0},{"damage_healed":0,"gold_gain":0,"player_choice":"Became a Ghost","damage_taken":0,"max_hp_gain":0,"max_hp_loss":38,"event_name":"Ghosts","floor":20,"gold_loss":0,"cards_obtained":["Ghostly","Ghostly","Ghostly","Ghostly","Ghostly"]},{"cards_removed":["Chill"],"damage_healed":0,"gold_gain":0,"player_choice":"Offered Uncommon","damage_taken":0,"max_hp_gain":0,"max_hp_loss":0,"event_name":"Bonfire Elementals","floor":21,"gold_loss":0}],"is_beta":false,"boss_relics":[{"not_picked":["SlaversCollar","Ectoplasm"],"picked":"FrozenCore"}],"items_purged_floors":[19],"is_endless":false,"potions_floor_spawned":[1,5,6,7,16,18,22,24],"killed_by":"Slavers","ascension_level":2}}