{"host":"2se5dq1do2gp0x9k","time":1611978773,"event":{"mods":["AchievementEnabler","BaseMod","Block Reminder","Colored Map","Colored Powertips","Minty Spire (QoL Compilation)","Relic Stats","StSLib","SuperFastMode"],"gold_per_floor":[119,194,3,3,18,51,65,79,153,153,163,313,155,183,183,254,254,274,274,56,56,56,56,56,89,89,89,99,125,145,156,156,233,233,247,247,18,38,38,38],"floor_reached":39,"language":"ENG","playtime":1333,"items_purged":["Doubt","Strike_B","Decay"],"score":904,"play_id":"808a9b1a-b073-49ed-9753-2381c904414f","local_time":"20210129195253","is_ascension_mode":true,"campfire_choices":[{"data":"Apotheosis","floor":10,"key":"SMITH"},{"data":"Hello World","floor":15,"key":"SMITH"},{"data":"Recycle","floor":24,"key":"SMITH"},{"data":"Zap","floor":27,"key":"SMITH"},{"floor":32,"key":"REST"}],"circlet_count":0,"master_deck":["AscendersBane","Strike_B+1","Strike_B+1","Strike_B+1","Defend_B+1","Defend_B+1","Defend_B+1","Zap+1","Dualcast","Undo","Apotheosis+1","Hologram","Rebound","Seek","Beam Cell","Recycle+1","Hello World+1","Go for the Eyes","Hyperbeam","Gash","Conserve Battery","Self Repair","Glacier","Redo+1","Doubt","Core Surge","Skim","Gash"],"relics":["Cracked Core","NeowsBlessing","TungstenRod","Symbiotic Virus","Tiny Chest","Cursed Key","Du-Vu Doll","Potion Belt","SacredBark","Membership Card"],"acts_visited":["Exordium","TheCity","TheBeyond"],"potions_floor_usage":[14,18,23,33,33,39],"damage_taken":[{"damage":0,"enemies":"Jaw Worm","floor":1,"turns":1},{"damage":0,"enemies":"2 Louse","floor":5,"turns":1},{"damage":0,"enemies":"Lagavulin","floor":6,"turns":1},{"damage":13,"enemies":"Small Slimes","floor":7,"turns":4},{"damage":1,"enemies":"2 Fungi Beasts","floor":8,"turns":4},{"damage":2,"enemies":"3 Louse","floor":11,"turns":5},{"damage":12,"enemies":"3 Sentries","floor":14,"turns":6},{"damage":5,"enemies":"Hexaghost","floor":16,"turns":9},{"damage":0,"enemies":"3 Byrds","floor":18,"turns":3},{"damage":14,"enemies":"Book of Stabbing","floor":23,"turns":5},{"damage":30,"enemies":"Gremlin Leader","floor":25,"turns":5},{"damage":23,"enemies":"2 Thieves","floor":28,"turns":4},{"damage":7,"enemies":"Centurion and Healer","floor":30,"turns":8},{"damage":13,"enemies":"Chosen and Byrds","floor":31,"turns":6},{"damage":29,"enemies":"Automaton","floor":33,"turns":10},{"damage":14,"enemies":"3 Shapes","floor":35,"turns":3},{"damage":1,"enemies":"Orb Walker","floor":38,"turns":3},{"damage":70,"enemies":"Writhing Mass","floor":39,"turns":5}],"seed_played":"-7910706128591056799","potions_obtained":[{"floor":6,"key":"Explosive Potion"},{"floor":8,"key":"Explosive Potion"},{"floor":14,"key":"SmokeBomb"},{"floor":18,"key":"CultistPotion"},{"floor":30,"key":"SteroidPotion"},{"floor":36,"key":"GamblersBrew"},{"floor":36,"key":"Fire Potion"},{"floor":38,"key":"SkillPotion"}],"is_trial":false,"path_per_floor":["M","?","$","?","M","E","M","M","T","R","M","?","$","E","R","B",null,"M","?","$","?","?","E","R","E","T","R","M","T","M","M","R","B",null,"M","?","$","M","M"],"character_chosen":"DEFECT","items_purchased":["Apotheosis","Hello World","Self Repair","Glacier","Membership Card"],"campfire_rested":1,"item_purchase_floors":[3,13,20,20,37],"current_hp_per_floor":[64,53,53,46,46,46,33,32,32,32,30,30,30,18,18,13,57,57,57,57,57,57,53,53,33,33,33,20,20,20,14,35,13,57,50,50,50,49,0,0],"gold":38,"neow_bonus":"THREE_ENEMY_KILL","is_daily":false,"chose_seed":false,"campfire_upgraded":4,"win_rate":0.0,"timestamp":1611978773,"path_taken":["M","?","$","?","M","E","M","M","T","R","M","?","$","E","R","BOSS","M","?","$","?","?","E","R","E","T","R","M","?","M","M","R","BOSS","M","?","$","M","?"],"items_purchased_type":["Card","Card","Card","Card","Relic"],"build_version":"2020-12-22","purchased_purges":3,"victory":false,"max_hp_per_floor":[71,71,71,71,71,71,71,71,71,71,71,71,71,71,71,71,71,71,71,71,71,71,71,71,71,71,71,71,71,71,71,71,71,71,71,71,71,71,71,71],"relic_stats":{"counters":[18,83],"Tiny Chest":1,"Cursed Key":1,"obtain_stats":[{"Du-Vu Doll":25,"Potion Belt":29,"NeowsBlessing":0,"SacredBark":34,"Tiny Chest":14,"Membership Card":37,"Cracked Core":0,"Symbiotic Virus":9,"Cursed Key":17,"TungstenRod":6},{"Du-Vu Doll":11,"Potion Belt":12,"NeowsBlessing":0,"SacredBark":15,"Tiny Chest":7,"Membership Card":16,"Cracked Core":0,"Symbiotic Virus":5,"Cursed Key":8,"TungstenRod":3},{"Du-Vu Doll":44,"Potion Belt":48,"NeowsBlessing":0,"SacredBark":72,"Tiny Chest":22,"Membership Card":75,"Cracked Core":0,"Symbiotic Virus":11,"Cursed Key":31,"TungstenRod":3}],"TungstenRod":35},"card_choices":[{"not_picked":["Gash","Redo"],"picked":"Undo","floor":1},{"not_picked":["Heatsinks","Steam Power"],"picked":"Hologram","floor":5},{"not_picked":["Compile Driver","Beam Cell"],"picked":"Rebound","floor":6},{"not_picked":["Fusion","Coolheaded"],"picked":"Seek","floor":7},{"not_picked":["Heatsinks","Steam Power"],"picked":"Beam Cell","floor":8},{"not_picked":["Barrage","Rebound"],"picked":"Recycle","floor":11},{"not_picked":["Fission","Tempest"],"picked":"Go for the Eyes","floor":14},{"not_picked":["Core Surge","Fission"],"picked":"Hyperbeam","floor":16},{"not_picked":["Turbo","Steam"],"picked":"Gash","floor":18},{"not_picked":["Tempest+1","Barrage"],"picked":"Redo+1","floor":25},{"not_picked":["Steam","Streamline","Static Discharge"],"picked":"SKIP","floor":28},{"not_picked":["Auto Shields","Self Repair","Genetic Algorithm+1"],"picked":"SKIP","floor":30},{"not_picked":["Auto Shields","Force Field","Reboot"],"picked":"SKIP","floor":31},{"not_picked":["Amplify","Fission"],"picked":"Core Surge","floor":33},{"not_picked":["Steam","Heatsinks+1"],"picked":"Skim","floor":35},{"not_picked":["Barrage","Redo"],"picked":"Gash","floor":38}],"player_experience":3972645,"relics_obtained":[{"floor":6,"key":"TungstenRod"},{"floor":9,"key":"Symbiotic Virus"},{"floor":14,"key":"Tiny Chest"},{"floor":25,"key":"Du-Vu Doll"},{"floor":29,"key":"Potion Belt"}],"event_choices":[{"damage_healed":0,"gold_gain":75,"player_choice":"Gather Gold","damage_taken":11,"max_hp_gain":0,"max_hp_loss":0,"event_name":"World of Goop","floor":2,"gold_loss":0},{"cards_removed":["Defend_B"],"damage_healed":0,"gold_gain":0,"player_choice":"Card Removal","damage_taken":7,"max_hp_gain":0,"max_hp_loss":0,"event_name":"Golden Wing","floor":4,"gold_loss":0},{"damage_healed":0,"gold_gain":150,"player_choice":"AGREE","damage_taken":0,"max_hp_gain":0,"max_hp_loss":0,"event_name":"Liars Game","floor":12,"gold_loss":0,"cards_obtained":["Doubt"]},{"damage_healed":0,"gold_gain":0,"player_choice":"Read","damage_taken":0,"max_hp_gain":0,"max_hp_loss":0,"event_name":"The Library","floor":19,"gold_loss":0,"cards_obtained":["Conserve Battery"]},{"damage_healed":0,"gold_gain":0,"player_choice":"Smashed Altar","damage_taken":0,"max_hp_gain":0,"max_hp_loss":0,"event_name":"Forgotten Altar","floor":21,"gold_loss":0,"cards_obtained":["Decay"]},{"damage_healed":0,"gold_gain":0,"player_choice":"Simplicity","damage_taken":0,"max_hp_gain":0,"max_hp_loss":0,"event_name":"Back to Basics","floor":22,"gold_loss":0,"cards_upgraded":["Strike_B","Strike_B","Strike_B","Defend_B","Defend_B","Defend_B"]},{"damage_healed":0,"gold_gain":0,"player_choice":"Got Potions","damage_taken":0,"max_hp_gain":0,"max_hp_loss":0,"event_name":"Lab","floor":36,"gold_loss":0}],"is_beta":false,"boss_relics":[{"not_picked":["Coffee Dripper","Sozu"],"picked":"Cursed Key"},{"not_picked":["Pandora\u0027s Box","FrozenCore"],"picked":"SacredBark"}],"items_purged_floors":[13,20,37],"is_endless":false,"potions_floor_spawned":[6,8,14,18,23,30,38],"killed_by":"Writhing Mass","ascension_level":20}}