{"host":"8f5cu9y0fpol72qs","time":1611992939,"event":{"mods":["AlwaysNeverKeys","BaseMod","Colored Map","Colored Powertips","Curses Come First","Highlight Path","Key Reminder","Minty Spire (QoL Compilation)","StSLib"],"gold_per_floor":[118,8,8,19,37,37,72,82,153,153,53,53,66,84,84,161,161,181,181,191,191,191],"floor_reached":21,"language":"ENG","playtime":2227,"items_purged":["Strike_P","Defend_P"],"score":317,"play_id":"f957834f-41ab-4285-9914-5976ae0786df","local_time":"20210129234859","is_ascension_mode":true,"campfire_choices":[{"data":"Wireheading","floor":6.0,"key":"SMITH"},{"data":"Conclude","floor":10.0,"key":"SMITH"},{"data":"Wallop","floor":15.0,"key":"SMITH"}],"circlet_count":0,"master_deck":["AscendersBane","Strike_P","Strike_P","Defend_P","Defend_P","Eruption","Vigilance","Perseverance","ThirdEye","Consecrate","Wireheading+1","FlurryOfBlows","Conclude+1","CarveReality","Wallop+1","Alpha","TalkToTheHand"],"relics":["PureWater","Torii","Eternal Feather","PreservedInsect","Snecko Eye"],"acts_visited":["Exordium","TheCity"],"potions_floor_usage":[],"damage_taken":[{"damage":5.0,"enemies":"Cultist","floor":1.0,"turns":6.0},{"damage":2.0,"enemies":"Jaw Worm","floor":4.0,"turns":3.0},{"damage":0.0,"enemies":"Small Slimes","floor":5.0,"turns":3.0},{"damage":11.0,"enemies":"Lagavulin","floor":7.0,"turns":7.0},{"damage":0.0,"enemies":"Exordium Thugs","floor":8.0,"turns":3.0},{"damage":2.0,"enemies":"Red Slaver","floor":13.0,"turns":4.0},{"damage":0.0,"enemies":"Large Slime","floor":14.0,"turns":3.0},{"damage":10.0,"enemies":"Hexaghost","floor":16.0,"turns":6.0},{"damage":12,"enemies":"Spheric Guardian","floor":18,"turns":4},{"damage":17,"enemies":"3 Byrds","floor":20,"turns":4},{"damage":29,"enemies":"Centurion and Healer","floor":21,"turns":4}],"seed_played":"-1304830056988166554","potions_obtained":[{"floor":1.0,"key":"Strength Potion"},{"floor":5.0,"key":"Ambrosia"},{"floor":7.0,"key":"AttackPotion"}],"is_trial":false,"path_per_floor":["M","$","?","M","M","R","E","M","T","R","$","?","M","M","R","B",null,"M","?","M","M"],"character_chosen":"WATCHER","items_purchased":["Wireheading"],"campfire_rested":0,"item_purchase_floors":[2],"current_hp_per_floor":[38,38,43,41,41,41,30,30,30,39,39,13,11,11,20,10,57,45,45,28,0,0],"gold":191,"neow_bonus":"TRANSFORM_TWO_CARDS","is_daily":false,"chose_seed":false,"campfire_upgraded":3,"win_rate":0.0,"timestamp":1611992939,"path_taken":["M","?","?","M","M","R","E","M","T","R","?","?","M","?","R","BOSS","M","?","M","M"],"items_purchased_type":["Card"],"build_version":"2020-12-22","purchased_purges":2,"victory":false,"max_hp_per_floor":[68,68,73,73,73,73,73,73,73,73,73,73,73,73,73,73,73,73,73,73,73,73],"card_choices":[{"not_picked":["PathToVictory","ForeignInfluence"],"picked":"Consecrate","floor":1.0},{"not_picked":["Prostrate","JustLucky"],"picked":"FlurryOfBlows","floor":4.0},{"not_picked":["Fasting2","FollowUp"],"picked":"Conclude","floor":5.0},{"not_picked":["Crescendo","BattleHymn"],"picked":"CarveReality","floor":7.0},{"not_picked":["EmptyFist","Halt","PathToVictory"],"picked":"SKIP","floor":8.0},{"not_picked":["EmptyBody","WindmillStrike"],"picked":"Wallop","floor":13.0},{"not_picked":["Prostrate","Consecrate","JustLucky"],"picked":"SKIP","floor":14.0},{"not_picked":["Brilliance","DevaForm"],"picked":"Alpha","floor":16.0},{"not_picked":["EmptyMind","Tantrum+1"],"picked":"TalkToTheHand","floor":18},{"not_picked":["Crescendo+1","SignatureMove+1","PathToVictory"],"picked":"SKIP","floor":20}],"player_experience":943179,"relics_obtained":[{"floor":7.0,"key":"Torii"},{"floor":9.0,"key":"Eternal Feather"}],"event_choices":[{"damage_healed":0.0,"max_hp_gain":5.0,"max_hp_loss":0.0,"gold_gain":0.0,"event_name":"Big Fish","player_choice":"Donut","floor":3.0,"gold_loss":0.0,"damage_taken":0.0},{"damage_healed":0.0,"max_hp_gain":0.0,"max_hp_loss":0.0,"gold_gain":0.0,"event_name":"Scrap Ooze","player_choice":"Success","floor":12.0,"gold_loss":0.0,"damage_taken":26.0,"relics_obtained":["PreservedInsect"]},{"damage_healed":0,"gold_gain":0,"player_choice":"Ignored","damage_taken":0,"max_hp_gain":0,"max_hp_loss":0,"event_name":"The Mausoleum","floor":19,"gold_loss":0}],"is_beta":false,"boss_relics":[{"not_picked":["Black Star","Empty Cage"],"picked":"Snecko Eye"}],"items_purged_floors":[2,11],"is_endless":false,"potions_floor_spawned":[1,5,7,14],"killed_by":"Centurion and Healer","ascension_level":15}}