{"host":"61y0z9o9vf3ujftj","time":1611976693,"event":{"mods":["BaseMod","Colored Map","Colored Powertips","GifTheSpireLib","HexUI Lib","Highlight Path","Minty Spire (QoL Compilation)","Relic Stats","StSLib","ojb\u0027s Info Mod"],"gold_per_floor":[362,373,298,311,16,16,91,91,170,170,188,223,236,236,236,361,361,381,367,367,383,258,258,258,258],"floor_reached":24,"language":"ENG","playtime":1358,"items_purged":["Parasite","Strike_R","Strike_R"],"score":294,"play_id":"0fda027f-ed3f-44dd-8f90-38b2aed7e7f6","local_time":"20210129211813","is_ascension_mode":true,"campfire_choices":[{"data":"Searing Blow","floor":6.0,"key":"SMITH"},{"data":"Searing Blow+1","floor":8.0,"key":"SMITH"},{"data":"Searing Blow+2","floor":10.0,"key":"SMITH"},{"data":"Searing Blow+3","floor":15.0,"key":"SMITH"},{"data":"Armaments","floor":23,"key":"SMITH"}],"circlet_count":0,"master_deck":["AscendersBane","Strike_R","Strike_R","Strike_R","Defend_R","Defend_R","Defend_R","Defend_R","Bash","Searing Blow+4","Cleave","Armaments+1","Shrug It Off","Double Tap","Armaments","Brutality","Burning Pact+1","Headbutt"],"relics":["Burning Blood","Toy Ornithopter","Pear","Pantograph","Bloody Idol","Runic Cube"],"acts_visited":["Exordium","TheCity"],"potions_floor_usage":[],"damage_taken":[{"damage":3.0,"enemies":"Small Slimes","floor":1.0,"turns":5.0},{"damage":4.0,"enemies":"2 Louse","floor":2.0,"turns":3.0},{"damage":1.0,"enemies":"Cultist","floor":4.0,"turns":3.0},{"damage":8.0,"enemies":"Blue Slaver","floor":11.0,"turns":2.0},{"damage":9.0,"enemies":"3 Sentries","floor":12.0,"turns":6.0},{"damage":5.0,"enemies":"Lots of Slimes","floor":13.0,"turns":2.0},{"damage":45.0,"enemies":"Hexaghost","floor":16.0,"turns":8.0},{"damage":10.0,"enemies":"Chosen","floor":18.0,"turns":4.0},{"damage":15.0,"enemies":"2 Thieves","floor":19.0,"turns":4.0},{"damage":39,"enemies":"Shelled Parasite and Fungi","floor":21,"turns":9},{"damage":74,"enemies":"Book of Stabbing","floor":24,"turns":5}],"seed_played":"7454487806414958648","potions_obtained":[{"floor":2.0,"key":"EntropicBrew"},{"floor":12.0,"key":"Fruit Juice"},{"floor":18.0,"key":"GamblersBrew"}],"is_trial":false,"path_per_floor":["M","M","$","M","$","R","?","R","T","R","M","E","M","?","R","B",null,"M","M","?","M","$","R","E"],"character_chosen":"IRONCLAD","items_purchased":["Toy Ornithopter","Shrug It Off"],"campfire_rested":0,"item_purchase_floors":[5,5],"current_hp_per_floor":[75,77,77,77,77,77,66,66,76,76,74,81,82,61,61,58,84,80,71,71,43,43,43,0,0],"gold":258,"neow_bonus":"TWO_FIFTY_GOLD","is_daily":false,"chose_seed":false,"campfire_upgraded":5,"win_rate":0.0,"timestamp":1611976693,"path_taken":["M","M","$","M","$","R","?","R","T","R","M","E","M","?","R","BOSS","M","M","?","M","$","R","E"],"items_purchased_type":["Relic","Card"],"build_version":"2020-12-22","purchased_purges":3,"victory":false,"max_hp_per_floor":[80,80,77,77,77,77,77,77,87,87,87,87,87,87,87,92,92,92,92,92,92,92,92,92,92],"relic_stats":{"counters":[11,51],"Pantograph":25,"Bloody Idol":5,"obtain_stats":[{"Pear":9,"Golden Idol":14,"Pantograph":12,"Bloody Idol":20,"Burning Blood":0,"Toy Ornithopter":5,"Runic Cube":17},{"Pear":3,"Golden Idol":6,"Pantograph":5,"Bloody Idol":9,"Burning Blood":0,"Toy Ornithopter":3,"Runic Cube":7},{"Pear":11,"Golden Idol":21,"Pantograph":19,"Bloody Idol":37,"Burning Blood":0,"Toy Ornithopter":11,"Runic Cube":29}],"Burning Blood":55,"Toy Ornithopter":16,"Runic Cube":[31]},"card_choices":[{"not_picked":["Thunderclap","Anger"],"picked":"Searing Blow","floor":1.0},{"not_picked":["Disarm","Thunderclap"],"picked":"Cleave","floor":2.0},{"not_picked":["Twin Strike","Carnage"],"picked":"Armaments","floor":4.0},{"not_picked":["Body Slam","Wild Strike","Pummel"],"picked":"SKIP","floor":11.0},{"not_picked":["Sentinel","Shrug It Off"],"picked":"Double Tap","floor":12.0},{"not_picked":["Fire Breathing","Sword Boomerang"],"picked":"Armaments","floor":13.0},{"not_picked":["Fiend Fire","Juggernaut"],"picked":"Brutality","floor":16.0},{"not_picked":["Anger","Wild Strike","Twin Strike"],"picked":"SKIP","floor":18.0},{"not_picked":["Pommel Strike+1","Iron Wave"],"picked":"Burning Pact+1","floor":19.0},{"not_picked":["Cleave","Metallicize"],"picked":"Headbutt","floor":21}],"player_experience":434807,"relics_obtained":[{"floor":9.0,"key":"Pear"},{"floor":12.0,"key":"Pantograph"}],"event_choices":[{"damage_healed":0.0,"max_hp_gain":0.0,"max_hp_loss":0.0,"gold_gain":75.0,"event_name":"World of Goop","player_choice":"Gather Gold","floor":7.0,"gold_loss":0.0,"damage_taken":11.0},{"damage_healed":0.0,"max_hp_gain":0.0,"max_hp_loss":0.0,"gold_gain":0.0,"event_name":"Golden Idol","player_choice":"Take Damage","floor":14.0,"gold_loss":0.0,"damage_taken":21.0,"relics_obtained":["Golden Idol"]},{"damage_healed":0.0,"max_hp_gain":0.0,"max_hp_loss":0.0,"gold_gain":0.0,"event_name":"Forgotten Altar","player_choice":"Gave Idol","floor":20.0,"relics_lost":["Golden Idol"],"gold_loss":0.0,"damage_taken":0.0,"relics_obtained":["Bloody Idol"]}],"is_beta":false,"boss_relics":[{"not_picked":["Black Blood","Busted Crown"],"picked":"Runic Cube"}],"items_purged_floors":[3,5,22],"is_endless":false,"potions_floor_spawned":[2,12,18],"killed_by":"Book of Stabbing","ascension_level":10}}