{"host":"5p9hybygolzp0efr","time":1611985248,"event":{"mods":["AchievementEnabler","BaseMod","Bestiary","Colored Map","Minty Spire (QoL Compilation)","Permanent Neow","Relic Stats","StSLib"],"gold_per_floor":[112,122,132,132,144,175,175,188,188,188,215,215,228,228,228,329,329,341,440,452,472,492,492,526,526,552,101,128,128,50,60,60,164,164,181,198,198,225,241,241,256,291,291,322,333,24,74,120,120,120],"floor_reached":51,"language":"ENG","playtime":2059,"items_purged":["SashWhip","Wireheading+1"],"score":1167,"play_id":"faf37657-f218-4d84-9cec-8fce4b99651e","local_time":"20210130134048","is_ascension_mode":true,"campfire_choices":[{"data":"Eruption","floor":7.0,"key":"SMITH"},{"floor":10.0,"key":"REST"},{"floor":15.0,"key":"REST"},{"data":"Vigilance","floor":23.0,"key":"SMITH"},{"data":"BowlingBash","floor":25.0,"key":"SMITH"},{"floor":32.0,"key":"REST"},{"data":"Blasphemy","floor":40.0,"key":"SMITH"},{"floor":49.0,"key":"REST"}],"circlet_count":0,"master_deck":["Eruption+1","Vigilance+1","BowlingBash+1","CrushJoints","Halt+1","EmptyFist","JustLucky","WheelKick+1","Ragnarok","FlurryOfBlows","Crescendo+1","Consecrate+1","BattleHymn+1","CutThroughFate+1","LikeWater+1","Adaptation+1","ReachHeaven+1","TalkToTheHand+1","Blasphemy+1","Tantrum+1","MasterReality+1","EmptyMind+1"],"relics":["StoneCalendar","Frozen Egg 2","Eternal Feather","Calling Bell","Anchor","Ornamental Fan","Gambling Chip","Shuriken","Akabeko","Orrery","Strawberry","The Courier","Nloth\u0027s Gift","VioletLotus","Bag of Marbles","Bronze Scales","Vajra","Mercury Hourglass","Pen Nib","Lantern","Dead Branch","Turnip"],"acts_visited":["Exordium","TheCity","TheBeyond"],"potions_floor_usage":[50,50],"damage_taken":[{"damage":19.0,"enemies":"2 Louse","floor":1.0,"turns":5.0},{"damage":4.0,"enemies":"Jaw Worm","floor":2.0,"turns":3.0},{"damage":0.0,"enemies":"Small Slimes","floor":3.0,"turns":2.0},{"damage":24.0,"enemies":"Exordium Thugs","floor":5.0,"turns":3.0},{"damage":0.0,"enemies":"Lagavulin","floor":6.0,"turns":4.0},{"damage":0.0,"enemies":"Exordium Wildlife","floor":8.0,"turns":2.0},{"damage":10.0,"enemies":"Gremlin Nob","floor":11.0,"turns":3.0},{"damage":11.0,"enemies":"Lots of Slimes","floor":13.0,"turns":4.0},{"damage":2.0,"enemies":"Hexaghost","floor":16.0,"turns":6.0},{"damage":0.0,"enemies":"Spheric Guardian","floor":18.0,"turns":3.0},{"damage":0.0,"enemies":"3 Byrds","floor":20.0,"turns":4.0},{"damage":6.0,"enemies":"3 Cultists","floor":21.0,"turns":4.0},{"damage":0.0,"enemies":"Sentry and Sphere","floor":22.0,"turns":3.0},{"damage":26.0,"enemies":"Gremlin Leader","floor":24.0,"turns":4.0},{"damage":20.0,"enemies":"Book of Stabbing","floor":28.0,"turns":4.0},{"damage":0.0,"enemies":"Shelled Parasite and Fungi","floor":31.0,"turns":2.0},{"damage":43.0,"enemies":"Champ","floor":33.0,"turns":6.0},{"damage":8.0,"enemies":"3 Shapes","floor":35.0,"turns":3.0},{"damage":13.0,"enemies":"3 Darklings","floor":36.0,"turns":3.0},{"damage":1.0,"enemies":"Jaw Worm Horde","floor":39.0,"turns":2.0},{"damage":10.0,"enemies":"Spire Growth","floor":41.0,"turns":3.0},{"damage":0.0,"enemies":"Nemesis","floor":42.0,"turns":1.0},{"damage":0.0,"enemies":"Reptomancer","floor":44.0,"turns":3.0},{"damage":6.0,"enemies":"Sphere and 2 Shapes","floor":45.0,"turns":3.0},{"damage":8.0,"enemies":"Mind Bloom Boss Battle","floor":47.0,"turns":2.0},{"damage":6.0,"enemies":"2 Orb Walkers","floor":48.0,"turns":2.0},{"damage":100059,"enemies":"Time Eater","floor":50,"turns":6}],"seed_played":"-8816641945392656743","potions_obtained":[{"floor":1.0,"key":"SpeedPotion"},{"floor":5.0,"key":"LiquidBronze"},{"floor":6.0,"key":"Explosive Potion"},{"floor":13.0,"key":"StancePotion"},{"floor":24.0,"key":"Ancient Potion"},{"floor":39.0,"key":"Ambrosia"}],"is_trial":false,"path_per_floor":["M","M","M","$","M","E","R","M","T","R","E","?","M","?","R","B",null,"M","?","M","M","M","R","E","R","T","$","E","?","$","M","R","B",null,"M","M","?","T","M","R","M","E","T","E","M","$","?","?","R","B",null],"character_chosen":"WATCHER","items_purchased":["LikeWater+1","Orrery","Strawberry","FairyPotion","Pen Nib","Lantern"],"campfire_rested":4,"item_purchase_floors":[27,27,27,30,46,46],"current_hp_per_floor":[46,42,42,42,18,18,18,18,18,39,29,34,23,8,34,32,66,66,66,66,60,60,66,40,49,49,56,36,36,36,36,70,27,70,62,49,49,49,48,60,50,50,50,50,44,44,36,30,66,24],"gold":120,"neow_bonus":"BOSS_RELIC","is_daily":false,"chose_seed":false,"campfire_upgraded":4,"win_rate":0.0,"timestamp":1611985248,"path_taken":["M","M","M","$","M","E","R","M","T","R","E","?","M","?","R","BOSS","M","?","M","M","M","R","E","R","T","$","E","?","$","M","R","BOSS","M","M","?","?","M","R","?","E","T","E","M","$","?","?","R","BOSS"],"items_purchased_type":["Card","Relic","Relic","Potion","Relic","Relic"],"build_version":"2020-12-22","purchased_purges":2,"victory":true,"max_hp_per_floor":[72,72,72,72,72,72,72,72,72,72,72,77,77,77,77,77,77,77,77,77,77,77,77,77,77,77,84,84,84,84,84,84,84,84,84,84,80,80,80,80,80,80,80,80,80,80,80,80,80,80],"relic_stats":{"counters":[27,90],"Dead Branch":[11],"StoneCalendar":[0],"Eternal Feather":51,"Pen Nib":[3],"Mercury Hourglass":[45],"Ornamental Fan":[152],"Shuriken":[27],"Gambling Chip":[29],"Bronze Scales":[36],"VioletLotus":[3],"Turnip":[0],"Nloth\u0027s Gift":4,"obtain_stats":[{"Lantern":46,"Dead Branch":47,"Vajra":43,"StoneCalendar":6,"Eternal Feather":11,"The Courier":28,"Pen Nib":46,"Frozen Egg 2":9,"Akabeko":26,"Mercury Hourglass":44,"Calling Bell":17,"Anchor":17,"Ornamental Fan":17,"Shuriken":24,"Gambling Chip":17,"Strawberry":27,"Bronze Scales":42,"Orrery":27,"Pandora\u0027s Box":0,"VioletLotus":34,"Turnip":48,"Nloth\u0027s Gift":29,"Bag of Marbles":38,"PureWater":0},{"Lantern":24,"Dead Branch":25,"Vajra":22,"StoneCalendar":5,"Eternal Feather":7,"The Courier":15,"Pen Nib":24,"Frozen Egg 2":6,"Akabeko":14,"Mercury Hourglass":23,"Calling Bell":9,"Anchor":9,"Ornamental Fan":9,"Shuriken":14,"Gambling Chip":9,"Strawberry":14,"Bronze Scales":22,"Orrery":14,"Pandora\u0027s Box":0,"VioletLotus":17,"Turnip":26,"Nloth\u0027s Gift":15,"Bag of Marbles":19,"PureWater":0},{"Lantern":80,"Dead Branch":82,"Vajra":74,"StoneCalendar":17,"Eternal Feather":22,"The Courier":54,"Pen Nib":80,"Frozen Egg 2":19,"Akabeko":50,"Mercury Hourglass":77,"Calling Bell":32,"Anchor":32,"Ornamental Fan":32,"Shuriken":50,"Gambling Chip":32,"Strawberry":50,"Bronze Scales":74,"Orrery":50,"Pandora\u0027s Box":0,"VioletLotus":62,"Turnip":84,"Nloth\u0027s Gift":54,"Bag of Marbles":68,"PureWater":0}]},"card_choices":[{"not_picked":["CarveReality","FollowUp"],"picked":"BowlingBash","floor":1.0},{"not_picked":["DeceiveReality","Protect"],"picked":"SashWhip","floor":2.0},{"not_picked":["BowlingBash","Pray"],"picked":"CrushJoints","floor":3.0},{"not_picked":["Sanctity","Evaluate"],"picked":"Halt","floor":5.0},{"not_picked":["SashWhip","ThirdEye"],"picked":"EmptyFist","floor":6.0},{"not_picked":["Omniscience","Halt"],"picked":"JustLucky","floor":8.0},{"not_picked":["Worship","EmptyBody"],"picked":"WheelKick","floor":11.0},{"not_picked":["InnerPeace","SignatureMove","JustLucky"],"picked":"SKIP","floor":13.0},{"not_picked":["Vault","MasterReality+1"],"picked":"Ragnarok","floor":16.0},{"not_picked":["Prostrate","FollowUp"],"picked":"FlurryOfBlows","floor":18.0},{"not_picked":["ThirdEye","Evaluate"],"picked":"Crescendo+1","floor":20.0},{"not_picked":["CrushJoints+1","Nirvana+1"],"picked":"Consecrate+1","floor":21.0},{"not_picked":["SandsOfTime","Devotion+1"],"picked":"BattleHymn+1","floor":22.0},{"not_picked":["Nirvana+1","Crescendo"],"picked":"CutThroughFate+1","floor":24.0},{"not_picked":["Protect","Consecrate"],"picked":"Adaptation+1","floor":27.0},{"not_picked":["FlyingSleeves+1","JustLucky"],"picked":"ReachHeaven+1","floor":27.0},{"not_picked":["BowlingBash+1","EmptyBody"],"picked":"Wireheading+1","floor":27.0},{"not_picked":["ReachHeaven","CutThroughFate"],"picked":"TalkToTheHand+1","floor":28.0},{"not_picked":["WheelKick","Halt+1","EmptyFist+1"],"picked":"SKIP","floor":31.0},{"not_picked":["Devotion+1","Alpha"],"picked":"Blasphemy","floor":33.0},{"not_picked":["CrushJoints+1","Swivel","Study+1"],"picked":"SKIP","floor":35.0},{"not_picked":["Halt+1","Vengeance"],"picked":"Tantrum+1","floor":36.0},{"not_picked":["Evaluate","CrushJoints+1","SashWhip"],"picked":"SKIP","floor":39.0},{"not_picked":["BowlingBash","Evaluate","WaveOfTheHand+1"],"picked":"SKIP","floor":41.0},{"not_picked":["Omniscience","ThirdEye+1"],"picked":"MasterReality+1","floor":42.0},{"not_picked":["SpiritShield","MasterReality+1","Pray"],"picked":"SKIP","floor":44.0},{"not_picked":["FollowUp","EmptyMind+1","Fasting2+1"],"picked":"SKIP","floor":45.0},{"not_picked":["FollowUp","Fasting2+1"],"picked":"EmptyMind+1","floor":45.0}],"player_experience":566510,"relics_obtained":[{"floor":6.0,"key":"StoneCalendar"},{"floor":9.0,"key":"Frozen Egg 2"},{"floor":11.0,"key":"Eternal Feather"},{"floor":17.0,"key":"Anchor"},{"floor":17.0,"key":"Ornamental Fan"},{"floor":17.0,"key":"Gambling Chip"},{"floor":24.0,"key":"Shuriken"},{"floor":26.0,"key":"Akabeko"},{"floor":28.0,"key":"The Courier"},{"floor":38.0,"key":"Bag of Marbles"},{"floor":42.0,"key":"Bronze Scales"},{"floor":43.0,"key":"Vajra"},{"floor":44.0,"key":"Mercury Hourglass"},{"floor":47.0,"key":"Dead Branch"},{"floor":48.0,"key":"Turnip"}],"event_choices":[{"damage_healed":0.0,"max_hp_gain":5.0,"max_hp_loss":0.0,"gold_gain":0.0,"event_name":"Big Fish","player_choice":"Donut","floor":12.0,"gold_loss":0.0,"damage_taken":0.0},{"damage_healed":0.0,"max_hp_gain":0.0,"max_hp_loss":0.0,"gold_gain":0.0,"event_name":"Shining Light","player_choice":"Entered Light","floor":14.0,"gold_loss":0.0,"damage_taken":15.0,"cards_upgraded":["WheelKick","Halt"]},{"damage_healed":0.0,"max_hp_gain":0.0,"max_hp_loss":0.0,"gold_gain":99.0,"event_name":"Nest","player_choice":"Stole From Cult","floor":19.0,"gold_loss":0.0,"damage_taken":0.0},{"damage_healed":0.0,"max_hp_gain":0.0,"max_hp_loss":0.0,"gold_gain":0.0,"event_name":"N\u0027loth","player_choice":"Traded Relic","floor":29.0,"relics_lost":["Pandora\u0027s Box"],"gold_loss":0.0,"damage_taken":0.0,"relics_obtained":["Nloth\u0027s Gift"]},{"damage_healed":0.0,"max_hp_gain":0.0,"max_hp_loss":4.0,"gold_gain":0.0,"event_name":"Winding Halls","player_choice":"Max HP","floor":37.0,"gold_loss":0.0,"damage_taken":0.0},{"damage_healed":0.0,"max_hp_gain":0.0,"max_hp_loss":0.0,"gold_gain":0.0,"event_name":"MindBloom","player_choice":"Fight","floor":47.0,"gold_loss":0.0,"damage_taken":0.0},{"damage_healed":0.0,"max_hp_gain":0.0,"max_hp_loss":0.0,"gold_gain":0.0,"event_name":"Mysterious Sphere","player_choice":"Fight","floor":48.0,"gold_loss":0.0,"damage_taken":0.0}],"is_beta":false,"boss_relics":[{"not_picked":["Coffee Dripper","Empty Cage"],"picked":"Calling Bell"},{"not_picked":["Tiny House","SlaversCollar"],"picked":"VioletLotus"}],"items_purged_floors":[27,46],"is_endless":false,"potions_floor_spawned":[1,5,6,13,18,22,24,31,33,39,42,44,47],"ascension_level":6}}