{"host":"9kesdg97wkrx2bva","time":1611993415,"event":{"mods":["AchievementEnabler","BaseMod","Colored Map","GifTheSpireLib","Infinite Spire","Minty Spire (QoL Compilation)","Replay The Spire","StSLib"],"gold_per_floor":[211,136,154,154,166,166,180,180,180,180,54,72,107,107,107,107,107],"floor_reached":16,"language":"ENG","playtime":415,"items_purged":["Strike_B","Strike_B"],"score":190,"play_id":"f6168684-7587-4911-806f-aed293702c5a","local_time":"20210130015655","is_ascension_mode":true,"campfire_choices":[{"data":"Zap","floor":6,"key":"SMITH"},{"data":"Dualcast","floor":8,"key":"SMITH"},{"data":"Gash","floor":10,"key":"SMITH"},{"floor":15,"key":"REST"}],"circlet_count":0,"master_deck":["AscendersBane","Strike_B","Strike_B","Defend_B","Defend_B","Defend_B","Defend_B","Zap+1","Dualcast+1","Gash+1","Beam Cell","Defragment","Storm","Rebound+1","Streamline","Melter"],"relics":["Cracked Core","Ring of Hypnosis","Golden Egg","HornCleat","Mirror"],"acts_visited":["Exordium"],"potions_floor_usage":[13,13,16],"damage_taken":[{"damage":14,"enemies":"Jaw Worm","floor":1,"turns":4},{"damage":1,"enemies":"Cultist","floor":3,"turns":3},{"damage":0,"enemies":"2 Louse","floor":5,"turns":2},{"damage":3,"enemies":"Blue Slaver","floor":7,"turns":3},{"damage":13,"enemies":"Large Slime","floor":12,"turns":4},{"damage":24,"enemies":"3 Sentries","floor":13,"turns":7},{"damage":39,"enemies":"Fading Forest","floor":16,"turns":7}],"seed_played":"-7901864447283797524","potions_obtained":[{"floor":7,"key":"Weak Potion"},{"floor":12,"key":"SteroidPotion"},{"floor":13,"key":"Weak Potion"}],"is_trial":false,"path_per_floor":["M","$","M","?","M","R","M","R","T","R","$","M","E","T","R","B"],"character_chosen":"DEFECT","items_purchased":["Rebound"],"campfire_rested":1,"item_purchase_floors":[11],"current_hp_per_floor":[50,50,49,49,49,49,46,46,46,46,46,33,9,9,30,0,0],"gold":107,"neow_bonus":"HUNDRED_GOLD","is_daily":false,"chose_seed":false,"campfire_upgraded":3,"win_rate":0.0,"timestamp":1611993415,"path_taken":["M","$","M","?","M","R","M","R","T","R","$","M","E","?","R","BOSS"],"items_purchased_type":["Card"],"build_version":"2020-12-22","purchased_purges":2,"victory":false,"max_hp_per_floor":[71,71,71,71,71,71,71,71,71,71,71,71,71,71,71,71,71],"card_choices":[{"not_picked":["Sunder","Compile Driver"],"picked":"Gash","floor":1},{"not_picked":["Coolheaded","Go for the Eyes"],"picked":"Beam Cell","floor":3},{"not_picked":["Redo","Reinforced Body"],"picked":"Defragment","floor":5},{"not_picked":["BasicCrystalCard","Auto Shields"],"picked":"Storm","floor":7},{"not_picked":["Sweeping Beam","Turbo"],"picked":"Streamline","floor":12},{"not_picked":["Hyperbeam","Genetic Algorithm"],"picked":"Melter","floor":13}],"player_experience":986875,"relics_obtained":[{"floor":4,"key":"Ring of Hypnosis"},{"floor":9,"key":"Golden Egg"},{"floor":13,"key":"HornCleat"},{"floor":14,"key":"Mirror"}],"event_choices":[],"is_beta":false,"boss_relics":[],"items_purged_floors":[2,11],"is_endless":false,"potions_floor_spawned":[7,12,13],"killed_by":"Fading Forest","ascension_level":18}}