{"host":"uv5ws9rdk87e8i5k","time":1611979030,"event":{"mods":["AchievementEnabler","BaseMod","Colored Map","Minty Spire (QoL Compilation)","Permanent Neow","Quick Restart","StSLib","SuperFastMode","The Necromancer"],"gold_per_floor":[14,28,48,60,78,111,129,160,160,171,190,190,190,190,190],"floor_reached":14,"language":"ENG","playtime":434,"items_purged":[],"score":154,"play_id":"e53f787b-6ac0-403b-acd7-9a0c8dc4b55c","local_time":"20210129215710","is_ascension_mode":true,"campfire_choices":[{"floor":12,"key":"REST"}],"circlet_count":0,"master_deck":["Strike_G","Strike_G","Strike_G","Strike_G","Strike_G","Defend_G","Defend_G","Defend_G+1","Defend_G+1","Defend_G","Survivor","Neutralize","Prepared","Dagger Throw","Bouncing Flask+1","PiercingWail","Noxious Fumes","Bouncing Flask","Catalyst+1"],"relics":["Ring of the Snake","Incense Burner","InkBottle","War Paint","White Beast Statue"],"acts_visited":["Exordium"],"potions_floor_usage":[8,14,14],"damage_taken":[{"damage":2.0,"enemies":"Small Slimes","floor":1.0,"turns":6.0},{"damage":0.0,"enemies":"2 Louse","floor":2.0,"turns":3.0},{"damage":0.0,"enemies":"Jaw Worm","floor":3.0,"turns":5.0},{"damage":5.0,"enemies":"Looter","floor":4.0,"turns":5.0},{"damage":4.0,"enemies":"2 Fungi Beasts","floor":5.0,"turns":4.0},{"damage":26.0,"enemies":"3 Sentries","floor":6.0,"turns":9.0},{"damage":5.0,"enemies":"Exordium Wildlife","floor":7.0,"turns":4.0},{"damage":6,"enemies":"Gremlin Nob","floor":8,"turns":3},{"damage":7,"enemies":"Large Slime","floor":10,"turns":6},{"damage":4,"enemies":"Blue Slaver","floor":11,"turns":4},{"damage":6,"enemies":"Lagavulin","floor":14,"turns":3}],"seed_played":"7681267084654595821","potions_obtained":[{"floor":2.0,"key":"AttackPotion"},{"floor":5.0,"key":"LiquidBronze"},{"floor":6.0,"key":"FearPotion"},{"floor":7.0,"key":"FearPotion"},{"floor":10,"key":"ColorlessPotion"},{"floor":11,"key":"Ancient Potion"}],"is_trial":false,"path_per_floor":["M","M","M","M","M","E","M","E","T","M","M","R","?","E"],"character_chosen":"THE_SILENT","items_purchased":[],"campfire_rested":1,"item_purchase_floors":[],"current_hp_per_floor":[61,61,61,56,52,26,21,15,15,8,4,25,11,5,5],"gold":190,"neow_bonus":"ONE_RARE_RELIC","is_daily":false,"chose_seed":false,"campfire_upgraded":0,"win_rate":0.0,"timestamp":1611979030,"path_taken":["M","M","M","M","M","E","M","E","T","M","M","R","?","E"],"items_purchased_type":[],"build_version":"2020-12-22","purchased_purges":0,"victory":false,"max_hp_per_floor":[70,70,70,70,70,70,70,70,70,70,70,70,70,70,70],"card_choices":[{"not_picked":["Blur","Concentrate"],"picked":"Prepared","floor":1.0},{"not_picked":["Dodge and Roll","Well Laid Plans","Flying Knee"],"picked":"SKIP","floor":2.0},{"not_picked":["Footwork","Outmaneuver"],"picked":"Dagger Throw","floor":3.0},{"not_picked":["Cloak And Dagger","Outmaneuver"],"picked":"Bouncing Flask","floor":4.0},{"not_picked":["Underhanded Strike","Blur"],"picked":"PiercingWail","floor":5.0},{"not_picked":["Distraction","Underhanded Strike","Sucker Punch"],"picked":"SKIP","floor":6.0},{"not_picked":["Phantasmal Killer","Backstab"],"picked":"Noxious Fumes","floor":7.0},{"not_picked":["Masterful Stab","A Thousand Cuts","Setup"],"picked":"SKIP","floor":8},{"not_picked":["Leg Sweep","Acrobatics"],"picked":"Bouncing Flask","floor":10},{"not_picked":["Underhanded Strike","Slice"],"picked":"Catalyst","floor":11}],"player_experience":306674,"relics_obtained":[{"floor":6.0,"key":"InkBottle"},{"floor":8,"key":"War Paint"},{"floor":9,"key":"White Beast Statue"}],"event_choices":[{"damage_healed":0,"gold_gain":0,"player_choice":"Entered Light","damage_taken":14,"max_hp_gain":0,"max_hp_loss":0,"event_name":"Shining Light","floor":13,"gold_loss":0,"cards_upgraded":["Catalyst","Defend_G"]}],"is_beta":false,"boss_relics":[],"items_purged_floors":[],"is_endless":false,"potions_floor_spawned":[2,5,6,7,10,11],"killed_by":"Lagavulin","ascension_level":9}}