{"host":"kpyf5rnb72uwap8k","time":1611983790,"event":{"mods":["AchievementEnabler","BaseMod","Colored Map","Colored Powertips","DeckTracker","Minty Spire (QoL Compilation)","Permanent Neow","Quick Restart","StSLib","SuperFastMode"],"gold_per_floor":[115,125,125,50,63,63,76,76,76,90,90,90,119,130,130,233,233],"floor_reached":16,"language":"KOR","playtime":1691,"items_purged":["Strike_G"],"score":167,"play_id":"2f205b07-b790-40e1-958c-3a34a8cf46c3","local_time":"20210130141630","is_ascension_mode":true,"campfire_choices":[{"data":"Neutralize","floor":6,"key":"SMITH"},{"data":"Heel Hook","floor":8,"key":"SMITH"},{"data":"Heel Hook","floor":11,"key":"SMITH"},{"floor":15,"key":"REST"}],"circlet_count":0,"master_deck":["Strike_G","Strike_G","Strike_G","Defend_G","Defend_G","Defend_G","Defend_G","Defend_G","Survivor","Neutralize+1","Heel Hook+1","PiercingWail","Heel Hook+1","Dagger Throw","Slice","PiercingWail","Bullet Time"],"relics":["Ring of the Snake","Blue Candle","Letter Opener","Toy Ornithopter"],"acts_visited":["Exordium"],"potions_floor_usage":[16],"damage_taken":[{"damage":2,"enemies":"2 Louse","floor":1,"turns":3},{"damage":0,"enemies":"Small Slimes","floor":2,"turns":4},{"damage":0,"enemies":"Cultist","floor":5,"turns":4},{"damage":0,"enemies":"Looter","floor":7,"turns":4},{"damage":6,"enemies":"Blue Slaver","floor":10,"turns":4},{"damage":15,"enemies":"3 Sentries","floor":13,"turns":10},{"damage":0,"enemies":"Exordium Wildlife","floor":14,"turns":4},{"damage":67,"enemies":"Hexaghost","floor":16,"turns":17}],"seed_played":"-638171076501084878","potions_obtained":[{"floor":10,"key":"SmokeBomb"},{"floor":13,"key":"PowerPotion"},{"floor":14,"key":"SmokeBomb"}],"is_trial":false,"path_per_floor":["M","M","?","$","M","R","M","R","T","M","R","?","E","M","R","B"],"character_chosen":"THE_SILENT","items_purchased":[],"campfire_rested":1,"item_purchase_floors":[],"current_hp_per_floor":[68,68,68,68,68,68,68,68,68,62,62,62,47,47,68,6,6],"gold":233,"neow_bonus":"THREE_CARDS","is_daily":false,"chose_seed":false,"campfire_upgraded":3,"win_rate":0.0,"timestamp":1611983790,"path_taken":["M","M","?","$","M","R","M","R","T","M","R","?","E","M","R","BOSS"],"items_purchased_type":[],"build_version":"2020-12-22","purchased_purges":1,"victory":false,"max_hp_per_floor":[70,70,70,70,70,70,70,70,70,70,70,70,70,70,70,70,70],"card_choices":[{"not_picked":["Flechettes","Slice"],"picked":"Heel Hook","floor":0},{"not_picked":["Finisher","Flying Knee"],"picked":"PiercingWail","floor":1},{"not_picked":["Dagger Spray","Cloak And Dagger"],"picked":"Heel Hook","floor":2},{"not_picked":["Blade Dance","After Image"],"picked":"Dagger Throw","floor":5},{"not_picked":["Poisoned Stab","Acrobatics"],"picked":"Slice","floor":7},{"not_picked":["Blade Dance","Well Laid Plans","Acrobatics"],"picked":"SKIP","floor":10},{"not_picked":["Eviscerate","Cloak And Dagger"],"picked":"PiercingWail","floor":13},{"not_picked":["Deadly Poison","Escape Plan"],"picked":"Bullet Time","floor":14}],"player_experience":238744,"relics_obtained":[{"floor":9,"key":"Blue Candle"},{"floor":13,"key":"Toy Ornithopter"}],"event_choices":[{"cards_removed":["Strike_G"],"damage_healed":0,"gold_gain":0,"player_choice":"Forget","damage_taken":0,"max_hp_gain":0,"max_hp_loss":0,"event_name":"Living Wall","floor":3,"gold_loss":0},{"damage_healed":0,"gold_gain":0,"player_choice":"Searched \u00272\u0027 times","damage_taken":0,"relics_obtained":["Letter Opener"],"max_hp_gain":0,"max_hp_loss":0,"event_name":"Dead Adventurer","floor":12,"gold_loss":0}],"is_beta":false,"boss_relics":[],"items_purged_floors":[4],"is_endless":false,"potions_floor_spawned":[10,13,14],"killed_by":"Hexaghost","ascension_level":2}}