{"host":"tq99ucv8ezzqzioe","time":1611988522,"event":{"mods":["BaseMod","Colored Map","Downfall","Highlight Path","Minty Spire (QoL Compilation)","StSLib"],"gold_per_floor":[111,111,121,135,60,87,87,87,156,156,166,166,201,251,251,251,251],"floor_reached":16,"language":"ENG","playtime":1303,"items_purged":["Strike_R"],"score":140,"play_id":"c2f079fd-2ae7-48c5-9552-7feae560ae3d","local_time":"20210130013522","is_ascension_mode":true,"campfire_choices":[{"data":"Searing Blow","floor":7,"key":"SMITH"},{"data":"Searing Blow+1","floor":10,"key":"SMITH"},{"data":"Searing Blow+3","floor":15,"key":"SMITH"}],"circlet_count":0,"master_deck":["Strike_R","Strike_R","Defend_R","Defend_R","Defend_R","Defend_R","Bash+1","Searing Blow+4","Sword Boomerang","Metallicize","Headbutt","Inflame","Flex","Bloodletting"],"relics":["Burning Blood","Tiny Chest","Nunchaku","HornCleat","Toy Ornithopter","Whetstone"],"acts_visited":["Exordium"],"potions_floor_usage":[6,11],"damage_taken":[{"damage":19,"enemies":"Jaw Worm","floor":1,"turns":4},{"damage":6,"enemies":"Cultist","floor":3,"turns":3},{"damage":2,"enemies":"2 Louse","floor":4,"turns":3},{"damage":17,"enemies":"Gremlin Nob","floor":6,"turns":5},{"damage":7,"enemies":"Lots of Slimes","floor":11,"turns":4},{"damage":14,"enemies":"Lagavulin","floor":13,"turns":7},{"damage":47,"enemies":"The Guardian","floor":16,"turns":7}],"seed_played":"-582300585152991242","potions_obtained":[{"floor":3,"key":"champ:CounterPotion"},{"floor":4,"key":"ColorlessPotion"},{"floor":6,"key":"Dexterity Potion"}],"is_trial":false,"path_per_floor":["M","?","M","M","$","E","R","?","T","R","M","?","E","T","R","B"],"character_chosen":"IRONCLAD","items_purchased":[],"campfire_rested":0,"item_purchase_floors":[],"current_hp_per_floor":[59,59,59,63,63,52,52,52,52,52,51,51,43,43,43,0,0],"gold":251,"neow_bonus":"THREE_CARDS","is_daily":false,"chose_seed":false,"campfire_upgraded":3,"win_rate":0.0,"timestamp":1611988522,"path_taken":["M","?","M","?","$","E","R","?","T","R","?","?","E","?","R","BOSS"],"items_purchased_type":[],"build_version":"2020-12-22","purchased_purges":1,"victory":false,"max_hp_per_floor":[80,80,80,80,80,80,80,80,80,80,80,80,80,80,80,80,80],"card_choices":[{"not_picked":["Clothesline","Perfected Strike"],"picked":"Searing Blow","floor":0},{"not_picked":["Iron Wave","Anger"],"picked":"Sword Boomerang","floor":1},{"not_picked":["Perfected Strike","Reckless Charge"],"picked":"Metallicize","floor":3},{"not_picked":["Second Wind","Hemokinesis"],"picked":"Headbutt","floor":4},{"not_picked":["Dark Embrace","Rupture","Sentinel"],"picked":"SKIP","floor":6},{"not_picked":["Headbutt","Second Wind"],"picked":"Inflame","floor":11},{"not_picked":["Perfected Strike","True Grit"],"picked":"Bloodletting","floor":13}],"player_experience":819211,"relics_obtained":[{"floor":6,"key":"Tiny Chest"},{"floor":9,"key":"HornCleat"},{"floor":13,"key":"Toy Ornithopter"},{"floor":14,"key":"Whetstone"}],"event_choices":[{"cards_removed":["Strike_R"],"damage_healed":0,"gold_gain":0,"player_choice":"Offered Basic","damage_taken":0,"max_hp_gain":0,"max_hp_loss":0,"event_name":"Bonfire Elementals","floor":2,"gold_loss":0},{"damage_healed":0,"gold_gain":0,"player_choice":"Gave Potion","damage_taken":0,"relics_obtained":["Nunchaku"],"max_hp_gain":0,"max_hp_loss":0,"event_name":"WeMeetAgain","floor":8,"gold_loss":0},{"damage_healed":0,"gold_gain":0,"cards_transformed":["Strike_R"],"player_choice":"Change","damage_taken":0,"max_hp_gain":0,"max_hp_loss":0,"event_name":"Living Wall","floor":12,"gold_loss":0,"cards_obtained":["Flex"]}],"is_beta":false,"boss_relics":[],"items_purged_floors":[5],"is_endless":false,"potions_floor_spawned":[3,4,6],"killed_by":"The Guardian","ascension_level":6}}