{"host":"syozzdlzcqop4jia","time":1611978082,"event":{"mods":["BaseMod","Colored Map","Colored Powertips","Minty Spire (QoL Compilation)","Quick Restart"],"gold_per_floor":[112,112,212,61,73,73,91,119,119,137,1,1,0,0,0,103,103,116,76,96,96,96,96,96],"floor_reached":23,"language":"ENG","playtime":988,"items_purged":["Strike_R","Defend_R"],"score":215,"play_id":"f1185287-39f9-4d92-80fa-56f8161cb0d8","local_time":"20210130044122","is_ascension_mode":true,"campfire_choices":[{"data":"Inflame","floor":6,"key":"SMITH"},{"floor":12,"key":"REST"},{"data":"Uppercut","floor":15,"key":"SMITH"}],"circlet_count":0,"master_deck":["Strike_R","Strike_R","Strike_R","Strike_R","Defend_R","Defend_R","Defend_R","Bash","Inflame+1","Heavy Blade","Flex","Heavy Blade","Perfected Strike","Pommel Strike","Uppercut+1","Impervious","Flame Barrier+1","Flex+1"],"relics":["Burning Blood","Akabeko","Bottled Lightning","Centennial Puzzle","Sozu"],"acts_visited":["Exordium","TheCity"],"potions_floor_usage":[8,23],"damage_taken":[{"damage":0,"enemies":"Small Slimes","floor":1,"turns":4},{"damage":0,"enemies":"Cultist","floor":5,"turns":2},{"damage":7,"enemies":"Jaw Worm","floor":7,"turns":2},{"damage":35,"enemies":"3 Sentries","floor":8,"turns":6},{"damage":0,"enemies":"2 Fungi Beasts","floor":10,"turns":2},{"damage":70,"enemies":"Hexaghost","floor":16,"turns":8},{"damage":22,"enemies":"3 Byrds","floor":18,"turns":6},{"damage":8,"enemies":"Shell Parasite","floor":20,"turns":5},{"damage":32,"enemies":"Book of Stabbing","floor":23,"turns":4}],"seed_played":"-84632173716855180","potions_obtained":[{"floor":1,"key":"Weak Potion"},{"floor":5,"key":"Explosive Potion"},{"floor":16,"key":"PowerPotion"}],"is_trial":false,"path_per_floor":["M","?","?","$","M","R","M","E","T","M","$","R","?","?","R","B",null,"M","?","M","?","?","E"],"character_chosen":"IRONCLAD","items_purchased":["Heavy Blade","Flex","Uppercut"],"campfire_rested":1,"item_purchase_floors":[4,4,11],"current_hp_per_floor":[80,80,80,80,80,80,79,50,50,56,56,80,80,80,80,16,80,64,64,62,62,47,15,15],"gold":96,"neow_bonus":"RANDOM_COMMON_RELIC","is_daily":false,"chose_seed":false,"campfire_upgraded":2,"win_rate":0.0,"timestamp":1611978082,"path_taken":["M","?","?","$","M","R","?","E","T","M","$","R","?","?","R","BOSS","M","?","?","?","?","E"],"items_purchased_type":["Card","Card","Card"],"build_version":"2020-12-22","purchased_purges":2,"victory":false,"max_hp_per_floor":[80,80,80,80,80,80,80,80,80,80,80,80,80,80,80,80,80,80,80,80,80,85,85,85],"card_choices":[{"not_picked":["Disarm","Infernal Blade"],"picked":"Inflame","floor":1},{"not_picked":["True Grit","Iron Wave"],"picked":"Heavy Blade","floor":5},{"not_picked":["Whirlwind","Inflame"],"picked":"Perfected Strike","floor":7},{"not_picked":["Armaments","Dropkick","Infernal Blade"],"picked":"SKIP","floor":8},{"not_picked":["Havoc","Intimidate"],"picked":"Pommel Strike","floor":10},{"not_picked":["Corruption","Exhume"],"picked":"Impervious","floor":16},{"not_picked":["Combust+1","Warcry"],"picked":"Flame Barrier","floor":18},{"not_picked":["Body Slam","Dark Embrace"],"picked":"Flex+1","floor":20}],"player_experience":434288,"relics_obtained":[{"floor":8,"key":"Bottled Lightning"},{"floor":9,"key":"Centennial Puzzle"}],"event_choices":[{"damage_healed":0,"gold_gain":0,"player_choice":"Fled","damage_taken":0,"max_hp_gain":0,"max_hp_loss":0,"event_name":"Scrap Ooze","floor":2,"gold_loss":0},{"damage_healed":0,"gold_gain":100,"player_choice":"Pray","damage_taken":0,"max_hp_gain":0,"max_hp_loss":0,"event_name":"Golden Shrine","floor":3,"gold_loss":0},{"damage_healed":0,"gold_gain":0,"player_choice":"Left Gold","damage_taken":0,"max_hp_gain":0,"max_hp_loss":0,"event_name":"World of Goop","floor":13,"gold_loss":1},{"damage_healed":0,"gold_gain":0,"player_choice":"Ignored","damage_taken":0,"max_hp_gain":0,"max_hp_loss":0,"event_name":"Liars Game","floor":14,"gold_loss":0},{"damage_healed":0,"gold_gain":0,"player_choice":"Upgrade","damage_taken":0,"max_hp_gain":0,"max_hp_loss":0,"event_name":"Designer","floor":19,"gold_loss":40,"cards_upgraded":["Flame Barrier"]},{"damage_healed":0,"gold_gain":0,"player_choice":"Ignored","damage_taken":0,"max_hp_gain":0,"max_hp_loss":0,"event_name":"Ghosts","floor":21,"gold_loss":0},{"damage_healed":0,"gold_gain":0,"player_choice":"Shed Blood","damage_taken":20,"max_hp_gain":5,"max_hp_loss":0,"event_name":"Forgotten Altar","floor":22,"gold_loss":0}],"is_beta":false,"boss_relics":[{"not_picked":["Busted Crown","Empty Cage"],"picked":"Sozu"}],"items_purged_floors":[4,11],"is_endless":false,"potions_floor_spawned":[1,5,16],"killed_by":"Book of Stabbing","ascension_level":3}}