{"host":"nwd160me4iqdtr8u","time":1611985340,"event":{"mods":["AchievementEnabler","Act Like it!","BaseMod","Colored Map","DeckTracker","Keyboard Shortcuts","Minty Spire (QoL Compilation)","Quick Restart","Rare Cards Sparkle","StSLib","SuperFastMode","everything is the same but u backflip on backflip"],"gold_per_floor":[118,133,144,144,162,193,193,193,193,227,241,316,316,329,329,428,428,443,457,237,255,255,255,272,272,344,357,373,373,373,403,403,499,499,519,569,585,585,138,138,154,171,171,171,183,183,183,41,41,41],"floor_reached":51,"language":"KOR","playtime":2705,"items_purged":["Defend_B","Writhe"],"score":777,"play_id":"9ed9e28c-bb33-43ee-9d12-5370a4a71f5a","local_time":"20210130144220","is_ascension_mode":true,"campfire_choices":[{"data":"Loop","floor":7.0,"key":"SMITH"},{"data":"Zap","floor":13.0,"key":"SMITH"},{"data":"White Noise","floor":15.0,"key":"SMITH"},{"data":"Defragment","floor":23.0,"key":"SMITH"},{"data":"Storm","floor":25.0,"key":"SMITH"},{"data":"Coolheaded","floor":29.0,"key":"SMITH"},{"floor":32.0,"key":"REST"},{"data":"Seek","floor":40.0,"key":"SMITH"},{"data":"Reboot","floor":44,"key":"SMITH"},{"floor":46,"key":"REST"},{"data":"Reinforced Body","floor":49,"key":"SMITH"}],"circlet_count":0,"master_deck":["Strike_B","Strike_B","Defend_B","Defend_B+1","Defend_B+1","Zap+1","Dualcast+1","Finesse","Coolheaded+1","Loop+1","Undo+1","Go for the Eyes","Cold Snap","Double Energy","Glacier","White Noise+1","Seek+1","Consume","Hologram+1","Defragment+1","Genetic Algorithm","Melter","Capacitor","Storm+1","Blizzard","Sweeping Beam+1","Reboot+1","Defragment+1","Barrage+1","Redo","All For One","Steam+1","Reinforced Body+1","Skim"],"relics":["Cracked Core","War Paint","Orichalcum","Mummified Hand","Philosopher\u0027s Stone","Bottled Lightning","Sundial","Bottled Tornado","Cursed Key","WingedGreaves","Centennial Puzzle","Toy Ornithopter"],"acts_visited":["Exordium","TheCity","TheBeyond"],"potions_floor_usage":[50],"damage_taken":[{"damage":9.0,"enemies":"Small Slimes","floor":1.0,"turns":3.0},{"damage":0.0,"enemies":"Cultist","floor":2.0,"turns":3.0},{"damage":0.0,"enemies":"2 Louse","floor":3.0,"turns":2.0},{"damage":5.0,"enemies":"Looter","floor":5.0,"turns":3.0},{"damage":8.0,"enemies":"3 Sentries","floor":6.0,"turns":8.0},{"damage":0.0,"enemies":"Lagavulin","floor":10.0,"turns":9.0},{"damage":3.0,"enemies":"Large Slime","floor":11.0,"turns":9.0},{"damage":0.0,"enemies":"2 Fungi Beasts","floor":14.0,"turns":4.0},{"damage":7.0,"enemies":"Slime Boss","floor":16.0,"turns":14.0},{"damage":5.0,"enemies":"Chosen","floor":18.0,"turns":7.0},{"damage":8.0,"enemies":"Spheric Guardian","floor":19.0,"turns":5.0},{"damage":8.0,"enemies":"Snake Plant","floor":21.0,"turns":6.0},{"damage":4.0,"enemies":"3 Cultists","floor":24.0,"turns":6.0},{"damage":3.0,"enemies":"Shelled Parasite and Fungi","floor":27.0,"turns":6.0},{"damage":7.0,"enemies":"Centurion and Healer","floor":28.0,"turns":5.0},{"damage":18.0,"enemies":"Slavers","floor":31.0,"turns":5.0},{"damage":4.0,"enemies":"Automaton","floor":33.0,"turns":11.0},{"damage":0.0,"enemies":"3 Shapes","floor":35.0,"turns":2.0},{"damage":0.0,"enemies":"Mind Bloom Boss Battle","floor":36.0,"turns":7.0},{"damage":29.0,"enemies":"3 Darklings","floor":37.0,"turns":7.0},{"damage":0.0,"enemies":"Maw","floor":41.0,"turns":8.0},{"damage":16.0,"enemies":"Spire Growth","floor":42.0,"turns":4.0},{"damage":19,"enemies":"Jaw Worm Horde","floor":45,"turns":3},{"damage":14,"enemies":"Time Eater","floor":50,"turns":12}],"seed_played":"8541441043090723532","potions_obtained":[{"floor":1.0,"key":"SpeedPotion"},{"floor":2.0,"key":"LiquidMemories"},{"floor":5.0,"key":"DistilledChaos"},{"floor":10.0,"key":"LiquidBronze"},{"floor":14.0,"key":"EssenceOfDarkness"},{"floor":18.0,"key":"GamblersBrew"},{"floor":27.0,"key":"DuplicationPotion"},{"floor":28.0,"key":"Strength Potion"},{"floor":31.0,"key":"SneckoOil"},{"floor":33.0,"key":"SteroidPotion"},{"floor":36.0,"key":"LiquidMemories"},{"floor":45,"key":"SteroidPotion"}],"is_trial":false,"path_per_floor":["M","M","M","?","M","E","R","?","T","E","M","?","R","M","R","B",null,"M","M","$","M","?","R","M","R","T","M","M","R","?","E","R","B",null,"M","?","M","?","$","R","M","M","T","R","M","R","?","$","R","B",null],"character_chosen":"DEFECT","items_purchased":["Defragment","Genetic Algorithm","Centennial Puzzle","Redo","Toy Ornithopter","Reinforced Body","Skim"],"campfire_rested":2,"item_purchase_floors":[20,20,39,39,39,48,48],"current_hp_per_floor":[66,66,66,51,46,38,38,38,38,38,35,28,28,28,28,21,75,70,62,62,54,54,54,50,50,50,47,40,40,40,22,44,40,75,75,75,46,46,46,46,46,30,30,30,11,33,66,66,66,56],"gold":41,"neow_bonus":"RANDOM_COLORLESS","is_daily":false,"chose_seed":false,"campfire_upgraded":9,"win_rate":0.0,"timestamp":1611985340,"path_taken":["M","M","M","?","M","E","R","?","T","E","M","?","R","M","R","BOSS","M","?","$","M","?","R","M","R","T","M","M","R","?","E","R","BOSS","M","?","M","?","$","R","M","M","T","R","M","R","?","$","R","BOSS"],"items_purchased_type":["Card","Card","Relic","Card","Relic","Card","Card"],"build_version":"2020-12-22","purchased_purges":2,"victory":true,"max_hp_per_floor":[75,75,75,75,75,75,75,75,75,75,75,75,75,75,75,75,75,75,75,75,75,75,75,75,75,75,75,75,75,75,75,75,75,75,75,75,75,75,75,75,75,75,75,75,75,75,66,66,66,66],"card_choices":[{"not_picked":["Dark Shackles","Purity"],"picked":"Finesse","floor":0.0},{"not_picked":["Turbo","Steam"],"picked":"Coolheaded","floor":1.0},{"not_picked":["Darkness","Barrage"],"picked":"Loop","floor":2.0},{"not_picked":["Steam Power","Force Field"],"picked":"Undo","floor":3.0},{"not_picked":["Beam Cell","Machine Learning"],"picked":"Go for the Eyes","floor":5.0},{"not_picked":["Hello World","Gash"],"picked":"Cold Snap","floor":6.0},{"not_picked":["Ball Lightning","Barrage"],"picked":"Glacier","floor":10.0},{"not_picked":["Rip and Tear","Compile Driver"],"picked":"White Noise","floor":11.0},{"not_picked":["Rebound","Go for the Eyes","Auto Shields"],"picked":"SKIP","floor":14.0},{"not_picked":["Creative AI","Meteor Strike"],"picked":"Seek","floor":16.0},{"not_picked":["Hologram","Rebound+1"],"picked":"Consume","floor":18.0},{"not_picked":["Compile Driver","Scrape+1"],"picked":"Hologram+1","floor":19.0},{"not_picked":["Compile Driver+1","Double Energy"],"picked":"Melter","floor":21.0},{"not_picked":["Leap","Redo"],"picked":"Storm","floor":24.0},{"not_picked":["Barrage","Creative AI"],"picked":"Blizzard","floor":27.0},{"not_picked":["Genetic Algorithm","Turbo+1","Coolheaded+1"],"picked":"SKIP","floor":28.0},{"not_picked":["Streamline","Sunder"],"picked":"Sweeping Beam+1","floor":31.0},{"not_picked":["Meteor Strike","Core Surge"],"picked":"Reboot","floor":33.0},{"not_picked":["Gash+1","Ball Lightning"],"picked":"Defragment+1","floor":35.0},{"not_picked":["Gash","White Noise"],"picked":"Barrage+1","floor":37.0},{"not_picked":["Blizzard+1","Lockon"],"picked":"All For One","floor":41.0},{"not_picked":["Conserve Battery+1","Heatsinks","Go for the Eyes+1"],"picked":"SKIP","floor":42.0},{"not_picked":["Steam Power","Redo+1"],"picked":"Steam+1","floor":45}],"player_experience":324469,"relics_obtained":[{"floor":6.0,"key":"War Paint"},{"floor":9.0,"key":"Orichalcum"},{"floor":10.0,"key":"Mummified Hand"},{"floor":26.0,"key":"Bottled Lightning"},{"floor":31.0,"key":"Bottled Tornado"},{"floor":36.0,"key":"WingedGreaves"}],"event_choices":[{"damage_healed":0.0,"max_hp_gain":0.0,"max_hp_loss":0.0,"gold_gain":0.0,"event_name":"Shining Light","player_choice":"Entered Light","floor":4.0,"gold_loss":0.0,"damage_taken":15.0,"cards_upgraded":["Undo","Dualcast"]},{"damage_healed":0.0,"max_hp_gain":0.0,"max_hp_loss":0.0,"gold_gain":0.0,"cards_transformed":["Strike_B"],"event_name":"Living Wall","player_choice":"Change","floor":8.0,"gold_loss":0.0,"damage_taken":0.0,"cards_obtained":["Double Energy"]},{"damage_healed":0.0,"max_hp_gain":0.0,"max_hp_loss":0.0,"gold_gain":75.0,"event_name":"FaceTrader","player_choice":"Touch","floor":12.0,"gold_loss":0.0,"damage_taken":7.0},{"damage_healed":0.0,"max_hp_gain":0.0,"max_hp_loss":0.0,"gold_gain":0.0,"event_name":"The Library","player_choice":"Read","floor":22.0,"gold_loss":0.0,"damage_taken":0.0,"cards_obtained":["Capacitor"]},{"damage_healed":0.0,"max_hp_gain":0.0,"max_hp_loss":0.0,"gold_gain":0.0,"event_name":"The Mausoleum","player_choice":"Opened","floor":30.0,"gold_loss":0.0,"damage_taken":0.0,"relics_obtained":["Sundial"],"cards_obtained":["Writhe"]},{"damage_healed":0.0,"max_hp_gain":0.0,"max_hp_loss":0.0,"gold_gain":0.0,"event_name":"MindBloom","player_choice":"Fight","floor":36.0,"gold_loss":0.0,"damage_taken":0.0},{"cards_removed":["Strike_B"],"damage_healed":0.0,"max_hp_gain":0.0,"max_hp_loss":0.0,"gold_gain":0.0,"event_name":"Falling","player_choice":"Removed Attack","floor":38.0,"gold_loss":0.0,"damage_taken":0.0},{"damage_healed":66,"gold_gain":0,"player_choice":"Heal","damage_taken":0,"max_hp_gain":0,"max_hp_loss":9,"event_name":"The Moai Head","floor":47,"gold_loss":0}],"is_beta":false,"boss_relics":[{"not_picked":["Ectoplasm","Snecko Eye"],"picked":"Philosopher\u0027s Stone"},{"not_picked":["Sozu","Runic Pyramid"],"picked":"Cursed Key"}],"items_purged_floors":[20,39],"is_endless":false,"potions_floor_spawned":[1,2,5,10,14,18,27,28,31,33,36,45],"ascension_level":3}}