{"host":"z7byfb4bpt09dh7e","time":1611971132,"event":{"mods":["Aspiration","BaseMod","BetterRewards","Colored Map","Displayed Cursed Tome","Infinite Spire","Minty Spire (QoL Compilation)","Reliquary","Replay The Spire","StSLib","The Blue Laboratory","The Marked","Uncapped"],"gold_per_floor":[115,115,115,115,115,149,183,183,263,50,85,118,131,142,219,319,319,332,332,332,332,332,364,398,429,475,487,487,43,43,43,43,147,147,156,166,166,166,166,194,218,236,261,261,261,242,234,234],"floor_reached":47,"language":"ENG","playtime":2992,"items_purged":[],"score":836,"play_id":"370beb84-45cb-4756-b916-210d8f355870","local_time":"20210129204532","daily_mods":["SealedDeck","Vintage","Heirloom","Time Dilation","Flight","DeadlyEvents"],"is_ascension_mode":false,"campfire_choices":[{"floor":30,"key":"REST"},{"floor":32,"key":"DIG"},{"floor":44,"key":"REST"}],"circlet_count":0,"master_deck":["Rip and Tear","Darkness","Panic Button","Capacitor","Panic Button","FIFO Queue","Turbo","BootSequence","Sweeping Beam","White Noise+1","ReplayTheSpireMod:Omega Cannon","Zap","Auto Shields","Rebound","White Noise+1","Steam","Hyperbeam","Biased Cognition","Rip and Tear","infinitespire:Oblivion","Time Bomb+1","Conserve Battery+1","Mayhem","Fission+1","Parasite","Neutralize","Seek+1","ReplayTheSpireMod:Trickstab","Replay:Fractal Strike","Madness+1","Madness+1","Sweeping Beam+1","Chill+1","Turbo+1"],"relics":["Unceasing Top","infinitespire:Lychee Nut","Calipers","NeowsBlessing","NeowsBlessing","NeowsBlessing","infinitespire:FocusingShard","Replay:Bottled Eggs","Replay:Bottled Flurry","Replay:Frozen Program","reliquary:PrincelyHelmet","Toxic Egg 2","reliquary:OuijaBoard","Sundial","aspiration:PoetsPen_weak","Oddly Smooth Stone","NeowsBlessing","NeowsBlessing","NeowsBlessing","Question Card","reliquary:Boomerang","Bronze Scales","Replay:Wax Seal","Centennial Puzzle","NeowsBlessing","Gremlin Horn","infinitespire:Satchel","ReplayTheSpireMod:SealedPack","reliquary:RosewoodLute","Bird Faced Urn","reliquary:BoilingFlask","reliquary:Knoch","Peace Pipe","ReplayFunnel","reliquary:QuartzCube"],"acts_visited":["Exordium","TheCity","TheBeyond"],"potions_floor_usage":[46,46,46],"damage_taken":[{"damage":1,"enemies":"Jaw Worm","floor":1,"turns":3},{"damage":0,"enemies":"3 Sentries","floor":6,"turns":1},{"damage":0,"enemies":"Lagavulin","floor":7,"turns":1},{"damage":0,"enemies":"3 Sentries","floor":11,"turns":1},{"damage":0,"enemies":"Gremlin Nob","floor":12,"turns":1},{"damage":0,"enemies":"Cultist","floor":13,"turns":1},{"damage":0,"enemies":"2 Louse","floor":14,"turns":1},{"damage":0,"enemies":"Hexaghost","floor":16,"turns":1},{"damage":10,"enemies":"Shell Parasite","floor":18,"turns":3},{"damage":0,"enemies":"Book of Stabbing","floor":23,"turns":1},{"damage":0,"enemies":"Nightmare","floor":24,"turns":1},{"damage":0,"enemies":"Book of Stabbing","floor":25,"turns":1},{"damage":0,"enemies":"Spheric Guardian","floor":27,"turns":1},{"damage":0,"enemies":"Champ","floor":33,"turns":1},{"damage":0,"enemies":"3 Shapes","floor":35,"turns":1},{"damage":0,"enemies":"Orb Walker","floor":36,"turns":1},{"damage":0,"enemies":"R_Hoarder","floor":40,"turns":1},{"damage":0,"enemies":"Nightmare","floor":41,"turns":1},{"damage":55,"enemies":"Spire Growth","floor":46,"turns":4},{"damage":14,"enemies":"Transient","floor":47,"turns":1}],"seed_played":"79631826757790795","potions_obtained":[{"floor":11,"key":"blueLaboratory:TeslaPotion"},{"floor":12,"key":"blueLaboratory:FrostheartPotion"},{"floor":13,"key":"CultistPotion"},{"floor":23,"key":"Venom Potion"},{"floor":35,"key":"Reflective Coating"}],"is_trial":true,"path_per_floor":["M","?","WH","WH","WH","E","E","WH","T","$","E","E","M","M","R_BF","B",null,"M","WH","WH","WH","WH","E","NM","E","T","M","WH","$","R","WH","R_BF","B",null,"M","M","?","WH","AVR","E","NM","?","T","R","WH","M","M"],"character_chosen":"DEFECT","items_purchased":["White Noise","Replay:Frozen Program","Gremlin Horn","Mayhem"],"campfire_rested":2,"item_purchase_floors":[10,10,29,29],"current_hp_per_floor":[56,56,56,56,56,56,56,61,61,61,61,61,61,61,61,61,61,51,51,51,51,57,57,57,57,57,57,57,57,67,67,67,67,67,67,67,59,59,59,59,59,33,33,53,53,6,0,0],"gold":234,"neow_bonus":"THREE_ENEMY_KILL","is_daily":false,"chose_seed":false,"campfire_upgraded":0,"win_rate":0.0,"timestamp":1611971132,"path_taken":["M","?","WH","WH","WH","E","E","WH","T","$","E","E","M","M","R_BF","BOSS","M","WH","WH","WH","WH","E","NM","E","T","?","WH","$","R","WH","R_BF","BOSS","M","?","?","WH","AVR","E","NM","?","T","R","WH","M","?"],"items_purchased_type":["Card","Relic","Relic","Card"],"build_version":"2020-12-22","purchased_purges":0,"victory":false,"max_hp_per_floor":[56,56,56,56,56,56,56,61,61,61,61,61,61,61,61,61,61,61,61,61,61,67,67,67,67,67,67,67,67,67,67,67,67,67,67,67,67,67,67,67,67,67,67,67,67,67,67,67],"card_choices":[{"not_picked":["Lockon","Consume"],"picked":"Auto Shields","floor":6},{"not_picked":["Barrage","Beam Cell"],"picked":"Rebound","floor":7},{"not_picked":["Leap","Beam Cell"],"picked":"Steam","floor":11},{"not_picked":["Rebound","Blizzard"],"picked":"Hyperbeam","floor":12},{"not_picked":["Reboot+1","Meteor Strike"],"picked":"Biased Cognition","floor":16},{"not_picked":["Hologram+1","Steam+1"],"picked":"Rip and Tear","floor":23},{"not_picked":["infinitespire:Starlight","infinitespire:SealOfDarkness+"],"picked":"infinitespire:Oblivion","floor":24},{"not_picked":["Steam+1","White Noise+1","Panic Button+1"],"picked":"Time Bomb+1","floor":24},{"not_picked":["Meteor Strike","Steam+1","Gash"],"picked":"Conserve Battery+1","floor":25},{"not_picked":["Electrodynamics","All For One","Mirror Shield+1"],"picked":"Fission+1","floor":33},{"not_picked":["theMarked:SoldierOfQuellstein","Survivor","Zap"],"picked":"Neutralize","floor":34},{"not_picked":["Machine Learning","Fission","All For One"],"picked":"Seek","floor":34},{"not_picked":["Blind","Replay:Parry","Forethought"],"picked":"ReplayTheSpireMod:Trickstab","floor":34},{"not_picked":["infinitespire:DeathsTouch","infinitespire:Execution","infinitespire:Fortify"],"picked":"Replay:Fractal Strike","floor":34},{"not_picked":["Leap+1","Reboot+1","Hologram+1"],"picked":"Sweeping Beam+1","floor":40},{"not_picked":["Meteor Strike","Hologram+1","Doom and Gloom+1"],"picked":"Chill+1","floor":41},{"not_picked":["Steam+1","Rebound+1","Panic Button+1"],"picked":"Turbo+1","floor":42}],"player_experience":294617,"relics_obtained":[{"floor":1,"key":"Calipers"},{"floor":6,"key":"infinitespire:FocusingShard"},{"floor":7,"key":"Replay:Bottled Eggs"},{"floor":9,"key":"Replay:Bottled Flurry"},{"floor":11,"key":"reliquary:PrincelyHelmet"},{"floor":12,"key":"Toxic Egg 2"},{"floor":13,"key":"reliquary:OuijaBoard"},{"floor":14,"key":"Sundial"},{"floor":18,"key":"Oddly Smooth Stone"},{"floor":23,"key":"Question Card"},{"floor":24,"key":"reliquary:Boomerang"},{"floor":25,"key":"Bronze Scales"},{"floor":26,"key":"Replay:Wax Seal"},{"floor":27,"key":"Centennial Puzzle"},{"floor":32,"key":"infinitespire:Satchel"},{"floor":35,"key":"reliquary:RosewoodLute"},{"floor":36,"key":"Bird Faced Urn"},{"floor":41,"key":"reliquary:Knoch"},{"floor":42,"key":"Peace Pipe"},{"floor":43,"key":"ReplayFunnel"},{"floor":46,"key":"reliquary:QuartzCube"}],"event_choices":[{"damage_healed":0,"gold_gain":0,"player_choice":"2 cards matched","damage_taken":0,"max_hp_gain":0,"max_hp_loss":0,"event_name":"Match and Keep!","floor":2,"gold_loss":0,"cards_obtained":["ReplayTheSpireMod:Omega Cannon","Zap"]},{"damage_healed":0,"gold_gain":0,"player_choice":"2 cards matched","damage_taken":0,"max_hp_gain":0,"max_hp_loss":0,"event_name":"Match and Keep!","floor":2,"gold_loss":0,"cards_obtained":["ReplayTheSpireMod:Omega Cannon","Zap"]},{"damage_healed":0,"gold_gain":0,"player_choice":"Embrace Madness","damage_taken":8,"max_hp_gain":0,"max_hp_loss":0,"event_name":"Winding Halls","floor":37,"gold_loss":0,"cards_obtained":["Madness","Madness"]}],"is_beta":false,"boss_relics":[{"not_picked":["reliquary:WritOfMandamus","Painkiller Herb"],"picked":"aspiration:PoetsPen_weak"},{"not_picked":["Busted Crown","Coffee Dripper"],"picked":"ReplayTheSpireMod:SealedPack"}],"items_purged_floors":[],"is_endless":true,"potions_floor_spawned":[11,12,13,23,24,33,35,41],"killed_by":"Transient","ascension_level":0}}