{"host":"2pffx5rqbod9ds0c","time":1611986501,"event":{"mods":["BaseMod","Better Altar","Better Match","Better Note","Better Sensory Stone","Better Skull","Better Third Choice","Custom Start","Hubris","Minty Spire (QoL Compilation)","Quick Restart","Relic Stats","Robot Space Explorer","Spicy Shops","StSLib"],"gold_per_floor":[119,130,55,55,66,66,82,112,137,137,137,162,173,188,188,291,291,307,232,248,259,84,84,112,112,135,135,164,164,196,211,211,315,365,385,435,453,453,463,38,38,64,64,98,98,130,130,143,143,143],"floor_reached":51,"language":"ENG","playtime":2500,"items_purged":["Pain","RobotSpaceExplorer:Strike","RobotSpaceExplorer:Defend"],"score":996,"play_id":"fbf8797a-bbda-48cf-9d5e-27f9426c3927","local_time":"20210129220141","is_ascension_mode":true,"campfire_choices":[{"data":"RobotSpaceExplorer:LaserBurst","floor":6.0,"key":"SMITH"},{"floor":15.0,"key":"REST"},{"data":"RobotSpaceExplorer:Arsenal","floor":23.0,"key":"SMITH"},{"data":"RobotSpaceExplorer:MiniLasers","floor":25.0,"key":"SMITH"},{"floor":32.0,"key":"REST"},{"data":"RobotSpaceExplorer:TrailblazerForm","floor":41,"key":"SMITH"},{"floor":47,"key":"REST"},{"data":"RobotSpaceExplorer:Pulsar","floor":49,"key":"SMITH"}],"circlet_count":0,"master_deck":["RobotSpaceExplorer:Defend","RobotSpaceExplorer:Defend","RobotSpaceExplorer:Defend","RobotSpaceExplorer:Scan","RobotSpaceExplorer:MiniLasers+1","RobotSpaceExplorer:TrailblazerForm","RobotSpaceExplorer:LaserBurst+1","RobotSpaceExplorer:Arsenal+1","RobotSpaceExplorer:Arsenal+1","RobotSpaceExplorer:ShockMissile+1","RobotSpaceExplorer:Reload","RobotSpaceExplorer:TrailblazerForm+1","RobotSpaceExplorer:Arsenal+1","RobotSpaceExplorer:ShockMissile+1","RobotSpaceExplorer:Arsenal+1","RobotSpaceExplorer:Pulsar+1","RobotSpaceExplorer:Reload+1","RobotSpaceExplorer:TrailblazerForm","RobotSpaceExplorer:Arsenal+1"],"relics":["RobotSpaceExplorer:RoboCore","WarpedTongs","Bronze Scales","Strawberry","Boot","Snecko Eye","Meat on the Bone","Akabeko","Pear","hubris:BottledRain","Tiny House","Bag of Preparation","hubris:Teleporter","hubris:Icosahedron","Chemical X","Ancient Tea Set","Happy Flower","Orichalcum","TungstenRod","Omamori","RobotSpaceExplorer:FoglandsKnife"],"acts_visited":["Exordium","TheCity","TheBeyond"],"potions_floor_usage":[50,50],"damage_taken":[{"damage":4.0,"enemies":"Jaw Worm","floor":1.0,"turns":3.0},{"damage":0.0,"enemies":"Cultist","floor":2.0,"turns":3.0},{"damage":8.0,"enemies":"2 Louse","floor":5.0,"turns":2.0},{"damage":2.0,"enemies":"Red Slaver","floor":7.0,"turns":4.0},{"damage":39.0,"enemies":"3 Sentries","floor":8.0,"turns":7.0},{"damage":2.0,"enemies":"Lagavulin","floor":12.0,"turns":8.0},{"damage":0.0,"enemies":"Looter","floor":13.0,"turns":1.0},{"damage":3.0,"enemies":"2 Fungi Beasts","floor":14.0,"turns":3.0},{"damage":31.0,"enemies":"Hexaghost","floor":16.0,"turns":10.0},{"damage":3.0,"enemies":"Spheric Guardian","floor":18.0,"turns":3.0},{"damage":7.0,"enemies":"Shell Parasite","floor":20.0,"turns":3.0},{"damage":16.0,"enemies":"Cultist and Chosen","floor":21.0,"turns":5.0},{"damage":5.0,"enemies":"Slavers","floor":24.0,"turns":4.0},{"damage":0.0,"enemies":"Book of Stabbing","floor":28.0,"turns":3.0},{"damage":10.0,"enemies":"Gremlin Leader","floor":30.0,"turns":9.0},{"damage":4.0,"enemies":"3 Cultists","floor":31.0,"turns":3.0},{"damage":0.0,"enemies":"Champ","floor":33.0,"turns":13.0},{"damage":18.0,"enemies":"3 Shapes","floor":35.0,"turns":8.0},{"damage":0.0,"enemies":"Mind Bloom Boss Battle","floor":36.0,"turns":7.0},{"damage":7.0,"enemies":"Orb Walker","floor":37.0,"turns":3.0},{"damage":2,"enemies":"Sphere and 2 Shapes","floor":39,"turns":3},{"damage":0,"enemies":"Giant Head","floor":42,"turns":9},{"damage":13,"enemies":"Nemesis","floor":44,"turns":5},{"damage":7,"enemies":"Giant Head","floor":46,"turns":7},{"damage":14,"enemies":"Maw","floor":48,"turns":7},{"damage":4,"enemies":"Time Eater","floor":50,"turns":9}],"seed_played":"-2096803921531478311","potions_obtained":[{"floor":1.0,"key":"Block Potion"},{"floor":7.0,"key":"FearPotion"},{"floor":13.0,"key":"Swift Potion"},{"floor":30.0,"key":"RobotSpaceExplorer:PlasmaFlask"},{"floor":34.0,"key":"CultistPotion"}],"is_trial":false,"path_per_floor":["M","M","?","?","M","R","M","E","T","?","?","E","M","M","R","B",null,"M","?","M","M","$","R","E","R","T","?","E","?","E","M","R","B",null,"M","?","M","?","M","$","R","E","T","E","?","E","R","M","R","B",null],"character_chosen":"RobotSpaceExplorer","items_purchased":["Chemical X","Ancient Tea Set"],"campfire_rested":3,"item_purchase_floors":[40,40],"current_hp_per_floor":[71,71,71,71,63,63,61,22,29,26,26,24,24,21,45,14,82,79,79,72,56,56,56,51,51,51,51,61,61,51,47,74,74,97,79,79,72,72,70,70,70,70,70,57,57,50,79,65,65,61],"gold":143,"neow_bonus":"ONE_RANDOM_RARE_CARD","is_daily":false,"chose_seed":false,"campfire_upgraded":5,"win_rate":0.0,"timestamp":1611986501,"path_taken":["M","M","?","?","?","R","M","E","T","?","?","E","M","M","R","BOSS","M","?","?","M","$","R","E","R","T","?","E","?","E","M","R","BOSS","M","?","M","?","M","$","R","E","T","E","?","E","R","?","R","BOSS"],"items_purchased_type":["Relic","Relic"],"build_version":"2020-12-22","purchased_purges":3,"victory":true,"max_hp_per_floor":[75,75,75,75,75,75,75,75,82,82,82,82,82,82,82,82,82,82,82,82,82,82,82,82,82,82,82,92,92,92,92,92,92,97,97,97,97,97,97,97,97,97,97,97,97,97,97,97,97,97],"relic_stats":{"Happy Flower":[9],"counters":[26,142],"Bronze Scales":[289],"Snecko Eye":[146,154,138,147],"Bag of Preparation":[16],"Chemical X":[23],"Orichalcum":[102],"Boot":[512],"obtain_stats":[{"Pear":28,"Tiny House":34,"hubris:Teleporter":36,"Happy Flower":42,"RobotSpaceExplorer:RoboCore":0,"Bag of Preparation":35,"Omamori":46,"Orichalcum":43,"Boot":10,"Ancient Tea Set":40,"Akabeko":26,"WarpedTongs":4,"RobotSpaceExplorer:FoglandsKnife":46,"hubris:Icosahedron":38,"Bronze Scales":8,"Strawberry":9,"Snecko Eye":17,"Chemical X":40,"TungstenRod":44,"Meat on the Bone":24,"hubris:BottledRain":30},{"Pear":14,"Tiny House":17,"hubris:Teleporter":19,"Happy Flower":22,"RobotSpaceExplorer:RoboCore":0,"Bag of Preparation":18,"Omamori":24,"Orichalcum":22,"Boot":5,"Ancient Tea Set":21,"Akabeko":13,"WarpedTongs":2,"RobotSpaceExplorer:FoglandsKnife":24,"hubris:Icosahedron":20,"Bronze Scales":5,"Strawberry":5,"Snecko Eye":9,"Chemical X":21,"TungstenRod":23,"Meat on the Bone":13,"hubris:BottledRain":15},{"Pear":59,"Tiny House":84,"hubris:Teleporter":99,"Happy Flower":114,"RobotSpaceExplorer:RoboCore":0,"Bag of Preparation":92,"Omamori":126,"Orichalcum":114,"Boot":19,"Ancient Tea Set":105,"Akabeko":56,"WarpedTongs":6,"RobotSpaceExplorer:FoglandsKnife":126,"hubris:Icosahedron":102,"Bronze Scales":19,"Strawberry":19,"Snecko Eye":41,"Chemical X":105,"TungstenRod":119,"Meat on the Bone":56,"hubris:BottledRain":68}],"TungstenRod":4,"WarpedTongs":[119],"Meat on the Bone":0},"card_choices":[{"not_picked":["RobotSpaceExplorer:FrostMissile","RobotSpaceExplorer:Fix"],"picked":"RobotSpaceExplorer:LaserBurst","floor":1.0},{"not_picked":["RobotSpaceExplorer:GlueShot","RobotSpaceExplorer:MakeshiftVolley","RobotSpaceExplorer:SurgingStrike"],"picked":"SKIP","floor":2.0},{"not_picked":["RobotSpaceExplorer:Wormhole+1","RobotSpaceExplorer:Multitool+1"],"picked":"RobotSpaceExplorer:Arsenal+1","floor":3.0},{"not_picked":["RobotSpaceExplorer:Blaster+1","RobotSpaceExplorer:BlastShield+1"],"picked":"RobotSpaceExplorer:Arsenal+1","floor":3.0},{"not_picked":["RobotSpaceExplorer:BlastShield+1","RobotSpaceExplorer:Comet+1"],"picked":"RobotSpaceExplorer:ShockMissile+1","floor":3.0},{"not_picked":["RobotSpaceExplorer:DoubleFind","RobotSpaceExplorer:FrostMissile","RobotSpaceExplorer:MetalStrike"],"picked":"SKIP","floor":5.0},{"not_picked":["RobotSpaceExplorer:SwiftStep","RobotSpaceExplorer:StarDust","RobotSpaceExplorer:MiniBoosters"],"picked":"SKIP","floor":7.0},{"not_picked":["RobotSpaceExplorer:SurgingShield","RobotSpaceExplorer:Scanner","RobotSpaceExplorer:Ammunition"],"picked":"SKIP","floor":8.0},{"not_picked":["RobotSpaceExplorer:SelfCleaning","RobotSpaceExplorer:Electropulse","RobotSpaceExplorer:MiniBoosters"],"picked":"SKIP","floor":12.0},{"not_picked":["RobotSpaceExplorer:ShockKick","RobotSpaceExplorer:ExhaustFan","RobotSpaceExplorer:Counterblock"],"picked":"SKIP","floor":13.0},{"not_picked":["RobotSpaceExplorer:FreezeRay","RobotSpaceExplorer:IronShell","RobotSpaceExplorer:RigExplosive"],"picked":"SKIP","floor":14.0},{"not_picked":["RobotSpaceExplorer:Scanner","RobotSpaceExplorer:ChargingLaser"],"picked":"RobotSpaceExplorer:TrailblazerForm","floor":16.0},{"not_picked":["RobotSpaceExplorer:SurgingShield+1","RobotSpaceExplorer:StunGrenade","RobotSpaceExplorer:Pulsar"],"picked":"SKIP","floor":18.0},{"not_picked":["RobotSpaceExplorer:Comet+1","RobotSpaceExplorer:DroneSwarm+1"],"picked":"RobotSpaceExplorer:Arsenal+1","floor":19.0},{"not_picked":["RobotSpaceExplorer:Multitool+1","RobotSpaceExplorer:DroneSwarm+1"],"picked":"RobotSpaceExplorer:ShockMissile+1","floor":19.0},{"not_picked":["RobotSpaceExplorer:SurgingStrike","RobotSpaceExplorer:Smokescreen","RobotSpaceExplorer:Blitz"],"picked":"SKIP","floor":20.0},{"not_picked":["RobotSpaceExplorer:ImprovisedAttack","RobotSpaceExplorer:GlueShot"],"picked":"RobotSpaceExplorer:Arsenal","floor":21.0},{"not_picked":["RobotSpaceExplorer:Probe","RobotSpaceExplorer:MetalStrike","RobotSpaceExplorer:SlimeMissile+1"],"picked":"SKIP","floor":24.0},{"not_picked":["RobotSpaceExplorer:Pulsar","RobotSpaceExplorer:GlueShot"],"picked":"RobotSpaceExplorer:Wormhole","floor":28.0},{"not_picked":["RobotSpaceExplorer:ScrapMissile","RobotSpaceExplorer:GlueShot","RobotSpaceExplorer:SlimeMissile"],"picked":"SKIP","floor":30.0},{"not_picked":["RobotSpaceExplorer:Electropulse+1","RobotSpaceExplorer:StarLightning","RobotSpaceExplorer:TurboDodge"],"picked":"SKIP","floor":31.0},{"not_picked":["RobotSpaceExplorer:BlastShield","RobotSpaceExplorer:Blaster"],"picked":"RobotSpaceExplorer:Exploration","floor":33.0},{"not_picked":["RobotSpaceExplorer:GlueShot+1","RobotSpaceExplorer:MetalStrike+1","RobotSpaceExplorer:PowerGlove"],"picked":"SKIP","floor":35.0},{"not_picked":["RobotSpaceExplorer:MetalStrike","RobotSpaceExplorer:SlimeMissile+1"],"picked":"RobotSpaceExplorer:Reload+1","floor":37.0},{"not_picked":["RobotSpaceExplorer:Ammunition+1","RobotSpaceExplorer:MiniDrones+1","RobotSpaceExplorer:FranticSearch"],"picked":"SKIP","floor":39},{"not_picked":["RobotSpaceExplorer:Ammunition+1","RobotSpaceExplorer:FrostMissile+1"],"picked":"RobotSpaceExplorer:TrailblazerForm","floor":42},{"not_picked":["RobotSpaceExplorer:SurgingShield+1","RobotSpaceExplorer:Smokescreen"],"picked":"RobotSpaceExplorer:Exploration","floor":44},{"not_picked":["RobotSpaceExplorer:FranticSearch","RobotSpaceExplorer:SurgingStrike+1","RobotSpaceExplorer:Discharger"],"picked":"SKIP","floor":46},{"not_picked":["RobotSpaceExplorer:IronShell+1","RobotSpaceExplorer:SurgingStrike","RobotSpaceExplorer:Electroshield+1"],"picked":"SKIP","floor":48}],"player_experience":796659,"relics_obtained":[{"floor":8.0,"key":"Bronze Scales"},{"floor":9.0,"key":"Strawberry"},{"floor":24.0,"key":"Meat on the Bone"},{"floor":26.0,"key":"Akabeko"},{"floor":28.0,"key":"Pear"},{"floor":30.0,"key":"hubris:BottledRain"},{"floor":35.0,"key":"Bag of Preparation"},{"floor":36.0,"key":"hubris:Teleporter"},{"floor":42,"key":"Happy Flower"},{"floor":43,"key":"Orichalcum"},{"floor":44,"key":"TungstenRod"},{"floor":46,"key":"Omamori"},{"floor":46,"key":"RobotSpaceExplorer:FoglandsKnife"}],"event_choices":[{"damage_healed":0.0,"max_hp_gain":0.0,"max_hp_loss":0.0,"gold_gain":0.0,"event_name":"betterMatch:BetterMatch","player_choice":"3","floor":3.0,"gold_loss":0.0,"damage_taken":0.0,"cards_obtained":["betterMatch:RareCard"]},{"damage_healed":0.0,"max_hp_gain":0.0,"max_hp_loss":0.0,"gold_gain":0.0,"event_name":"Accursed Blacksmith","player_choice":"Rummage","floor":4.0,"gold_loss":0.0,"damage_taken":0.0,"relics_obtained":["WarpedTongs"],"cards_obtained":["Pain"]},{"damage_healed":0.0,"max_hp_gain":0.0,"max_hp_loss":0.0,"gold_gain":0.0,"event_name":"betterThird:BetterScrap","player_choice":"Relic ","floor":10.0,"gold_loss":0.0,"damage_taken":3.0,"cards_obtained":["Entrench"]},{"damage_healed":0.0,"max_hp_gain":0.0,"max_hp_loss":0.0,"gold_gain":0.0,"event_name":"betterMatch:BetterMatch","player_choice":"3","floor":19.0,"gold_loss":0.0,"damage_taken":0.0,"cards_obtained":["betterMatch:RareCard"]},{"damage_healed":0.0,"max_hp_gain":0.0,"max_hp_loss":0.0,"gold_gain":0.0,"cards_transformed":["RobotSpaceExplorer:Strike"],"event_name":"Transmorgrifier","player_choice":"Transformed","floor":27.0,"gold_loss":0.0,"damage_taken":0.0,"cards_obtained":["RobotSpaceExplorer:Pulsar"]},{"cards_removed":["RobotSpaceExplorer:Strike"],"damage_healed":0.0,"max_hp_gain":0.0,"max_hp_loss":0.0,"gold_gain":0.0,"event_name":"Purifier","player_choice":"Purged","floor":29.0,"gold_loss":0.0,"damage_taken":0.0},{"damage_healed":0.0,"max_hp_gain":0.0,"max_hp_loss":0.0,"gold_gain":0.0,"event_name":"MindBloom","player_choice":"Fight","floor":36.0,"gold_loss":0.0,"damage_taken":0.0},{"damage_healed":0,"gold_gain":0,"player_choice":"Copied","damage_taken":0,"max_hp_gain":0,"max_hp_loss":0,"event_name":"Duplicator","floor":45,"gold_loss":0,"cards_obtained":["RobotSpaceExplorer:Arsenal"]}],"is_beta":false,"boss_relics":[{"not_picked":["Calling Bell","SacredBark"],"picked":"Snecko Eye"},{"not_picked":["hubris:GrandSneckoEye","hubris:BlackHole"],"picked":"Tiny House"}],"items_purged_floors":[22,22,40],"is_endless":false,"potions_floor_spawned":[1,7,13,16,20,21,30,31,39,42],"ascension_level":1}}