{"host":"gobyjzz6xbwq9f9i","time":1611973249,"event":{"mods":["AchievementEnabler","BaseMod","Bestiary","Colored Map","Minty Spire (QoL Compilation)","Relic Stats"],"gold_per_floor":[20,35,0,13,27,52,71,104,104,104,119,119,144,156,156,261,261,275,289,36,53,53,53,86,1,1,31,31,60,60,72,72,177,177,196,43,67,67,81,81,113,124,124,124,157,157,192,211,211,211],"floor_reached":51,"language":"ENG","playtime":2225,"items_purged":["Setup"],"score":1473,"play_id":"01d38e85-7384-4987-a381-11b4a67126ce","local_time":"20210129182049","is_ascension_mode":true,"campfire_choices":[{"data":"Wraith Form v2","floor":10,"key":"SMITH"},{"floor":12,"key":"REST"},{"data":"Skewer","floor":15,"key":"SMITH"},{"data":"Terror","floor":23,"key":"SMITH"},{"data":"Accuracy","floor":28,"key":"SMITH"},{"data":"A Thousand Cuts","floor":32,"key":"SMITH"},{"floor":40,"key":"REST"},{"floor":44,"key":"RECALL"},{"floor":46,"key":"REST"},{"floor":49,"key":"REST"}],"circlet_count":0,"master_deck":["AscendersBane","Survivor","Neutralize","Poisoned Stab","Bane","Finisher","Slice","Skewer+1","Wraith Form v2+1","Terror+1","Dagger Spray","Predator","Storm of Steel","Infinite Blades","A Thousand Cuts+1","Backstab","Masterful Stab","All Out Attack","Burst","Quick Slash","Slice","Bane","Infinite Blades","Accuracy+1","Cloak And Dagger","Prepared+1","Footwork+1","PiercingWail+1","Crippling Poison+1","Envenom","Bullet Time+1","PiercingWail+1","Cloak And Dagger+1","Leg Sweep+1","PiercingWail+1","PiercingWail+1","Phantasmal Killer+1","Accuracy","Cloak And Dagger+1"],"relics":["Ring of the Snake","TungstenRod","Blue Candle","Tiny Chest","Mummified Hand","Shuriken","Pandora\u0027s Box","Ninja Scroll","Toxic Egg 2","Juzu Bracelet","Meat on the Bone","Prayer Wheel","Potion Belt","Fusion Hammer","Art of War","Snake Skull","White Beast Statue","Ice Cream","Pear"],"acts_visited":["Exordium","TheCity","TheBeyond"],"potions_floor_usage":[6,29,33,47,50,50,50],"damage_taken":[{"damage":1,"enemies":"Small Slimes","floor":1,"turns":4},{"damage":0,"enemies":"2 Louse","floor":2,"turns":3},{"damage":0,"enemies":"Jaw Worm","floor":4,"turns":3},{"damage":0,"enemies":"Looter","floor":5,"turns":4},{"damage":15,"enemies":"Lagavulin","floor":6,"turns":5},{"damage":12,"enemies":"Large Slime","floor":7,"turns":6},{"damage":27,"enemies":"3 Sentries","floor":8,"turns":10},{"damage":0,"enemies":"Exordium Wildlife","floor":11,"turns":3},{"damage":0,"enemies":"Lagavulin","floor":13,"turns":5},{"damage":0,"enemies":"Gremlin Gang","floor":14,"turns":4},{"damage":0,"enemies":"Slime Boss","floor":16,"turns":7},{"damage":2,"enemies":"3 Byrds","floor":18,"turns":4},{"damage":0,"enemies":"Spheric Guardian","floor":19,"turns":4},{"damage":3,"enemies":"Cultist and Chosen","floor":21,"turns":4},{"damage":0,"enemies":"Gremlin Leader","floor":24,"turns":4},{"damage":0,"enemies":"Slavers","floor":27,"turns":3},{"damage":20,"enemies":"Book of Stabbing","floor":29,"turns":4},{"damage":2,"enemies":"Sentry and Sphere","floor":31,"turns":3},{"damage":36,"enemies":"Automaton","floor":33,"turns":6},{"damage":0,"enemies":"Orb Walker","floor":35,"turns":3},{"damage":0,"enemies":"3 Darklings","floor":39,"turns":3},{"damage":0,"enemies":"Nemesis","floor":41,"turns":5},{"damage":0,"enemies":"Jaw Worm Horde","floor":42,"turns":2},{"damage":12,"enemies":"Giant Head","floor":45,"turns":5},{"damage":40,"enemies":"Reptomancer","floor":47,"turns":5},{"damage":0,"enemies":"Writhing Mass","floor":48,"turns":3},{"damage":33,"enemies":"Time Eater","floor":50,"turns":7}],"seed_played":"2060870520395876466","potions_obtained":[{"floor":1,"key":"FearPotion"},{"floor":4,"key":"Ancient Potion"},{"floor":13,"key":"CunningPotion"},{"floor":14,"key":"BlessingOfTheForge"},{"floor":27,"key":"Weak Potion"},{"floor":31,"key":"CunningPotion"},{"floor":33,"key":"LiquidMemories"},{"floor":41,"key":"ColorlessPotion"},{"floor":45,"key":"Weak Potion"},{"floor":47,"key":"AttackPotion"},{"floor":48,"key":"Strength Potion"}],"is_trial":false,"path_per_floor":["M","M","?","M","M","E","M","E","T","R","M","R","E","M","R","B",null,"M","M","$","M","?","R","E","?","T","E","R","E","?","M","R","B",null,"M","$","T","?","M","R","E","M","T","R","E","R","E","M","R","B",null],"character_chosen":"THE_SILENT","items_purchased":["Ninja Scroll","PiercingWail+1","Cloak And Dagger+1"],"campfire_rested":4,"item_purchase_floors":[20,36,36],"current_hp_per_floor":[62,62,70,70,70,55,43,16,16,16,16,37,37,37,37,37,62,60,60,60,57,45,45,45,45,45,45,45,37,37,47,47,23,62,62,62,62,62,62,71,71,71,71,71,59,71,53,53,77,44],"gold":211,"neow_bonus":"ONE_RARE_RELIC","is_daily":false,"chose_seed":false,"campfire_upgraded":5,"win_rate":0.0,"timestamp":1611973249,"path_taken":["M","M","?","M","M","E","M","E","T","R","M","R","E","M","R","BOSS","M","M","$","M","?","R","E","?","T","E","R","E","?","M","R","BOSS","M","$","?","?","M","R","E","M","T","R","E","R","E","M","R","BOSS"],"items_purchased_type":["Relic","Card","Card"],"build_version":"2020-12-22","purchased_purges":1,"victory":true,"max_hp_per_floor":[70,70,70,70,70,70,70,70,70,70,70,70,70,70,70,70,70,70,70,70,70,75,75,75,75,75,75,75,75,75,75,75,75,75,75,75,75,71,71,71,71,71,71,71,71,71,81,81,81,81],"relic_stats":{"counters":[27,119],"Blue Candle":[0],"Snake Skull":[65],"Juzu Bracelet":0,"Mummified Hand":[54],"Shuriken":[67],"Tiny Chest":1,"Pandora\u0027s Box":["Infinite Blades","Setup","A Thousand Cuts","Backstab","Masterful Stab","All Out Attack","Burst","Quick Slash","Slice","Bane"],"Prayer Wheel":5,"Art of War":[0],"obtain_stats":[{"Potion Belt":29,"Ice Cream":45,"Pear":47,"Blue Candle":6,"Snake Skull":41,"Juzu Bracelet":25,"White Beast Statue":43,"Mummified Hand":9,"Shuriken":13,"Ninja Scroll":20,"Tiny Chest":8,"Pandora\u0027s Box":17,"Prayer Wheel":27,"Fusion Hammer":34,"Art of War":37,"Toxic Egg 2":24,"TungstenRod":0,"Ring of the Snake":0,"Meat on the Bone":26},{"Potion Belt":17,"Ice Cream":24,"Pear":25,"Blue Candle":5,"Snake Skull":22,"Juzu Bracelet":15,"White Beast Statue":23,"Mummified Hand":7,"Shuriken":9,"Ninja Scroll":13,"Tiny Chest":7,"Pandora\u0027s Box":11,"Prayer Wheel":16,"Fusion Hammer":19,"Art of War":20,"Toxic Egg 2":15,"TungstenRod":0,"Ring of the Snake":0,"Meat on the Bone":15},{"Potion Belt":77,"Ice Cream":104,"Pear":109,"Blue Candle":19,"Snake Skull":97,"Juzu Bracelet":70,"White Beast Statue":99,"Mummified Hand":35,"Shuriken":43,"Ninja Scroll":62,"Tiny Chest":35,"Pandora\u0027s Box":54,"Prayer Wheel":73,"Fusion Hammer":86,"Art of War":89,"Toxic Egg 2":70,"TungstenRod":0,"Ring of the Snake":0,"Meat on the Bone":70}],"TungstenRod":68,"Ring of the Snake":[54],"Meat on the Bone":48},"card_choices":[{"not_picked":["Masterful Stab","Endless Agony"],"picked":"Poisoned Stab","floor":1},{"not_picked":["Prepared","Cloak And Dagger"],"picked":"Bane","floor":2},{"not_picked":["Prepared","Blade Dance"],"picked":"Finisher","floor":4},{"not_picked":["Caltrops","Backflip"],"picked":"Slice","floor":5},{"not_picked":["Quick Slash","Riddle With Holes"],"picked":"Skewer","floor":6},{"not_picked":["Accuracy","Noxious Fumes"],"picked":"Wraith Form v2","floor":7},{"not_picked":["Flechettes","Sucker Punch"],"picked":"Terror","floor":8},{"not_picked":["Cloak And Dagger","Distraction"],"picked":"Dagger Spray","floor":11},{"not_picked":["Deadly Poison","Catalyst","Sucker Punch"],"picked":"SKIP","floor":13},{"not_picked":["Backflip","Poisoned Stab"],"picked":"Predator","floor":14},{"not_picked":["Die Die Die","Corpse Explosion"],"picked":"Storm of Steel","floor":16},{"not_picked":["Dagger Spray+1","Dodge and Roll"],"picked":"Infinite Blades","floor":18},{"not_picked":["Concentrate","Quick Slash"],"picked":"Accuracy","floor":19},{"not_picked":["Bane","Dodge and Roll"],"picked":"Cloak And Dagger","floor":21},{"not_picked":["Skewer","Underhanded Strike+1"],"picked":"Prepared+1","floor":24},{"not_picked":["Masterful Stab","Eviscerate+1","Dagger Throw"],"picked":"SKIP","floor":27},{"not_picked":["Dagger Throw","Quick Slash"],"picked":"Footwork+1","floor":29},{"not_picked":["Expertise+1","Choke+1"],"picked":"PiercingWail+1","floor":31},{"not_picked":["Tactician+1","Caltrops"],"picked":"Crippling Poison+1","floor":31},{"not_picked":["Corpse Explosion+1","Night Terror+1"],"picked":"Envenom","floor":33},{"not_picked":["Bane+1","Underhanded Strike"],"picked":"Bullet Time+1","floor":35},{"not_picked":["Poisoned Stab+1","Deflect+1","Bane"],"picked":"SKIP","floor":35},{"not_picked":["Deflect+1","Bane"],"picked":"Leg Sweep+1","floor":39},{"not_picked":["Bane","Flechettes+1","Choke+1"],"picked":"SKIP","floor":39},{"not_picked":["Quick Slash","Underhanded Strike"],"picked":"PiercingWail+1","floor":41},{"not_picked":["Dagger Throw+1","Slice"],"picked":"PiercingWail+1","floor":42},{"not_picked":["Outmaneuver+1","Quick Slash+1"],"picked":"Phantasmal Killer+1","floor":42},{"not_picked":["Caltrops","All Out Attack+1","Slice"],"picked":"SKIP","floor":45},{"not_picked":["Infinite Blades","Deflect+1","Poisoned Stab"],"picked":"SKIP","floor":47},{"not_picked":["Bouncing Flask+1","Acrobatics+1"],"picked":"Accuracy","floor":48},{"not_picked":["Underhanded Strike","Outmaneuver+1"],"picked":"Cloak And Dagger+1","floor":48}],"player_experience":1209165,"relics_obtained":[{"floor":6,"key":"Blue Candle"},{"floor":8,"key":"Tiny Chest"},{"floor":9,"key":"Mummified Hand"},{"floor":13,"key":"Shuriken"},{"floor":24,"key":"Toxic Egg 2"},{"floor":26,"key":"Meat on the Bone"},{"floor":27,"key":"Prayer Wheel"},{"floor":29,"key":"Potion Belt"},{"floor":37,"key":"Art of War"},{"floor":41,"key":"Snake Skull"},{"floor":43,"key":"White Beast Statue"},{"floor":45,"key":"Ice Cream"},{"floor":47,"key":"Pear"}],"event_choices":[{"damage_healed":17,"gold_gain":0,"player_choice":"Healed","damage_taken":0,"max_hp_gain":0,"max_hp_loss":0,"event_name":"The Cleric","floor":3,"gold_loss":35},{"damage_healed":0,"gold_gain":0,"player_choice":"Shed Blood","damage_taken":18,"max_hp_gain":5,"max_hp_loss":0,"event_name":"Forgotten Altar","floor":22,"gold_loss":0},{"damage_healed":0,"gold_gain":0,"player_choice":"Obtained Relic","damage_taken":0,"relics_obtained":["Juzu Bracelet"],"max_hp_gain":0,"max_hp_loss":0,"event_name":"Addict","floor":25,"gold_loss":85},{"damage_healed":0,"gold_gain":0,"player_choice":"Ignored","damage_taken":0,"max_hp_gain":0,"max_hp_loss":0,"event_name":"Cursed Tome","floor":30,"gold_loss":0},{"damage_healed":0,"gold_gain":0,"player_choice":"Max HP","damage_taken":0,"max_hp_gain":0,"max_hp_loss":4,"event_name":"Winding Halls","floor":38,"gold_loss":0}],"is_beta":false,"boss_relics":[{"not_picked":["HoveringKite","Runic Dome"],"picked":"Pandora\u0027s Box"},{"not_picked":["Calling Bell","Coffee Dripper"],"picked":"Fusion Hammer"}],"items_purged_floors":[36],"is_endless":false,"potions_floor_spawned":[1,4,13,14,16,18,27,31,33,41,45,47,48],"ascension_level":10}}