{"host":"39erygfi9n0tobyn","time":1611966399,"event":{"mods":["2.2 Compatiblity","BaseMod","Bestiary","Colored Map","Colored Powertips","Curses Come First","Highlight Path","Keyboard Shortcuts","Minty Spire (QoL Compilation)","Relic Stats","StSLib","SuperFastMode"],"gold_per_floor":[111,125,125,137,29,64,79,79,128,128,102,102,117,130,130,232,232,244,262,262,284,316,328,328],"floor_reached":23,"language":"ENG","playtime":884,"items_purged":["Decay"],"score":195,"play_id":"bec94f65-2b46-4c7f-be78-d342ff7cae80","local_time":"20210129212639","is_ascension_mode":false,"campfire_choices":[{"floor":8,"key":"REST"},{"data":"Zap","floor":10,"key":"SMITH"},{"floor":15,"key":"REST"}],"circlet_count":0,"master_deck":["Strike_B","Strike_B","Strike_B","Defend_B","Defend_B","Defend_B","Defend_B","Zap+1","Dualcast","Hello World","Rebound","Steam","FTL","Static Discharge","Conserve Battery","White Noise","Biased Cognition","Amplify","Loop","Self Repair+1","Fusion+1","Gash+1"],"relics":["Cracked Core","NeowsBlessing","Bottled Lightning","Orichalcum","StoneCalendar","Philosopher\u0027s Stone","MawBank"],"acts_visited":["Exordium","TheCity"],"potions_floor_usage":[22,22,23],"damage_taken":[{"damage":0,"enemies":"Small Slimes","floor":1,"turns":1},{"damage":0,"enemies":"Cultist","floor":2,"turns":1},{"damage":0,"enemies":"2 Louse","floor":4,"turns":1},{"damage":31,"enemies":"Lagavulin","floor":6,"turns":6},{"damage":11,"enemies":"Exordium Wildlife","floor":7,"turns":4},{"damage":5,"enemies":"3 Louse","floor":13,"turns":3},{"damage":3,"enemies":"Red Slaver","floor":14,"turns":3},{"damage":31,"enemies":"The Guardian","floor":16,"turns":8},{"damage":5,"enemies":"Spheric Guardian","floor":18,"turns":3},{"damage":13,"enemies":"Shell Parasite","floor":19,"turns":7},{"damage":34,"enemies":"Sentry and Sphere","floor":21,"turns":5},{"damage":29,"enemies":"Centurion and Healer","floor":22,"turns":7},{"damage":29,"enemies":"Gremlin Leader","floor":23,"turns":6}],"seed_played":"2243462670112051027","potions_obtained":[{"floor":1,"key":"Weak Potion"},{"floor":7,"key":"Regen Potion"},{"floor":14,"key":"LiquidBronze"},{"floor":21,"key":"Explosive Potion"}],"is_trial":false,"path_per_floor":["M","M","?","M","$","E","M","R","T","R","?","T","M","M","R","B",null,"M","M","?","M","M","E"],"character_chosen":"DEFECT","items_purchased":["FTL"],"campfire_rested":2,"item_purchase_floors":[5],"current_hp_per_floor":[75,75,75,75,75,44,33,55,55,55,55,55,50,47,69,38,75,70,57,57,33,28,0,0],"gold":328,"neow_bonus":"THREE_ENEMY_KILL","is_daily":false,"chose_seed":false,"campfire_upgraded":1,"win_rate":0.0,"timestamp":1611966399,"path_taken":["M","M","?","?","$","E","M","R","T","R","?","?","M","M","R","BOSS","M","M","?","M","?","E"],"items_purchased_type":["Card"],"build_version":"2020-12-22","purchased_purges":1,"victory":false,"max_hp_per_floor":[75,75,75,75,75,75,75,75,75,75,75,75,75,75,75,75,75,75,75,75,75,75,75,75],"relic_stats":{"counters":[13,55],"StoneCalendar":[109],"Orichalcum":[30],"MawBank":36,"obtain_stats":[{"NeowsBlessing":0,"StoneCalendar":12,"Philosopher\u0027s Stone":17,"Bottled Lightning":6,"Orichalcum":9,"Cracked Core":0,"MawBank":20},{"NeowsBlessing":0,"StoneCalendar":5,"Philosopher\u0027s Stone":8,"Bottled Lightning":4,"Orichalcum":5,"Cracked Core":0,"MawBank":10},{"NeowsBlessing":0,"StoneCalendar":13,"Philosopher\u0027s Stone":27,"Bottled Lightning":9,"Orichalcum":13,"Cracked Core":0,"MawBank":37}]},"card_choices":[{"not_picked":["Heatsinks","Cold Snap"],"picked":"Hello World","floor":1},{"not_picked":["Beam Cell","Hologram"],"picked":"Rebound","floor":2},{"not_picked":["Leap","Cold Snap"],"picked":"Steam","floor":4},{"not_picked":["Rebound","Beam Cell"],"picked":"Static Discharge","floor":6},{"not_picked":["Streamline","Auto Shields"],"picked":"Conserve Battery","floor":7},{"not_picked":["Hologram","Conserve Battery"],"picked":"White Noise","floor":13},{"not_picked":["Coolheaded","Double Energy"],"picked":"Biased Cognition","floor":14},{"not_picked":["Thunder Strike","Creative AI"],"picked":"Amplify","floor":16},{"not_picked":["Darkness","Beam Cell"],"picked":"Loop","floor":18},{"not_picked":["Coolheaded","Loop"],"picked":"Self Repair+1","floor":19},{"not_picked":["Stack","Force Field+1"],"picked":"Fusion+1","floor":21},{"not_picked":["Ball Lightning","Hologram"],"picked":"Gash+1","floor":22}],"player_experience":52243,"relics_obtained":[{"floor":6,"key":"Bottled Lightning"},{"floor":9,"key":"Orichalcum"},{"floor":12,"key":"StoneCalendar"}],"event_choices":[{"cards_removed":["Strike_B"],"damage_healed":0,"gold_gain":0,"player_choice":"Took Card","damage_taken":0,"max_hp_gain":0,"max_hp_loss":0,"event_name":"NoteForYourself","floor":3,"gold_loss":0,"cards_obtained":["Decay"]},{"damage_healed":0,"gold_gain":0,"player_choice":"Left Gold","damage_taken":0,"max_hp_gain":0,"max_hp_loss":0,"event_name":"World of Goop","floor":11,"gold_loss":26},{"damage_healed":0,"gold_gain":0,"player_choice":"Gave Potion","damage_taken":0,"relics_obtained":["MawBank"],"max_hp_gain":0,"max_hp_loss":0,"event_name":"WeMeetAgain","floor":20,"gold_loss":0}],"is_beta":false,"boss_relics":[{"not_picked":["Runic Pyramid","Fusion Hammer"],"picked":"Philosopher\u0027s Stone"}],"items_purged_floors":[5],"is_endless":false,"potions_floor_spawned":[1,7,14,16,21],"killed_by":"Gremlin Leader","ascension_level":0}}