{"host":"0utx1lcxgx5vu4k0","time":1611985892,"event":{"mods":["AlwaysNeverKeys","BaseMod","Colored Powertips","Minty Spire (QoL Compilation)","Permanent Neow","Relic Stats","StSLib"],"gold_per_floor":[119,134,144,0,11,11,43,43,91,121,139,166,182,194,194,293,293,305,47,67,87,87,113,113,139,164,176,203,214,225,242,242,338,338,352,58,70,81,81,106,118,462,497,509,108,120,120,140,140,140],"floor_reached":51,"language":"ENG","playtime":2350,"items_purged":["Strike_G"],"score":943,"play_id":"eb77a339-ffc6-49e9-a509-b9bf7e509fd8","local_time":"20210130005132","is_ascension_mode":false,"campfire_choices":[{"data":"Sucker Punch","floor":6,"key":"SMITH"},{"data":"Malaise","floor":15,"key":"SMITH"},{"data":"Envenom","floor":24,"key":"SMITH"},{"data":"Terror","floor":32,"key":"SMITH"},{"data":"Blade Dance","floor":41,"key":"SMITH"},{"data":"Blade Dance","floor":44,"key":"SMITH"},{"data":"Acrobatics","floor":47,"key":"SMITH"},{"data":"Neutralize","floor":49,"key":"SMITH"}],"circlet_count":0,"master_deck":["Strike_G","Strike_G","Strike_G","Strike_G+1","Defend_G","Defend_G","Defend_G","Defend_G","Defend_G","Survivor","Neutralize+1","Sucker Punch+1","Terror+1","Dagger Throw","Slice","After Image","Backstab+1","Dagger Throw","Malaise+1","Envenom+1","Heel Hook+1","Blade Dance+1","PiercingWail","Blade Dance+1","After Image","Adrenaline","Escape Plan+1","After Image","Blade Dance+1","PiercingWail","Acrobatics+1","Distraction+1"],"relics":["Ring of the Snake","Snake Skull","Pantograph","Lantern","Toy Ornithopter","Happy Flower","Philosopher\u0027s Stone","Shuriken","Anchor","Paper Crane","Ancient Tea Set","Bronze Scales","SacredBark","OrangePellets","Oddly Smooth Stone","MawBank","Old Coin","Whetstone","Ninja Scroll"],"acts_visited":["Exordium","TheCity","TheBeyond"],"potions_floor_usage":[10,16,20,23,25,28,38,40,50,50],"damage_taken":[{"damage":0,"enemies":"2 Louse","floor":1,"turns":3},{"damage":0,"enemies":"Jaw Worm","floor":2,"turns":4},{"damage":0,"enemies":"Cultist","floor":3,"turns":3},{"damage":4,"enemies":"Exordium Wildlife","floor":5,"turns":6},{"damage":13,"enemies":"Lagavulin","floor":7,"turns":6},{"damage":5,"enemies":"3 Sentries","floor":10,"turns":9},{"damage":0,"enemies":"Exordium Thugs","floor":11,"turns":4},{"damage":16,"enemies":"Gremlin Nob","floor":12,"turns":4},{"damage":2,"enemies":"Gremlin Gang","floor":13,"turns":5},{"damage":1,"enemies":"Lots of Slimes","floor":14,"turns":3},{"damage":28,"enemies":"Hexaghost","floor":16,"turns":9},{"damage":9,"enemies":"2 Thieves","floor":18,"turns":4},{"damage":3,"enemies":"3 Byrds","floor":20,"turns":3},{"damage":14,"enemies":"Shelled Parasite and Fungi","floor":21,"turns":4},{"damage":18,"enemies":"Book of Stabbing","floor":23,"turns":4},{"damage":9,"enemies":"Slavers","floor":25,"turns":4},{"damage":9,"enemies":"Snake Plant","floor":27,"turns":3},{"damage":7,"enemies":"Gremlin Leader","floor":28,"turns":5},{"damage":0,"enemies":"Centurion and Healer","floor":29,"turns":5},{"damage":0,"enemies":"3 Cultists","floor":30,"turns":4},{"damage":0,"enemies":"Cultist and Chosen","floor":31,"turns":5},{"damage":0,"enemies":"Automaton","floor":33,"turns":5},{"damage":0,"enemies":"Orb Walker","floor":35,"turns":3},{"damage":0,"enemies":"3 Shapes","floor":37,"turns":4},{"damage":0,"enemies":"Sphere and 2 Shapes","floor":38,"turns":4},{"damage":34,"enemies":"Reptomancer","floor":40,"turns":5},{"damage":0,"enemies":"Giant Head","floor":42,"turns":6},{"damage":2,"enemies":"Jaw Worm Horde","floor":46,"turns":3},{"damage":2,"enemies":"4 Shapes","floor":48,"turns":5},{"damage":16,"enemies":"Donu and Deca","floor":50,"turns":6}],"seed_played":"-3850447181432691982","potions_obtained":[{"floor":1,"key":"EssenceOfSteel"},{"floor":5,"key":"Dexterity Potion"},{"floor":7,"key":"GhostInAJar"},{"floor":10,"key":"Weak Potion"},{"floor":13,"key":"Poison Potion"},{"floor":18,"key":"CunningPotion"},{"floor":23,"key":"Block Potion"},{"floor":25,"key":"LiquidBronze"},{"floor":27,"key":"SneckoOil"},{"floor":31,"key":"Strength Potion"},{"floor":38,"key":"SteroidPotion"},{"floor":40,"key":"Energy Potion"}],"is_trial":false,"path_per_floor":["M","M","M","$","M","R","E","?","T","E","M","E","M","M","R","B",null,"M","$","M","M","?","E","R","E","T","M","E","M","M","M","R","B",null,"M","$","M","M","?","E","R","E","T","R","$","M","R","M","R","B",null],"character_chosen":"THE_SILENT","items_purchased":["Snake Skull","Shuriken","OrangePellets","Oddly Smooth Stone","Ninja Scroll","LiquidMemories"],"campfire_rested":0,"item_purchase_floors":[4,19,36,36,45,45],"current_hp_per_floor":[77,77,77,77,73,73,60,65,65,60,60,44,42,41,41,43,82,73,73,75,61,45,32,32,28,28,19,17,17,17,17,17,42,87,87,87,87,87,87,53,53,53,53,53,53,51,51,49,49,68],"gold":140,"neow_bonus":"TEN_PERCENT_HP_BONUS","is_daily":false,"chose_seed":false,"campfire_upgraded":8,"win_rate":0.0,"timestamp":1611985892,"path_taken":["M","M","M","$","M","R","E","?","T","E","M","E","M","M","R","BOSS","M","$","M","M","?","E","R","E","T","M","E","M","M","M","R","BOSS","M","$","M","M","?","E","R","E","T","R","$","M","R","M","R","BOSS"],"items_purchased_type":["Relic","Relic","Relic","Relic","Relic","Potion"],"build_version":"2020-12-22","purchased_purges":1,"victory":true,"max_hp_per_floor":[77,77,77,77,77,77,77,82,82,82,82,82,82,82,82,82,82,82,82,82,82,87,87,87,87,87,87,87,87,87,87,87,87,87,87,87,87,87,87,87,87,87,87,87,87,87,87,87,87,87],"relic_stats":{"OrangePellets":[2],"Happy Flower":[33],"counters":[30,138],"Shuriken":[74],"Pantograph":75,"Bronze Scales":[120],"Snake Skull":[144],"Whetstone":["Strike_G","Backstab"],"MawBank":60,"obtain_stats":[{"Lantern":9,"Happy Flower":12,"SacredBark":34,"Oddly Smooth Stone":36,"Snake Skull":4,"Whetstone":43,"Paper Crane":25,"Ancient Tea Set":26,"MawBank":40,"Old Coin":42,"OrangePellets":36,"Anchor":23,"Shuriken":19,"Ninja Scroll":45,"Pantograph":7,"Bronze Scales":28,"Philosopher\u0027s Stone":17,"Toy Ornithopter":10,"Ring of the Snake":0},{"Lantern":5,"Happy Flower":8,"SacredBark":22,"Oddly Smooth Stone":23,"Snake Skull":3,"Whetstone":27,"Paper Crane":16,"Ancient Tea Set":16,"MawBank":26,"Old Coin":27,"OrangePellets":23,"Anchor":15,"Shuriken":12,"Ninja Scroll":27,"Pantograph":5,"Bronze Scales":18,"Philosopher\u0027s Stone":11,"Toy Ornithopter":6,"Ring of the Snake":0},{"Lantern":22,"Happy Flower":39,"SacredBark":102,"Oddly Smooth Stone":105,"Snake Skull":10,"Whetstone":124,"Paper Crane":75,"Ancient Tea Set":75,"MawBank":118,"Old Coin":124,"OrangePellets":105,"Anchor":71,"Shuriken":60,"Ninja Scroll":124,"Pantograph":22,"Bronze Scales":83,"Philosopher\u0027s Stone":56,"Toy Ornithopter":31,"Ring of the Snake":0}],"Toy Ornithopter":35,"Ring of the Snake":[60]},"card_choices":[{"not_picked":["Well Laid Plans","Prepared"],"picked":"Sucker Punch","floor":1},{"not_picked":["Deadly Poison","Quick Slash"],"picked":"Terror","floor":2},{"not_picked":["Prepared","Well Laid Plans"],"picked":"Dagger Throw","floor":3},{"not_picked":["Infinite Blades","Finisher"],"picked":"Slice","floor":5},{"not_picked":["Dagger Throw","Backflip"],"picked":"After Image","floor":7},{"not_picked":["Endless Agony","Deflect"],"picked":"Backstab","floor":10},{"not_picked":["Eviscerate","All Out Attack","Backflip"],"picked":"SKIP","floor":11},{"not_picked":["Prepared","Sucker Punch","Terror"],"picked":"SKIP","floor":12},{"not_picked":["Outmaneuver","Dagger Spray"],"picked":"Dagger Throw","floor":13},{"not_picked":["PiercingWail","Deadly Poison"],"picked":"Malaise","floor":14},{"not_picked":["Wraith Form v2","Phantasmal Killer"],"picked":"Envenom","floor":16},{"not_picked":["Dagger Throw","Flechettes","Deflect"],"picked":"SKIP","floor":18},{"not_picked":["Dagger Throw","PiercingWail"],"picked":"Heel Hook+1","floor":20},{"not_picked":["Dagger Spray+1","Leg Sweep"],"picked":"Blade Dance","floor":21},{"not_picked":["Skewer","Distraction"],"picked":"PiercingWail","floor":23},{"not_picked":["Sucker Punch+1","Dagger Spray"],"picked":"Blade Dance","floor":25},{"not_picked":["Infinite Blades","PiercingWail+1"],"picked":"After Image","floor":27},{"not_picked":["After Image","Predator+1"],"picked":"Adrenaline","floor":28},{"not_picked":["Well Laid Plans","Slice+1","Masterful Stab+1"],"picked":"SKIP","floor":29},{"not_picked":["Acrobatics","Flying Knee"],"picked":"Escape Plan+1","floor":30},{"not_picked":["Outmaneuver+1","Sucker Punch","Deflect"],"picked":"SKIP","floor":31},{"not_picked":["Wraith Form v2","Glass Knife"],"picked":"After Image","floor":33},{"not_picked":["Poisoned Stab","Skewer+1","Flying Knee"],"picked":"SKIP","floor":35},{"not_picked":["PiercingWail","Deflect+1"],"picked":"Blade Dance+1","floor":37},{"not_picked":["Quick Slash","Tactician+1"],"picked":"PiercingWail","floor":38},{"not_picked":["Quick Slash","PiercingWail+1"],"picked":"Acrobatics","floor":40},{"not_picked":["Skewer","Choke","Dash"],"picked":"SKIP","floor":42},{"not_picked":["Expertise","Dash+1"],"picked":"Distraction+1","floor":46},{"not_picked":["Skewer","Prepared","Sucker Punch+1"],"picked":"SKIP","floor":48}],"player_experience":9522,"relics_obtained":[{"floor":7,"key":"Pantograph"},{"floor":9,"key":"Lantern"},{"floor":10,"key":"Toy Ornithopter"},{"floor":12,"key":"Happy Flower"},{"floor":23,"key":"Anchor"},{"floor":25,"key":"Paper Crane"},{"floor":26,"key":"Ancient Tea Set"},{"floor":28,"key":"Bronze Scales"},{"floor":40,"key":"MawBank"},{"floor":42,"key":"Old Coin"},{"floor":43,"key":"Whetstone"}],"event_choices":[{"damage_healed":0,"gold_gain":0,"player_choice":"Donut","damage_taken":0,"max_hp_gain":5,"max_hp_loss":0,"event_name":"Big Fish","floor":8,"gold_loss":0},{"damage_healed":0,"gold_gain":0,"player_choice":"Shed Blood","damage_taken":21,"max_hp_gain":5,"max_hp_loss":0,"event_name":"Forgotten Altar","floor":22,"gold_loss":0},{"damage_healed":0,"gold_gain":0,"player_choice":"Got Potions","damage_taken":0,"max_hp_gain":0,"max_hp_loss":0,"event_name":"Lab","floor":39,"gold_loss":0}],"is_beta":false,"boss_relics":[{"not_picked":["Fusion Hammer","Velvet Choker"],"picked":"Philosopher\u0027s Stone"},{"not_picked":["Snecko Eye","Astrolabe"],"picked":"SacredBark"}],"items_purged_floors":[45],"is_endless":false,"potions_floor_spawned":[1,5,7,10,13,18,23,25,27,31,38,40],"ascension_level":0}}