{"host":"uv5ws9rdk87e8i5k","time":1611982380,"event":{"mods":["AchievementEnabler","BaseMod","Colored Map","Minty Spire (QoL Compilation)","Permanent Neow","Quick Restart","StSLib","SuperFastMode","The Necromancer"],"gold_per_floor":[115,115,178,199,51,51,87,102,129,172,190,231,231,255,255,350,350,368,387,406,421,440,440,440,440],"floor_reached":24,"language":"ENG","playtime":701,"items_purged":["Strike_W"],"score":473,"play_id":"4dbd4e2a-a1f5-4266-ae4f-9a55f0177b61","local_time":"20210129225300","is_ascension_mode":true,"campfire_choices":[{"data":"Summon_Lich","floor":6.0,"key":"SMITH"},{"data":"Flesh_Made_Foul","floor":13.0,"key":"SMITH"},{"data":"Stop_Heart","floor":15.0,"key":"SMITH"},{"data":"Summon_Lich","floor":23,"key":"SMITH"}],"circlet_count":0,"master_deck":["AscendersBane","Strike_W","Strike_W","Strike_W","Defend_W","Defend_W","Defend_W","Defend_W","Negative_Energy_Arrows","Bone_Wall","Negative_Energy_Javelin","Stop_Heart+1","Summon_Lich+1","Bone_Prison","Flesh_Made_Foul+1","Siphon_Strength","Summon_Undead_Army","Summon_Lich+1"],"relics":["Vampire_Amulet","Pocketwatch","Golden Idol","Tiny Chest","Nunchaku","Kunai","Eternal Feather","Cursed Key"],"acts_visited":["Exordium","TheCity"],"potions_floor_usage":[21,22,24],"damage_taken":[{"damage":1.0,"enemies":"2 Louse","floor":1.0,"turns":2.0},{"damage":1.0,"enemies":"Jaw Worm","floor":4.0,"turns":3.0},{"damage":8.0,"enemies":"Lagavulin","floor":7.0,"turns":7.0},{"damage":1.0,"enemies":"Small Slimes","floor":8.0,"turns":4.0},{"damage":13.0,"enemies":"3 Sentries","floor":10.0,"turns":6.0},{"damage":3.0,"enemies":"Blue Slaver","floor":11.0,"turns":3.0},{"damage":12.0,"enemies":"Gremlin Nob","floor":12.0,"turns":4.0},{"damage":16.0,"enemies":"Lots of Slimes","floor":14.0,"turns":3.0},{"damage":4.0,"enemies":"Slime Boss","floor":16.0,"turns":7.0},{"damage":5.0,"enemies":"Spheric Guardian","floor":18.0,"turns":3.0},{"damage":15.0,"enemies":"2 Thieves","floor":19.0,"turns":4.0},{"damage":11,"enemies":"Shelled Parasite and Fungi","floor":20,"turns":6},{"damage":26,"enemies":"Chosen and Byrds","floor":21,"turns":5},{"damage":3,"enemies":"Cultist and Chosen","floor":22,"turns":5},{"damage":0,"enemies":"Slavers","floor":24,"turns":1}],"seed_played":"6028645563002277442","potions_obtained":[{"floor":4.0,"key":"SpeedPotion"},{"floor":7.0,"key":"GamblersBrew"},{"floor":14.0,"key":"LiquidBronze"},{"floor":16.0,"key":"ColorlessPotion"},{"floor":18.0,"key":"EssenceOfSteel"},{"floor":19.0,"key":"Ancient Potion"},{"floor":21,"key":"Swift Potion"}],"is_trial":false,"path_per_floor":["M","?","?","M","$","R","E","M","T","E","M","E","R","M","R","B",null,"M","M","M","M","M","R","E"],"character_chosen":"NECROMANCER","items_purchased":["Summon_Lich"],"campfire_rested":0,"item_purchase_floors":[5],"current_hp_per_floor":[64,42,42,43,43,43,37,40,40,33,32,22,31,25,34,38,58,55,44,37,15,16,25,25,25],"gold":440,"neow_bonus":"ONE_RARE_RELIC","is_daily":false,"chose_seed":false,"campfire_upgraded":4,"win_rate":0.0,"timestamp":1611982380,"path_taken":["M","?","?","M","$","R","E","M","T","E","M","E","R","M","R","BOSS","M","M","M","M","M","R","E"],"items_purchased_type":["Card"],"build_version":"2020-12-22","purchased_purges":1,"victory":false,"max_hp_per_floor":[64,64,64,64,64,64,64,64,64,64,64,64,64,64,64,64,64,64,64,64,64,64,64,64,64],"card_choices":[{"not_picked":["Vampiric_Strike","Blood_for_Blood"],"picked":"Negative_Energy_Javelin","floor":1.0},{"not_picked":["Negative_Energy_Shield","Blood_Magic"],"picked":"Stop_Heart","floor":4.0},{"not_picked":["Pandemic","Bone_Spikes","Death_Coil"],"picked":"SKIP","floor":7.0},{"not_picked":["Consume_Illness","Plague_Bolt"],"picked":"Bone_Prison","floor":8.0},{"not_picked":["Vampiric_Strike","Negative_Energy_Sphere","Shackles_Of_Pain"],"picked":"SKIP","floor":10.0},{"not_picked":["Blood_Curse","Epidemic","Blood_Is_Power"],"picked":"SKIP","floor":11.0},{"not_picked":["Negative_Energy_Mist","Chill_Blood"],"picked":"Flesh_Made_Foul","floor":12.0},{"not_picked":["Acid_Javelin","Toxic_Smoke_Screen"],"picked":"Siphon_Strength","floor":14.0},{"not_picked":["Blood_Curse","Bones_to_Steel","Bone_Shift+1"],"picked":"SKIP","floor":18.0},{"not_picked":["Scare","Summon_Undead"],"picked":"Summon_Undead_Army","floor":19.0},{"not_picked":["Vampiric_Strike+1","Negative_Energy_Mist+1","Bones_to_Steel"],"picked":"SKIP","floor":20},{"not_picked":["Toxic_Smoke_Screen","Negative_Energy_Mist"],"picked":"Summon_Lich","floor":21},{"not_picked":["Negative_Energy_Mist","Death_March_Dance","Bone_Spikes"],"picked":"SKIP","floor":22}],"player_experience":307728,"relics_obtained":[{"floor":7.0,"key":"Tiny Chest"},{"floor":9.0,"key":"Nunchaku"},{"floor":10.0,"key":"Kunai"},{"floor":12.0,"key":"Eternal Feather"}],"event_choices":[{"damage_healed":0.0,"max_hp_gain":0.0,"max_hp_loss":0.0,"gold_gain":0.0,"event_name":"Golden Idol","player_choice":"Take Damage","floor":2.0,"gold_loss":0.0,"damage_taken":22.0,"relics_obtained":["Golden Idol"]},{"damage_healed":0.0,"max_hp_gain":0.0,"max_hp_loss":0.0,"gold_gain":63.0,"event_name":"Golden Wing","player_choice":"Gained Gold","floor":3.0,"gold_loss":0.0,"damage_taken":0.0}],"is_beta":false,"boss_relics":[{"not_picked":["Tiny House","Pandora\u0027s Box"],"picked":"Cursed Key"}],"items_purged_floors":[5],"is_endless":false,"potions_floor_spawned":[4,7,14,16,18,19,21],"killed_by":"Slavers","ascension_level":15}}