{"host":"zxkjcgzis4pm3za5","time":1611989904,"event":{"mods":["AchievementEnabler","Act Like it!","BaseMod","Colored Map","Colored Powertips","Friendly Minions","GifTheSpireLib","Minty Spire (QoL Compilation)","Quick Restart","RNG Fix","Random Character Button","Relic Filter Mod","Relic Sorter","Relic Stats","StSLib"],"gold_per_floor":[12,27,27,27,39,39,70,95,134,146,158,200,222,234,246,348,360,393,423,456,312,330,374,398,398,398,398,439,439,439,364,364,463,463,481,481,481,504,336,372,372,346,373,295,295,295,334,399,399,399,399],"floor_reached":50,"language":"ENG","playtime":1989,"items_purged":["Eviscerate"],"score":1154,"play_id":"52581dae-80eb-4912-a0d8-92e989605810","local_time":"20210130122824","is_ascension_mode":true,"campfire_choices":[{"data":"Dagger Spray","floor":6.0,"key":"SMITH"},{"data":"Neutralize","floor":10.0,"key":"SMITH"},{"data":"Noxious Fumes","floor":15.0,"key":"SMITH"},{"floor":25.0,"key":"REST"},{"floor":27.0,"key":"REST"},{"data":"Catalyst","floor":32.0,"key":"SMITH"},{"floor":41.0,"key":"REST"},{"floor":49.0,"key":"RECALL"}],"circlet_count":0,"master_deck":["AscendersBane","Survivor","Neutralize+1","Dagger Spray+1","Dagger Throw","PiercingWail","Deadly Poison","Noxious Fumes+1","Leg Sweep","Malaise","Catalyst+1","Footwork","Dodge and Roll","Burst","A Thousand Cuts","Backstab","Night Terror","Prepared","Blade Dance","Backflip+1","Catalyst","Catalyst","Bouncing Flask","Corpse Explosion","Blade Dance","Panache","PiercingWail","Catalyst","Pain","Venomology"],"relics":["Ring of the Snake","Incense Burner","MawBank","Pen Nib","Orichalcum","Golden Idol","Pandora\u0027s Box","Blue Candle","Bottled Lightning","Lantern","Busted Crown","MealTicket","Juzu Bracelet","WarpedTongs","PreservedInsect","StoneCalendar"],"acts_visited":["Exordium","TheCity","TheBeyond"],"potions_floor_usage":[50,50],"damage_taken":[{"damage":7.0,"enemies":"Jaw Worm","floor":1.0,"turns":7.0},{"damage":3.0,"enemies":"2 Louse","floor":2.0,"turns":4.0},{"damage":4.0,"enemies":"Small Slimes","floor":5.0,"turns":4.0},{"damage":9.0,"enemies":"Gremlin Nob","floor":7.0,"turns":4.0},{"damage":4.0,"enemies":"Looter","floor":8.0,"turns":3.0},{"damage":10.0,"enemies":"3 Sentries","floor":12.0,"turns":5.0},{"damage":7.0,"enemies":"Large Slime","floor":13.0,"turns":4.0},{"damage":17.0,"enemies":"Hexaghost","floor":16.0,"turns":10.0},{"damage":12.0,"enemies":"3 Byrds","floor":18.0,"turns":3.0},{"damage":5.0,"enemies":"Spheric Guardian","floor":19.0,"turns":4.0},{"damage":8.0,"enemies":"Cultist and Chosen","floor":20.0,"turns":5.0},{"damage":7.0,"enemies":"Centurion and Healer","floor":22.0,"turns":10.0},{"damage":0.0,"enemies":"Gremlin Leader","floor":23.0,"turns":5.0},{"damage":6.0,"enemies":"Snake Plant","floor":24.0,"turns":6.0},{"damage":2.0,"enemies":"Book of Stabbing","floor":28.0,"turns":5.0},{"damage":14.0,"enemies":"Champ","floor":33.0,"turns":5.0},{"damage":3.0,"enemies":"3 Darklings","floor":35.0,"turns":4.0},{"damage":0.0,"enemies":"3 Shapes","floor":38.0,"turns":4.0},{"damage":19.0,"enemies":"Nemesis","floor":40.0,"turns":5.0},{"damage":19.0,"enemies":"Giant Head","floor":47.0,"turns":5.0},{"damage":19.0,"enemies":"2 Orb Walkers","floor":48.0,"turns":4.0},{"damage":38,"enemies":"Time Eater","floor":50,"turns":3}],"seed_played":"-8119894757673826936","potions_obtained":[{"floor":1.0,"key":"SmokeBomb"},{"floor":5.0,"key":"GamblersBrew"},{"floor":13.0,"key":"Strength Potion"},{"floor":16.0,"key":"LiquidBronze"},{"floor":18.0,"key":"Energy Potion"},{"floor":20.0,"key":"ColorlessPotion"},{"floor":22.0,"key":"Explosive Potion"},{"floor":28.0,"key":"FearPotion"},{"floor":33.0,"key":"EssenceOfSteel"},{"floor":35.0,"key":"EntropicBrew"},{"floor":47.0,"key":"GhostInAJar"}],"is_trial":false,"path_per_floor":["M","M","?","?","M","R","E","M","T","R","$","E","M","?","R","B",null,"M","M","M","$","M","E","M","R","T","R","E","?","$","?","R","B",null,"M","?","?","M","$","E","R","$","T","$","?","?","E","?","R","B"],"character_chosen":"THE_SILENT","items_purchased":["Catalyst","MealTicket","PiercingWail","Catalyst"],"campfire_rested":3,"item_purchase_floors":[21,39,42,44],"current_hp_per_floor":[52,49,49,54,50,50,41,37,37,37,37,27,20,20,20,3,49,37,32,24,24,17,17,11,30,30,49,47,47,47,47,47,33,56,53,43,34,34,34,15,34,49,49,64,64,64,45,26,26,0,0],"gold":399,"neow_bonus":"ONE_RARE_RELIC","is_daily":false,"chose_seed":false,"campfire_upgraded":4,"win_rate":0.0,"timestamp":1611989904,"path_taken":["M","M","?","?","M","R","E","M","T","R","?","E","M","?","R","BOSS","M","?","M","?","M","E","M","R","T","R","E","?","$","?","R","BOSS","M","?","?","?","$","E","R","$","T","$","?","?","E","?","R","BOSS"],"items_purchased_type":["Card","Relic","Card","Card"],"build_version":"2020-12-22","purchased_purges":1,"victory":false,"max_hp_per_floor":[66,66,66,71,71,71,71,71,71,71,71,71,71,64,64,64,64,64,64,64,64,64,64,64,64,64,64,64,64,64,64,64,64,64,64,64,64,64,64,64,64,64,64,64,64,64,64,64,64,64,64],"relic_stats":{"counters":[22,109],"Golden Idol":113,"Blue Candle":[0],"StoneCalendar":[0],"Pen Nib":[12],"PreservedInsect":0,"Juzu Bracelet":1,"Orichalcum":[258],"MawBank":168,"WarpedTongs":[12],"Busted Crown":16,"Pandora\u0027s Box":["Catalyst","Footwork","Dodge and Roll","Burst","Slice","A Thousand Cuts","Eviscerate","Backstab","Night Terror","Prepared"],"MealTicket":30,"obtain_stats":[{"Lantern":28,"Golden Idol":14,"Blue Candle":23,"StoneCalendar":48,"Pen Nib":9,"PreservedInsect":47,"Incense Burner":0,"Juzu Bracelet":40,"Orichalcum":12,"MawBank":7,"WarpedTongs":45,"Busted Crown":34,"Pandora\u0027s Box":17,"MealTicket":39,"Bottled Lightning":26,"Ring of the Snake":0},{"Lantern":15,"Golden Idol":7,"Blue Candle":13,"StoneCalendar":21,"Pen Nib":5,"PreservedInsect":20,"Incense Burner":0,"Juzu Bracelet":19,"Orichalcum":6,"MawBank":4,"WarpedTongs":19,"Busted Crown":16,"Pandora\u0027s Box":8,"MealTicket":18,"Bottled Lightning":14,"Ring of the Snake":0},{"Lantern":79,"Golden Idol":31,"Blue Candle":68,"StoneCalendar":106,"Pen Nib":22,"PreservedInsect":102,"Incense Burner":0,"Juzu Bracelet":97,"Orichalcum":27,"MawBank":19,"WarpedTongs":97,"Busted Crown":84,"Pandora\u0027s Box":41,"MealTicket":92,"Bottled Lightning":74,"Ring of the Snake":0}],"Ring of the Snake":[44]},"card_choices":[{"not_picked":["Acrobatics","Sucker Punch"],"picked":"Dagger Spray","floor":1.0},{"not_picked":["Expertise","Backflip"],"picked":"Quick Slash","floor":2.0},{"not_picked":["Deflect","Reflex"],"picked":"Dagger Throw","floor":5.0},{"not_picked":["Reflex","Deflect"],"picked":"PiercingWail","floor":7.0},{"not_picked":["Dagger Spray","Poisoned Stab"],"picked":"Deadly Poison","floor":8.0},{"not_picked":["Deadly Poison","Crippling Poison"],"picked":"Noxious Fumes","floor":12.0},{"not_picked":["Masterful Stab","Quick Slash"],"picked":"Leg Sweep","floor":13.0},{"not_picked":["Phantasmal Killer","Corpse Explosion"],"picked":"Malaise","floor":16.0},{"not_picked":["Backstab","Underhanded Strike+1"],"picked":"Blade Dance","floor":18.0},{"not_picked":["Riddle With Holes","Dagger Throw"],"picked":"Backflip+1","floor":19.0},{"not_picked":["Phantasmal Killer","Choke"],"picked":"Catalyst","floor":20.0},{"not_picked":["Choke+1","Dagger Throw","Distraction"],"picked":"SKIP","floor":22.0},{"not_picked":["Sucker Punch","All Out Attack"],"picked":"Bouncing Flask","floor":23.0},{"not_picked":["Underhanded Strike","Footwork","Deadly Poison"],"picked":"SKIP","floor":24.0},{"not_picked":["Flechettes","PiercingWail"],"picked":"Dash","floor":28.0},{"not_picked":["Malaise","After Image"],"picked":"Corpse Explosion","floor":33.0},{"not_picked":[],"picked":"Blade Dance","floor":35.0},{"not_picked":[],"picked":"Panache","floor":36.0},{"not_picked":["Bane"],"picked":"SKIP","floor":38.0},{"not_picked":["Flying Knee"],"picked":"SKIP","floor":40.0},{"not_picked":[],"picked":"Venomology","floor":47.0}],"player_experience":288169,"relics_obtained":[{"floor":7.0,"key":"MawBank"},{"floor":9.0,"key":"Pen Nib"},{"floor":12.0,"key":"Orichalcum"},{"floor":23.0,"key":"Blue Candle"},{"floor":26.0,"key":"Bottled Lightning"},{"floor":28.0,"key":"Lantern"},{"floor":40.0,"key":"Juzu Bracelet"},{"floor":47.0,"key":"PreservedInsect"},{"floor":48.0,"key":"StoneCalendar"}],"event_choices":[{"damage_healed":0.0,"max_hp_gain":0.0,"max_hp_loss":0.0,"gold_gain":0.0,"event_name":"Liars Game","player_choice":"Ignored","floor":3.0,"gold_loss":0.0,"damage_taken":0.0},{"damage_healed":0.0,"max_hp_gain":5.0,"max_hp_loss":0.0,"gold_gain":0.0,"event_name":"Big Fish","player_choice":"Donut","floor":4.0,"gold_loss":0.0,"damage_taken":0.0},{"damage_healed":0.0,"max_hp_gain":0.0,"max_hp_loss":7.0,"gold_gain":0.0,"event_name":"Golden Idol","player_choice":"Lose Max HP","floor":14.0,"gold_loss":0.0,"damage_taken":0.0,"relics_obtained":["Golden Idol"]},{"cards_removed":["Slice"],"damage_healed":0.0,"max_hp_gain":0.0,"max_hp_loss":0.0,"gold_gain":0.0,"event_name":"Back to Basics","player_choice":"Elegance","floor":29.0,"gold_loss":0.0,"damage_taken":0.0},{"cards_removed":["Quick Slash"],"damage_healed":0.0,"max_hp_gain":0.0,"max_hp_loss":0.0,"gold_gain":0.0,"event_name":"Beggar","player_choice":"Gave Gold","floor":31.0,"gold_loss":75.0,"damage_taken":0.0},{"damage_healed":0.0,"max_hp_gain":0.0,"max_hp_loss":0.0,"gold_gain":0.0,"event_name":"SensoryStone","player_choice":"Memory 3","floor":36.0,"gold_loss":0.0,"damage_taken":10.0},{"damage_healed":0.0,"max_hp_gain":0.0,"max_hp_loss":0.0,"gold_gain":0.0,"event_name":"Wheel of Change","player_choice":"Damaged","floor":37.0,"gold_loss":0.0,"damage_taken":9.0},{"damage_healed":0.0,"max_hp_gain":0.0,"max_hp_loss":0.0,"gold_gain":0.0,"event_name":"Accursed Blacksmith","player_choice":"Rummage","floor":45.0,"gold_loss":0.0,"damage_taken":0.0,"relics_obtained":["WarpedTongs"],"cards_obtained":["Pain"]},{"cards_removed":["Dash"],"damage_healed":0.0,"max_hp_gain":0.0,"max_hp_loss":0.0,"gold_gain":0.0,"event_name":"Falling","player_choice":"Removed Attack","floor":46.0,"gold_loss":0.0,"damage_taken":0.0},{"damage_healed":0.0,"max_hp_gain":0.0,"max_hp_loss":0.0,"gold_gain":0.0,"event_name":"Mysterious Sphere","player_choice":"Fight","floor":48.0,"gold_loss":0.0,"damage_taken":0.0}],"is_beta":false,"boss_relics":[{"not_picked":["Astrolabe","Runic Dome"],"picked":"Pandora\u0027s Box"},{"not_picked":["Philosopher\u0027s Stone","Velvet Choker"],"picked":"Busted Crown"}],"items_purged_floors":[21],"is_endless":false,"potions_floor_spawned":[1,5,13,16,18,20,22,28,33,35,38,47],"killed_by":"Time Eater","ascension_level":18}}