{"host":"ytv3ru9tdqpvv9vj","time":1611991463,"event":{"mods":["BaseMod","Minty Spire (QoL Compilation)","Replay The Spire","StSLib"],"gold_per_floor":[110,129,141,141,154,154,188,188,188,220,220,251,251,280,280,382,382,394,50,50,67,85,112,146,146,146,179,8,8,8,21,21,119,119,133,133,183,201,111,146,146,146,146,166,116,116,116,129,129,129,129],"floor_reached":50,"language":"ENG","playtime":3643,"items_purged":["Strike_R","Strike_R","Defend_R"],"score":929,"play_id":"abf3941b-144f-4873-b43f-44e0ea40468a","local_time":"20210130172423","daily_mods":["Heirloom","Flight"],"is_ascension_mode":false,"campfire_choices":[{"data":"Shockwave","floor":6,"key":"SMITH"},{"data":"Flex","floor":8,"key":"SMITH"},{"data":"Iron Wave","floor":11,"key":"SMITH"},{"data":"Heavy Blade","floor":13,"key":"SMITH"},{"data":"Flex","floor":15,"key":"SMITH"},{"data":"Clash","floor":29,"key":"SMITH"},{"data":"Bash","floor":30,"key":"SMITH"},{"data":"Cleave","floor":32,"key":"SMITH"},{"data":"Armaments","floor":41,"key":"SMITH"},{"floor":42,"key":"REST"},{"floor":46,"key":"DIG"},{"floor":47,"key":"DIG"},{"data":"Seeing Red","floor":49,"key":"SMITH"}],"circlet_count":0,"master_deck":["Strike_R","Defend_R","Defend_R","Defend_R","Bash+1","Pommel Strike+1","Heavy Blade+1","Shockwave+1","Flex+1","Iron Wave+1","Flex+1","Immolate+1","Rage+1","ReplayTheSpireMod:Muscle Training+1","Cleave+1","Cleave","Seeing Red+1","Clash+1","Iron Wave+1","Cleave+1","Iron Wave+1","Berserk+1","Shame","Doubt","Sickly","Havoc+1","Rampage+1","Flex","Armaments+1","Thunderclap+1","Seeing Red+1"],"relics":["Burning Blood","HornCleat","BranchBurnRelic","Meat on the Bone","Replay:Bottled Steam","Golden Egg","Thread and Needle","Bag of Marbles","Honey Jar","Guide Book","Red Skull","Smiling Mask","Matryoshka","Bird Faced Urn","Replay:Ancient Bell","Replay:Rubber Ducky","Blue Candle","CaptainsWheel","Shovel","Pet Ghost","Boot","Quantum Egg","Shuriken","Blood Vial"],"acts_visited":["Exordium","TheCity","TheBeyond"],"potions_floor_usage":[7,7,16,16,33,33,37,37,40,40,44,50],"damage_taken":[{"damage":0,"enemies":"Small Slimes","floor":1,"turns":3},{"damage":5,"enemies":"Cultist","floor":2,"turns":4},{"damage":6,"enemies":"Jaw Worm","floor":3,"turns":3},{"damage":5,"enemies":"Exordium Thugs","floor":5,"turns":5},{"damage":38,"enemies":"3 Sentries","floor":7,"turns":9},{"damage":10,"enemies":"Gremlin Nob","floor":10,"turns":4},{"damage":9,"enemies":"Lagavulin","floor":12,"turns":6},{"damage":11,"enemies":"3 Sentries","floor":14,"turns":5},{"damage":57,"enemies":"Slime Boss","floor":16,"turns":15},{"damage":11,"enemies":"2 Thieves","floor":18,"turns":3},{"damage":0,"enemies":"Spheric Guardian","floor":21,"turns":3},{"damage":4,"enemies":"Snake Plant","floor":22,"turns":3},{"damage":0,"enemies":"Gremlin Leader","floor":23,"turns":2},{"damage":1,"enemies":"Book of Stabbing","floor":24,"turns":3},{"damage":2,"enemies":"Gremlin Leader","floor":27,"turns":4},{"damage":1,"enemies":"Centurion and Healer","floor":31,"turns":3},{"damage":13,"enemies":"Pondfish","floor":33,"turns":8},{"damage":0,"enemies":"3 Shapes","floor":35,"turns":1},{"damage":9,"enemies":"Mind Bloom Boss Battle","floor":37,"turns":5},{"damage":3,"enemies":"3 Darklings","floor":38,"turns":4},{"damage":78,"enemies":"Nemesis","floor":40,"turns":7},{"damage":5,"enemies":"Transient","floor":44,"turns":5},{"damage":16,"enemies":"4 Shapes","floor":48,"turns":2},{"damage":95,"enemies":"Time Eater","floor":50,"turns":9}],"seed_played":"3850719259006264881","potions_obtained":[{"floor":1,"key":"Reflective Coating"},{"floor":5,"key":"SkillPotion"},{"floor":12,"key":"Regen Potion"},{"floor":14,"key":"Swift Potion"},{"floor":18,"key":"SpeedPotion"},{"floor":23,"key":"FearPotion"},{"floor":33,"key":"LiquidMemories"},{"floor":38,"key":"PowerPotion"},{"floor":40,"key":"SkillPotion"},{"floor":48,"key":"Flashbang"}],"is_trial":true,"path_per_floor":["M","M","M","?","M","R","E","R","T","E","R","E","R","E","R","B",null,"M","$","?","M","M","E","E","?","T","E","$","R","R","M","R","B",null,"M","?","?","M","?","E","R","R","T","M","$","R","R","M","R","B"],"character_chosen":"IRONCLAD","items_purchased":["ReplayTheSpireMod:Muscle Training","Guide Book","Cleave","DuplicationPotion","SteroidPotion"],"campfire_rested":1,"item_purchase_floors":[19,19,19,28,28],"current_hp_per_floor":[80,80,80,73,74,74,57,57,57,65,65,77,77,80,80,51,80,75,75,75,80,80,80,80,80,80,80,80,80,80,80,80,74,80,80,80,79,80,80,22,22,46,46,64,64,64,64,61,61,0,0],"gold":129,"neow_bonus":"","is_daily":false,"chose_seed":false,"campfire_upgraded":10,"win_rate":0.0,"timestamp":1611991463,"path_taken":["M","M","M","?","M","R","E","R","T","E","R","E","R","E","R","BOSS","M","$","?","M","?","E","E","?","T","E","?","R","R","M","R","BOSS","M","?","?","?","?","E","R","R","T","M","$","R","R","?","R","BOSS"],"items_purchased_type":["Card","Relic","Card","Potion","Potion"],"build_version":"2020-12-22","purchased_purges":3,"victory":false,"max_hp_per_floor":[80,80,80,80,80,80,80,80,80,80,80,80,80,80,80,80,80,80,80,80,80,80,80,80,80,80,80,80,80,80,80,80,80,80,80,80,80,80,80,80,80,80,80,80,80,80,80,80,80,80,80],"card_choices":[{"not_picked":["Pummel","Rupture"],"picked":"Pommel Strike","floor":1},{"not_picked":["Dark Embrace","Metallicize","Wild Strike"],"picked":"SKIP","floor":2},{"not_picked":["Combust","Perfected Strike"],"picked":"Heavy Blade","floor":3},{"not_picked":["Clothesline","Sever Soul"],"picked":"Shockwave","floor":5},{"not_picked":["Armaments","Thunderclap"],"picked":"Flex","floor":7},{"not_picked":["Pommel Strike","Intimidate"],"picked":"Iron Wave","floor":10},{"not_picked":["Dark Embrace","Barricade","Clothesline"],"picked":"SKIP","floor":12},{"not_picked":["Heavy Blade","Twin Strike"],"picked":"Flex","floor":14},{"not_picked":["Juggernaut","Brutality"],"picked":"Immolate","floor":16},{"not_picked":["Havoc+1","Sever Soul","Sword Boomerang+1"],"picked":"Rage","floor":18},{"not_picked":["ReplayTheSpireMod:Strike From Hell","Wild Strike","Second Wind"],"picked":"Cleave","floor":21},{"not_picked":["Havoc","Evolve+1","Armaments"],"picked":"Seeing Red+1","floor":22},{"not_picked":["Pommel Strike","Dual Wield","Twin Strike"],"picked":"Clash","floor":23},{"not_picked":["Fire Breathing","Clothesline","Fiend Fire"],"picked":"Iron Wave","floor":24},{"not_picked":["Twin Strike+1","ReplayTheSpireMod:Strike From Hell","Burning Pact"],"picked":"Cleave","floor":27},{"not_picked":["Dropkick","Sword Boomerang","Shockwave"],"picked":"Iron Wave+1","floor":31},{"not_picked":["Corruption","Exhume","Replay:Many Hands"],"picked":"Berserk","floor":33},{"not_picked":["Replay:Hysterical Blindness","CurseOfTheBell","AbeCurse"],"picked":"Shame","floor":34},{"not_picked":["ReplayTheSpireMod:Doomed","Voices","Delirium"],"picked":"Doubt","floor":34},{"not_picked":["Spreading Infection","Doubt","Languid"],"picked":"Sickly","floor":34},{"not_picked":["Disarm+1","ReplayTheSpireMod:Strike From Hell","Sword Boomerang"],"picked":"Havoc+1","floor":35},{"not_picked":["Wild Strike","Shrug It Off+1","Sword Boomerang+1"],"picked":"Rampage+1","floor":37},{"not_picked":["Pommel Strike+1","ReplayTheSpireMod:LeadingStrike+1","Sword Boomerang+1"],"picked":"Flex","floor":38},{"not_picked":["Battle Trance","ReplayTheSpireMod:Strike From Hell","Barricade"],"picked":"Armaments","floor":40},{"not_picked":["Warcry+1","Feel No Pain","Havoc+1"],"picked":"Thunderclap+1","floor":44},{"not_picked":["Shrug It Off","Armaments","Abandon+1"],"picked":"Seeing Red","floor":48}],"player_experience":54233,"relics_obtained":[{"floor":7,"key":"Meat on the Bone"},{"floor":9,"key":"Replay:Bottled Steam"},{"floor":10,"key":"Golden Egg"},{"floor":12,"key":"Thread and Needle"},{"floor":14,"key":"Bag of Marbles"},{"floor":23,"key":"Red Skull"},{"floor":24,"key":"Smiling Mask"},{"floor":26,"key":"Matryoshka"},{"floor":27,"key":"Bird Faced Urn"},{"floor":37,"key":"Shovel"},{"floor":40,"key":"Pet Ghost"},{"floor":43,"key":"Boot"},{"floor":43,"key":"Quantum Egg"},{"floor":46,"key":"Shuriken"},{"floor":47,"key":"Blood Vial"}],"event_choices":[{"damage_healed":0,"gold_gain":0,"player_choice":"Success","damage_taken":7,"relics_obtained":["HornCleat"],"max_hp_gain":0,"max_hp_loss":0,"event_name":"Scrap Ooze","floor":4,"gold_loss":0},{"cards_removed":["Strike_R"],"damage_healed":0,"gold_gain":0,"player_choice":"Purged","damage_taken":0,"max_hp_gain":0,"max_hp_loss":0,"event_name":"Purifier","floor":20,"gold_loss":0},{"damage_healed":0,"gold_gain":0,"player_choice":"Ignored","damage_taken":0,"max_hp_gain":0,"max_hp_loss":0,"event_name":"Vampires","floor":25,"gold_loss":0},{"damage_healed":0,"gold_gain":0,"player_choice":"Ignored","damage_taken":0,"max_hp_gain":0,"max_hp_loss":0,"event_name":"Tomb of Lord Red Mask","floor":36,"gold_loss":0},{"damage_healed":0,"gold_gain":0,"player_choice":"Fight","damage_taken":0,"max_hp_gain":0,"max_hp_loss":0,"event_name":"MindBloom","floor":37,"gold_loss":0},{"cards_removed":["Strike_R"],"damage_healed":0,"gold_gain":0,"player_choice":"Upgrade and Remove","damage_taken":0,"max_hp_gain":0,"max_hp_loss":0,"event_name":"Designer","floor":39,"gold_loss":90,"cards_upgraded":["Iron Wave"]}],"is_beta":false,"boss_relics":[{"not_picked":["Mark of Pain","Coffee Dripper"],"picked":"Honey Jar"},{"not_picked":["Runic Cube","Abe\u0027s Treasure"],"picked":"Replay:Ancient Bell"},{"not_picked":["Bag of Preparation","Dream Catcher"],"picked":"Replay:Rubber Ducky"},{"not_picked":["StrikeDummy","Frozen Egg 2"],"picked":"Blue Candle"},{"not_picked":["Turnip","Calipers"],"picked":"CaptainsWheel"}],"items_purged_floors":[19,28,45],"is_endless":true,"potions_floor_spawned":[1,5,12,14,18,23,33,38,40,48],"killed_by":"Time Eater","ascension_level":0}}