{"host":"tm3ghj8mno6gwywm","time":1611973605,"event":{"mods":["2.2 Compatiblity","AchievementEnabler","Bard","BaseMod","Beaked The Cultist","Better Third Choice","Colored Map","Colored Powertips","Conspire","Downfall","Glutton Mod","GungeonMod","Halation","Hermit","Hubris","Infinite Spire","Jorbs\u0027s Wanderer Trilogy","Mad Scientist","Marisa????????","Marked Mod","Mimic Mod","Minty Spire (QoL Compilation)","Potionbrewer","Quick Restart","Replay The Spire","Shade Mod","Shop Mod","Somnambulant","Spicy Shops","StSLib","SuperFastMode","The Bug Knight","The Construct","The Cursed","The Disciple","The Hierophant","The IronCluck","The Judge","The Jungle","The Necromancer","The Runesmith","The Servant 0.9.4","egg"],"gold_per_floor":[399,416,85,95,1,36,90,110,10,27,45,45,45,30,43,139,139,39,56,34,54,54,54,94,109,123,137,137,37,73,73,92,187,187,187,207,226,126,126,136,161,83,83,83,97,108,108,108,126,130,130,158,120,120,120,124],"floor_reached":57,"language":"ENG","playtime":1930,"items_purged":["Parasite"],"score":1401,"play_id":"34b30a6a-7c72-4af9-bddd-5730d2e1f75a","local_time":"20210129212645","is_ascension_mode":false,"campfire_choices":[{"floor":1,"key":"RECALL"},{"data":"Slimebound:Split","floor":9,"key":"SMITH"},{"data":"Slimebound:CorrosiveSpit","floor":13,"key":"SMITH"},{"data":"Slimebound:Defend_Slimebound","floor":18,"key":"SMITH"},{"data":"Slimebound:Defend_Slimebound","floor":23,"key":"SMITH"},{"data":"Slimebound:Tackle","floor":29,"key":"SMITH"},{"floor":35,"key":"REST"},{"floor":44,"key":"REST"},{"floor":47,"key":"REST"},{"floor":54,"key":"REST"}],"circlet_count":0,"master_deck":["Slimebound:Strike_Slimebound","Slimebound:Strike_Slimebound","Slimebound:Strike_Slimebound","Slimebound:Defend_Slimebound","Slimebound:Defend_Slimebound","Slimebound:Defend_Slimebound","Slimebound:Defend_Slimebound","Slimebound:Split+1","Slimebound:MegaLick+1","Slimebound:SplitLeeching+1","Slimebound:ForwardTackle+1","Slimebound:MegaLick+1","Slimebound:MegaLick+1","Slimebound:SplitBruiser+1","Slimebound:GrowthPunch+1","Slimebound:Recycling+1","Slimebound:SpikyOuterGoop+1","Slimebound:SplitMire+1","Slimebound:Nibble+1","Slimebound:SpikyOuterGoop+1","Slimebound:ComboTackle+1","Slimebound:RejuvenatingLick+1","Slimebound:RallyTheTroops+1","Slimebound:GoopSpray+1","Slimebound:SplitAcid+1","Slimebound:SamplingLick+1","Slimebound:FlameTackle+1","Slimebound:SplitSpecialist+1","Slimebound:TagTeam+1","Slimebound:LeadByExample+1","Slimebound:SamplingLick+1","Slimebound:MinionMaster+1","Slimebound:LevelUp+1","Slimebound:SlimeTap+1","Slimebound:HauntingLick+1","Slimebound:OneTwoCombo+1","Slimebound:DivideAndConquer+1","Slimebound:LevelUp+1","Slimebound:Repurpose+1"],"relics":["Slimebound:AbsorbEndCombat","Old Coin","WingedGreaves","Lizard Tail","Mummified Hand","Black Star","Molten Egg 2","Toxic Egg 2","Frozen Egg 2","Quantum Egg","Membership Card","infinitespire:ShieldingShard","potionbrewer:MortarAndPestle","Slimebound:SelfDamagePreventRelic","hubris:OldNail","potionbrewer:DrinkingBird","downfall:HeartBlessingRed","downfall:HeartBlessingGreen","Simple Rune","Question Card","halation:PromiseList","infinitespire:BottledMercury","infinitespire:Midas Blood","Meat on the Bone","downfall:HeartBlessingBlue","infinitespire:PuzzleCube","DemoMod:SerJunkan","Fusion Hammer","hubris:ToyBattleship","Vajra","halation:EternalFortune","Iron Hammer","Guardian:PocketSentry"],"acts_visited":["Exordium","TheCity","TheBeyond","TheEnding"],"potions_floor_usage":[16,16,19,33,56,56,56,56],"damage_taken":[{"damage":11,"enemies":"infinitespire:Voidling","floor":2,"turns":4},{"damage":2,"enemies":"downfall:FleeingMerchant","floor":3,"turns":4},{"damage":0,"enemies":"2 Louse","floor":4,"turns":2},{"damage":0,"enemies":"downfall:FleeingMerchant","floor":5,"turns":4},{"damage":4,"enemies":"Replay:BlueRogue","floor":6,"turns":4},{"damage":0,"enemies":"conspire:RoseBush","floor":8,"turns":3},{"damage":0,"enemies":"Red Slaver","floor":10,"turns":3},{"damage":0,"enemies":"Gremlin Gang","floor":11,"turns":3},{"damage":0,"enemies":"downfall:FleeingMerchant","floor":14,"turns":4},{"damage":7,"enemies":"Blue Slaver","floor":15,"turns":3},{"damage":0,"enemies":"IC_STATUS_ARCHETYPE","floor":16,"turns":5},{"damage":0,"enemies":"conspire:FuzzyDice","floor":19,"turns":4},{"damage":0,"enemies":"downfall:FleeingMerchant","floor":20,"turns":3},{"damage":0,"enemies":"conspire:HollyBat","floor":21,"turns":6},{"damage":0,"enemies":"Shelled Parasite and Fungi","floor":24,"turns":4},{"damage":4,"enemies":"Shelled Parasite and Fungi","floor":25,"turns":4},{"damage":0,"enemies":"Centurion and Healer","floor":26,"turns":4},{"damage":0,"enemies":"Snake Plant","floor":27,"turns":3},{"damage":3,"enemies":"conspire:SneckoGhost","floor":30,"turns":4},{"damage":4,"enemies":"Sentry and Sphere","floor":32,"turns":3},{"damage":0,"enemies":"SI_MIRROR_ARCHETYPE","floor":33,"turns":4},{"damage":9,"enemies":"3 Darklings","floor":36,"turns":3},{"damage":0,"enemies":"3 Shapes","floor":37,"turns":2},{"damage":0,"enemies":"Maw","floor":40,"turns":3},{"damage":0,"enemies":"Writhing Mass","floor":45,"turns":2},{"damage":0,"enemies":"3 Darklings","floor":46,"turns":3},{"damage":0,"enemies":"Jaw Worm Horde","floor":49,"turns":2},{"damage":18,"enemies":"DF_ARCHETYPE_ORBS","floor":50,"turns":5},{"damage":0,"enemies":"downfall:CharBossMerchant","floor":52,"turns":5},{"damage":0,"enemies":"downfall:NeowBoss","floor":55,"turns":7},{"damage":28,"enemies":"downfall:NeowBossFinal","floor":56,"turns":6}],"seed_played":"9180098759793127108","potions_obtained":[{"floor":4,"key":"BlessingOfTheForge"},{"floor":6,"key":"Slimebound:SlimedPotion"},{"floor":8,"key":"LifebloodPotion"},{"floor":15,"key":"ColorlessPotion"},{"floor":16,"key":"champ:CounterPotion"},{"floor":30,"key":"AttackPotion"}],"is_trial":false,"path_per_floor":["R","M","$","M","$","E","T","M","R","M","M","?","R","$","M","B",null,"R","M","$","M","?","R","MIM","M","M","M","$","R","E","?","M","B",null,"R","M","M","NS","?","M","T","$","?","R","M","M","R","?","M","B",null,"E","$","R","B","B",null],"character_chosen":"SLIMEBOUND","items_purchased":["Slimebound:MegaLick+1","infinitespire:ShieldingShard","potionbrewer:MortarAndPestle","Slimebound:SelfDamagePreventRelic","Slimebound:Recycling+1","Simple Rune","Question Card","halation:PromiseList","infinitespire:BottledMercury","Vajra"],"campfire_rested":4,"item_purchase_floors":[3,3,3,5,5,20,20,20,20,42],"current_hp_per_floor":[65,58,60,64,65,65,65,65,65,65,65,65,65,65,65,65,65,65,65,65,65,65,65,65,63,65,65,65,75,75,75,73,75,75,75,72,75,75,75,75,75,75,85,85,85,85,85,88,88,76,88,88,85,85,85,57],"gold":124,"neow_bonus":"THREE_CARDS","is_daily":false,"chose_seed":false,"campfire_upgraded":5,"win_rate":0.0,"timestamp":1611973605,"path_taken":["R","M","$","M","$","E","T","M","R","?","M","?","R","$","M","BOSS","R","M","$","M","?","R","MIM","M","?","?","$","R","E","?","M","BOSS","R","M","M","NS","?","M","T","?","?","R","?","M","R","?","M","BOSS","E","$","R","BOSS","BOSS"],"items_purchased_type":["Card","Relic","Relic","Relic","Card","Relic","Relic","Relic","Relic","Relic"],"build_version":"2020-12-22","purchased_purges":1,"victory":true,"max_hp_per_floor":[65,65,65,65,65,65,65,65,65,65,65,65,65,65,65,65,65,65,65,65,65,65,65,65,65,65,65,65,75,75,75,75,75,75,75,75,75,75,75,75,75,75,85,85,85,85,85,88,88,88,88,88,85,85,85,85],"card_choices":[{"not_picked":["Slimebound:DivideAndConquer","Slimebound:Schlurp"],"picked":"Slimebound:MegaLick","floor":0},{"not_picked":["Slimebound:ComboTackle+1","Slimebound:HauntingLick+1"],"picked":"Slimebound:SplitLeeching+1","floor":2},{"not_picked":["Slimebound:GoopTackle+1","Slimebound:BestDefense+1"],"picked":"Slimebound:ForwardTackle+1","floor":3},{"not_picked":["Slimebound:ProtectTheBoss+1","Slimebound:RollThrough+1"],"picked":"Slimebound:SplitBruiser+1","floor":4},{"not_picked":["Slimebound:LivingWall+1","Slimebound:SlimeSpikes+1"],"picked":"Slimebound:GrowthPunch+1","floor":5},{"not_picked":["Slimebound:ComboTackle+1","Slimebound:Recollect+1"],"picked":"Slimebound:SpikyOuterGoop+1","floor":6},{"not_picked":["Slimebound:GoopSpray+1","Slimebound:FirmFortitude+1"],"picked":"Slimebound:SplitMire+1","floor":8},{"not_picked":["Slimebound:GrowthPunch+1","Slimebound:ServeAndProtect+1"],"picked":"Slimebound:Nibble+1","floor":10},{"not_picked":["Slimebound:FormOfPuddle+1","Slimebound:ItLooksTasty+1"],"picked":"Slimebound:SpikyOuterGoop+1","floor":11},{"not_picked":["Slimebound:SlimeSpikes+1","Slimebound:Equalize+1"],"picked":"Slimebound:ComboTackle+1","floor":14},{"not_picked":["Slimebound:ViciousTackle+1","Slimebound:RollThrough+1"],"picked":"Slimebound:RejuvenatingLick+1","floor":15},{"not_picked":["Slimebound:SlimeSlap+1","Slimebound:Teamwork+1"],"picked":"Slimebound:RallyTheTroops+1","floor":16},{"not_picked":["Slimebound:DisruptingSlam+1","Slimebound:SplitLeeching+1"],"picked":"Slimebound:GoopSpray+1","floor":19},{"not_picked":["Slimebound:SlimeSpikes+1","Slimebound:LeechingTouch+1"],"picked":"Slimebound:SplitAcid+1","floor":20},{"not_picked":["Slimebound:DivideAndConquer+1","Slimebound:ProtectTheBoss+1","Slimebound:SlimeBarrage+1"],"picked":"Slimebound:SamplingLick+1","floor":21},{"not_picked":["Slimebound:ItLooksTasty+1","Slimebound:DouseInSlime+1","Slimebound:Prepare+1"],"picked":"Slimebound:FlameTackle+1","floor":24},{"not_picked":["Slimebound:ItLooksTasty+1","Slimebound:RejuvenatingLick+1","Slimebound:ComboTackle+1"],"picked":"Slimebound:SplitSpecialist+1","floor":25},{"not_picked":["Slimebound:TongueLash+1","Slimebound:LevelUp+1","Slimebound:SamplingLick+1"],"picked":"Slimebound:TagTeam+1","floor":26},{"not_picked":["Slimebound:SplitSpecialist+1","Slimebound:SplitMire+1","Slimebound:GoopSpray+1"],"picked":"Slimebound:LeadByExample+1","floor":27},{"not_picked":["Slimebound:WasteNot+1","Slimebound:SlimeBrawl+1","Slimebound:LeechEnergy+1"],"picked":"Slimebound:OneTwoCombo+1","floor":30},{"not_picked":["Slimebound:LivingWall+1","Slimebound:SplitSpecialist+1","Slimebound:SlimeBarrage+1"],"picked":"Slimebound:SamplingLick+1","floor":32},{"not_picked":["Slimebound:OneTwoCombo+1","Slimebound:FirmFortitude+1","Slimebound:MassRepurpose+1"],"picked":"Slimebound:MinionMaster+1","floor":33},{"not_picked":["Slimebound:SplitMire+1","Slimebound:RollThrough+1","Slimebound:Prepare+1"],"picked":"Slimebound:LevelUp+1","floor":36},{"not_picked":["Slimebound:RollThrough+1","Slimebound:Grow+1","Slimebound:Prepare+1"],"picked":"Slimebound:SlimeTap+1","floor":37},{"not_picked":["Slimebound:SlimeSpikes+1","Slimebound:ViciousTackle+1","Slimebound:LeechEnergy+1"],"picked":"Slimebound:HauntingLick+1","floor":40},{"not_picked":["Slimebound:LeechingTouch+1","Slimebound:SamplingLick+1","Slimebound:RollThrough+1"],"picked":"Slimebound:OneTwoCombo+1","floor":45},{"not_picked":["Slimebound:RollThrough+1","Slimebound:SlimeTap+1","Slimebound:SplitAcid+1"],"picked":"Slimebound:DivideAndConquer+1","floor":46},{"not_picked":["Slimebound:ComboTackle+1","Slimebound:PressTheAttack+1","Slimebound:SplitMire+1"],"picked":"Slimebound:LevelUp+1","floor":49},{"not_picked":["Slimebound:SpikyOuterGoop+1","Slimebound:RollThrough+1","Slimebound:SamplingLick+1"],"picked":"Slimebound:Repurpose+1","floor":52}],"player_experience":850584,"relics_obtained":[{"floor":6,"key":"hubris:OldNail"},{"floor":6,"key":"potionbrewer:DrinkingBird"},{"floor":24,"key":"infinitespire:Midas Blood"},{"floor":24,"key":"Meat on the Bone"},{"floor":30,"key":"infinitespire:PuzzleCube"},{"floor":30,"key":"DemoMod:SerJunkan"},{"floor":41,"key":"hubris:ToyBattleship"},{"floor":52,"key":"Iron Hammer"},{"floor":52,"key":"Guardian:PocketSentry"}],"event_choices":[{"damage_healed":0,"gold_gain":0,"player_choice":"Disagree","damage_taken":0,"max_hp_gain":0,"max_hp_loss":0,"event_name":"conspire:LoneGhost","floor":12,"gold_loss":0},{"cards_removed":["Slimebound:OneTwoCombo"],"damage_healed":0,"gold_gain":0,"player_choice":"Offered Rare","damage_taken":0,"max_hp_gain":10,"max_hp_loss":0,"event_name":"Bonfire Elementals","floor":43,"gold_loss":0}],"is_beta":false,"boss_relics":[{"not_picked":["halation:PlatinumPhoenix","Snecko Heart","hubris:HollowSoul"]},{"not_picked":["Sozu","infinitespire:Cupcake"],"picked":"Fusion Hammer"}],"items_purged_floors":[53],"is_endless":false,"potions_floor_spawned":[4,6,8,15,16,21,25,30,32,36,40,46],"ascension_level":0}}