{"host":"6xsbn6ynqlzwllfm","time":1611976746,"event":{"mods":["2.2 Compatiblity","BaseMod","Bestiary","Colored Map","Colored Powertips","Curses Come First","Highlight Path","Keyboard Shortcuts","Minty Spire (QoL Compilation)","Relic Stats","Slay the Relics Exporter","StSLib","SuperFastMode"],"gold_per_floor":[112,112,130,130,146,146,179,10,36,82,110,155,167,198,210,300,312,335,362,374,64,64,96,96,123,149,160,179,196,231,32,32,32,32],"floor_reached":33,"language":"ENG","playtime":1455,"items_purged":["Strike_P"],"score":700,"play_id":"2bd31040-7935-45fd-911f-6e50dc04d557","local_time":"20210129221906","is_ascension_mode":true,"campfire_choices":[{"data":"SandsOfTime","floor":6,"key":"SMITH"},{"data":"Conclude","floor":13,"key":"SMITH"},{"data":"Consecrate","floor":15,"key":"SMITH"},{"data":"Blasphemy","floor":24,"key":"SMITH"},{"floor":32,"key":"REST"}],"circlet_count":0,"master_deck":["AscendersBane","Strike_P","Defend_P","Defend_P","Defend_P","Defend_P","Eruption","Vigilance","SandsOfTime+1","CarveReality","CarveReality","Protect","Consecrate+1","Conclude+1","DeceiveReality","Blasphemy+1","ThirdEye","SashWhip","Perseverance","TalkToTheHand","Protect+1","Protect"],"relics":["Black Star","Bronze Scales","Mercury Hourglass","Lizard Tail","Frozen Eye","MawBank","Eternal Feather","Potion Belt","Kunai","CaptainsWheel","VioletLotus","Matryoshka","CultistMask","Dream Catcher","Boot","HornCleat","Damaru","Akabeko","White Beast Statue","Yang","Toy Ornithopter"],"acts_visited":["Exordium","TheCity"],"potions_floor_usage":[7,11,23,23,23,23,23,23,23,23,25,25,30],"damage_taken":[{"damage":7,"enemies":"Jaw Worm","floor":1,"turns":4},{"damage":1,"enemies":"2 Louse","floor":3,"turns":3},{"damage":0,"enemies":"Small Slimes","floor":5,"turns":3},{"damage":17,"enemies":"3 Sentries","floor":7,"turns":6},{"damage":2,"enemies":"Gremlin Nob","floor":10,"turns":3},{"damage":1,"enemies":"Red Slaver","floor":11,"turns":3},{"damage":15,"enemies":"3 Sentries","floor":12,"turns":4},{"damage":0,"enemies":"3 Louse","floor":14,"turns":1},{"damage":0,"enemies":"Slime Boss","floor":16,"turns":5},{"damage":14,"enemies":"Shell Parasite","floor":18,"turns":3},{"damage":12,"enemies":"2 Thieves","floor":19,"turns":3},{"damage":0,"enemies":"Slavers","floor":23,"turns":4},{"damage":13,"enemies":"Gremlin Leader","floor":25,"turns":3},{"damage":0,"enemies":"Chosen and Byrds","floor":27,"turns":3},{"damage":7,"enemies":"Snake Plant","floor":28,"turns":3},{"damage":0,"enemies":"3 Cultists","floor":29,"turns":4},{"damage":21,"enemies":"Slavers","floor":30,"turns":3},{"damage":100053,"enemies":"Automaton","floor":33,"turns":11}],"seed_played":"-5336879509473577865","potions_obtained":[{"floor":1,"key":"Ancient Potion"},{"floor":5,"key":"AttackPotion"},{"floor":10,"key":"Energy Potion"},{"floor":19,"key":"EntropicBrew"},{"floor":23,"key":"Dexterity Potion"},{"floor":27,"key":"LiquidMemories"}],"is_trial":false,"path_per_floor":["M","?","M","?","M","R","E","$","T","E","M","E","R","M","R","B",null,"M","M","?","$","?","E","R","E","T","M","M","M","E","$","R","B"],"character_chosen":"WATCHER","items_purchased":["Frozen Eye","Protect","Matryoshka","Toy Ornithopter","SteroidPotion"],"campfire_rested":1,"item_purchase_floors":[8,8,21,31,31],"current_hp_per_floor":[54,59,58,32,32,32,15,15,15,13,12,36,45,45,54,54,68,54,42,42,42,42,42,54,50,50,50,43,43,22,22,55,0,0],"gold":32,"neow_bonus":"BOSS_RELIC","is_daily":false,"chose_seed":false,"campfire_upgraded":4,"win_rate":0.0,"timestamp":1611976746,"path_taken":["M","?","M","?","M","R","E","$","T","E","M","E","R","M","R","BOSS","M","M","?","$","?","E","R","E","T","M","?","M","E","?","R","BOSS"],"items_purchased_type":["Relic","Card","Relic","Relic","Potion"],"build_version":"2020-12-22","purchased_purges":1,"victory":false,"max_hp_per_floor":[68,73,73,73,73,73,73,73,73,73,73,73,73,73,73,73,73,73,73,73,73,73,73,73,73,73,73,73,73,73,73,73,73,73],"relic_stats":{"counters":[18,68],"Eternal Feather":42,"Yang":[15],"MawBank":144,"Boot":[3],"Mercury Hourglass":[276],"Lizard Tail":36,"Dream Catcher":1,"Bronze Scales":[180],"VioletLotus":[5],"Black Star":6,"Kunai":[9],"obtain_stats":[{"Potion Belt":10,"Damaru":25,"Eternal Feather":10,"Yang":30,"MawBank":9,"Boot":23,"Akabeko":26,"White Beast Statue":30,"Mercury Hourglass":7,"Frozen Eye":8,"Lizard Tail":7,"CaptainsWheel":12,"Dream Catcher":23,"Matryoshka":21,"HornCleat":25,"Bronze Scales":4,"VioletLotus":17,"CultistMask":22,"Black Star":0,"Kunai":12,"PureWater":0,"Toy Ornithopter":31},{"Potion Belt":5,"Damaru":13,"Eternal Feather":5,"Yang":17,"MawBank":4,"Boot":12,"Akabeko":13,"White Beast Statue":17,"Mercury Hourglass":4,"Frozen Eye":4,"Lizard Tail":4,"CaptainsWheel":7,"Dream Catcher":12,"Matryoshka":11,"HornCleat":13,"Bronze Scales":2,"VioletLotus":9,"CultistMask":11,"Black Star":0,"Kunai":7,"PureWater":0,"Toy Ornithopter":17},{"Potion Belt":19,"Damaru":45,"Eternal Feather":19,"Yang":58,"MawBank":16,"Boot":42,"Akabeko":45,"White Beast Statue":58,"Mercury Hourglass":16,"Frozen Eye":16,"Lizard Tail":16,"CaptainsWheel":26,"Dream Catcher":42,"Matryoshka":38,"HornCleat":45,"Bronze Scales":7,"VioletLotus":32,"CultistMask":38,"Black Star":0,"Kunai":26,"PureWater":0,"Toy Ornithopter":58}],"Toy Ornithopter":0},"card_choices":[{"not_picked":["Halt","BowlingBash"],"picked":"SandsOfTime","floor":1},{"not_picked":["Crescendo","Worship"],"picked":"CarveReality","floor":3},{"not_picked":["BowlingBash","FollowUp"],"picked":"CarveReality","floor":7},{"not_picked":["Study","SashWhip"],"picked":"Consecrate","floor":11},{"not_picked":["CarveReality","Nirvana"],"picked":"Conclude","floor":12},{"not_picked":["FlyingSleeves","Prostrate"],"picked":"DeceiveReality","floor":14},{"not_picked":["Judgement","DeusExMachina"],"picked":"Blasphemy","floor":16},{"not_picked":["EmptyFist","Adaptation"],"picked":"ThirdEye","floor":18},{"not_picked":["Sanctity","ClearTheMind"],"picked":"TalkToTheHand","floor":23},{"not_picked":["Evaluate","PathToVictory","EmptyBody"],"picked":"SKIP","floor":25},{"not_picked":["MentalFortress","SashWhip"],"picked":"Protect+1","floor":27},{"not_picked":["Tantrum+1","FlyingSleeves","InnerPeace"],"picked":"SKIP","floor":29},{"not_picked":["Crescendo","Sanctity"],"picked":"Protect","floor":32}],"player_experience":1245935,"relics_obtained":[{"floor":7,"key":"Mercury Hourglass"},{"floor":7,"key":"Lizard Tail"},{"floor":9,"key":"MawBank"},{"floor":10,"key":"Eternal Feather"},{"floor":10,"key":"Potion Belt"},{"floor":12,"key":"Kunai"},{"floor":12,"key":"CaptainsWheel"},{"floor":23,"key":"Dream Catcher"},{"floor":23,"key":"Boot"},{"floor":25,"key":"HornCleat"},{"floor":25,"key":"Damaru"},{"floor":26,"key":"Akabeko"},{"floor":30,"key":"White Beast Statue"},{"floor":30,"key":"Yang"}],"event_choices":[{"damage_healed":0,"gold_gain":0,"player_choice":"Donut","damage_taken":0,"max_hp_gain":5,"max_hp_loss":0,"event_name":"Big Fish","floor":2,"gold_loss":0},{"damage_healed":0,"gold_gain":0,"player_choice":"Success","damage_taken":26,"relics_obtained":["Bronze Scales"],"max_hp_gain":0,"max_hp_loss":0,"event_name":"Scrap Ooze","floor":4,"gold_loss":0},{"damage_healed":0,"gold_gain":0,"cards_transformed":["Strike_P","Strike_P"],"player_choice":"Became Test Subject","damage_taken":0,"max_hp_gain":0,"max_hp_loss":0,"event_name":"Drug Dealer","floor":20,"gold_loss":0,"cards_obtained":["SashWhip","Perseverance"]},{"damage_healed":0,"gold_gain":0,"player_choice":"Trade","damage_taken":0,"relics_obtained":["CultistMask"],"max_hp_gain":0,"max_hp_loss":0,"event_name":"FaceTrader","floor":22,"gold_loss":0}],"is_beta":false,"boss_relics":[{"not_picked":["Runic Dome","Empty Cage"],"picked":"VioletLotus"}],"items_purged_floors":[21],"is_endless":false,"potions_floor_spawned":[1,5,10,19,23,27],"killed_by":"Automaton","ascension_level":15}}