{"host":"39erygfi9n0tobyn","time":1611965503,"event":{"mods":["2.2 Compatiblity","BaseMod","Bestiary","Colored Map","Colored Powertips","Curses Come First","Highlight Path","Keyboard Shortcuts","Minty Spire (QoL Compilation)","Relic Stats","StSLib","SuperFastMode"],"gold_per_floor":[113,127,127,302,312,338,358,358,385,12,22,33,49,49,49,145,145,162,77,94,94,56,56,56],"floor_reached":23,"language":"ENG","playtime":822,"items_purged":["Doubt"],"score":193,"play_id":"525c15b4-f6e8-46f1-a03a-6988071bdac3","local_time":"20210129211143","is_ascension_mode":false,"campfire_choices":[{"floor":8,"key":"REST"},{"floor":15,"key":"REST"}],"circlet_count":0,"master_deck":["Strike_B","Strike_B","Strike_B","Defend_B","Defend_B","Defend_B","Defend_B","Zap","Dualcast","Good Instincts","Loop","Sweeping Beam","Rip and Tear","Auto Shields","Darkness","Beam Cell","Coolheaded","Defragment","Reinforced Body","Ball Lightning","Leap","Reboot","Barrage+1","Go for the Eyes+1","RitualDagger","Capacitor"],"relics":["Cracked Core","Oddly Smooth Stone","Centennial Puzzle","TheAbacus","SlaversCollar","Juzu Bracelet"],"acts_visited":["Exordium","TheCity"],"potions_floor_usage":[23,23],"damage_taken":[{"damage":0,"enemies":"Small Slimes","floor":1,"turns":3},{"damage":8,"enemies":"2 Louse","floor":2,"turns":3},{"damage":2,"enemies":"Jaw Worm","floor":5,"turns":4},{"damage":33,"enemies":"Lagavulin","floor":6,"turns":8},{"damage":1,"enemies":"Blue Slaver","floor":7,"turns":3},{"damage":9,"enemies":"3 Louse","floor":11,"turns":4},{"damage":4,"enemies":"Looter","floor":12,"turns":4},{"damage":7,"enemies":"Large Slime","floor":13,"turns":6},{"damage":8,"enemies":"Hexaghost","floor":16,"turns":10},{"damage":1,"enemies":"Chosen","floor":18,"turns":6},{"damage":29,"enemies":"2 Thieves","floor":20,"turns":4},{"damage":40,"enemies":"Book of Stabbing","floor":23,"turns":7}],"seed_played":"-5201639264419999086","potions_obtained":[{"floor":1,"key":"FocusPotion"},{"floor":6,"key":"SteroidPotion"},{"floor":11,"key":"LiquidBronze"},{"floor":12,"key":"Weak Potion"},{"floor":20,"key":"EssenceOfSteel"}],"is_trial":false,"path_per_floor":["M","M","?","?","M","E","M","R","T","$","M","M","M","?","R","B",null,"M","?","M","?","$","E"],"character_chosen":"DEFECT","items_purchased":["TheAbacus","Beam Cell","Coolheaded","Defragment","Capacitor"],"campfire_rested":2,"item_purchase_floors":[10,10,10,10,22],"current_hp_per_floor":[75,67,60,60,58,25,24,46,46,46,37,33,26,14,36,28,75,74,74,45,39,39,0,0],"gold":56,"neow_bonus":"RANDOM_COLORLESS","is_daily":false,"chose_seed":false,"campfire_upgraded":0,"win_rate":0.0,"timestamp":1611965503,"path_taken":["M","M","?","?","M","E","M","R","T","$","M","M","M","?","R","BOSS","M","?","M","?","$","E"],"items_purchased_type":["Relic","Card","Card","Card","Card"],"build_version":"2020-12-22","purchased_purges":1,"victory":false,"max_hp_per_floor":[75,75,75,75,75,75,75,75,75,75,75,75,75,75,75,75,75,75,75,75,75,75,75,75],"relic_stats":{"Centennial Puzzle":[21],"TheAbacus":[54],"counters":[12,60],"Juzu Bracelet":0,"obtain_stats":[{"SlaversCollar":17,"Centennial Puzzle":9,"TheAbacus":10,"Oddly Smooth Stone":6,"Juzu Bracelet":19,"Cracked Core":0},{"SlaversCollar":9,"Centennial Puzzle":5,"TheAbacus":5,"Oddly Smooth Stone":4,"Juzu Bracelet":10,"Cracked Core":0},{"SlaversCollar":43,"Centennial Puzzle":20,"TheAbacus":20,"Oddly Smooth Stone":17,"Juzu Bracelet":49,"Cracked Core":0}]},"card_choices":[{"not_picked":["Trip","Forethought"],"picked":"Good Instincts","floor":0},{"not_picked":["Stack","Rebound"],"picked":"Loop","floor":1},{"not_picked":["Ball Lightning","Heatsinks"],"picked":"Sweeping Beam","floor":2},{"not_picked":["Steam Power","Ball Lightning"],"picked":"Rip and Tear","floor":5},{"not_picked":["Self Repair","Skim"],"picked":"Auto Shields","floor":6},{"not_picked":["Stack","Steam"],"picked":"Darkness","floor":7},{"not_picked":["Gash","Streamline"],"picked":"Reinforced Body","floor":11},{"not_picked":["Coolheaded","Cold Snap"],"picked":"Ball Lightning","floor":12},{"not_picked":["Glacier","Hello World"],"picked":"Leap","floor":13},{"not_picked":["Electrodynamics","Creative AI"],"picked":"Reboot","floor":16},{"not_picked":["Reprogram+1","Go for the Eyes"],"picked":"Barrage+1","floor":18},{"not_picked":["Leap","Double Energy"],"picked":"Go for the Eyes+1","floor":20}],"player_experience":51421,"relics_obtained":[{"floor":6,"key":"Oddly Smooth Stone"},{"floor":9,"key":"Centennial Puzzle"}],"event_choices":[{"cards_removed":["Strike_B"],"damage_healed":0,"gold_gain":0,"player_choice":"Card Removal","damage_taken":7,"max_hp_gain":0,"max_hp_loss":0,"event_name":"Golden Wing","floor":3,"gold_loss":0},{"damage_healed":0,"gold_gain":175,"player_choice":"AGREE","damage_taken":0,"max_hp_gain":0,"max_hp_loss":0,"event_name":"Liars Game","floor":4,"gold_loss":0,"cards_obtained":["Doubt"]},{"damage_healed":0,"gold_gain":0,"player_choice":"Fled","damage_taken":12,"max_hp_gain":0,"max_hp_loss":0,"event_name":"Scrap Ooze","floor":14,"gold_loss":0},{"damage_healed":0,"gold_gain":0,"player_choice":"Obtained Relic","damage_taken":0,"relics_obtained":["Juzu Bracelet"],"max_hp_gain":0,"max_hp_loss":0,"event_name":"Addict","floor":19,"gold_loss":85},{"damage_healed":0,"gold_gain":0,"player_choice":"Joined the Cult","damage_taken":6,"max_hp_gain":0,"max_hp_loss":0,"event_name":"Nest","floor":21,"gold_loss":0,"cards_obtained":["RitualDagger"]}],"is_beta":false,"boss_relics":[{"not_picked":["Busted Crown","Astrolabe"],"picked":"SlaversCollar"}],"items_purged_floors":[10],"is_endless":false,"potions_floor_spawned":[1,6,11,12,13,20],"killed_by":"Book of Stabbing","ascension_level":0}}