{"host":"2i1rjl87isetstuj","time":1611992890,"event":{"mods":["BaseMod","Better Vampires","Challenge The Spire","Lobotomy","LobotomyExtend","Marked Mod","Minty Spire (QoL Compilation)","Quick Restart","Shop Mod","StSLib","Waifu the Spire","óô»ðÖ¸ÄÏ"],"gold_per_floor":[116,3,16,28,43,71,71,96,96,124,124,144,178,178,178,178,178],"floor_reached":16,"language":"ZHS","playtime":658,"items_purged":["Strike_R"],"score":165,"play_id":"7eed689f-0ab0-4851-a5db-24b497368a6e","local_time":"20210130154810","is_ascension_mode":true,"campfire_choices":[{"data":"1","floor":15,"key":"LIFT"}],"circlet_count":0,"master_deck":["Strike_R","Strike_R","Strike_R","Defend_R","Defend_R","Defend_R","Defend_R","Bash","Wild Strike","Dropkick","Scorched","Fire Breathing","BlackSwan","HeroicMonk","Funeral","Cleave","Power Through","LittleHelper","DreamingCurrent","Sword Boomerang"],"relics":["Burning Blood","CogitoBucket","LetterFromLob","Omamori","PreservedInsect","Frozen Egg 2","Bottled Flame","FleshIdol","Girya"],"acts_visited":["Exordium"],"potions_floor_usage":[],"damage_taken":[{"damage":6,"enemies":"Cultist","floor":1,"turns":3},{"damage":2,"enemies":"2 Louse","floor":3,"turns":3},{"damage":5,"enemies":"Small Slimes","floor":4,"turns":3},{"damage":12,"enemies":"3 Louse","floor":5,"turns":3},{"damage":34,"enemies":"Gremlin Nob","floor":6,"turns":4},{"damage":27,"enemies":"Lagavulin","floor":8,"turns":6},{"damage":0,"enemies":"Gremlin Nob","floor":10,"turns":2},{"damage":19,"enemies":"Large Slime","floor":11,"turns":4},{"damage":7,"enemies":"Looter","floor":12,"turns":3},{"damage":18,"enemies":"Lagavulin","floor":13,"turns":5},{"damage":69,"enemies":"Slime Boss","floor":16,"turns":6}],"seed_played":"-7572695875371273617","potions_obtained":[{"floor":5,"key":"SneckoOil"},{"floor":8,"key":"Strength Potion"},{"floor":10,"key":"FearPotion"}],"is_trial":false,"path_per_floor":["M","$","M","M","M","E","?","E","T","E","M","M","E","?","R","B"],"character_chosen":"IRONCLAD","items_purchased":["Dropkick"],"campfire_rested":0,"item_purchase_floors":[2],"current_hp_per_floor":[80,80,80,80,74,46,62,43,43,49,38,38,27,27,27,0,0],"gold":178,"neow_bonus":"","is_daily":false,"chose_seed":false,"campfire_upgraded":0,"win_rate":0.0,"timestamp":1611992890,"path_taken":["M","?","M","M","M","E","?","E","T","E","M","M","E","?","R","BOSS"],"items_purchased_type":["Card"],"build_version":"2020-12-22","purchased_purges":1,"victory":false,"max_hp_per_floor":[80,80,80,80,80,80,80,80,80,80,80,80,80,80,80,80,80],"card_choices":[{"not_picked":["Porccubus","Wellcheers"],"picked":"GalaxyChild","floor":1},{"not_picked":["Headbutt","Havoc"],"picked":"Wild Strike","floor":1},{"not_picked":["UniverseFragment","SpiderBud","Bloodbath"],"picked":"Singing Bowl","floor":3},{"not_picked":["ShyLook","PunishingBird"],"picked":"Scorched","floor":3},{"not_picked":["Iron Wave","Clash"],"picked":"Fire Breathing","floor":3},{"not_picked":["Bloodbath","Wellcheers","MeatLantern"],"picked":"Singing Bowl","floor":4},{"not_picked":["SnowQueen","BeautyBeast"],"picked":"BlackSwan","floor":4},{"not_picked":["Twin Strike","Fiend Fire","Clothesline"],"picked":"SKIP","floor":4},{"not_picked":["PunishingBird","OSAHOGD"],"picked":"HeroicMonk","floor":5},{"not_picked":["Warcry","Flex"],"picked":"Combust","floor":5},{"not_picked":["OldLady","Bloodbath","Wellcheers"],"picked":"Singing Bowl","floor":6},{"not_picked":["GreedKing","MHz"],"picked":"Funeral","floor":6},{"not_picked":["Pommel Strike","Entrench"],"picked":"Cleave","floor":6},{"not_picked":["PunishingBird","Wellcheers","VoidDream"],"picked":"Singing Bowl","floor":8},{"not_picked":["Dark Embrace","Cleave"],"picked":"Power Through","floor":8},{"not_picked":["MHz","BeautyBeast","UniverseFragment"],"picked":"Singing Bowl","floor":10},{"not_picked":["Warcry","Cleave","Havoc"],"picked":"SKIP","floor":10},{"not_picked":["Warcry","Cleave","Havoc"],"picked":"SKIP","floor":10},{"not_picked":["OldLady","BeautyBeast","Wellcheers"],"picked":"Singing Bowl","floor":11},{"not_picked":["Warcry","Shrug It Off"],"picked":"Limit Break","floor":11},{"not_picked":["Murderer","PunishingBird","UniverseFragment"],"picked":"Singing Bowl","floor":12},{"not_picked":["Laetitia","BigBadWolf"],"picked":"LittleHelper","floor":12},{"not_picked":["Flame Barrier","Intimidate","Carnage"],"picked":"SKIP","floor":12},{"not_picked":["Wellcheers","UniverseFragment","BeautyBeast"],"picked":"Singing Bowl","floor":13},{"not_picked":["Wellcheers","BeautyBeast"],"picked":"DreamingCurrent","floor":13},{"not_picked":["Carnage","Clash"],"picked":"Sword Boomerang","floor":13}],"player_experience":115937,"relics_obtained":[{"floor":1,"key":"LetterFromLob"},{"floor":6,"key":"Omamori"},{"floor":8,"key":"PreservedInsect"},{"floor":9,"key":"Frozen Egg 2"},{"floor":10,"key":"Bottled Flame"},{"floor":13,"key":"Girya"}],"event_choices":[{"damage_healed":0,"gold_gain":0,"player_choice":"Ignored","damage_taken":0,"max_hp_gain":0,"max_hp_loss":0,"event_name":"Shining Light","floor":14,"gold_loss":0}],"is_beta":false,"boss_relics":[],"items_purged_floors":[2],"is_endless":false,"potions_floor_spawned":[5,8,10,12],"killed_by":"Slime Boss","ascension_level":1}}