{"host":"73u9ojxmo0iakdto","time":1611977393,"event":{"mods":["BaseMod","Better Third Choice","Minty Spire (QoL Compilation)","Permanent Neow","Replay The Spire","StSLib"],"gold_per_floor":[114,114,114,147,434,446,500,537,599,611,673,722,325,379,379,497,497,559,484,484,521,246,321,346,398,448,373,452,525,525,194,194,339,339,391,166,221,221,221,221,30,71,71,71,129,129,7,38,38,50],"floor_reached":51,"language":"ENG","playtime":5534,"items_purged":["Regret","Defend_R+1"],"score":802,"play_id":"42eeeb7f-2f5c-45b9-bbfb-5ce15072914e","local_time":"20210129212953","daily_mods":["Specialized","Colorless Cards","Terminal"],"is_ascension_mode":false,"campfire_choices":[{"data":"Uppercut","floor":6,"key":"SMITH"},{"data":"Pummel","floor":10,"key":"SMITH"},{"data":"HandOfGreed","floor":15,"key":"SMITH"},{"floor":32,"key":"REST"},{"data":"Flex","floor":40,"key":"SMITH"},{"data":"Inflame","floor":46,"key":"SMITH"},{"data":"Demonic Infusion","floor":49,"key":"SMITH"}],"circlet_count":0,"master_deck":["Strike_R+1","Strike_R+1","Strike_R+1","Strike_R+1","Defend_R+1","Defend_R+1","Defend_R+1","Bash","Life Link+1","Life Link+1","Life Link+1","Life Link+1","Uppercut+1","Twin Strike","Pummel+1","Flex+1","HandOfGreed+1","Bandage Up","Demonic Infusion+1","Spot Weakness+1","Flash of Steel+1","Inflame+1","ReplayTheSpireMod:Private Reserves","Exhume","Pummel","Madness","Madness","Heavy Blade+1","Finesse","ReplayTheSpireMod:Private Reserves+1"],"relics":["Burning Blood","Replay:Bandana","MawBank","Singing Bowl","Blood Vial","Centennial Puzzle","Membership Card","Eternal Feather","WingedGreaves","SlaversCollar","Champion Belt","Tiny Chest","Replay:Bottled Eggs","Art of War","Gremlin Food","Happy Flower","Chameleon Ring","Enchiridion","Ornamental Fan","HornCleat","Ooze Armor","HandDrill","Replay:Towering Pillar of Hats","Question Card","Potion Belt","Oddly Smooth Stone","Lee\u0027s Waffle","Gremlin Horn","ReplayTheSpireMod:TigerMarble","Strange Spoon"],"acts_visited":["Exordium","TheCity","TheBeyond"],"potions_floor_usage":[50,50,50],"damage_taken":[{"damage":6,"enemies":"Cultist","floor":1,"turns":3},{"damage":7,"enemies":"Jaw Worm","floor":4,"turns":3},{"damage":34,"enemies":"3 Sentries","floor":7,"turns":7},{"damage":2,"enemies":"Small Slimes","floor":8,"turns":3},{"damage":22,"enemies":"Lagavulin","floor":11,"turns":5},{"damage":13,"enemies":"Exordium Wildlife","floor":12,"turns":5},{"damage":15,"enemies":"Gremlin Nob","floor":14,"turns":3},{"damage":34,"enemies":"The Guardian","floor":16,"turns":7},{"damage":31,"enemies":"Shell Parasite","floor":18,"turns":9},{"damage":2,"enemies":"Chosen","floor":21,"turns":5},{"damage":16,"enemies":"Book of Stabbing","floor":23,"turns":4},{"damage":19,"enemies":"Sentry and Sphere","floor":25,"turns":7},{"damage":13,"enemies":"Replay:Snechameleon","floor":28,"turns":4},{"damage":7,"enemies":"Cultist and Chosen","floor":29,"turns":5},{"damage":30,"enemies":"Collector","floor":33,"turns":5},{"damage":8,"enemies":"3 Shapes","floor":35,"turns":4},{"damage":7,"enemies":"3 Darklings","floor":42,"turns":4},{"damage":13,"enemies":"Nemesis","floor":45,"turns":5},{"damage":17,"enemies":"4 Shapes","floor":48,"turns":2},{"damage":77,"enemies":"Donu and Deca","floor":50,"turns":7}],"seed_played":"-828330817948855686","potions_obtained":[{"floor":4,"key":"SkillPotion"},{"floor":8,"key":"Weak Potion"},{"floor":11,"key":"Death Potion"},{"floor":28,"key":"Regen Potion"},{"floor":42,"key":"Venom Potion"}],"is_trial":false,"path_per_floor":["M","?","?","M","?","R","E","M","T","R","E","M","$","E","R","B",null,"M","?","?","M","$","E","T","M","T","$","E","M","?","$","R","B",null,"M","$","?","T","?","R","$","M","T","?","E","R","$","M","R","B",null],"character_chosen":"IRONCLAD","items_purchased":["Membership Card","HandOfGreed","Eternal Feather","Champion Belt","Tiny Chest","Happy Flower","Inflame","Ornamental Fan","HornCleat","ReplayTheSpireMod:Private Reserves","HandDrill","Replay:Towering Pillar of Hats","Oddly Smooth Stone","Pummel","Lee\u0027s Waffle","Strange Spoon","Finesse"],"campfire_rested":1,"item_purchase_floors":[13,13,13,22,22,27,31,31,31,31,36,36,41,41,41,47,47],"current_hp_per_floor":[78,75,75,74,74,73,47,51,51,51,37,34,34,27,39,17,66,47,47,47,57,57,55,55,48,48,48,49,56,40,40,59,39,57,58,57,58,57,56,55,61,62,61,53,52,58,57,46,55,20],"gold":50,"neow_bonus":"","is_daily":true,"chose_seed":false,"campfire_upgraded":6,"win_rate":0.0,"timestamp":1611977393,"path_taken":["M","?","?","?","?","R","E","?","T","R","E","M","?","E","R","BOSS","M","?","?","M","?","E","?","M","T","$","E","M","?","$","R","BOSS","M","$","?","?","?","R","$","?","T","?","E","R","$","M","R","BOSS"],"items_purchased_type":["Relic","Card","Relic","Relic","Relic","Relic","Card","Relic","Relic","Card","Relic","Relic","Relic","Card","Relic","Relic","Card"],"build_version":"2020-12-22","purchased_purges":2,"victory":true,"max_hp_per_floor":[78,77,76,75,74,73,74,73,72,71,70,71,70,69,68,67,66,67,66,65,64,63,64,63,62,61,60,61,62,61,60,59,58,57,58,57,58,57,56,55,61,62,61,60,59,58,57,56,55,54],"card_choices":[{"not_picked":["True Grit","Wild Strike"],"picked":"Uppercut","floor":1},{"not_picked":["Spot Weakness","Power Through"],"picked":"Twin Strike","floor":4},{"not_picked":["Blind","Magnetism","Pommel Strike"],"picked":"Singing Bowl","floor":7},{"not_picked":["Rampage","Cleave"],"picked":"Pummel","floor":8},{"not_picked":["Mind Blast","Cleave"],"picked":"Flex","floor":11},{"not_picked":["Headbutt","Replay:Undeath\u0027s Touch","Mind Blast"],"picked":"Singing Bowl","floor":12},{"not_picked":["Sword Boomerang","Body Slam"],"picked":"Bandage Up","floor":14},{"not_picked":["Metamorphosis","Midas Touch"],"picked":"Demonic Infusion","floor":16},{"not_picked":["Feel No Pain","Headbutt","Clothesline"],"picked":"Singing Bowl","floor":18},{"not_picked":["Perfected Strike","Flex"],"picked":"Spot Weakness+1","floor":21},{"not_picked":["Good Instincts","Twin Strike","Run Through"],"picked":"Singing Bowl","floor":23},{"not_picked":["Uppercut","Evolve"],"picked":"Flash of Steel","floor":25},{"not_picked":["Armaments","ReplayTheSpireMod:LeadingStrike+1","ReplayTheSpireMod:Strike From Hell"],"picked":"Singing Bowl","floor":28},{"not_picked":["Heavy Blade","Perfected Strike","ReplayTheSpireMod:Strike From Hell+1"],"picked":"Singing Bowl","floor":29},{"not_picked":["Corruption","ReplayTheSpireMod:Necrogeddon"],"picked":"Exhume","floor":33},{"not_picked":["Sentinel+1","Clothesline","Wild Strike+1"],"picked":"Singing Bowl","floor":35},{"not_picked":["Shockwave","Pommel Strike","Shrug It Off"],"picked":"Singing Bowl","floor":37},{"not_picked":["Jack Of All Trades","Metallicize","Warcry+1","Panacea+1"],"picked":"Singing Bowl","floor":42},{"not_picked":["Replay:Undeath\u0027s Touch+1","Inflame+1","Discovery"],"picked":"Heavy Blade+1","floor":45},{"not_picked":["True Grit+1","Shrug It Off+1","Sword Boomerang"],"picked":"ReplayTheSpireMod:Private Reserves+1","floor":48}],"player_experience":205709,"relics_obtained":[{"floor":7,"key":"Singing Bowl"},{"floor":9,"key":"Blood Vial"},{"floor":11,"key":"Centennial Puzzle"},{"floor":14,"key":"WingedGreaves"},{"floor":23,"key":"Replay:Bottled Eggs"},{"floor":24,"key":"Art of War"},{"floor":26,"key":"Gremlin Food"},{"floor":28,"key":"Chameleon Ring"},{"floor":30,"key":"Enchiridion"},{"floor":37,"key":"Question Card"},{"floor":38,"key":"Potion Belt"},{"floor":43,"key":"Gremlin Horn"},{"floor":45,"key":"ReplayTheSpireMod:TigerMarble"}],"event_choices":[{"damage_healed":0,"gold_gain":0,"player_choice":"Relic ","damage_taken":3,"max_hp_gain":0,"max_hp_loss":0,"event_name":"betterThird:BetterScrap","floor":2,"gold_loss":0,"cards_obtained":["Amplify"]},{"cards_removed":["Life Link"],"damage_healed":0,"gold_gain":0,"player_choice":"Gave Card","damage_taken":0,"relics_obtained":["MawBank"],"max_hp_gain":0,"max_hp_loss":0,"event_name":"WeMeetAgain","floor":3,"gold_loss":0},{"damage_healed":0,"gold_gain":275,"player_choice":"Desecrate","damage_taken":0,"max_hp_gain":0,"max_hp_loss":0,"event_name":"Golden Shrine","floor":5,"gold_loss":0,"cards_obtained":["Regret"]},{"cards_removed":["Strike_R"],"damage_healed":0,"gold_gain":0,"player_choice":"Gave Gold","damage_taken":0,"max_hp_gain":0,"max_hp_loss":0,"event_name":"Beggar","floor":19,"gold_loss":75},{"damage_healed":0,"gold_gain":0,"player_choice":"Simplicity","damage_taken":0,"max_hp_gain":0,"max_hp_loss":8,"event_name":"betterThird:BetterWriting","floor":20,"gold_loss":0},{"damage_healed":0,"gold_gain":0,"player_choice":"Obtained Book","damage_taken":16,"max_hp_gain":0,"max_hp_loss":0,"event_name":"Cursed Tome","floor":30,"gold_loss":0},{"damage_healed":0,"gold_gain":0,"player_choice":"Full Heal","damage_taken":0,"max_hp_gain":0,"max_hp_loss":0,"event_name":"Wheel of Change","floor":39,"gold_loss":0},{"damage_healed":0,"gold_gain":0,"player_choice":"Embrace Madness","damage_taken":8,"max_hp_gain":0,"max_hp_loss":0,"event_name":"Winding Halls","floor":44,"gold_loss":0,"cards_obtained":["Madness","Madness"]}],"is_beta":false,"boss_relics":[{"not_picked":["Astrolabe","Runic Cube"],"picked":"SlaversCollar"},{"not_picked":["ReplayTheSpireMod:DimensionalGlitch","Tiny House"],"picked":"Ooze Armor"}],"items_purged_floors":[13,22],"is_endless":false,"potions_floor_spawned":[4,8,11,25,28,33,35,42],"ascension_level":0}}