{"host":"2wp95sdfrgw3k439","time":1611967718,"event":{"mods":["BaseMod","Better Altar","Better Skull","Better Third Choice","Curses Come First","Minty Spire (QoL Compilation)","Permanent Neow","StSLib"],"gold_per_floor":[119,135,135,152,327,356,380,75,75,75,88,88,88,98,98,199,199,209,209,209,229,229,258,258,274,297,297,297,322,322,23,23,126,126,143,161,181,195,47,47,47,77,103,134,0,17,17,46,46,46,46],"floor_reached":50,"language":"ENG","playtime":2169,"items_purged":["Doubt"],"score":817,"play_id":"e21b4800-35f4-4566-bc12-9b35f72ad068","local_time":"20210129174838","is_ascension_mode":true,"campfire_choices":[{"floor":10,"key":"REST"},{"data":"Seek","floor":13,"key":"SMITH"},{"data":"Defragment","floor":15,"key":"SMITH"},{"floor":27,"key":"REST"},{"floor":30,"key":"REST"},{"data":"Chaos","floor":32,"key":"SMITH"},{"data":"Fission","floor":40,"key":"SMITH"},{"data":"Seek","floor":49,"key":"SMITH"}],"circlet_count":0,"master_deck":["Strike_B+1","Defend_B","Defend_B","Zap","Dualcast","Chill+1","Scrape+1","Hyperbeam+1","Genetic Algorithm","Genetic Algorithm","Ball Lightning","Chaos+1","Ball Lightning+1","Seek+1","Conserve Battery","Defragment+1","Fission+1","Defragment+1","All For One","Seek+1","Necronomicurse","Steam+1","Creative AI","Cold Snap+1","Self Repair","Beam Cell+1","Sweeping Beam+1"],"relics":["Astrolabe","Mango","Odd Mushroom","DataDisk","Mummified Hand","Sozu","Bloody Idol","Bottled Flame","Oddly Smooth Stone","Necronomicon","Thread and Needle","FossilizedHelix","Nuclear Battery","Whetstone","Toy Ornithopter","PreservedInsect","Ancient Tea Set","Red Mask","Boot"],"acts_visited":["Exordium","TheCity","TheBeyond"],"potions_floor_usage":[16,16,23],"damage_taken":[{"damage":0,"enemies":"Cultist","floor":1,"turns":2},{"damage":3,"enemies":"Jaw Worm","floor":2,"turns":3},{"damage":2,"enemies":"Small Slimes","floor":4,"turns":5},{"damage":37,"enemies":"Gremlin Nob","floor":6,"turns":5},{"damage":0,"enemies":"The Mushroom Lair","floor":7,"turns":2},{"damage":3,"enemies":"Looter","floor":11,"turns":3},{"damage":5,"enemies":"Exordium Thugs","floor":14,"turns":2},{"damage":7,"enemies":"The Guardian","floor":16,"turns":9},{"damage":0,"enemies":"Chosen","floor":18,"turns":3},{"damage":0,"enemies":"Shell Parasite","floor":21,"turns":4},{"damage":1,"enemies":"Slavers","floor":23,"turns":5},{"damage":0,"enemies":"Centurion and Healer","floor":25,"turns":4},{"damage":37,"enemies":"Book of Stabbing","floor":29,"turns":4},{"damage":42,"enemies":"Champ","floor":33,"turns":14},{"damage":0,"enemies":"3 Darklings","floor":35,"turns":1},{"damage":4,"enemies":"3 Shapes","floor":36,"turns":1},{"damage":0,"enemies":"Maw","floor":37,"turns":8},{"damage":0,"enemies":"4 Shapes","floor":38,"turns":1},{"damage":6,"enemies":"Reptomancer","floor":42,"turns":8},{"damage":27,"enemies":"Nemesis","floor":44,"turns":7},{"damage":0,"enemies":"Sphere and 2 Shapes","floor":46,"turns":1},{"damage":32,"enemies":"Giant Head","floor":48,"turns":7},{"damage":89,"enemies":"Awakened One","floor":50,"turns":7}],"seed_played":"3765601489980858758","potions_obtained":[{"floor":2,"key":"BlessingOfTheForge"},{"floor":7,"key":"Energy Potion"},{"floor":11,"key":"ColorlessPotion"}],"is_trial":false,"path_per_floor":["M","M","?","M","?","E","?","$","T","R","M","?","R","M","R","B",null,"M","?","?","M","?","E","?","M","T","R","?","E","R","$","R","B",null,"M","M","M","M","$","R","?","E","T","E","?","M","?","E","R","B"],"character_chosen":"DEFECT","items_purchased":["DataDisk","Seek","FossilizedHelix","Whetstone"],"campfire_rested":3,"item_purchase_floors":[8,8,31,39],"current_hp_per_floor":[68,65,58,56,56,33,33,33,33,59,56,61,61,56,56,49,83,83,83,83,83,36,40,40,45,50,78,62,30,58,58,58,21,76,81,82,87,92,92,92,92,91,94,79,79,84,94,74,74,0,0],"gold":46,"neow_bonus":"BOSS_RELIC","is_daily":false,"chose_seed":false,"campfire_upgraded":5,"win_rate":0.0,"timestamp":1611967718,"path_taken":["M","M","?","M","?","E","?","$","T","R","M","?","R","M","R","BOSS","M","?","?","?","?","E","?","?","T","R","?","E","R","$","R","BOSS","M","M","M","M","$","R","?","E","T","E","?","M","?","E","R","BOSS"],"items_purchased_type":["Relic","Card","Relic","Relic"],"build_version":"2020-12-22","purchased_purges":1,"victory":false,"max_hp_per_floor":[75,75,75,75,75,89,89,89,89,89,89,94,94,94,94,94,94,94,94,94,94,94,94,94,94,94,94,94,94,94,94,94,94,94,94,94,94,94,94,94,94,94,94,94,94,94,94,94,94,94,94],"card_choices":[{"not_picked":["Redo","Force Field"],"picked":"Genetic Algorithm","floor":1},{"not_picked":["Undo","Storm"],"picked":"Genetic Algorithm","floor":2},{"not_picked":["Sweeping Beam","Reinforced Body"],"picked":"Ball Lightning","floor":4},{"not_picked":["Hologram","Compile Driver"],"picked":"Chaos","floor":6},{"not_picked":["Compile Driver","Heatsinks"],"picked":"Ball Lightning","floor":7},{"not_picked":["Hello World","Turbo"],"picked":"Conserve Battery","floor":11},{"not_picked":["Conserve Battery","Gash"],"picked":"Defragment","floor":14},{"not_picked":["Buffer","Reboot"],"picked":"Fission","floor":16},{"not_picked":["Go for the Eyes","Turbo","Streamline"],"picked":"SKIP","floor":18},{"not_picked":["Darkness","Coolheaded"],"picked":"All For One","floor":21},{"not_picked":["Rebound","Conserve Battery"],"picked":"Seek","floor":23},{"not_picked":["Doom and Gloom","Sweeping Beam","Tempest"],"picked":"SKIP","floor":25},{"not_picked":["Force Field+1","Rebound+1"],"picked":"Steam+1","floor":29},{"not_picked":["Thunder Strike","Machine Learning"],"picked":"Creative AI","floor":33},{"not_picked":["Streamline","Leap"],"picked":"Cold Snap+1","floor":35},{"not_picked":["Reprogram","Tempest","Streamline"],"picked":"SKIP","floor":36},{"not_picked":["White Noise","Go for the Eyes"],"picked":"Beam Cell","floor":37},{"not_picked":["Conserve Battery+1","Gash+1","Echo Form"],"picked":"SKIP","floor":38},{"not_picked":["Conserve Battery+1","Barrage"],"picked":"Self Repair","floor":42},{"not_picked":["Go for the Eyes","Glacier","Hello World"],"picked":"SKIP","floor":44},{"not_picked":["Rebound","Barrage+1"],"picked":"Beam Cell+1","floor":46},{"not_picked":["Go for the Eyes+1","Ball Lightning"],"picked":"Sweeping Beam+1","floor":48}],"player_experience":509050,"relics_obtained":[{"floor":6,"key":"Mango"},{"floor":7,"key":"Odd Mushroom"},{"floor":9,"key":"Mummified Hand"},{"floor":23,"key":"Bottled Flame"},{"floor":26,"key":"Oddly Smooth Stone"},{"floor":28,"key":"Necronomicon"},{"floor":29,"key":"Thread and Needle"},{"floor":42,"key":"Toy Ornithopter"},{"floor":43,"key":"PreservedInsect"},{"floor":44,"key":"Ancient Tea Set"},{"floor":48,"key":"Boot"}],"event_choices":[{"cards_removed":["Defend_B"],"damage_healed":0,"gold_gain":0,"player_choice":"Card Removal","damage_taken":7,"max_hp_gain":0,"max_hp_loss":0,"event_name":"Golden Wing","floor":3,"gold_loss":0},{"damage_healed":0,"gold_gain":175,"player_choice":"AGREE","damage_taken":152,"max_hp_gain":0,"max_hp_loss":0,"event_name":"betterThird:BetterSerpent","floor":5,"gold_loss":0},{"damage_healed":0,"gold_gain":0,"player_choice":"Fought Mushrooms","damage_taken":0,"max_hp_gain":0,"max_hp_loss":0,"event_name":"Mushrooms","floor":7,"gold_loss":0},{"damage_healed":0,"gold_gain":0,"player_choice":"Donut","damage_taken":0,"max_hp_gain":5,"max_hp_loss":0,"event_name":"Big Fish","floor":12,"gold_loss":0},{"damage_healed":0,"gold_gain":0,"player_choice":"Adaptability","damage_taken":0,"max_hp_gain":0,"max_hp_loss":0,"event_name":"betterThird:BetterWriting","floor":19,"gold_loss":0},{"damage_healed":0,"gold_gain":0,"player_choice":"Copied","damage_taken":0,"max_hp_gain":0,"max_hp_loss":0,"event_name":"Duplicator","floor":20,"gold_loss":0,"cards_obtained":["Defragment"]},{"damage_healed":0,"gold_gain":0,"player_choice":" Idol ","damage_taken":47,"relics_obtained":["Bloody Idol"],"max_hp_gain":83,"max_hp_loss":36,"event_name":"betterAltar:BetterAltar","floor":22,"potions_obtained":[],"relics_lost":[],"gold_loss":0},{"cards_removed":["Strike_B"],"damage_healed":0,"gold_gain":0,"player_choice":"Purged","damage_taken":0,"max_hp_gain":0,"max_hp_loss":0,"event_name":"Purifier","floor":24,"gold_loss":0},{"damage_healed":0,"gold_gain":0,"player_choice":"Obtained Book","damage_taken":16,"max_hp_gain":0,"max_hp_loss":0,"event_name":"Cursed Tome","floor":28,"gold_loss":0},{"cards_removed":["Beam Cell"],"damage_healed":0,"gold_gain":0,"player_choice":"Removed Attack","damage_taken":0,"max_hp_gain":0,"max_hp_loss":0,"event_name":"Falling","floor":41,"gold_loss":0},{"damage_healed":0,"gold_gain":0,"player_choice":"Paid","damage_taken":0,"relics_obtained":["Red Mask"],"max_hp_gain":0,"max_hp_loss":0,"event_name":"Tomb of Lord Red Mask","floor":45,"gold_loss":134},{"damage_healed":10,"gold_gain":0,"player_choice":"Full Heal","damage_taken":0,"max_hp_gain":0,"max_hp_loss":0,"event_name":"Wheel of Change","floor":47,"gold_loss":0}],"is_beta":false,"boss_relics":[{"not_picked":["Fusion Hammer","Philosopher\u0027s Stone"],"picked":"Sozu"},{"not_picked":["Runic Pyramid","SacredBark"],"picked":"Nuclear Battery"}],"items_purged_floors":[8],"is_endless":false,"potions_floor_spawned":[2,7,11,23,33,36,38,42,44],"killed_by":"Awakened One","ascension_level":8}}