{"host":"6xsbn6ynqlzwllfm","time":1611994054,"event":{"mods":["2.2 Compatiblity","BaseMod","Bestiary","Colored Map","Colored Powertips","Curses Come First","Highlight Path","Keyboard Shortcuts","Minty Spire (QoL Compilation)","Relic Stats","Slay the Relics Exporter","StSLib","SuperFastMode"],"gold_per_floor":[110,120,120,136,147,173,173,199,199,231,231,196,196,196,196,271,271,283,322,367,129,129,187,187,246,298,298,298,353,391,427,427,504,504,554,410,465,507,92,449,511,542,542,452,19,0,13,32,32,32,32,32,32,57,57,57],"floor_reached":55,"language":"ENG","playtime":2408,"items_purged":["Strike_P","Strike_P"],"score":1771,"play_id":"8429ebff-ed9c-4cb9-a48d-c20e23839931","local_time":"20210130030734","is_ascension_mode":true,"campfire_choices":[{"data":"Wallop","floor":7,"key":"SMITH"},{"data":"1","floor":11,"key":"LIFT"},{"data":"2","floor":15,"key":"LIFT"},{"floor":24,"key":"REST"},{"data":"3","floor":27,"key":"LIFT"},{"data":"Wish","floor":32,"key":"SMITH"},{"floor":49,"key":"RECALL"},{"data":"Fasting2","floor":52,"key":"SMITH"}],"circlet_count":0,"master_deck":["AscendersBane","Defend_P","Defend_P","Defend_P","Defend_P","Eruption","Vigilance","EmptyFist","CarveReality","Wallop+1","JustLucky","Wish+1","Evaluate","Tantrum+1","Protect","TalkToTheHand","CarveReality+1","SandsOfTime","TalkToTheHand","FlyingSleeves","Fasting2+1","Vault","Adaptation","Wallop","FearNoEvil+1","Consecrate+1","Wallop+1"],"relics":["HolyWater","Thread and Needle","Dead Branch","Girya","CaptainsWheel","Meat on the Bone","Sling","Nilry\u0027s Codex","Bag of Preparation","Bottled Lightning","Mango","Coffee Dripper","WingedGreaves","OrangePellets","Omamori","Old Coin","Potion Belt","Mercury Hourglass","Molten Egg 2","Akabeko","Lantern","Red Mask","Bag of Marbles"],"acts_visited":["Exordium","TheCity","TheBeyond","TheEnding"],"potions_floor_usage":[6,20,20,23,30,42,42,50,50],"damage_taken":[{"damage":6,"enemies":"2 Louse","floor":1,"turns":3},{"damage":1,"enemies":"Cultist","floor":2,"turns":4},{"damage":0,"enemies":"Small Slimes","floor":4,"turns":3},{"damage":0,"enemies":"Looter","floor":5,"turns":2},{"damage":37,"enemies":"3 Sentries","floor":6,"turns":12},{"damage":20,"enemies":"Gremlin Nob","floor":8,"turns":4},{"damage":0,"enemies":"3 Sentries","floor":10,"turns":6},{"damage":0,"enemies":"Slime Boss","floor":16,"turns":6},{"damage":0,"enemies":"Spheric Guardian","floor":18,"turns":1},{"damage":2,"enemies":"3 Byrds","floor":19,"turns":6},{"damage":18,"enemies":"3 Cultists","floor":20,"turns":5},{"damage":26,"enemies":"Book of Stabbing","floor":23,"turns":6},{"damage":16,"enemies":"Gremlin Leader","floor":25,"turns":4},{"damage":14,"enemies":"Slavers","floor":29,"turns":2},{"damage":0,"enemies":"Sentry and Sphere","floor":30,"turns":2},{"damage":4,"enemies":"Snake Plant","floor":31,"turns":2},{"damage":12,"enemies":"Champ","floor":33,"turns":4},{"damage":9,"enemies":"3 Darklings","floor":35,"turns":4},{"damage":9,"enemies":"Mind Bloom Boss Battle","floor":37,"turns":4},{"damage":2,"enemies":"3 Shapes","floor":38,"turns":3},{"damage":0,"enemies":"Reptomancer","floor":40,"turns":3},{"damage":35,"enemies":"Giant Head","floor":41,"turns":8},{"damage":27,"enemies":"Reptomancer","floor":42,"turns":3},{"damage":0,"enemies":"3 Darklings","floor":47,"turns":2},{"damage":0,"enemies":"Maw","floor":48,"turns":3},{"damage":19,"enemies":"Time Eater","floor":50,"turns":6},{"damage":0,"enemies":"Shield and Spear","floor":54,"turns":2},{"damage":83,"enemies":"The Heart","floor":55,"turns":8}],"seed_played":"5409569648770577804","potions_obtained":[{"floor":2,"key":"AttackPotion"},{"floor":10,"key":"Dexterity Potion"},{"floor":19,"key":"DuplicationPotion"},{"floor":20,"key":"AttackPotion"},{"floor":29,"key":"AttackPotion"},{"floor":31,"key":"Explosive Potion"},{"floor":37,"key":"Weak Potion"},{"floor":38,"key":"Fire Potion"}],"is_trial":false,"path_per_floor":["M","M","?","M","M","E","R","E","T","E","R","?","?","?","R","B",null,"M","M","M","$","?","E","R","E","T","R","?","E","M","M","R","B",null,"M","$","?","M","$","E","E","E","T","$","$","?","M","M","R","B",null,"R","$","E","B"],"character_chosen":"WATCHER","items_purchased":["Sling","SandsOfTime","OrangePellets","Fasting2","Omamori","BottledMiracle","FearNoEvil+1","Akabeko","Lantern","LiquidMemories","Consecrate+1"],"campfire_rested":1,"item_purchase_floors":[21,36,39,39,39,44,44,45,45,45,45],"current_hp_per_floor":[61,60,60,60,60,23,23,3,3,3,3,21,26,26,26,38,69,69,67,49,49,28,14,37,33,33,33,33,45,57,53,53,53,83,74,74,65,63,63,63,40,25,25,25,25,25,37,49,49,42,80,80,80,80,0,0],"gold":57,"neow_bonus":"TEN_PERCENT_HP_BONUS","is_daily":false,"chose_seed":false,"campfire_upgraded":3,"win_rate":0.0,"timestamp":1611994054,"path_taken":["M","M","?","?","?","E","R","E","T","E","R","?","?","?","R","BOSS","M","?","M","$","?","E","R","E","T","R","?","E","M","M","R","BOSS","M","?","?","M","$","E","E","E","T","$","$","?","M","M","R","BOSS","R","$","E","BOSS"],"items_purchased_type":["Relic","Card","Relic","Card","Relic","Potion","Card","Relic","Relic","Potion","Card"],"build_version":"2020-12-22","purchased_purges":2,"victory":false,"max_hp_per_floor":[74,74,74,74,74,74,74,74,74,74,74,74,79,79,79,79,79,79,79,79,79,79,79,79,79,79,79,79,93,93,93,93,93,93,93,93,93,93,93,93,93,93,93,93,93,93,93,93,93,93,93,93,93,93,93,93],"relic_stats":{"OrangePellets":[8],"counters":[28,118],"Dead Branch":[176],"Bag of Preparation":[32],"obtain_stats":[{"Potion Belt":41,"Girya":9,"Lantern":45,"Nilry\u0027s Codex":22,"Dead Branch":8,"Thread and Needle":6,"Mango":29,"Bag of Preparation":23,"Omamori":39,"Sling":21,"Akabeko":45,"Old Coin":40,"Mercury Hourglass":42,"OrangePellets":39,"CaptainsWheel":10,"HolyWater":17,"Molten Egg 2":43,"WingedGreaves":37,"Coffee Dripper":34,"Red Mask":46,"Bag of Marbles":54,"Bottled Lightning":25,"PureWater":0,"Meat on the Bone":14},{"Potion Belt":22,"Girya":6,"Lantern":23,"Nilry\u0027s Codex":11,"Dead Branch":6,"Thread and Needle":5,"Mango":14,"Bag of Preparation":12,"Omamori":20,"Sling":11,"Akabeko":23,"Old Coin":21,"Mercury Hourglass":23,"OrangePellets":20,"CaptainsWheel":7,"HolyWater":8,"Molten Egg 2":23,"WingedGreaves":19,"Coffee Dripper":17,"Red Mask":23,"Bag of Marbles":27,"Bottled Lightning":13,"PureWater":0,"Meat on the Bone":7},{"Potion Belt":94,"Girya":28,"Lantern":97,"Nilry\u0027s Codex":52,"Dead Branch":28,"Thread and Needle":24,"Mango":64,"Bag of Preparation":58,"Omamori":83,"Sling":52,"Akabeko":97,"Old Coin":86,"Mercury Hourglass":97,"OrangePellets":83,"CaptainsWheel":34,"HolyWater":40,"Molten Egg 2":97,"WingedGreaves":80,"Coffee Dripper":72,"Red Mask":97,"Bag of Marbles":110,"Bottled Lightning":62,"PureWater":0,"Meat on the Bone":34}],"Meat on the Bone":132,"Mercury Hourglass":[69]},"card_choices":[{"not_picked":["InnerPeace","SashWhip"],"picked":"EmptyFist","floor":1},{"not_picked":["Evaluate","Swivel"],"picked":"CarveReality","floor":2},{"not_picked":["Collect","Halt"],"picked":"EmptyBody","floor":5},{"not_picked":["ForeignInfluence","Protect"],"picked":"Wallop","floor":6},{"not_picked":["EmptyBody","ThirdEye"],"picked":"JustLucky","floor":8},{"not_picked":["Alpha","Devotion"],"picked":"Wish","floor":16},{"not_picked":["BowlingBash","Crescendo"],"picked":"Evaluate","floor":18},{"not_picked":["Pray","ConjureBlade"],"picked":"Tantrum+1","floor":23},{"not_picked":["Crescendo+1","Meditate"],"picked":"Protect","floor":25},{"not_picked":["EmptyBody","Crescendo"],"picked":"TalkToTheHand","floor":30},{"not_picked":["EmptyFist","PathToVictory"],"picked":"CarveReality+1","floor":31},{"not_picked":["ThirdEye","EmptyFist"],"picked":"TalkToTheHand","floor":37},{"not_picked":["Indignation","Nirvana+1"],"picked":"FlyingSleeves","floor":38},{"not_picked":["ClearTheMind","BattleHymn"],"picked":"Vault","floor":40},{"not_picked":["ThirdEye","SashWhip+1"],"picked":"Adaptation","floor":41},{"not_picked":["CutThroughFate","FlyingSleeves"],"picked":"Wallop","floor":42},{"not_picked":["SashWhip+1","ClearTheMind"],"picked":"Wallop+1","floor":47}],"player_experience":1259812,"relics_obtained":[{"floor":6,"key":"Thread and Needle"},{"floor":8,"key":"Dead Branch"},{"floor":9,"key":"Girya"},{"floor":10,"key":"CaptainsWheel"},{"floor":22,"key":"Nilry\u0027s Codex"},{"floor":23,"key":"Bag of Preparation"},{"floor":25,"key":"Bottled Lightning"},{"floor":29,"key":"Mango"},{"floor":37,"key":"WingedGreaves"},{"floor":40,"key":"Old Coin"},{"floor":41,"key":"Potion Belt"},{"floor":42,"key":"Mercury Hourglass"},{"floor":43,"key":"Molten Egg 2"},{"floor":54,"key":"Bag of Marbles"}],"event_choices":[{"cards_removed":["Strike_P"],"damage_healed":0,"gold_gain":0,"player_choice":"Offered Basic","damage_taken":0,"max_hp_gain":0,"max_hp_loss":0,"event_name":"Bonfire Elementals","floor":3,"gold_loss":0},{"damage_healed":18,"gold_gain":0,"player_choice":"Healed","damage_taken":0,"max_hp_gain":0,"max_hp_loss":0,"event_name":"The Cleric","floor":12,"gold_loss":35},{"damage_healed":0,"gold_gain":0,"player_choice":"Donut","damage_taken":0,"max_hp_gain":5,"max_hp_loss":0,"event_name":"Big Fish","floor":13,"gold_loss":0},{"cards_removed":["EmptyBody"],"damage_healed":0,"gold_gain":0,"player_choice":"Gave Card","damage_taken":0,"relics_obtained":["Meat on the Bone"],"max_hp_gain":0,"max_hp_loss":0,"event_name":"WeMeetAgain","floor":14,"gold_loss":0},{"damage_healed":0,"gold_gain":0,"player_choice":"Obtained Book","damage_taken":21,"max_hp_gain":0,"max_hp_loss":0,"event_name":"Cursed Tome","floor":22,"gold_loss":0},{"cards_removed":["Strike_P"],"damage_healed":0,"gold_gain":0,"player_choice":"Card Removal","damage_taken":0,"max_hp_gain":0,"max_hp_loss":0,"event_name":"Wheel of Change","floor":28,"gold_loss":0},{"damage_healed":0,"gold_gain":0,"player_choice":"Fight","damage_taken":0,"max_hp_gain":0,"max_hp_loss":0,"event_name":"MindBloom","floor":37,"gold_loss":0},{"damage_healed":0,"gold_gain":0,"player_choice":"Paid","damage_taken":0,"relics_obtained":["Red Mask"],"max_hp_gain":0,"max_hp_loss":0,"event_name":"Tomb of Lord Red Mask","floor":46,"gold_loss":19}],"is_beta":false,"boss_relics":[{"not_picked":["Runic Pyramid","Fusion Hammer"],"picked":"HolyWater"},{"not_picked":["Busted Crown","Astrolabe"],"picked":"Coffee Dripper"}],"items_purged_floors":[21,36],"is_endless":false,"potions_floor_spawned":[2,10,19,20,29,31,37,38],"killed_by":"The Heart","ascension_level":18}}