{"host":"Bilverbakes","time":1611967617,"event":{"mods":["2.2 Compatiblity","AchievementEnabler","BaseMod","Bestiary","Colored Map","Minty Spire (QoL Compilation)","Relic Stats","StSLib","ojb\u0027s Info Mod"],"gold_per_floor":[109,129,204,61,61,61,88,88,88,120,120,120,136,165,165,239,239,254,254,254,266,278,310,326,338,338,338,71,91,125,143,143,217,217,236,236,247,43,93,93,122,122,122,155,165,197,209,109,109,109,109,109,109,22,56,56],"floor_reached":57,"language":"ENG","playtime":6711,"items_purged":["Strike_P","Strike_P"],"score":3096,"play_id":"ab2edcb8-d9d0-495c-855c-146d8ea19aa6","local_time":"20210129184657","is_ascension_mode":true,"campfire_choices":[{"data":"Eruption","floor":6.0,"key":"SMITH"},{"floor":8.0,"key":"REST"},{"data":"Weave","floor":12.0,"key":"SMITH"},{"floor":15.0,"key":"DIG"},{"data":"1","floor":27.0,"key":"LIFT"},{"data":"TalkToTheHand","floor":32.0,"key":"SMITH"},{"floor":40.0,"key":"DIG"},{"floor":42.0,"key":"DIG"},{"floor":49.0,"key":"RECALL"},{"data":"Scrawl","floor":53.0,"key":"SMITH"}],"circlet_count":0,"master_deck":["AscendersBane","Defend_P","Defend_P","Defend_P","Eruption+1","Vigilance","ClearTheMind","Adaptation","BowlingBash","Weave+1","CutThroughFate","Wireheading","JustLucky","FearNoEvil","CutThroughFate","Wireheading+1","DeceiveReality","JustLucky","Weave","EmptyMind","TalkToTheHand+1","Wallop+1","Scrawl+1","CurseOfTheBell","Weave","Nirvana+1","WaveOfTheHand","CutThroughFate","Fasting2+1","Halt"],"relics":["PureWater","Ginger","Meat on the Bone","Frozen Egg 2","Shovel","GoldenEye","Sozu","Girya","Mango","Shuriken","HornCleat","Calling Bell","Bag of Marbles","Yang","Dead Branch","Blood Vial","Juzu Bracelet","Akabeko","Mercury Hourglass","Thread and Needle","Bag of Preparation"],"acts_visited":["Exordium","TheCity","TheBeyond","TheEnding"],"potions_floor_usage":[],"damage_taken":[{"damage":0.0,"enemies":"Jaw Worm","floor":1.0,"turns":5.0},{"damage":0.0,"enemies":"2 Louse","floor":2.0,"turns":4.0},{"damage":12.0,"enemies":"3 Sentries","floor":7.0,"turns":7.0},{"damage":14.0,"enemies":"Gremlin Nob","floor":10.0,"turns":3.0},{"damage":0.0,"enemies":"Cultist","floor":13.0,"turns":2.0},{"damage":3.0,"enemies":"3 Sentries","floor":14.0,"turns":5.0},{"damage":0.0,"enemies":"Slime Boss","floor":16.0,"turns":4.0},{"damage":0.0,"enemies":"3 Byrds","floor":18.0,"turns":3.0},{"damage":21.0,"enemies":"2 Thieves","floor":21.0,"turns":3.0},{"damage":4.0,"enemies":"3 Cultists","floor":22.0,"turns":3.0},{"damage":5.0,"enemies":"Gremlin Leader","floor":23.0,"turns":3.0},{"damage":22.0,"enemies":"Snake Plant","floor":24.0,"turns":4.0},{"damage":13.0,"enemies":"Snecko","floor":25.0,"turns":4.0},{"damage":0.0,"enemies":"Centurion and Healer","floor":29.0,"turns":3.0},{"damage":0.0,"enemies":"Slavers","floor":30.0,"turns":3.0},{"damage":0.0,"enemies":"Chosen and Byrds","floor":31.0,"turns":2.0},{"damage":0.0,"enemies":"Collector","floor":33.0,"turns":5.0},{"damage":2.0,"enemies":"3 Shapes","floor":35.0,"turns":6.0},{"damage":0.0,"enemies":"Orb Walker","floor":37.0,"turns":3.0},{"damage":0.0,"enemies":"Reptomancer","floor":41.0,"turns":4.0},{"damage":11.0,"enemies":"Nemesis","floor":44.0,"turns":3.0},{"damage":0.0,"enemies":"Transient","floor":45.0,"turns":5.0},{"damage":0.0,"enemies":"Giant Head","floor":46.0,"turns":3.0},{"damage":0.0,"enemies":"3 Darklings","floor":47.0,"turns":1.0},{"damage":30.0,"enemies":"Donu and Deca","floor":50.0,"turns":5.0},{"damage":26.0,"enemies":"Time Eater","floor":51.0,"turns":8.0},{"damage":36,"enemies":"Shield and Spear","floor":55,"turns":6},{"damage":32,"enemies":"The Heart","floor":56,"turns":7}],"seed_played":"256549733754125296","potions_obtained":[{"floor":2.0,"key":"Block Potion"},{"floor":7.0,"key":"ColorlessPotion"},{"floor":10.0,"key":"DuplicationPotion"},{"floor":11.0,"key":"SpeedPotion"},{"floor":13.0,"key":"EssenceOfSteel"}],"is_trial":false,"path_per_floor":["M","M","?","$","?","R","E","R","T","E","?","R","M","E","R","B",null,"M","?","?","M","M","E","M","M","T","R","$","M","E","M","R","B",null,"M","?","M","$","?","R","E","R","T","E","M","E","M","$","R","B","B",null,"R","$","E","B",null],"character_chosen":"WATCHER","items_purchased":["CutThroughFate","Wireheading","Shuriken","Weave","Nirvana+1","Fasting2+1"],"campfire_rested":1,"item_purchase_floors":[4,4,28,38,38,54],"current_hp_per_floor":[43,43,32,32,32,32,20,40,40,38,38,38,38,35,35,35,60,60,60,60,39,35,42,32,31,45,45,45,45,45,45,45,45,73,71,71,71,71,71,71,73,73,73,64,66,68,70,70,70,42,30,69,69,69,47,29],"gold":56,"neow_bonus":"TRANSFORM_TWO_CARDS","is_daily":false,"chose_seed":false,"campfire_upgraded":4,"win_rate":0.0,"timestamp":1611967617,"path_taken":["M","M","?","$","?","R","E","R","T","E","?","R","M","E","R","BOSS","M","?","?","M","M","E","?","M","T","R","$","M","E","M","R","BOSS","M","?","M","$","?","R","E","R","T","E","M","E","M","?","R","BOSS","BOSS","R","$","E","BOSS"],"items_purchased_type":["Card","Card","Relic","Card","Card","Card"],"build_version":"2020-12-18","purchased_purges":2,"victory":true,"max_hp_per_floor":[68,68,68,68,68,68,68,68,68,68,68,68,68,68,68,68,68,68,68,68,68,68,68,68,68,82,82,82,82,82,82,82,82,82,82,82,82,82,82,82,82,82,82,82,82,82,82,82,82,82,82,82,82,82,82,82],"relic_stats":{"counters":[28,114],"Dead Branch":[51],"Yang":[276],"Juzu Bracelet":0,"Bag of Preparation":[2],"Ginger":[11],"GoldenEye":[283],"Mercury Hourglass":[108],"Sozu":7,"Blood Vial":18,"Shovel":3,"Shuriken":[96],"obtain_stats":[{"Girya":23,"Dead Branch":34,"Mango":26,"Yang":34,"Thread and Needle":46,"Juzu Bracelet":41,"Bag of Preparation":55,"Ginger":7,"Frozen Egg 2":10,"GoldenEye":15,"Akabeko":42,"Mercury Hourglass":44,"Sozu":17,"Calling Bell":34,"Blood Vial":40,"Shovel":14,"HornCleat":30,"Shuriken":28,"Bag of Marbles":34,"PureWater":0,"Meat on the Bone":9},{"Girya":11,"Dead Branch":17,"Mango":13,"Yang":17,"Thread and Needle":23,"Juzu Bracelet":20,"Bag of Preparation":27,"Ginger":3,"Frozen Egg 2":4,"GoldenEye":6,"Akabeko":20,"Mercury Hourglass":21,"Sozu":7,"Calling Bell":17,"Blood Vial":19,"Shovel":6,"HornCleat":15,"Shuriken":13,"Bag of Marbles":17,"PureWater":0,"Meat on the Bone":3},{"Girya":42,"Dead Branch":63,"Mango":50,"Yang":63,"Thread and Needle":87,"Juzu Bracelet":76,"Bag of Preparation":107,"Ginger":16,"Frozen Egg 2":19,"GoldenEye":26,"Akabeko":76,"Mercury Hourglass":79,"Sozu":30,"Calling Bell":63,"Blood Vial":72,"Shovel":26,"HornCleat":56,"Shuriken":50,"Bag of Marbles":63,"PureWater":0,"Meat on the Bone":16}],"Meat on the Bone":84},"card_choices":[{"not_picked":["ClearTheMind","CrushJoints"],"picked":"BowlingBash","floor":1.0},{"not_picked":["PathToVictory","Devotion"],"picked":"Weave","floor":2.0},{"not_picked":["FlyingSleeves","FlurryOfBlows"],"picked":"JustLucky","floor":7.0},{"not_picked":["Evaluate","JustLucky"],"picked":"FearNoEvil","floor":10.0},{"not_picked":["FlurryOfBlows","EmptyFist"],"picked":"CutThroughFate","floor":13.0},{"not_picked":["Adaptation+1","FlurryOfBlows","BowlingBash"],"picked":"SKIP","floor":14.0},{"not_picked":["FlurryOfBlows","Sanctity"],"picked":"Wireheading+1","floor":18.0},{"not_picked":["FlurryOfBlows","Vengeance"],"picked":"JustLucky","floor":21.0},{"not_picked":["JustLucky","CutThroughFate"],"picked":"Weave","floor":22.0},{"not_picked":["FlyingSleeves","Crescendo"],"picked":"EmptyMind","floor":23.0},{"not_picked":["EmptyBody","Prostrate","SashWhip"],"picked":"SKIP","floor":24.0},{"not_picked":["CrushJoints+1","Swivel"],"picked":"TalkToTheHand","floor":25.0},{"not_picked":["EmptyFist","Consecrate","MasterReality+1"],"picked":"SKIP","floor":29.0},{"not_picked":["Prostrate","Evaluate","Crescendo"],"picked":"SKIP","floor":30.0},{"not_picked":["Wireheading+1","Sanctity"],"picked":"Wallop+1","floor":31.0},{"not_picked":["Alpha","SpiritShield"],"picked":"Scrawl","floor":33.0},{"not_picked":["Collect","Evaluate","DeceiveReality"],"picked":"SKIP","floor":35.0},{"not_picked":["PathToVictory","Wallop","Vengeance"],"picked":"SKIP","floor":37.0},{"not_picked":["FlyingSleeves","Wireheading+1","Establishment+1"],"picked":"SKIP","floor":41.0},{"not_picked":["PathToVictory+1","InnerPeace"],"picked":"WaveOfTheHand","floor":44.0},{"not_picked":["Protect+1","SashWhip","CrushJoints"],"picked":"SKIP","floor":45.0},{"not_picked":["Crescendo","DevaForm+1","ReachHeaven+1"],"picked":"SKIP","floor":46.0},{"not_picked":["Consecrate+1","PathToVictory"],"picked":"CutThroughFate","floor":47.0},{"not_picked":["DeceiveReality","Omniscience"],"picked":"Halt","floor":55}],"player_experience":838774,"relics_obtained":[{"floor":7.0,"key":"Ginger"},{"floor":9.0,"key":"Meat on the Bone"},{"floor":10.0,"key":"Frozen Egg 2"},{"floor":14.0,"key":"Shovel"},{"floor":15.0,"key":"GoldenEye"},{"floor":23.0,"key":"Girya"},{"floor":26.0,"key":"Mango"},{"floor":30.0,"key":"HornCleat"},{"floor":34.0,"key":"Bag of Marbles"},{"floor":34.0,"key":"Yang"},{"floor":34.0,"key":"Dead Branch"},{"floor":40.0,"key":"Blood Vial"},{"floor":41.0,"key":"Juzu Bracelet"},{"floor":42.0,"key":"Akabeko"},{"floor":44.0,"key":"Mercury Hourglass"},{"floor":46.0,"key":"Thread and Needle"},{"floor":55,"key":"Bag of Preparation"}],"event_choices":[{"damage_healed":0.0,"max_hp_gain":0.0,"max_hp_loss":0.0,"gold_gain":75.0,"event_name":"World of Goop","player_choice":"Gather Gold","floor":3.0,"gold_loss":0.0,"damage_taken":11.0},{"damage_healed":0.0,"max_hp_gain":0.0,"max_hp_loss":0.0,"gold_gain":0.0,"event_name":"Liars Game","player_choice":"Ignored","floor":5.0,"gold_loss":0.0,"damage_taken":0.0},{"damage_healed":0.0,"max_hp_gain":0.0,"max_hp_loss":0.0,"gold_gain":0.0,"event_name":"Lab","player_choice":"Got Potions","floor":11.0,"gold_loss":0.0,"damage_taken":0.0},{"damage_healed":0.0,"max_hp_gain":0.0,"max_hp_loss":0.0,"gold_gain":0.0,"event_name":"Vampires","player_choice":"Ignored","floor":19.0,"gold_loss":0.0,"damage_taken":0.0},{"damage_healed":0.0,"max_hp_gain":0.0,"max_hp_loss":0.0,"gold_gain":0.0,"cards_transformed":["Strike_P"],"event_name":"Transmorgrifier","player_choice":"Transformed","floor":20.0,"gold_loss":0.0,"damage_taken":0.0,"cards_obtained":["DeceiveReality"]},{"damage_healed":0.0,"max_hp_gain":0.0,"max_hp_loss":0.0,"gold_gain":0.0,"event_name":"SensoryStone","player_choice":"Memory 1","floor":36.0,"gold_loss":0.0,"damage_taken":0.0},{"damage_healed":0.0,"max_hp_gain":0.0,"max_hp_loss":0.0,"gold_gain":50.0,"event_name":"Golden Shrine","player_choice":"Pray","floor":39.0,"gold_loss":0.0,"damage_taken":0.0}],"is_beta":true,"boss_relics":[{"not_picked":["Busted Crown","Empty Cage"],"picked":"Sozu"},{"not_picked":["Cursed Key","VioletLotus"],"picked":"Calling Bell"}],"items_purged_floors":[38,48],"is_endless":false,"potions_floor_spawned":[2,7,10,13,21,24,29,30,33,35,47],"ascension_level":20}}