{"host":"a49aoqbkajnlmy9c","time":1611983210,"event":{"mods":["100% Spire Juice","2.2 Compatiblity","AchievementEnabler","Act Like it!","AlwaysNeverKeys","Arknights The Spire","BaseMod","Better Altar","Better Match","Better Note","Better Sensory Stone","Better Silent Start","Better Skull","Better Third Choice","BetterRewards","Block Reminder","CapriCore","Colored Map","Colored Powertips","Downfall","Emptier Cage","Friendly Minions","Gensokyo","GifTheSpireLib","Gremlin Skip","Halation","HololiveMod","Hubris","Hyrulean Relics","Infinite Spire","Ironclad Rager","Marisa????????","Minty Spire (QoL Compilation)","Prisma Mod","Quarter Circle Forward PUNCH!","Quick Restart","Random Character Button","Reimu??????","Relic Filter","Reorder Act Four","StSLib","The Alterego","The Animator","The Immortal","TheSwordswoman","Transform Curses","Treasure Hunter","Unceasing Turn Reminder","Useless Jewels Mod","Virulent Crown","Waifu the Spire","WarShipGirlsR/????R mod","Yohane!","Yuyuko"],"gold_per_floor":[56,56,67,85,102,102,132,24,48,76,87,87,87,87,87,91,91],"floor_reached":16,"language":"ENG","playtime":733,"items_purged":[],"score":137,"play_id":"c3c49e4e-7b94-4319-a722-8b9cdda8c54a","local_time":"20210130000650","is_ascension_mode":false,"campfire_choices":[{"data":"Moonworks:Ambush","floor":6,"key":"SMITH"},{"data":"Moonworks:DeployBits","floor":13,"key":"SMITH"},{"data":"Moonworks:IndiscriminateFireSupport","floor":15,"key":"SMITH"}],"circlet_count":0,"master_deck":["Moonworks:Strike","Moonworks:Strike","Moonworks:Strike","Moonworks:Strike","Moonworks:Defend","Moonworks:Defend","Moonworks:Defend","Moonworks:Defend","Moonworks:Ambush+1","Moonworks:LongDistanceShot","Moonworks:DeployBits+1","Moonworks:JonathanRush","Moonworks:NicePresent","Moonworks:DeployBits+1","Moonworks:IndiscriminateFireSupport+1","TH:TreasureMap","Moonworks:Assault","TH:TreasureMap","TH:CopperCoins","Moonworks:ScrambledEve","Moonworks:SweetBattle"],"relics":["Moonworks:BrokenBomb","Moonworks:Homemark","NeowsBlessing","halation:IllGainedPizza","Bag of Marbles","hubris:OldNail"],"acts_visited":["Exordium"],"potions_floor_usage":[16,16],"damage_taken":[{"damage":0,"enemies":"2 Louse","floor":1,"turns":1},{"damage":0,"enemies":"Small Slimes","floor":3,"turns":1},{"damage":0,"enemies":"Jaw Worm","floor":4,"turns":1},{"damage":0,"enemies":"2 Fungi Beasts","floor":5,"turns":4},{"damage":0,"enemies":"3 Sentries","floor":7,"turns":6},{"damage":1,"enemies":"Red Slaver","floor":8,"turns":4},{"damage":29,"enemies":"Lagavulin","floor":10,"turns":6},{"damage":0,"enemies":"Exordium Wildlife","floor":11,"turns":2},{"damage":35,"enemies":"Slime Boss","floor":16,"turns":6}],"seed_played":"4561987837365221432","potions_obtained":[{"floor":1,"key":"champ:CounterPotion"},{"floor":4,"key":"Swift Potion"},{"floor":8,"key":"bronze:BurnAndBuffPotion"},{"floor":11,"key":"Swift Potion"}],"is_trial":false,"path_per_floor":["M","?","M","M","M","R","E","M","T","E","M","?","R","$","R","B"],"character_chosen":"THE_STARBREAKER","items_purchased":[],"campfire_rested":0,"item_purchase_floors":[],"current_hp_per_floor":[60,65,65,65,65,65,65,64,64,35,35,35,35,35,35,0,0],"gold":91,"neow_bonus":"THREE_ENEMY_KILL","is_daily":false,"chose_seed":false,"campfire_upgraded":3,"win_rate":0.0,"timestamp":1611983210,"path_taken":["M","?","M","M","M","R","E","M","T","E","M","?","R","?","R","BOSS"],"items_purchased_type":[],"build_version":"2020-12-22","purchased_purges":0,"victory":false,"max_hp_per_floor":[60,65,65,65,65,65,65,65,65,65,65,65,65,65,65,65,65],"card_choices":[{"not_picked":["Moonworks:BigBangBell","Moonworks:ForcedRevival"],"picked":"Moonworks:DeployBits","floor":1},{"not_picked":["Moonworks:BigMagnum","Moonworks:EvilSpyWorkPreparation"],"picked":"Moonworks:JonathanRush","floor":3},{"not_picked":["Moonworks:BeyondHell","Moonworks:UnpaidWork"],"picked":"Moonworks:NicePresent","floor":4},{"not_picked":["Moonworks:MiracleWalker","Moonworks:IndiscriminateFireSupport"],"picked":"Moonworks:DeployBits","floor":5},{"not_picked":["Moonworks:BigMagnum","Moonworks:MixPhenomenon"],"picked":"Moonworks:IndiscriminateFireSupport","floor":7},{"not_picked":["TH:EnergyPotion"],"picked":"TH:TreasureMap","floor":7},{"not_picked":["Moonworks:UnpaidWork","Moonworks:NicePresent"],"picked":"Moonworks:Assault","floor":8},{"not_picked":["TH:ElvenBoots"],"picked":"TH:TreasureMap","floor":9},{"not_picked":["TH:ElvenBoots"],"picked":"TH:CopperCoins","floor":10},{"not_picked":["Moonworks:Heat300Percent","Moonworks:LulusLuckyEgg"],"picked":"Moonworks:ScrambledEve","floor":10},{"not_picked":["Moonworks:GoAway","Moonworks:ImmovableObject"],"picked":"Moonworks:SweetBattle","floor":11}],"player_experience":645082,"relics_obtained":[{"floor":7,"key":"halation:IllGainedPizza"},{"floor":9,"key":"Bag of Marbles"},{"floor":10,"key":"hubris:OldNail"}],"event_choices":[{"damage_healed":0,"gold_gain":0,"player_choice":"Donut","damage_taken":0,"max_hp_gain":5,"max_hp_loss":0,"event_name":"Big Fish","floor":2,"gold_loss":0},{"damage_healed":0,"gold_gain":0,"player_choice":"Grow","damage_taken":0,"max_hp_gain":0,"max_hp_loss":0,"event_name":"Living Wall","floor":12,"gold_loss":0,"cards_upgraded":["Moonworks:DeployBits"]}],"is_beta":false,"boss_relics":[],"items_purged_floors":[],"is_endless":false,"potions_floor_spawned":[1,4,8,11],"killed_by":"Slime Boss","ascension_level":0}}