{"host":"iqi2f1z1yw5mc6j3","time":1611978968,"event":{"mods":["AchievementEnabler","BaseMod","Colored Powertips","Minty Spire (QoL Compilation)","Quick Restart","Replay The Spire","StSLib","The Cursed","The Hierophant"],"gold_per_floor":[115,127,138,138,151,151,183,183,183,38,48,79,96,110,110,214,214,226,244,254,6,24,24,44,57,57,57,87,97,97,51,51,146,196,212,226,226,29,44,44,94,112,112,112,24,24,24,24,24,24,24],"floor_reached":50,"language":"ENG","playtime":4634,"items_purged":["Strike_B","Defend_B","Strike_B"],"score":526,"play_id":"121015f4-b9fd-49b9-81b0-ff4b18cf443a","local_time":"20210129225608","is_ascension_mode":false,"campfire_choices":[{"floor":6,"key":"REST"},{"floor":8,"key":"REST"},{"floor":15,"key":"REST"},{"floor":23,"key":"REST"},{"floor":30,"key":"REST"},{"data":"Fission","floor":32,"key":"SMITH"},{"data":"Chaos","floor":40,"key":"SMITH"},{"floor":44,"key":"REST"},{"data":"Panic Button","floor":47,"key":"SMITH"},{"floor":49,"key":"DIG"}],"circlet_count":0,"master_deck":["Strike_B+1","Strike_B","Defend_B","Defend_B","Defend_B","Zap","Dualcast","Darkness","Panic Button+1","Beam Cell","Lockon","Ball Lightning","Melter","Go for the Eyes","Coolheaded","Chaos+1","Beam Cell","Fission+1","Barrage","Compile Driver","ReplayRNGCard","Hologram+1","Redo+1","Self Repair+1","Barrage","Time Bomb+1","Conserve Battery","Rainbow","Reinforced Body","BasicCrystalCard+1","Go for the Eyes+1","Melter","Conserve Battery+1","Genetic Algorithm+1","Stack"],"relics":["Cracked Core","CultistMask","Centennial Puzzle","Carrot","Garlic","SacredBark","Raider\u0027s Mask","ReplayTheSpireMod:Shallot","Shuriken","Incense Burner","Tiny House","Shovel","Peace Pipe","Torii"],"acts_visited":["Exordium","TheCity","TheBeyond"],"potions_floor_usage":[11,16,16,29,33,33,41,42,50,50],"damage_taken":[{"damage":0,"enemies":"2 Louse","floor":1,"turns":1},{"damage":1,"enemies":"Cultist","floor":2,"turns":3},{"damage":3,"enemies":"Jaw Worm","floor":3,"turns":4},{"damage":37,"enemies":"Exordium Thugs","floor":5,"turns":7},{"damage":8,"enemies":"Gremlin Nob","floor":7,"turns":3},{"damage":1,"enemies":"Large Slime","floor":11,"turns":2},{"damage":12,"enemies":"3 Sentries","floor":12,"turns":7},{"damage":4,"enemies":"Blue Slaver","floor":13,"turns":2},{"damage":1,"enemies":"Exordium Wildlife","floor":14,"turns":2},{"damage":25,"enemies":"The Guardian","floor":16,"turns":9},{"damage":15,"enemies":"2 Thieves","floor":18,"turns":5},{"damage":0,"enemies":"Spheric Guardian","floor":19,"turns":2},{"damage":1,"enemies":"Chosen and Byrds","floor":20,"turns":4},{"damage":4,"enemies":"Snake Plant","floor":22,"turns":2},{"damage":8,"enemies":"Snecko","floor":24,"turns":3},{"damage":20,"enemies":"3 Cultists","floor":25,"turns":6},{"damage":21,"enemies":"Slavers","floor":28,"turns":5},{"damage":17,"enemies":"Cultist and Chosen","floor":29,"turns":5},{"damage":57,"enemies":"Collector","floor":33,"turns":9},{"damage":0,"enemies":"Orb Walker","floor":35,"turns":2},{"damage":2,"enemies":"3 Darklings","floor":36,"turns":5},{"damage":34,"enemies":"Transient","floor":39,"turns":5},{"damage":18,"enemies":"Mind Bloom Boss Battle","floor":41,"turns":6},{"damage":15,"enemies":"Maw","floor":42,"turns":8},{"damage":83,"enemies":"Time Eater","floor":50,"turns":12}],"seed_played":"-4555630954487897861","potions_obtained":[{"floor":1,"key":"Ancient Potion"},{"floor":7,"key":"Milkshake"},{"floor":11,"key":"Fruit Juice"},{"floor":13,"key":"Energy Potion"},{"floor":19,"key":"GamblersBrew"},{"floor":28,"key":"BlessingOfTheForge"},{"floor":29,"key":"ColorlessPotion"},{"floor":34,"key":"Doom Potion"},{"floor":36,"key":"Cursed Concoction"},{"floor":39,"key":"SteroidPotion"},{"floor":42,"key":"Weak Potion"}],"is_trial":false,"path_per_floor":["M","M","M","?","M","R","E","R","T","$","M","E","M","M","R","B",null,"M","M","M","$","M","R","M","M","T","?","E","M","R","$","R","B",null,"M","M","?","$","M","R","?","M","T","R","$","?","R","?","R","B"],"character_chosen":"DEFECT","items_purchased":["Melter","Raider\u0027s Mask","Conserve Battery","Melter","Stack","Elixir"],"campfire_rested":6,"item_purchase_floors":[10,21,31,38,45,45],"current_hp_per_floor":[82,81,78,78,41,65,57,81,81,81,85,73,69,68,87,62,87,72,72,71,71,67,87,79,59,59,59,48,41,67,67,67,20,92,92,92,92,92,68,68,60,55,55,82,82,82,82,82,82,0,0],"gold":24,"neow_bonus":"TEN_PERCENT_HP_BONUS","is_daily":false,"chose_seed":false,"campfire_upgraded":3,"win_rate":0.0,"timestamp":1611978968,"path_taken":["M","M","M","?","M","R","E","R","T","?","M","E","M","M","R","BOSS","M","?","M","$","M","R","M","M","T","?","E","M","R","?","R","BOSS","M","M","?","$","M","R","?","M","T","R","$","?","R","?","R","BOSS"],"items_purchased_type":["Card","Relic","Card","Card","Card","Potion"],"build_version":"2020-12-22","purchased_purges":3,"victory":false,"max_hp_per_floor":[82,82,82,82,82,82,82,82,82,82,87,87,87,87,87,87,87,87,87,87,87,87,87,87,87,87,87,87,87,87,87,87,87,92,92,92,92,92,92,92,92,92,92,92,92,92,92,92,92,92,92],"card_choices":[{"not_picked":["Leap","ReplayTheSpireMod:Calculation Training"],"picked":"Darkness","floor":1},{"not_picked":["Beam Cell","Melter"],"picked":"Panic Button","floor":2},{"not_picked":["Loop","Leap"],"picked":"Beam Cell","floor":3},{"not_picked":["Force Field","Stack"],"picked":"Lockon","floor":5},{"not_picked":["Beam Cell","Leap"],"picked":"Ball Lightning","floor":7},{"not_picked":["Chaos","Beam Cell"],"picked":"Go for the Eyes","floor":11},{"not_picked":["Lockon","Stack"],"picked":"Coolheaded","floor":12},{"not_picked":["Cold Snap","Leap"],"picked":"Chaos","floor":13},{"not_picked":["Compile Driver","Ball Lightning"],"picked":"Beam Cell","floor":14},{"not_picked":["Buffer","Amplify"],"picked":"Fission","floor":16},{"not_picked":["Panic Button+1","Beam Cell"],"picked":"Barrage","floor":18},{"not_picked":["Reprogram","Beam Cell"],"picked":"Compile Driver","floor":19},{"not_picked":["Cold Snap","Leap"],"picked":"ReplayRNGCard","floor":20},{"not_picked":["Conserve Battery","Streamline"],"picked":"Hologram+1","floor":22},{"not_picked":["Amplify","Ball Lightning"],"picked":"Redo+1","floor":24},{"not_picked":["Cold Snap","ReplaySolidLightProjector+1"],"picked":"Self Repair+1","floor":25},{"not_picked":["Ball Lightning+1","Compile Driver"],"picked":"Barrage","floor":28},{"not_picked":["Rip and Tear+1","Storm"],"picked":"Time Bomb+1","floor":29},{"not_picked":["Thunder Strike","All For One"],"picked":"Rainbow","floor":33},{"not_picked":["Cold Snap","Gash"],"picked":"Reinforced Body","floor":34},{"not_picked":["Cold Snap+1","Leap"],"picked":"BasicCrystalCard+1","floor":35},{"not_picked":["Heatsinks+1","BasicCrystalCard"],"picked":"Go for the Eyes+1","floor":36},{"not_picked":["Steam Power","Hello World"],"picked":"Conserve Battery+1","floor":39},{"not_picked":["Streamline+1","Rainbow"],"picked":"Genetic Algorithm+1","floor":41},{"not_picked":["Ball Lightning","Melter","ReplayTheSpireMod:GoodbyeWorld"],"picked":"SKIP","floor":42}],"player_experience":77057,"relics_obtained":[{"floor":7,"key":"Centennial Puzzle"},{"floor":9,"key":"Carrot"},{"floor":12,"key":"Garlic"},{"floor":26,"key":"ReplayTheSpireMod:Shallot"},{"floor":28,"key":"Incense Burner"},{"floor":41,"key":"Shovel"},{"floor":43,"key":"Peace Pipe"},{"floor":49,"key":"Torii"}],"event_choices":[{"damage_healed":0,"gold_gain":0,"player_choice":"Trade","damage_taken":0,"relics_obtained":["CultistMask"],"max_hp_gain":0,"max_hp_loss":0,"event_name":"FaceTrader","floor":4,"gold_loss":0},{"damage_healed":0,"gold_gain":0,"player_choice":"Gave Potion","damage_taken":0,"relics_obtained":["Shuriken"],"max_hp_gain":0,"max_hp_loss":0,"event_name":"WeMeetAgain","floor":27,"gold_loss":0},{"damage_healed":0,"gold_gain":0,"player_choice":"Ignored","damage_taken":0,"max_hp_gain":0,"max_hp_loss":0,"event_name":"Tomb of Lord Red Mask","floor":37,"gold_loss":0},{"damage_healed":0,"gold_gain":0,"player_choice":"Fight","damage_taken":0,"max_hp_gain":0,"max_hp_loss":0,"event_name":"MindBloom","floor":41,"gold_loss":0},{"damage_healed":0,"gold_gain":0,"player_choice":"Ignored","damage_taken":0,"max_hp_gain":0,"max_hp_loss":0,"event_name":"Mysterious Sphere","floor":48,"gold_loss":0}],"is_beta":false,"boss_relics":[{"not_picked":["Velvet Choker","Replay:Ancient Bell"],"picked":"SacredBark"},{"not_picked":["Runic Pyramid","Painkiller Herb"],"picked":"Tiny House"}],"items_purged_floors":[10,21,38],"is_endless":false,"potions_floor_spawned":[1,7,11,13,19,28,29,36,39,42],"killed_by":"Time Eater","ascension_level":0}}