{"host":"juoup3p5tvzzktl5","time":1611996225,"event":{"mods":["ATMod(∞¢Ë™Mod)","Aspiration","BaseMod","Better Vampires","BetterRewards","Colored Map","Colored Powertips","Downfall","Friendly Minions","GifTheSpireLib","Hermit","Hubris","Infinite Spire","KinomotoSakuraMod(ƒæ÷Æ±æ”£)","Koishi","KomeijiMod","Marisa£®ÏF”Í°°ƒß¿Ì…≥£©","Minty Spire (QoL Compilation)","Quick Restart","Reimu£®≤©¿ˆ¡È√Œ£©","Relic Filter Mod","Reliquary","Replay The Spire","Shop Mod","StSLib","The Administrix","The Alterego","The Bug Knight","The Construct","The Cursed","The Jungle","The Mystic","The Runesmith","The Senshi","Youmu£®ªÍ∆«—˝√Œ£©","Yuyuko"],"gold_per_floor":[99,114,114,129,146,56,83,103,130,130,140,159,218,231,249,351,351,351,365,365,385,401,415,415,415,427,442,442,452,464,464,464,464,464],"floor_reached":32,"language":"ZHS","playtime":2828,"items_purged":["hexamod:Defend"],"score":277,"play_id":"a4c6c004-bf09-4dda-846c-e763fa64cc7f","local_time":"20210130174345","is_ascension_mode":false,"campfire_choices":[{"data":"hexamod:Float","floor":1.0,"key":"SMITH"},{"data":"hexamod:HexaLevel","floor":18.0,"key":"SMITH"},{"floor":25.0,"key":"REST"},{"floor":28.0,"key":"REST"}],"circlet_count":0,"master_deck":["hexamod:Strike","hexamod:Strike","hexamod:Strike","hexamod:Defend+1","hexamod:Defend","hexamod:Defend+1","hexamod:Sear+1","hexamod:Float+1","AT_FamilyPortrait","hexamod:RecurringNightmare","hexamod:PhantomFireball","hexamod:NightmareStrike","hexamod:AdvancingGuard","hexamod:ThermalTransfer","hexamod:BurningTouch","hexamod:Hexaguard","hexamod:HauntingEcho","hexamod:HexaLevel+1","hexamod:ForkedFlame","hexamod:GhostLash+1","hexamod:HexaLevel","hexamod:StepThrough","hexamod:ShieldOfDarkness","hexamod:GhostShield","hexamod:RetreatToShadows+1"],"relics":["hexamod:SpiritBrand","AT_ATBox","Simple Rune","Happy Flower","Runic Pyramid","Quantum Egg"],"acts_visited":["Exordium","TheCity"],"potions_floor_usage":[32],"damage_taken":[{"damage":1.0,"enemies":"2 Louse","floor":2.0,"turns":4.0},{"damage":0.0,"enemies":"Cultist","floor":4.0,"turns":3.0},{"damage":2.0,"enemies":"Small Slimes","floor":5.0,"turns":3.0},{"damage":0.0,"enemies":"downfall:FleeingMerchant","floor":6.0,"turns":4.0},{"damage":0.0,"enemies":"2 Fungi Beasts","floor":8.0,"turns":4.0},{"damage":5.0,"enemies":"3 Sentries","floor":9.0,"turns":7.0},{"damage":21.0,"enemies":"Gremlin Gang","floor":11.0,"turns":4.0},{"damage":16.0,"enemies":"3 Louse","floor":12.0,"turns":3.0},{"damage":9.0,"enemies":"Lagavulin Event","floor":13.0,"turns":6.0},{"damage":4.0,"enemies":"2 Fungi Beasts","floor":14.0,"turns":3.0},{"damage":0.0,"enemies":"Large Slime","floor":15.0,"turns":3.0},{"damage":14.0,"enemies":"DF_ARCHETYPE_STREAMLINE","floor":16.0,"turns":3.0},{"damage":5.0,"enemies":"Chosen","floor":19.0,"turns":4.0},{"damage":7.0,"enemies":"Shell Parasite","floor":21.0,"turns":4.0},{"damage":3.0,"enemies":"Cultist and Chosen","floor":22.0,"turns":6.0},{"damage":27.0,"enemies":"Snake Plant","floor":23.0,"turns":5.0},{"damage":18.0,"enemies":"Shelled Parasite and Fungi","floor":26.0,"turns":5.0},{"damage":21.0,"enemies":"Centurion and Healer","floor":27.0,"turns":6.0},{"damage":10.0,"enemies":"Cultist and Chosen","floor":29.0,"turns":6.0},{"damage":29.0,"enemies":"3 Cultists","floor":30.0,"turns":7.0},{"damage":3,"enemies":"Shelled Parasite and Fungi","floor":32,"turns":2}],"seed_played":"-3434610854058525351","potions_obtained":[{"floor":4.0,"key":"Energy Potion"},{"floor":5.0,"key":"Doom Potion"},{"floor":8.0,"key":"Fire Potion"},{"floor":11.0,"key":"Venom Potion"},{"floor":12.0,"key":"EntropicBrew"},{"floor":14.0,"key":"AttackPotion"},{"floor":19.0,"key":"Fire Potion"},{"floor":23.0,"key":"Swift Potion"},{"floor":27.0,"key":"Toxic Potion"},{"floor":29.0,"key":"FearPotion"}],"is_trial":false,"path_per_floor":["R","M","?","M","M","$","T","M","E","?","M","M","?","M","M","B",null,"R","M","?","M","M","M","T","R","M","M","R","M","M","?","M"],"character_chosen":"THE_SPIRIT","items_purchased":[],"campfire_rested":2,"item_purchase_floors":[],"current_hp_per_floor":[77,76,76,76,74,74,74,74,69,69,48,32,23,19,19,5,77,77,72,72,65,62,35,35,58,40,19,42,32,3,3,0,0,0],"gold":464,"neow_bonus":"TEN_PERCENT_HP_BONUS","is_daily":false,"chose_seed":false,"campfire_upgraded":2,"win_rate":0.0,"timestamp":1611996225,"path_taken":["R","M","?","M","?","$","T","M","E","?","?","M","?","M","M","BOSS","R","M","?","M","M","?","T","R","M","?","R","M","M","?","M"],"items_purchased_type":[],"build_version":"2020-12-22","purchased_purges":1,"victory":false,"max_hp_per_floor":[77,77,77,77,77,77,77,77,77,77,77,77,77,77,77,77,77,77,77,77,77,77,77,77,77,77,77,77,77,77,77,77,77,77],"card_choices":[{"not_picked":["hexamod:FirstSeal","hexamod:GhostOfSpireFuture"],"picked":"hexamod:RecurringNightmare","floor":2.0},{"not_picked":["hexamod:InspiringFlames","hexamod:HeatCrush"],"picked":"hexamod:PhantomFireball","floor":4.0},{"not_picked":["hexamod:SwordOfDarkness","hexamod:GhostOfSpirePast"],"picked":"hexamod:NightmareStrike","floor":5.0},{"not_picked":["hexamod:SwordOfDarkness","hexamod:HeatCrush"],"picked":"hexamod:AdvancingGuard","floor":6.0},{"not_picked":["hexamod:PhantomCloak","hexamod:SpectralAdrenaline"],"picked":"hexamod:ThermalTransfer","floor":8.0},{"not_picked":["hexamod:ChargedBarrage","hexamod:NecessarySacrifice"],"picked":"hexamod:BurningTouch","floor":9.0},{"not_picked":["hexamod:HeatCrush","hexamod:EmpoweredFlame"],"picked":"hexamod:Hexaguard","floor":11.0},{"not_picked":["hexamod:InspiringFlames","hexamod:AdvancingGuard","hexamod:BurningTouch"],"picked":"SKIP","floor":12.0},{"not_picked":["hexamod:BurningTouch","hexamod:PhantomCloak"],"picked":"hexamod:HauntingEcho","floor":13.0},{"not_picked":["hexamod:GhostShield","hexamod:ThermalTransfer","hexamod:Firestarter"],"picked":"SKIP","floor":14.0},{"not_picked":["hexamod:FourthSeal","hexamod:RecurringNightmare"],"picked":"hexamod:HexaLevel","floor":15.0},{"not_picked":["hexamod:ApocalypseNow","hexamod:TurnItUp"],"picked":"hexamod:ForkedFlame","floor":16.0},{"not_picked":["hexamod:GhostOfSpireFuture+1","hexamod:BurningTouch"],"picked":"hexamod:GhostLash+1","floor":19.0},{"not_picked":["hexamod:ShieldOfDarkness","hexamod:ThermalTransfer"],"picked":"hexamod:StepThrough","floor":21.0},{"not_picked":["hexamod:FastForward","hexamod:SpectersWail+1","hexamod:ShieldOfDarkness"],"picked":"SKIP","floor":22.0},{"not_picked":["hexamod:HauntingEcho","hexamod:AdvancingGuard+1","hexamod:SuperheatedStrike"],"picked":"SKIP","floor":23.0},{"not_picked":["hexamod:RainOfEmbers","hexamod:GhostflameBarrier"],"picked":"hexamod:ShieldOfDarkness","floor":26.0},{"not_picked":["hexamod:RadiantFlame","hexamod:InspiringFlames","hexamod:FourthSeal"],"picked":"SKIP","floor":27.0},{"not_picked":["hexamod:NightmareGuise","hexamod:HeatMetal"],"picked":"hexamod:GhostShield","floor":29.0},{"not_picked":["hexamod:FastForward","hexamod:InspiringFlames"],"picked":"hexamod:RetreatToShadows+1","floor":30.0}],"player_experience":1138304,"relics_obtained":[{"floor":7.0,"key":"Simple Rune"},{"floor":9.0,"key":"Tea:ReiMu"},{"floor":13.0,"key":"Happy Flower"},{"floor":24.0,"key":"Quantum Egg"}],"event_choices":[{"damage_healed":0.0,"max_hp_gain":0.0,"max_hp_loss":0.0,"gold_gain":0.0,"event_name":"NoteForYourself","player_choice":"Ignored","floor":31.0,"gold_loss":0.0,"damage_taken":0.0}],"is_beta":false,"boss_relics":[{"not_picked":["Sozu","Replay:Drink Me"],"picked":"Runic Pyramid"}],"items_purged_floors":[6],"is_endless":false,"potions_floor_spawned":[4,5,8,11,12,14,19,23,27,29,30],"killed_by":"Shelled Parasite and Fungi","ascension_level":0}}