{"host":"hszimsrtxxc2k25w","time":1611988551,"event":{"mods":["AchievementEnabler","BaseMod","Colored Map","DeckTracker","Minty Spire (QoL Compilation)","Rare Cards Sparkle","SuperFastMode"],"gold_per_floor":[118,138,138,63,63,90,90,118,118,118,136,36,46,46,46,123,123,123],"floor_reached":17,"language":"KOR","playtime":279,"items_purged":["Strike_G","Strike_G"],"score":367,"play_id":"5888a6cf-5c0c-4a16-9fb4-9f67c467a1d2","local_time":"20210130153551","is_ascension_mode":true,"campfire_choices":[{"data":"Riddle With Holes","floor":7.0,"key":"SMITH"},{"data":"Neutralize","floor":10.0,"key":"SMITH"},{"data":"Masterful Stab","floor":15.0,"key":"SMITH"}],"circlet_count":0,"master_deck":["AscendersBane","Strike_G","Strike_G","Strike_G","Defend_G","Defend_G","Defend_G","Defend_G","Defend_G","Survivor","Neutralize+1","Riddle With Holes+1","Masterful Stab+1","Predator","Escape Plan","Wraith Form v2"],"relics":["Ring of the Snake","NeowsBlessing","Tough Bandages","Blue Candle","Meat on the Bone","Unceasing Top","Pocketwatch","Sozu"],"acts_visited":["Exordium","TheCity"],"potions_floor_usage":[16],"damage_taken":[{"damage":0.0,"enemies":"Jaw Worm","floor":1.0,"turns":1.0},{"damage":0.0,"enemies":"Cultist","floor":2.0,"turns":1.0},{"damage":0.0,"enemies":"Lagavulin","floor":6.0,"turns":1.0},{"damage":48.0,"enemies":"Gremlin Nob","floor":8.0,"turns":5.0},{"damage":2.0,"enemies":"2 Louse","floor":11.0,"turns":3.0},{"damage":1.0,"enemies":"Looter","floor":13.0,"turns":3.0},{"damage":45,"enemies":"Hexaghost","floor":16,"turns":11}],"seed_played":"5191630107076740105","potions_obtained":[{"floor":1.0,"key":"PowerPotion"},{"floor":8.0,"key":"Strength Potion"},{"floor":16,"key":"Swift Potion"}],"is_trial":false,"path_per_floor":["M","M","?","$","T","E","R","E","T","R","M","$","M","?","R","B",null],"character_chosen":"THE_SILENT","items_purchased":[],"campfire_rested":0,"item_purchase_floors":[],"current_hp_per_floor":[59,59,59,59,59,59,59,23,23,23,33,33,44,66,66,33,58,58],"gold":123,"neow_bonus":"THREE_ENEMY_KILL","is_daily":false,"chose_seed":false,"campfire_upgraded":3,"win_rate":0.0,"timestamp":1611988551,"path_taken":["M","M","?","?","?","E","R","E","T","R","?","$","M","?","R","BOSS"],"items_purchased_type":[],"build_version":"2020-12-22","purchased_purges":2,"victory":false,"max_hp_per_floor":[66,66,66,66,66,66,66,66,66,66,66,66,66,66,66,66,66,66],"card_choices":[{"not_picked":["Bane","Slice"],"picked":"Riddle With Holes","floor":1.0},{"not_picked":["Prepared","Finisher"],"picked":"Masterful Stab","floor":2.0},{"not_picked":["Bane","Deflect","Endless Agony"],"picked":"SKIP","floor":6.0},{"not_picked":["Accuracy","Outmaneuver","Malaise"],"picked":"SKIP","floor":8.0},{"not_picked":["Sucker Punch","Dagger Spray"],"picked":"Predator","floor":11.0},{"not_picked":["Cloak And Dagger","Dagger Spray"],"picked":"Escape Plan","floor":13.0},{"not_picked":["Grand Finale","Venomology"],"picked":"Wraith Form v2","floor":16}],"player_experience":656087,"relics_obtained":[{"floor":5.0,"key":"Blue Candle"},{"floor":6.0,"key":"Meat on the Bone"},{"floor":8.0,"key":"Unceasing Top"},{"floor":9.0,"key":"Pocketwatch"}],"event_choices":[{"damage_healed":0.0,"max_hp_gain":0.0,"max_hp_loss":0.0,"gold_gain":0.0,"event_name":"WeMeetAgain","player_choice":"Gave Potion","floor":3.0,"gold_loss":0.0,"damage_taken":0.0,"relics_obtained":["Tough Bandages"]},{"damage_healed":22.0,"max_hp_gain":0.0,"max_hp_loss":0.0,"gold_gain":0.0,"event_name":"Big Fish","player_choice":"Banana","floor":14.0,"gold_loss":0.0,"damage_taken":0.0}],"is_beta":false,"boss_relics":[{"not_picked":["Fusion Hammer","Ring of the Serpent"],"picked":"Sozu"}],"items_purged_floors":[4,12],"is_endless":false,"potions_floor_spawned":[1,8,16],"ascension_level":19}}