{"host":"vpaavrwbmey593fx","time":1611987476,"event":{"mods":["AchievementEnabler","BaseMod","Bestiary","Colored Map","Colored Powertips","DeckTracker","Minty Spire (QoL Compilation)","Relic Sorter"],"gold_per_floor":[115,115,190,190,65,65,104,104,104,120,145,145,145,170,170,295,295,309,309,269,288,288,288,288,288],"floor_reached":24,"language":"ENG","playtime":1309,"items_purged":["Injury"],"score":262,"play_id":"7bca940c-7f7e-4d1d-9f8a-7ffd038c4b8d","local_time":"20210129221756","is_ascension_mode":true,"campfire_choices":[{"data":"Searing Blow","floor":6,"key":"SMITH"},{"data":"Searing Blow+1","floor":8,"key":"SMITH"},{"data":"True Grit","floor":13,"key":"SMITH"},{"data":"Armaments","floor":15,"key":"SMITH"},{"data":"Searing Blow+2","floor":23,"key":"SMITH"}],"circlet_count":0,"master_deck":["Strike_R","Defend_R","Defend_R","Defend_R","Defend_R","Bash","Searing Blow+3","Ghostly Armor","Armaments+1","True Grit+1","Battle Trance","Corruption+1","Writhe","Shockwave"],"relics":["Burning Blood","Golden Idol","Frozen Egg 2","Eternal Feather","The Courier","Empty Cage","Sundial"],"acts_visited":["Exordium","TheCity"],"potions_floor_usage":[16,16,16,21,22],"damage_taken":[{"damage":4,"enemies":"Small Slimes","floor":1,"turns":4},{"damage":48,"enemies":"Lagavulin","floor":7,"turns":10},{"damage":2,"enemies":"Jaw Worm","floor":10,"turns":4},{"damage":0,"enemies":"2 Louse","floor":11,"turns":3},{"damage":0,"enemies":"2 Fungi Beasts","floor":14,"turns":4},{"damage":48,"enemies":"Hexaghost","floor":16,"turns":17},{"damage":48,"enemies":"Spheric Guardian","floor":18,"turns":10},{"damage":21,"enemies":"Chosen","floor":21,"turns":7},{"damage":8,"enemies":"Snake Plant","floor":22,"turns":3},{"damage":22,"enemies":"Centurion and Healer","floor":24,"turns":3}],"seed_played":"-8186233420116076429","potions_obtained":[{"floor":10,"key":"Block Potion"},{"floor":11,"key":"Weak Potion"},{"floor":16,"key":"Fruit Juice"},{"floor":18,"key":"Block Potion"},{"floor":20,"key":"Energy Potion"},{"floor":20,"key":"SmokeBomb"},{"floor":21,"key":"DuplicationPotion"}],"is_trial":false,"path_per_floor":["M","?","?","?","$","R","E","R","T","M","M","T","R","M","R","B",null,"M","?","?","M","M","R","M"],"character_chosen":"IRONCLAD","items_purchased":["Armaments"],"campfire_rested":0,"item_purchase_floors":[5],"current_hp_per_floor":[53,79,68,68,68,68,26,26,26,30,36,36,42,48,54,17,68,26,26,26,11,9,15,0,0],"gold":288,"neow_bonus":"TRANSFORM_TWO_CARDS","is_daily":false,"chose_seed":false,"campfire_upgraded":5,"win_rate":0.0,"timestamp":1611987476,"path_taken":["M","?","?","?","$","R","E","R","T","M","M","?","R","M","R","BOSS","M","?","?","?","M","R","M"],"items_purchased_type":["Card"],"build_version":"2020-12-22","purchased_purges":1,"victory":false,"max_hp_per_floor":[80,80,80,80,80,80,80,80,80,80,80,80,80,80,80,85,85,85,85,85,85,85,85,85,85],"card_choices":[{"not_picked":["Headbutt","Sword Boomerang","Bloodletting"],"picked":"SKIP","floor":1},{"not_picked":["Headbutt","Sword Boomerang","Bloodletting"],"picked":"SKIP","floor":1},{"not_picked":["Clothesline","Sword Boomerang","Double Tap"],"picked":"SKIP","floor":7},{"not_picked":["Whirlwind","Clothesline"],"picked":"True Grit","floor":10},{"not_picked":["Armaments","Infernal Blade","Sword Boomerang"],"picked":"SKIP","floor":11},{"not_picked":["Armaments","Twin Strike"],"picked":"Battle Trance","floor":14},{"not_picked":["Reaper","Bludgeon"],"picked":"Corruption+1","floor":16},{"not_picked":["Heavy Blade+1","Reckless Charge","Clothesline"],"picked":"SKIP","floor":18},{"not_picked":["Sword Boomerang","True Grit"],"picked":"Shockwave","floor":21}],"player_experience":293812,"relics_obtained":[{"floor":7,"key":"Frozen Egg 2"},{"floor":9,"key":"Eternal Feather"},{"floor":12,"key":"The Courier"}],"event_choices":[{"damage_healed":26,"gold_gain":0,"player_choice":"Banana","damage_taken":0,"max_hp_gain":0,"max_hp_loss":0,"event_name":"Big Fish","floor":2,"gold_loss":0},{"damage_healed":0,"gold_gain":75,"player_choice":"Gather Gold","damage_taken":11,"max_hp_gain":0,"max_hp_loss":0,"event_name":"World of Goop","floor":3,"gold_loss":0},{"damage_healed":0,"gold_gain":0,"player_choice":"Take Wound","damage_taken":0,"relics_obtained":["Golden Idol"],"max_hp_gain":0,"max_hp_loss":0,"event_name":"Golden Idol","floor":4,"gold_loss":0,"cards_obtained":["Injury"]},{"damage_healed":0,"gold_gain":0,"player_choice":"Opened","damage_taken":0,"relics_obtained":["Sundial"],"max_hp_gain":0,"max_hp_loss":0,"event_name":"The Mausoleum","floor":19,"gold_loss":0,"cards_obtained":["Writhe"]},{"damage_healed":0,"gold_gain":0,"player_choice":"Bought 3 Potions","damage_taken":0,"max_hp_gain":0,"max_hp_loss":0,"event_name":"The Woman in Blue","floor":20,"gold_loss":0}],"is_beta":false,"boss_relics":[{"not_picked":["Black Blood","Fusion Hammer"],"picked":"Empty Cage"}],"items_purged_floors":[5],"is_endless":false,"potions_floor_spawned":[10,11,16,18,21,22],"killed_by":"Centurion and Healer","ascension_level":7}}