{"host":"pletss163z7s8pvv","time":1611976630,"event":{"mods":["AchievementEnabler","BaseMod","Better Altar","Better Match","Better Note","Better Sensory Stone","Better Skull","Better Third Choice","BetterRewards","CapriCore","ChefMod","Colored Map","Colored Powertips","Conspire","Energized Spire","Evolution","GifTheSpireLib","Hermit","Ironclad Rager","Marked Mod","Minty Spire (QoL Compilation)","Retaliation","Spicy Shops","StS++","StSLib","The Alterego","The Blue Laboratory","The Cursed","The Disciple","The Forsaken"],"gold_per_floor":[117,128,141,91,166,166,166,166,221,15,30,30,30,4,4,116,116,148,148,73,1,1,1,1,1,55,55,65,65,84,84,84,186,186,203,275,289,289,289,289,34,34,34,0,0,18,44,2,2,2],"floor_reached":51,"language":"ENG","playtime":1507,"items_purged":[],"score":702,"play_id":"e6bd1372-829d-42f0-b1ab-c5303efc5432","local_time":"20210129211710","daily_mods":["Draft","Flight","Binary"],"is_ascension_mode":false,"campfire_choices":[{"data":"TheCursedMod:CircleOfFlame","floor":6,"key":"SMITH"},{"data":"TheCursedMod:CircleOfFlame","floor":7,"key":"SMITH"},{"data":"TheCursedMod:CircleOfCorruption","floor":8,"key":"SMITH"},{"floor":12,"key":"REST"},{"data":"TheCursedMod:Hemoplague","floor":15,"key":"SMITH"},{"data":"TheCursedMod:ForbiddenAlchemy","floor":23,"key":"SMITH"},{"data":"TheCursedMod:Stigma","floor":24,"key":"SMITH"},{"data":"TheCursedMod:Stigma","floor":25,"key":"SMITH"},{"data":"TheCursedMod:SpreadPlague","floor":27,"key":"SMITH"},{"data":"TheCursedMod:SoulReap","floor":29,"key":"SMITH"},{"floor":32,"key":"REST"},{"data":"TheCursedMod:Hemoplague","floor":40,"key":"SMITH"},{"data":"TheCursedMod:CursedAmulet","floor":42,"key":"SMITH"},{"data":"TheCursedMod:SurpriseAttack","floor":45,"key":"SMITH"},{"floor":49,"key":"REST"}],"circlet_count":0,"master_deck":["TheCursedMod:Hemoplague+1","TheCursedMod:Mangle","TheCursedMod:SaltUponWound","TheCursedMod:SpreadPlague+1","TheCursedMod:HellsGateOpen","TheCursedMod:CursedBlade","TheCursedMod:CircleOfFlame+1","TheCursedMod:CursedBlade","TheCursedMod:CursedBlade","TheCursedMod:CursedBlade","TheCursedMod:SoulReap+1","TheCursedMod:SmokeScreen","TheCursedMod:CursedBoomerang","TheCursedMod:CircleOfCorruption+1","TheCursedMod:RapidMovement","TheCursedMod:CursedArmor","TheCursedMod:CursedShiv","TheCursedMod:CircleOfFlame+1","conspire:SpireCoStock","TheCursedMod:Hemoplague+1","TheCursedMod:Stigma+1","TheCursedMod:ForbiddenAlchemy+1","TheCursedMod:Stigma+1","StSpp:Mask","TheCursedMod:SurpriseAttack+1","TheCursedMod:TroublousMinions","Writhe","TheCursedMod:StunningStrike","TheCursedMod:Wield","TheCursedMod:CursedSpellbook","TheCursedMod:SmokeScreen+1","TheCursedMod:CursedAmulet+1","TheCursedMod:ManaBullet+1","TheCursedMod:DoubleShield","TheCursedMod:VitalStrike","TheCursedMod:SpitefulPray"],"relics":["TheCursedMod:BlackMagic101","EVO:Axolotl","Pen Nib","Membership Card","ClockworkSouvenir","Nloth\u0027s Gift","Bag of Marbles","Boot","TheCursedMod:OminousMark","Mango","Regal Pillow","Shuriken","Oddly Smooth Stone","theForsaken:ScaryMask","Red Mask"],"acts_visited":["Exordium","TheCity","TheBeyond"],"potions_floor_usage":[16,16,28,33,33,33,33,33,33,33,33,33,35,35,35,36,36,36,37,37,37,37,37,50,50,50,50,50,50,50,50,50,50,50,50],"damage_taken":[{"damage":11,"enemies":"Jaw Worm","floor":1,"turns":2},{"damage":0,"enemies":"Small Slimes","floor":2,"turns":2},{"damage":6,"enemies":"Cultist","floor":3,"turns":3},{"damage":13,"enemies":"Looter","floor":11,"turns":3},{"damage":50,"enemies":"Hexaghost","floor":16,"turns":5},{"damage":16,"enemies":"3 Byrds","floor":18,"turns":3},{"damage":10,"enemies":"2 Thieves","floor":28,"turns":3},{"damage":24,"enemies":"Centurion and Healer","floor":30,"turns":4},{"damage":61,"enemies":"Collector","floor":33,"turns":6},{"damage":29,"enemies":"3 Darklings","floor":35,"turns":2},{"damage":33,"enemies":"Mind Bloom Boss Battle","floor":36,"turns":5},{"damage":1,"enemies":"Orb Walker","floor":37,"turns":3},{"damage":7,"enemies":"Sphere and 2 Shapes","floor":46,"turns":3},{"damage":32,"enemies":"Transient","floor":47,"turns":5},{"damage":59,"enemies":"conspire:OrnateMirror","floor":50,"turns":9}],"seed_played":"-7860482459451843324","potions_obtained":[{"floor":1,"key":"blueLaboratory:BubblePotion"},{"floor":3,"key":"blueLaboratory:BubblePotion"},{"floor":16,"key":"blueLaboratory:LouseDecoction"},{"floor":30,"key":"blueLaboratory:LouseDecoction"},{"floor":36,"key":"blueLaboratory:LouseDecoction"},{"floor":37,"key":"StSpp:SecondWindPotion"}],"is_trial":true,"path_per_floor":["M","M","M","?","?","R","R","R","T","$","M","R","?","$","R","B",null,"M","?","?","$","?","R","R","R","T","R","M","R","M","?","R","B",null,"M","?","M","?","?","R","$","R","T","?","R","M","M","$","R","B",null],"character_chosen":"THE_CURSED","items_purchased":["Membership Card","TheCursedMod:Hemoplague","PowerPotion","ClockworkSouvenir","Regal Pillow","Shuriken","Oddly Smooth Stone","TheCursedMod:CursedAmulet","TheCursedMod:VitalStrike","TheCursedMod:SpitefulPray"],"campfire_rested":3,"item_purchase_floors":[10,10,14,21,41,41,41,41,48,48],"current_hp_per_floor":[71,72,66,66,66,66,66,66,66,66,58,75,75,75,75,40,75,62,62,62,62,62,62,62,62,62,62,52,52,38,38,60,11,77,48,29,28,28,80,80,80,80,80,80,80,73,59,59,80,40],"gold":2,"neow_bonus":"","is_daily":false,"chose_seed":false,"campfire_upgraded":12,"win_rate":0.0,"timestamp":1611976630,"path_taken":["M","M","?","?","?","R","R","R","T","$","M","R","?","?","R","BOSS","M","?","?","?","?","R","R","R","T","R","?","R","M","?","R","BOSS","M","?","M","?","?","R","$","R","T","?","R","M","?","?","R","BOSS"],"items_purchased_type":["Relic","Card","Potion","Relic","Relic","Relic","Relic","Card","Card","Card"],"build_version":"2020-12-22","purchased_purges":0,"victory":true,"max_hp_per_floor":[75,75,75,75,75,75,75,75,75,75,75,75,75,75,75,75,75,75,75,75,75,75,75,75,75,75,75,75,75,75,75,75,77,77,77,91,91,91,80,80,80,80,80,80,80,80,80,80,80,80],"card_choices":[{"not_picked":["TheCursedMod:Grudge","TheCursedMod:RavingStaff"],"picked":"TheCursedMod:Hemoplague","floor":0},{"not_picked":["TheCursedMod:FleshFromBone","TheCursedMod:Evocation"],"picked":"TheCursedMod:Mangle","floor":0},{"not_picked":["TheCursedMod:CircleOfAmplification","TheCursedMod:Obscuration"],"picked":"TheCursedMod:SaltUponWound","floor":0},{"not_picked":["TheCursedMod:StingEye","TheCursedMod:EmpowerCircles"],"picked":"TheCursedMod:SpreadPlague","floor":0},{"not_picked":["TheCursedMod:Stigma","TheCursedMod:Wield"],"picked":"TheCursedMod:HellsGateOpen","floor":0},{"not_picked":["TheCursedMod:VitalStrike","TheCursedMod:SaltUponWound"],"picked":"TheCursedMod:CursedBlade","floor":0},{"not_picked":["TheCursedMod:CircleOfBlood","TheCursedMod:CursedStaff"],"picked":"TheCursedMod:CircleOfFlame","floor":0},{"not_picked":["TheCursedMod:SpitefulStrike","TheCursedMod:ManaBullet"],"picked":"TheCursedMod:CursedBlade","floor":0},{"not_picked":["TheCursedMod:CursedMace","TheCursedMod:CircleOfFlame"],"picked":"TheCursedMod:CursedBlade","floor":0},{"not_picked":["TheCursedMod:CursedAmulet","TheCursedMod:BloodBarrier"],"picked":"TheCursedMod:CursedBlade","floor":0},{"not_picked":["TheCursedMod:BloodBarrier","TheCursedMod:RapidMovement"],"picked":"TheCursedMod:SoulReap","floor":0},{"not_picked":["TheCursedMod:SpitefulPlan","TheCursedMod:TacticalStrike"],"picked":"TheCursedMod:SmokeScreen","floor":0},{"not_picked":["TheCursedMod:RavingStaff","TheCursedMod:CircleOfAmplification"],"picked":"TheCursedMod:CursedBoomerang","floor":0},{"not_picked":["TheCursedMod:WearCloak","TheCursedMod:AshesToAshes"],"picked":"TheCursedMod:CircleOfCorruption","floor":0},{"not_picked":["TheCursedMod:SpitefulStrike","TheCursedMod:CursedAmulet"],"picked":"TheCursedMod:RapidMovement","floor":0},{"not_picked":["TheCursedMod:RavingStaff"],"picked":"TheCursedMod:CursedArmor","floor":1},{"not_picked":["TheCursedMod:RapidMovement"],"picked":"TheCursedMod:CursedShiv","floor":2},{"not_picked":["TheCursedMod:Wield"],"picked":"TheCursedMod:CircleOfFlame","floor":3},{"not_picked":["TheCursedMod:CircleOfCorruption"],"picked":"TheCursedMod:Stigma","floor":11},{"not_picked":["TheCursedMod:ShockAndAwe"],"picked":"TheCursedMod:ForbiddenAlchemy","floor":16},{"not_picked":["TheCursedMod:SoulCrush"],"picked":"TheCursedMod:Stigma","floor":18},{"not_picked":["TheCursedMod:CursedStaff+1"],"picked":"TheCursedMod:SurpriseAttack","floor":28},{"not_picked":["TheCursedMod:Stigma+1"],"picked":"TheCursedMod:TroublousMinions","floor":30},{"not_picked":["TheCursedMod:UltimatePain"],"picked":"TheCursedMod:StunningStrike","floor":33},{"not_picked":["TheCursedMod:RavingStaff"],"picked":"TheCursedMod:Wield","floor":35},{"not_picked":["TheCursedMod:BloodBarrier"],"picked":"TheCursedMod:CursedSpellbook","floor":36},{"not_picked":["TheCursedMod:TacticalStrike"],"picked":"TheCursedMod:SmokeScreen+1","floor":37},{"not_picked":["TheCursedMod:SpitefulPlan+1"],"picked":"TheCursedMod:ManaBullet+1","floor":46},{"not_picked":["TheCursedMod:CursedShiv"],"picked":"TheCursedMod:DoubleShield","floor":47}],"player_experience":470268,"relics_obtained":[{"floor":9,"key":"Pen Nib"},{"floor":26,"key":"Bag of Marbles"},{"floor":36,"key":"Mango"},{"floor":43,"key":"theForsaken:ScaryMask"}],"event_choices":[{"damage_healed":0,"gold_gain":0,"player_choice":"Invest 1","damage_taken":0,"max_hp_gain":0,"max_hp_loss":0,"event_name":"conspire:Investor","floor":4,"gold_loss":0},{"damage_healed":75,"gold_gain":0,"player_choice":"Embrace Burn","damage_taken":0,"max_hp_gain":0,"max_hp_loss":75,"event_name":"betterThird:BetterShining","floor":13,"gold_loss":0},{"cards_removed":["TheCursedMod:Hemoplague"],"damage_healed":0,"gold_gain":0,"player_choice":"Take \u0026 Give","damage_taken":0,"max_hp_gain":0,"max_hp_loss":0,"event_name":"betterNote:BetterNote","floor":19,"gold_loss":0,"cards_obtained":["StSpp:Mask"]},{"cards_removed":["Burn"],"damage_healed":0,"gold_gain":0,"player_choice":"Gave Gold","damage_taken":0,"max_hp_gain":0,"max_hp_loss":0,"event_name":"Beggar","floor":20,"gold_loss":75},{"damage_healed":0,"gold_gain":0,"player_choice":"Traded Relic","damage_taken":0,"relics_obtained":["Nloth\u0027s Gift"],"max_hp_gain":0,"max_hp_loss":0,"event_name":"N\u0027loth","floor":22,"relics_lost":["SacredBark"],"gold_loss":0},{"damage_healed":0,"gold_gain":0,"player_choice":"Opened","damage_taken":0,"relics_obtained":["Boot"],"max_hp_gain":0,"max_hp_loss":0,"event_name":"The Mausoleum","floor":31,"gold_loss":0,"cards_obtained":["Writhe"]},{"damage_healed":0,"gold_gain":0,"player_choice":"Fight","damage_taken":0,"max_hp_gain":0,"max_hp_loss":0,"event_name":"MindBloom","floor":36,"gold_loss":0},{"damage_healed":0,"gold_gain":0,"player_choice":"Ignored","damage_taken":0,"max_hp_gain":0,"max_hp_loss":0,"event_name":"Mysterious Sphere","floor":38,"gold_loss":0},{"damage_healed":80,"gold_gain":0,"player_choice":"Heal","damage_taken":0,"max_hp_gain":0,"max_hp_loss":11,"event_name":"The Moai Head","floor":39,"gold_loss":0},{"damage_healed":0,"gold_gain":0,"player_choice":"Paid","damage_taken":0,"relics_obtained":["Red Mask"],"max_hp_gain":0,"max_hp_loss":0,"event_name":"Tomb of Lord Red Mask","floor":44,"gold_loss":34}],"is_beta":false,"boss_relics":[{"not_picked":["StSpp:CrystalBall","Runic Dome"],"picked":"SacredBark"},{"not_picked":["energizedSpire:MagnifyingGlass","energizedSpire:NeverEndingSparkler"],"picked":"TheCursedMod:OminousMark"}],"items_purged_floors":[],"is_endless":false,"potions_floor_spawned":[1,3,16,30,36,37],"ascension_level":0}}