{"host":"04hh9gplt9wkfmr1","time":1611987378,"event":{"mods":["AchievementEnabler","BaseMod","Colored Map","KOR Keyword Fix","Minty Spire (QoL Compilation)","Rare Cards Sparkle","SuperFastMode"],"gold_per_floor":[111,121,131,144,319,319,319,319,319,353,353,369,397,414,414,414,414],"floor_reached":16,"language":"KOR","playtime":288,"items_purged":[],"score":159,"play_id":"0905a40d-0143-4a0b-8172-f143205ed6c2","local_time":"20210130151618","is_ascension_mode":true,"campfire_choices":[{"floor":6.0,"key":"REST"},{"data":"Body Slam","floor":8.0,"key":"SMITH"},{"data":"1","floor":11.0,"key":"LIFT"},{"floor":15.0,"key":"REST"}],"circlet_count":0,"master_deck":["Strike_R","Strike_R","Strike_R","Strike_R","Strike_R","Defend_R","Defend_R","Defend_R","Defend_R","Bash","Body Slam+1","Doubt","Twin Strike+1","Heavy Blade+1","Twin Strike+1"],"relics":["Burning Blood","Matryoshka","White Beast Statue","Molten Egg 2","Girya","Art of War"],"acts_visited":["Exordium"],"potions_floor_usage":[],"damage_taken":[{"damage":5.0,"enemies":"Small Slimes","floor":1.0,"turns":3.0},{"damage":8.0,"enemies":"Jaw Worm","floor":2.0,"turns":4.0},{"damage":1.0,"enemies":"Cultist","floor":3.0,"turns":4.0},{"damage":19.0,"enemies":"3 Louse","floor":4.0,"turns":6.0},{"damage":39.0,"enemies":"Gremlin Nob","floor":10.0,"turns":5.0},{"damage":29.0,"enemies":"Exordium Wildlife","floor":12.0,"turns":6.0},{"damage":30.0,"enemies":"Lagavulin","floor":13.0,"turns":6.0},{"damage":12.0,"enemies":"2 Fungi Beasts","floor":14.0,"turns":3.0},{"damage":0,"enemies":"Hexaghost","floor":16,"turns":1}],"seed_played":"-9214995502382473645","potions_obtained":[{"floor":1.0,"key":"FearPotion"},{"floor":2.0,"key":"Energy Potion"},{"floor":10.0,"key":"Regen Potion"},{"floor":12.0,"key":"DuplicationPotion"},{"floor":13.0,"key":"SpeedPotion"},{"floor":14.0,"key":"SpeedPotion"}],"is_trial":false,"path_per_floor":["M","M","M","M","?","R","?","R","T","E","R","M","E","M","R","B"],"character_chosen":"IRONCLAD","items_purchased":[],"campfire_rested":2,"item_purchase_floors":[],"current_hp_per_floor":[73,71,76,63,63,91,91,91,91,58,58,35,26,20,48,48,48],"gold":414,"neow_bonus":"TWENTY_PERCENT_HP_BONUS","is_daily":false,"chose_seed":false,"campfire_upgraded":1,"win_rate":0.0,"timestamp":1611987378,"path_taken":["M","M","M","M","?","R","?","R","T","E","R","M","E","M","R","BOSS"],"items_purchased_type":[],"build_version":"2020-12-22","purchased_purges":0,"victory":false,"max_hp_per_floor":[96,96,96,96,96,96,96,96,96,96,96,96,96,96,96,96,96],"card_choices":[{"not_picked":["Rupture","Clothesline","Thunderclap"],"picked":"SKIP","floor":1.0},{"not_picked":["Shrug It Off","Whirlwind"],"picked":"Body Slam","floor":2.0},{"not_picked":["Combust","Clash","Intimidate"],"picked":"SKIP","floor":3.0},{"not_picked":["Intimidate","Pommel Strike","Sword Boomerang"],"picked":"SKIP","floor":4.0},{"not_picked":["Sentinel","Burning Pact"],"picked":"Twin Strike+1","floor":10.0},{"not_picked":["Warcry","Shrug It Off"],"picked":"Heavy Blade+1","floor":12.0},{"not_picked":["Sentinel","True Grit","Clothesline+1"],"picked":"SKIP","floor":13.0},{"not_picked":["Fire Breathing","True Grit"],"picked":"Twin Strike+1","floor":14.0}],"player_experience":104961,"relics_obtained":[{"floor":9.0,"key":"White Beast Statue"},{"floor":9.0,"key":"Molten Egg 2"},{"floor":10.0,"key":"Girya"},{"floor":13.0,"key":"Art of War"}],"event_choices":[{"damage_healed":0.0,"max_hp_gain":0.0,"max_hp_loss":0.0,"gold_gain":175.0,"event_name":"Liars Game","player_choice":"AGREE","floor":5.0,"gold_loss":0.0,"damage_taken":0.0,"cards_obtained":["Doubt"]},{"damage_healed":0.0,"max_hp_gain":0.0,"max_hp_loss":0.0,"gold_gain":0.0,"event_name":"Dead Adventurer","player_choice":"Searched \u00272\u0027 times","floor":7.0,"gold_loss":0.0,"damage_taken":0.0,"relics_obtained":["Matryoshka"]}],"is_beta":false,"boss_relics":[],"items_purged_floors":[],"is_endless":false,"potions_floor_spawned":[1,2,10,12,13,14],"killed_by":"Hexaghost","ascension_level":4}}