{"host":"uv5ws9rdk87e8i5k","time":1611983513,"event":{"mods":["AchievementEnabler","BaseMod","Colored Map","Minty Spire (QoL Compilation)","Permanent Neow","Quick Restart","StSLib","SuperFastMode","The Necromancer"],"gold_per_floor":[117,128,128,144,156,186,186,218,218,244,255,273,287,307,307,381,381,397,412,431,466,466,466],"floor_reached":22,"language":"ENG","playtime":788,"items_purged":[],"score":371,"play_id":"e966913e-45b6-4f48-867d-463910f48291","local_time":"20210129231153","is_ascension_mode":true,"campfire_choices":[{"data":"Summon_Vampire_Lady","floor":7.0,"key":"SMITH"},{"data":"Summon_Death_Knight","floor":15.0,"key":"SMITH"}],"circlet_count":0,"master_deck":["AscendersBane","Strike_W","Strike_W","Strike_W","Strike_W","Defend_W","Defend_W","Defend_W","Defend_W","Negative_Energy_Arrows","Bone_Wall","Grasp_Heart","Spectral_Armor","Summon_Vampire_Lady+1","Cloudkill","Summon_Undead_Army","Summon_Vampire_Lady","Summon_Undead_Army","Life_Drain","Summon_Death_Knight+1","Requiem","CurseOfTheBell","Bone_Prison","Spectral_Walk","Negative_Energy_Burst","Necrotic_Claws","Summon_Lich+1"],"relics":["Vampire_Amulet","Question Card","Prayer Wheel","Gremlin Horn","Letter Opener","White Beast Statue","Calling Bell","Oddly Smooth Stone","Frozen Egg 2","Torii","Red Mask"],"acts_visited":["Exordium","TheCity"],"potions_floor_usage":[],"damage_taken":[{"damage":2.0,"enemies":"Small Slimes","floor":1.0,"turns":5.0},{"damage":1.0,"enemies":"2 Louse","floor":2.0,"turns":3.0},{"damage":3.0,"enemies":"Jaw Worm","floor":4.0,"turns":4.0},{"damage":7.0,"enemies":"Large Slime","floor":5.0,"turns":9.0},{"damage":27.0,"enemies":"3 Sentries","floor":6.0,"turns":9.0},{"damage":18.0,"enemies":"Gremlin Nob","floor":8.0,"turns":5.0},{"damage":17.0,"enemies":"3 Sentries","floor":10.0,"turns":7.0},{"damage":10.0,"enemies":"3 Louse","floor":11.0,"turns":3.0},{"damage":23.0,"enemies":"Exordium Thugs","floor":12.0,"turns":6.0},{"damage":5.0,"enemies":"Red Slaver","floor":13.0,"turns":3.0},{"damage":6.0,"enemies":"2 Fungi Beasts","floor":14.0,"turns":3.0},{"damage":31.0,"enemies":"The Guardian","floor":16.0,"turns":8.0},{"damage":11.0,"enemies":"3 Byrds","floor":18.0,"turns":5.0},{"damage":41.0,"enemies":"Spheric Guardian","floor":19.0,"turns":6.0},{"damage":64.0,"enemies":"3 Cultists","floor":20.0,"turns":7.0},{"damage":43.0,"enemies":"Masked Bandits","floor":21.0,"turns":6.0},{"damage":16,"enemies":"Chosen and Byrds","floor":22,"turns":4}],"seed_played":"-9211734441209284910","potions_obtained":[{"floor":2.0,"key":"SneckoOil"},{"floor":8.0,"key":"SkillPotion"},{"floor":10.0,"key":"FearPotion"},{"floor":11.0,"key":"DuplicationPotion"},{"floor":13.0,"key":"Dexterity Potion"},{"floor":16.0,"key":"LiquidMemories"},{"floor":18.0,"key":"Regen Potion"},{"floor":21.0,"key":"SteroidPotion"}],"is_trial":false,"path_per_floor":["M","M","?","M","M","E","R","E","T","E","M","M","M","M","R","B",null,"M","M","M","?","M"],"character_chosen":"NECROMANCER","items_purchased":[],"campfire_rested":0,"item_purchase_floors":[],"current_hp_per_floor":[66,69,64,63,71,71,71,64,64,68,64,71,71,71,71,71,71,71,53,19,3,0,0],"gold":466,"neow_bonus":"ONE_RANDOM_RARE_CARD","is_daily":false,"chose_seed":false,"campfire_upgraded":2,"win_rate":0.0,"timestamp":1611983513,"path_taken":["M","M","?","M","M","E","R","E","T","E","M","M","M","M","R","BOSS","M","M","M","?","M"],"items_purchased_type":[],"build_version":"2020-12-22","purchased_purges":0,"victory":false,"max_hp_per_floor":[71,71,71,71,71,71,71,71,71,71,71,71,71,71,71,71,71,71,71,71,71,71,71],"card_choices":[{"not_picked":["Chill_Blood","Toxic_Smoke_Screen","Bone_Shift"],"picked":"SKIP","floor":1.0},{"not_picked":["Shade_Step","Negative_Energy_Mist"],"picked":"Spectral_Armor","floor":2.0},{"not_picked":["Shackles_Of_Pain","Negative_Energy_Mist","Vampiric_Strike"],"picked":"Summon_Vampire_Lady","floor":4.0},{"not_picked":["Strike_from_Beyond","Thousand_Bone_Knives","Blood_Curse","Chill_Blood"],"picked":"SKIP","floor":5.0},{"not_picked":["Epidemic","Death_March_Dance","Thousand_Bone_Knives","Pandemic"],"picked":"SKIP","floor":6.0},{"not_picked":["Scare","Necromantic_Selection","Negative_Energy_Mist"],"picked":"Cloudkill","floor":8.0},{"not_picked":["Pandemic","Toxic_Smoke_Screen","Blood_Whip"],"picked":"Summon_Undead_Army","floor":10.0},{"not_picked":["Negative_Energy_Mist","Shackles_Of_Pain","Scare"],"picked":"Summon_Vampire_Lady","floor":11.0},{"not_picked":["Death_March_Dance","Strike_from_Beyond","Vampiric_Strike","Death_Knell"],"picked":"SKIP","floor":11.0},{"not_picked":["Negative_Energy_Shield","Life_Tap","Blood_Shield"],"picked":"Summon_Undead_Army","floor":12.0},{"not_picked":["Toxic_Smoke_Screen","Whirlwind_of_Bones","Life_Tap"],"picked":"Life_Drain","floor":12.0},{"not_picked":["Vampiric_Strike","Negative_Energy_Sphere","Finger_Of_Death","Pandemic"],"picked":"SKIP","floor":13.0},{"not_picked":["Stop_Heart","Blood_Whip","Finger_Of_Death","Bone_Armory"],"picked":"SKIP","floor":13.0},{"not_picked":["Blood_Whip","Life_Tap","Death_Coil"],"picked":"Summon_Death_Knight","floor":14.0},{"not_picked":["Toxic_Smoke_Screen","Bone_Shift","Finger_Of_Death","Bone_Spikes"],"picked":"SKIP","floor":14.0},{"not_picked":["Skeleton_Dragon","Blood_Wake","Summon_Death_Knight"],"picked":"Requiem","floor":16.0},{"not_picked":["Consume_Illness","Negative_Energy_Mist+1","Negative_Energy_Shield"],"picked":"Bone_Prison","floor":18.0},{"not_picked":["Bone_Bullets","Negative_Energy_Javelin","Negative_Energy_Mist","Bone_Spikes"],"picked":"SKIP","floor":18.0},{"not_picked":["Scare","Chill_Blood","Deaths_Shadow"],"picked":"Spectral_Walk","floor":19.0},{"not_picked":["Finger_Of_Death","Vampiric_Strike","Blood_Whip"],"picked":"Negative_Energy_Burst","floor":19.0},{"not_picked":["Bone_Armor","Necromantic_Selection","Negative_Energy_Sphere+1"],"picked":"Necrotic_Claws","floor":20.0},{"not_picked":["Scare","Whirlwind_of_Bones","Negative_Energy_Javelin","Pandemic"],"picked":"SKIP","floor":20.0},{"not_picked":["Shackles_Of_Pain+1","Blood_Magic+1","Life_Drain+1"],"picked":"Summon_Lich+1","floor":21.0}],"player_experience":308429,"relics_obtained":[{"floor":6.0,"key":"Prayer Wheel"},{"floor":8.0,"key":"Gremlin Horn"},{"floor":9.0,"key":"Letter Opener"},{"floor":10.0,"key":"White Beast Statue"},{"floor":17.0,"key":"Oddly Smooth Stone"},{"floor":17.0,"key":"Frozen Egg 2"},{"floor":17.0,"key":"Torii"},{"floor":21.0,"key":"Red Mask"}],"event_choices":[{"damage_healed":0.0,"max_hp_gain":0.0,"max_hp_loss":0.0,"gold_gain":0.0,"event_name":"Scrap Ooze","player_choice":"Success","floor":3.0,"gold_loss":0.0,"damage_taken":5.0,"relics_obtained":["Question Card"]},{"damage_healed":0.0,"max_hp_gain":0.0,"max_hp_loss":0.0,"gold_gain":0.0,"event_name":"Masked Bandits","player_choice":"Fought Bandits","floor":21.0,"gold_loss":0.0,"damage_taken":0.0}],"is_beta":false,"boss_relics":[{"not_picked":["Tiny House","SacredBark"],"picked":"Calling Bell"}],"items_purged_floors":[],"is_endless":false,"potions_floor_spawned":[2,8,10,11,12,13,14,16,18,19,20,21],"killed_by":"Chosen and Byrds","ascension_level":15}}