{"host":"jbw470l122a0du6q","time":1611997972,"event":{"mods":["BaseMod","Better Altar","Better Match","Better Note","Better Sensory Stone","Better Skull","Better Third Choice","Dark Map","Downfall","Duelist Mod","GifTheSpireLib","Hermit","MarisaÅiñ∂âJÅ@ñÇóùçπÅj","Minty Spire (QoL Compilation)","StSLib","The Construct","The Cursed","The Disciple","The Marked","The Runesmith","The Servant 0.9.4"],"gold_per_floor":[142,157,232,307,482,516,516,541,593,593,607,98815,98846,98865,98865,98967,98967,98967,98967,98967,98967,98967,98967,98967],"floor_reached":23,"language":"ENG","playtime":1511,"items_purged":[],"score":339,"play_id":"597b9c0d-23d0-420e-ab25-73ab44d71337","local_time":"20210130041252","is_ascension_mode":true,"campfire_choices":[{"data":"theDuelist:BookSecret","floor":7,"key":"SMITH"},{"data":"theDuelist:GoldenApples","floor":10,"key":"SMITH"},{"data":"theDuelist:ContractExodia","floor":15,"key":"SMITH"}],"circlet_count":0,"master_deck":["theDuelist:CastleWalls","theDuelist:CastleWalls","theDuelist:DarkMagician","theDuelist:MysticalElf","theDuelist:MysticalElf","theDuelist:NeoMagic","theDuelist:NeoMagic","theDuelist:Sparks","theDuelist:Sparks","theDuelist:Sparks","theDuelist:FogKing","theDuelist:CallAtlanteans","Doubt","theDuelist:BookSecret+1","theDuelist:GoldenApples+1","theDuelist:ExodiaNecross","theDuelist:FairyBox","Mayhem","theDuelist:ContractExodia+1","theDuelist:RainbowKuriboh","theDuelist:ContractExodia","theDuelist:ExodiaNecross+1","theDuelist:MillenniumGolem"],"relics":["theDuelist:MillenniumPuzzle","theDuelist:CardPoolRelic","theDuelist:CardPoolBasicRelic","theDuelist:BoosterPackPoolRelic","theDuelist:CardPoolAddRelic","theDuelist:CardPoolMinusRelic","theDuelist:CardPoolSaveRelic","theDuelist:CardPoolOptionsRelic","NeowsBlessing","Nunchaku","Odd Mushroom","theDuelist:MillenniumArmor","theDuelist:ArmorPlateC","theDuelist:MillenniumSymbol","Anchor","Girya","Ectoplasm","betterThird:NestCultRelic","Red Mask"],"acts_visited":["Exordium","TheCity"],"potions_floor_usage":[23,23],"damage_taken":[{"damage":0,"enemies":"Small Slimes","floor":1,"turns":1},{"damage":0,"enemies":"Jaw Worm","floor":2,"turns":1},{"damage":0,"enemies":"Gremlin Nob","floor":6,"turns":1},{"damage":29,"enemies":"The Mushroom Lair","floor":8,"turns":8},{"damage":0,"enemies":"2 Louse","floor":11,"turns":2},{"damage":0,"enemies":"Lagavulin","floor":13,"turns":7},{"damage":0,"enemies":"Large Slime","floor":14,"turns":8},{"damage":0,"enemies":"Slime Boss","floor":16,"turns":12},{"damage":21,"enemies":"3 Byrds","floor":18,"turns":7},{"damage":50,"enemies":"Masked Bandits","floor":20,"turns":6},{"damage":0,"enemies":"Chosen","floor":21,"turns":5},{"damage":16,"enemies":"Shelled Parasite and Fungi","floor":22,"turns":7},{"damage":20,"enemies":"Slavers","floor":23,"turns":3}],"seed_played":"-9020062751373445228","potions_obtained":[{"floor":6,"key":"Swift Potion"},{"floor":11,"key":"theDuelist:SealedPack"},{"floor":16,"key":"SkillPotion"}],"is_trial":false,"path_per_floor":["M","M","?","?","?","E","R","?","T","R","M","$","E","M","R","B",null,"M","?","?","M","M","E"],"character_chosen":"THE_DUELIST","items_purchased":["theDuelist:ArmorPlateC","theDuelist:MillenniumSymbol","Anchor","theDuelist:FairyBox","Mayhem"],"campfire_rested":0,"item_purchase_floors":[12,12,12,12,12],"current_hp_per_floor":[80,80,80,69,69,69,69,40,40,40,40,40,40,60,60,60,100,79,79,29,29,13,0,0],"gold":98967,"neow_bonus":"THREE_ENEMY_KILL","is_daily":false,"chose_seed":false,"campfire_upgraded":3,"win_rate":0.0,"timestamp":1611997972,"path_taken":["M","M","?","?","?","E","R","?","T","R","M","?","E","M","R","BOSS","M","?","?","M","M","E"],"items_purchased_type":["Relic","Relic","Relic","Card","Card"],"build_version":"2020-12-22","purchased_purges":0,"victory":false,"max_hp_per_floor":[80,80,80,80,80,80,80,80,80,80,80,80,80,100,100,100,100,100,100,100,100,100,100,100],"card_choices":[{"not_picked":["theDuelist:LegendaryExodia","theDuelist:ExodiaLA"],"picked":"theDuelist:FogKing","floor":1},{"not_picked":["theDuelist:InfernoFireBlast","theDuelist:MagicalBlast","theDuelist:OnslaughtFireKings","theDuelist:SilentDoom"],"picked":"theDuelist:CallAtlanteans","floor":2},{"not_picked":["theDuelist:SilentDoom","theDuelist:InfernoFireBlast","theDuelist:DiffusionWaveMotion","theDuelist:SwordsBurning"],"picked":"theDuelist:BookSecret","floor":6},{"not_picked":["theDuelist:LightningRodLord","theDuelist:BlockGolem","theDuelist:RockSunrise","theDuelist:RedHeadedOni"],"picked":"theDuelist:GoldenApples","floor":8},{"not_picked":["theDuelist:LegendaryExodia","theDuelist:MythicalBeast"],"picked":"theDuelist:ExodiaNecross","floor":11},{"not_picked":["theDuelist:Hinotama+1","theDuelist:LightningDarts","theDuelist:Wiretap","theDuelist:RedMedicine+1"],"picked":"theDuelist:DestructPotion","floor":13},{"not_picked":["theDuelist:ExodiaRL","theDuelist:ExodiaLL","theDuelist:ExodiaLA","theDuelist:ExodiaHead"],"picked":"theDuelist:ContractExodia","floor":14},{"not_picked":["theDuelist:RainbowDarkDragon","theDuelist:IrisEarthMother","theDuelist:RainbowMagician","theDuelist:RainbowOverdragon"],"picked":"theDuelist:RainbowKuriboh","floor":16},{"not_picked":["theDuelist:SangaEarth","theDuelist:DarkMagician+1","theDuelist:DiffusionWaveMotion","theDuelist:MythicalBeast"],"picked":"theDuelist:ContractExodia","floor":18},{"not_picked":["theDuelist:Wildfire","theDuelist:GateGuardian"],"picked":"theDuelist:ExodiaNecross+1","floor":20},{"not_picked":["theDuelist:SangaThunder","theDuelist:DarkMagician+1","theDuelist:LordD","theDuelist:ThousandEyesIdol","theDuelist:MagiciansRobe"],"picked":"SKIP","floor":21},{"not_picked":["theDuelist:EarthquakeGiant+1","theDuelist:GiantSoldierSteel","theDuelist:MagicHoleGolem","theDuelist:MudGolem"],"picked":"theDuelist:MillenniumGolem","floor":22}],"player_experience":75194,"relics_obtained":[{"floor":6,"key":"Nunchaku"},{"floor":8,"key":"Odd Mushroom"},{"floor":9,"key":"theDuelist:MillenniumArmor"},{"floor":13,"key":"Girya"},{"floor":20,"key":"Red Mask"}],"event_choices":[{"damage_healed":0,"gold_gain":75,"player_choice":"Gained Gold","damage_taken":0,"max_hp_gain":0,"max_hp_loss":0,"event_name":"Golden Wing","floor":3,"gold_loss":0},{"damage_healed":0,"gold_gain":75,"player_choice":"Gold","damage_taken":11,"max_hp_gain":0,"max_hp_loss":0,"event_name":"betterThird:BetterGoop","floor":4,"gold_loss":0},{"damage_healed":0,"gold_gain":175,"player_choice":"AGREE","damage_taken":307,"max_hp_gain":0,"max_hp_loss":0,"event_name":"betterThird:BetterSerpent","floor":5,"gold_loss":0},{"damage_healed":0,"gold_gain":0,"player_choice":"Fought Mushrooms","damage_taken":0,"max_hp_gain":0,"max_hp_loss":0,"event_name":"Mushrooms","floor":8,"gold_loss":0},{"damage_healed":0,"gold_gain":0,"player_choice":"Madness","damage_taken":0,"relics_obtained":["betterThird:NestCultRelic"],"max_hp_gain":0,"max_hp_loss":0,"event_name":"betterThird:BetterNest","floor":19,"gold_loss":0},{"damage_healed":0,"gold_gain":0,"player_choice":"Fought Bandits","damage_taken":0,"max_hp_gain":0,"max_hp_loss":0,"event_name":"Masked Bandits","floor":20,"gold_loss":0}],"is_beta":false,"boss_relics":[{"not_picked":["theDuelist:ElectricKey","Cursed Key"],"picked":"Ectoplasm"}],"items_purged_floors":[],"is_endless":false,"potions_floor_spawned":[6,11,16,20],"killed_by":"Slavers","ascension_level":1}}