{"host":"49pjgf1q9ev52n8z","time":1611992933,"event":{"mods":["BaseMod","Bestiary","Colored Map","Minty Spire (QoL Compilation)","Relic Stats","StSLib"],"gold_per_floor":[215,235,255,255,255,287,299,328,364,386,12,40,40,51,51,125,125,138,148,148,148,168,168,193,213,213,227,227,227],"floor_reached":28,"language":"ENG","playtime":3910,"items_purged":[],"score":491,"play_id":"ea20ac8a-7347-48e5-8b0c-c11fc4b9fc50","local_time":"20210129234853","is_ascension_mode":true,"campfire_choices":[{"data":"Neutralize","floor":7,"key":"SMITH"},{"floor":15,"key":"REST"},{"floor":23,"key":"REST"}],"circlet_count":0,"master_deck":["AscendersBane","Strike_G","Strike_G","Strike_G","Strike_G","Strike_G","Defend_G","Defend_G","Defend_G","Defend_G","Defend_G","Survivor+1","Neutralize+1","Caltrops+1","Quick Slash","Flying Knee","Cloak And Dagger","Bouncing Flask+1","Slice","Footwork","Blur","Predator","Adrenaline","Well Laid Plans","Noxious Fumes","Dagger Spray","Deadly Poison+1"],"relics":["Ring of the Snake","MawBank","Strawberry","Membership Card","Incense Burner","War Paint","Sozu","MutagenicStrength","InkBottle","Pen Nib","Torii"],"acts_visited":["Exordium","TheCity"],"potions_floor_usage":[6,6,12,14,18,18],"damage_taken":[{"damage":1,"enemies":"Small Slimes","floor":1,"turns":7},{"damage":3,"enemies":"2 Louse","floor":2,"turns":3},{"damage":0,"enemies":"Cultist","floor":3,"turns":4},{"damage":27,"enemies":"Lagavulin","floor":6,"turns":7},{"damage":2,"enemies":"Looter","floor":8,"turns":3},{"damage":8,"enemies":"Exordium Wildlife","floor":10,"turns":4},{"damage":10,"enemies":"3 Sentries","floor":12,"turns":12},{"damage":0,"enemies":"Exordium Thugs","floor":14,"turns":4},{"damage":4,"enemies":"The Guardian","floor":16,"turns":9},{"damage":7,"enemies":"Chosen","floor":18,"turns":4},{"damage":19,"enemies":"3 Byrds","floor":19,"turns":4},{"damage":7,"enemies":"Snake Plant","floor":22,"turns":4},{"damage":29,"enemies":"Book of Stabbing","floor":24,"turns":5},{"damage":12,"enemies":"Centurion and Healer","floor":25,"turns":9},{"damage":1,"enemies":"3 Cultists","floor":27,"turns":5},{"damage":20,"enemies":"Cultist and Chosen","floor":28,"turns":5}],"seed_played":"-7093266058280029839","potions_obtained":[{"floor":2,"key":"Fire Potion"},{"floor":3,"key":"Poison Potion"},{"floor":8,"key":"Weak Potion"},{"floor":12,"key":"ColorlessPotion"},{"floor":14,"key":"Block Potion"}],"is_trial":false,"path_per_floor":["M","M","M","?","?","E","R","M","T","M","$","E","?","M","R","B",null,"M","M","?","T","M","R","E","M","T","M","M"],"character_chosen":"THE_SILENT","items_purchased":["Membership Card","Incense Burner","Footwork","Dexterity Potion"],"campfire_rested":2,"item_purchase_floors":[11,11,11,11],"current_hp_per_floor":[58,55,55,60,60,33,33,31,38,30,30,20,20,20,43,39,68,61,42,42,42,35,58,29,17,17,16,0,0],"gold":227,"neow_bonus":"HUNDRED_GOLD","is_daily":false,"chose_seed":false,"campfire_upgraded":1,"win_rate":0.0,"timestamp":1611992933,"path_taken":["M","M","M","?","?","E","R","M","T","?","$","E","?","M","R","BOSS","M","M","?","?","M","R","E","?","T","M","M"],"items_purchased_type":["Relic","Relic","Card","Potion"],"build_version":"2020-12-22","purchased_purges":0,"victory":false,"max_hp_per_floor":[66,66,66,71,71,71,71,71,78,78,78,78,78,78,78,78,78,78,78,78,78,78,78,78,78,78,78,78,78],"relic_stats":{"Sozu":2,"Torii":2,"counters":[16,89],"Pen Nib":[4],"War Paint":["Bouncing Flask","Survivor"],"MawBank":60,"obtain_stats":[{"Sozu":17,"Torii":26,"Strawberry":9,"MutagenicStrength":20,"Pen Nib":24,"Incense Burner":11,"Membership Card":11,"War Paint":12,"MawBank":6,"InkBottle":21,"Ring of the Snake":0},{"Sozu":9,"Torii":14,"Strawberry":5,"MutagenicStrength":11,"Pen Nib":13,"Incense Burner":6,"Membership Card":6,"War Paint":7,"MawBank":4,"InkBottle":11,"Ring of the Snake":0},{"Sozu":53,"Torii":79,"Strawberry":24,"MutagenicStrength":61,"Pen Nib":70,"Incense Burner":28,"Membership Card":28,"War Paint":40,"MawBank":21,"InkBottle":61,"Ring of the Snake":0}],"InkBottle":[12],"Ring of the Snake":[32]},"card_choices":[{"not_picked":["Backflip","Dodge and Roll"],"picked":"Caltrops","floor":1},{"not_picked":["Blade Dance","Crippling Poison"],"picked":"Quick Slash","floor":2},{"not_picked":["Outmaneuver","Prepared"],"picked":"Flying Knee","floor":3},{"not_picked":["Escape Plan","PiercingWail"],"picked":"Cloak And Dagger","floor":6},{"not_picked":["Cloak And Dagger","Slice"],"picked":"Bouncing Flask","floor":8},{"not_picked":["Escape Plan","Underhanded Strike"],"picked":"Slice","floor":10},{"not_picked":["Cloak And Dagger","Bane"],"picked":"Blur","floor":12},{"not_picked":["Tactician","Leg Sweep"],"picked":"Predator","floor":14},{"not_picked":["Doppelganger","Glass Knife"],"picked":"Adrenaline","floor":16},{"not_picked":["Masterful Stab","Dagger Throw"],"picked":"Well Laid Plans","floor":18},{"not_picked":["Quick Slash","Riddle With Holes+1","Reflex"],"picked":"SKIP","floor":19},{"not_picked":["Blur","Terror+1"],"picked":"Noxious Fumes","floor":22},{"not_picked":["Deflect","Cloak And Dagger"],"picked":"Dagger Spray","floor":24},{"not_picked":["Quick Slash","Prepared"],"picked":"Deadly Poison+1","floor":25},{"not_picked":["Reflex","Eviscerate","Heel Hook"],"picked":"SKIP","floor":27}],"player_experience":641068,"relics_obtained":[{"floor":6,"key":"MawBank"},{"floor":9,"key":"Strawberry"},{"floor":12,"key":"War Paint"},{"floor":21,"key":"InkBottle"},{"floor":24,"key":"Pen Nib"},{"floor":26,"key":"Torii"}],"event_choices":[{"damage_healed":0,"gold_gain":0,"player_choice":"Donut","damage_taken":0,"max_hp_gain":5,"max_hp_loss":0,"event_name":"Big Fish","floor":4,"gold_loss":0},{"damage_healed":0,"gold_gain":0,"player_choice":"Upgraded","damage_taken":0,"max_hp_gain":0,"max_hp_loss":0,"event_name":"Upgrade Shrine","floor":5,"gold_loss":0,"cards_upgraded":["Caltrops"]},{"damage_healed":0,"gold_gain":0,"player_choice":"Fled","damage_taken":0,"max_hp_gain":0,"max_hp_loss":0,"event_name":"Scrap Ooze","floor":13,"gold_loss":0},{"damage_healed":0,"gold_gain":0,"player_choice":"Inject Mutagens","damage_taken":0,"relics_obtained":["MutagenicStrength"],"max_hp_gain":0,"max_hp_loss":0,"event_name":"Drug Dealer","floor":20,"gold_loss":0}],"is_beta":false,"boss_relics":[{"not_picked":["Pandora\u0027s Box","Ring of the Serpent"],"picked":"Sozu"}],"items_purged_floors":[],"is_endless":false,"potions_floor_spawned":[2,3,8,12,14,22,25],"killed_by":"Cultist and Chosen","ascension_level":19}}