{"host":"osk2oboccoevp2u5","time":1611981484,"event":{"mods":["AchievementEnabler","Alarm Clock","BaseMod","Colored Powertips","Disable Question Mark Monsters","Displayed Cursed Tome","Hermit","Key Reminder","Minty Spire (QoL Compilation)","Potion Indicator Mod","Quick Restart","Rare Cards Sparkle","Reorder Act Four","StSLib","Useless Jewels Mod"],"gold_per_floor":[109,119,138,138,155,189,206,238,238,250,250,250,220,233,233,337,337,350,21,21,32,43,43,43,43,43,56,56,69,104,123,123,223,223,241,241,136,147,147,147,159,20,44,44,44],"floor_reached":44,"language":"ENG","playtime":3555,"items_purged":["hermit:Strike_Hermit","hermit:Defend_Hermit"],"score":530,"play_id":"d60f3c83-e0f6-499b-a207-e378e33ad62e","local_time":"20210130003804","is_ascension_mode":true,"campfire_choices":[{"floor":12,"key":"REST"},{"floor":15,"key":"REST"},{"floor":23,"key":"REST"},{"data":"hermit:Covet","floor":25,"key":"SMITH"},{"floor":28,"key":"REST"},{"floor":32,"key":"REST"},{"floor":40,"key":"REST"}],"circlet_count":0,"master_deck":["hermit:Defend_Hermit","hermit:Defend_Hermit","hermit:Snapshot","hermit:Covet+1","hermit:Headshot","hermit:BigShot","hermit:BodyArmor","hermit:BodyArmor","hermit:HoleUp","hermit:Headshot","hermit:Cheat","hermit:HoleUp","hermit:Glare","hermit:HoleUp","hermit:Glare","hermit:ShadowCloak","RitualDagger","hermit:BigShot","hermit:Brawl+1","hermit:Cheat","hermit:FatalDesire","Dramatic Entrance","hermit:BodyArmor","hermit:LuckOfTheDraw+1","hermit:NoHoldsBarred"],"relics":["hermit:Momento","Letter Opener","MealTicket","Prayer Wheel","Empty Cage","hermit:PetGhost","Strawberry","Incense Burner","Black Star","Girya","Potion Belt"],"acts_visited":["Exordium","TheCity","TheBeyond"],"potions_floor_usage":[6,6,8,8,10,16,16,21,29,33,35],"damage_taken":[{"damage":10,"enemies":"2 Louse","floor":1,"turns":3},{"damage":6,"enemies":"Cultist","floor":2,"turns":4},{"damage":2,"enemies":"Jaw Worm","floor":3,"turns":3},{"damage":7,"enemies":"Looter","floor":5,"turns":3},{"damage":20,"enemies":"3 Sentries","floor":6,"turns":8},{"damage":5,"enemies":"3 Louse","floor":7,"turns":2},{"damage":20,"enemies":"Lagavulin","floor":8,"turns":7},{"damage":4,"enemies":"Lots of Slimes","floor":10,"turns":4},{"damage":1,"enemies":"Looter","floor":13,"turns":4},{"damage":1,"enemies":"3 Louse","floor":14,"turns":5},{"damage":62,"enemies":"Slime Boss","floor":16,"turns":14},{"damage":1,"enemies":"Chosen","floor":18,"turns":5},{"damage":18,"enemies":"Shell Parasite","floor":21,"turns":18},{"damage":84,"enemies":"Centurion and Healer","floor":22,"turns":13},{"damage":22,"enemies":"Sentry and Sphere","floor":27,"turns":10},{"damage":3,"enemies":"Snake Plant","floor":29,"turns":6},{"damage":163,"enemies":"Gremlin Leader","floor":30,"turns":12},{"damage":11,"enemies":"Snecko","floor":31,"turns":5},{"damage":17,"enemies":"Collector","floor":33,"turns":10},{"damage":53,"enemies":"3 Darklings","floor":35,"turns":13},{"damage":1,"enemies":"3 Shapes","floor":38,"turns":6},{"damage":5,"enemies":"Jaw Worm Horde","floor":41,"turns":8},{"damage":100070,"enemies":"Transient","floor":44,"turns":5}],"seed_played":"5103269318619424655","potions_obtained":[{"floor":4,"key":"LiquidBronze"},{"floor":4,"key":"AttackPotion"},{"floor":4,"key":"Weak Potion"},{"floor":6,"key":"EssenceOfSteel"},{"floor":8,"key":"AttackPotion"},{"floor":10,"key":"Ancient Potion"},{"floor":14,"key":"Strength Potion"},{"floor":18,"key":"hermit:Tonic"},{"floor":22,"key":"Swift Potion"},{"floor":31,"key":"Swift Potion"},{"floor":33,"key":"LiquidMemories"},{"floor":41,"key":"LiquidBronze"}],"is_trial":false,"path_per_floor":["M","M","M","?","M","E","M","E","T","M","?","R","M","M","R","B",null,"M","$","?","M","M","R","?","R","T","M","R","M","E","M","R","B",null,"M","?","?","M","?","R","M","$","T","M"],"character_chosen":"HERMIT","items_purchased":["FairyPotion","hermit:PetGhost","hermit:NoHoldsBarred"],"campfire_rested":6,"item_purchase_floors":[19,19,42],"current_hp_per_floor":[72,66,64,64,57,37,32,12,12,8,8,32,31,30,54,68,82,81,82,76,58,52,76,76,76,83,61,87,84,22,11,37,20,89,36,36,36,35,35,61,56,71,71,0,0],"gold":44,"neow_bonus":"TEN_PERCENT_HP_BONUS","is_daily":false,"chose_seed":false,"campfire_upgraded":1,"win_rate":0.0,"timestamp":1611981484,"path_taken":["M","M","M","?","M","E","?","E","T","?","?","R","M","M","R","BOSS","M","$","?","M","M","R","?","R","T","M","R","?","E","M","R","BOSS","M","?","?","?","?","R","M","$","T","M"],"items_purchased_type":["Potion","Relic","Card"],"build_version":"2020-12-22","purchased_purges":2,"victory":false,"max_hp_per_floor":[82,82,82,82,82,82,82,82,82,82,82,82,82,82,82,82,82,82,82,82,82,82,82,82,82,89,89,89,89,89,89,89,89,89,89,89,89,89,89,89,89,89,89,89,89],"card_choices":[{"not_picked":["hermit:Feint","hermit:CalledShot","hermit:GhostlyPresence"],"picked":"SKIP","floor":1},{"not_picked":["hermit:Coalescence","hermit:LowProfile"],"picked":"hermit:Headshot","floor":2},{"not_picked":["hermit:LoneWolf","hermit:Roulette"],"picked":"hermit:BigShot","floor":3},{"not_picked":["hermit:Desperado","hermit:WideOpen","hermit:Virtue"],"picked":"SKIP","floor":5},{"not_picked":["hermit:LoneWolf","hermit:Gestalt"],"picked":"hermit:BodyArmor","floor":6},{"not_picked":["hermit:LowProfile","hermit:NoHoldsBarred"],"picked":"hermit:BodyArmor","floor":7},{"not_picked":["hermit:GoldenBullet","hermit:Deadeye"],"picked":"hermit:HoleUp","floor":8},{"not_picked":["hermit:Spite","hermit:RoundhouseKick"],"picked":"hermit:Headshot","floor":10},{"not_picked":["hermit:CalledShot","hermit:Desperado"],"picked":"hermit:Cheat","floor":10},{"not_picked":["hermit:Shortfuse","hermit:SprayPray"],"picked":"hermit:HoleUp","floor":13},{"not_picked":["hermit:FullyLoaded","hermit:ShadowCloak"],"picked":"hermit:Glare","floor":13},{"not_picked":["hermit:FlashPowder","hermit:Misfire"],"picked":"hermit:HoleUp","floor":14},{"not_picked":["hermit:BodyArmor","hermit:Gambit"],"picked":"hermit:Glare","floor":14},{"not_picked":["hermit:CursedWeapon","hermit:Quickdraw"],"picked":"hermit:ShadowCloak","floor":18},{"not_picked":["hermit:NoHoldsBarred","hermit:TrackingShot","hermit:EyeOfTheStorm"],"picked":"SKIP","floor":18},{"not_picked":["hermit:Brawl","hermit:Manifest"],"picked":"hermit:BigShot","floor":21},{"not_picked":["hermit:CursedWeapon","hermit:Coalescence+1","hermit:Determination"],"picked":"SKIP","floor":21},{"not_picked":["hermit:Headshot","hermit:Quickdraw","hermit:GoldenBullet+1"],"picked":"SKIP","floor":22},{"not_picked":["hermit:Gestalt+1","hermit:Horror","hermit:Midnight"],"picked":"SKIP","floor":22},{"not_picked":["hermit:Feint","hermit:TrackingShot"],"picked":"hermit:Brawl+1","floor":27},{"not_picked":["hermit:Roulette","hermit:LuckOfTheDraw"],"picked":"hermit:Cheat","floor":27},{"not_picked":["hermit:Combo","hermit:Misfire","hermit:Ricochet"],"picked":"SKIP","floor":29},{"not_picked":["hermit:FullyLoaded+1","hermit:Spite","hermit:DeadOrAlive"],"picked":"SKIP","floor":29},{"not_picked":["hermit:Coalescence","hermit:Feint","hermit:SprayPray"],"picked":"SKIP","floor":30},{"not_picked":["hermit:Headshot+1","hermit:Coalescence","hermit:LowProfile+1"],"picked":"SKIP","floor":31},{"not_picked":["hermit:TakeCover","hermit:Vantage+1","hermit:HoleUp"],"picked":"SKIP","floor":31},{"not_picked":["hermit:Reprieve","hermit:DeadOrAlive"],"picked":"hermit:FatalDesire","floor":33},{"not_picked":["hermit:Headshot+1","hermit:ItchyTrigger+1","hermit:Roulette"],"picked":"SKIP","floor":35},{"not_picked":["hermit:CalledShot","hermit:Desperado+1","hermit:Feint"],"picked":"SKIP","floor":35},{"not_picked":["Secret Weapon","Panacea"],"picked":"Dramatic Entrance","floor":36},{"not_picked":["hermit:ShadowCloak+1","hermit:Desperado"],"picked":"hermit:BodyArmor","floor":38},{"not_picked":["hermit:Snipe","hermit:Misfire+1","hermit:ShadowCloak+1"],"picked":"SKIP","floor":38},{"not_picked":["hermit:PistolWhip","hermit:Gestalt+1"],"picked":"hermit:LuckOfTheDraw+1","floor":41},{"not_picked":["hermit:DeadMansHand","hermit:Quickdraw","hermit:Feint"],"picked":"SKIP","floor":41}],"player_experience":975507,"relics_obtained":[{"floor":6,"key":"Letter Opener"},{"floor":8,"key":"MealTicket"},{"floor":9,"key":"Prayer Wheel"},{"floor":26,"key":"Strawberry"},{"floor":30,"key":"Incense Burner"},{"floor":43,"key":"Potion Belt"}],"event_choices":[{"damage_healed":0,"gold_gain":0,"player_choice":"Got Potions","damage_taken":0,"max_hp_gain":0,"max_hp_loss":0,"event_name":"Lab","floor":4,"gold_loss":0},{"cards_removed":["hermit:Strike_Hermit"],"damage_healed":0,"gold_gain":0,"player_choice":"Forget","damage_taken":0,"max_hp_gain":0,"max_hp_loss":0,"event_name":"Living Wall","floor":11,"gold_loss":0},{"damage_healed":0,"gold_gain":0,"player_choice":"Joined the Cult","damage_taken":6,"max_hp_gain":0,"max_hp_loss":0,"event_name":"Nest","floor":20,"gold_loss":0,"cards_obtained":["RitualDagger"]},{"cards_removed":["hermit:Defend_Hermit"],"damage_healed":0,"gold_gain":0,"player_choice":"Card Removal","damage_taken":0,"max_hp_gain":0,"max_hp_loss":0,"event_name":"Wheel of Change","floor":24,"gold_loss":0},{"damage_healed":0,"gold_gain":0,"player_choice":"Memory 1","damage_taken":0,"max_hp_gain":0,"max_hp_loss":0,"event_name":"SensoryStone","floor":36,"gold_loss":0},{"damage_healed":0,"gold_gain":0,"player_choice":"Paid Gold","damage_taken":0,"relics_obtained":["Girya"],"max_hp_gain":0,"max_hp_loss":0,"event_name":"WeMeetAgain","floor":37,"gold_loss":105},{"damage_healed":0,"gold_gain":0,"player_choice":"Ignored","damage_taken":0,"max_hp_gain":0,"max_hp_loss":0,"event_name":"Mysterious Sphere","floor":39,"gold_loss":0}],"is_beta":false,"boss_relics":[{"not_picked":["Calling Bell","Astrolabe"],"picked":"Empty Cage"},{"not_picked":["SacredBark","hermit:ClaspedLocket"],"picked":"Black Star"}],"items_purged_floors":[19,42],"is_endless":false,"potions_floor_spawned":[5,6,8,10,14,18,22,31,33,41],"killed_by":"Transient","ascension_level":4}}