{"host":"w8hjdfrntrrvtiu5","time":1611967301,"event":{"mods":["AchievementEnabler","BaseMod","BetterRewards","Conspire","Hubris","Marisa????????","Minty Spire (QoL Compilation)","Shop Mod","StSLib","Td1madao Mod","The Animator","egg","everything is the same but u backflip on backflip"],"gold_per_floor":[12,87,117,133,133,133,163,178,203,203,203],"floor_reached":10,"language":"ENG","playtime":311,"items_purged":[],"score":109,"play_id":"6c33a7a8-b296-4774-93bc-82d7018b825a","local_time":"20210129194141","is_ascension_mode":true,"campfire_choices":[{"floor":6.0,"key":"REST"}],"circlet_count":0,"master_deck":["AscendersBane","Strike_R","Strike_R+1","Strike_R","Strike_R","Strike_R","Defend_R","Defend_R","Defend_R","Defend_R+1","Bash","Iron Wave","Thunderclap","Flame Barrier","Body Slam","Wild Strike"],"relics":["Burning Blood","Mango","MealTicket","Bottled Flame","hubris:ToyBattleship"],"acts_visited":["Exordium"],"potions_floor_usage":[10],"damage_taken":[{"damage":1.0,"enemies":"Cultist","floor":1.0,"turns":4.0},{"damage":38.0,"enemies":"conspire:MimicChest","floor":3.0,"turns":6.0},{"damage":12.0,"enemies":"Small Slimes","floor":4.0,"turns":4.0},{"damage":45.0,"enemies":"Gremlin Nob","floor":7.0,"turns":6.0},{"damage":3.0,"enemies":"2 Louse","floor":8.0,"turns":3.0},{"damage":8,"enemies":"3 Sentries","floor":10,"turns":5}],"seed_played":"-5217538129007455548","potions_obtained":[{"floor":3.0,"key":"Block Potion"},{"floor":4.0,"key":"FearPotion"}],"is_trial":false,"path_per_floor":["M","?","?","M","?","R","E","M","T","E"],"character_chosen":"IRONCLAD","items_purchased":[],"campfire_rested":1,"item_purchase_floors":[],"current_hp_per_floor":[91,80,48,42,23,51,12,15,15,7,7],"gold":203,"neow_bonus":"ONE_RARE_RELIC","is_daily":false,"chose_seed":false,"campfire_upgraded":0,"win_rate":0.0,"timestamp":1611967301,"path_taken":["M","?","?","?","?","R","E","M","T","E"],"items_purchased_type":[],"build_version":"2020-12-22","purchased_purges":0,"victory":false,"max_hp_per_floor":[94,94,94,94,94,94,94,94,94,94,94],"card_choices":[{"not_picked":["Metallicize","Battle Trance"],"picked":"Iron Wave","floor":1.0},{"not_picked":["Perfected Strike","Clash"],"picked":"Thunderclap","floor":3.0},{"not_picked":["Fire Breathing","Clothesline"],"picked":"Flame Barrier","floor":4.0},{"not_picked":["Exhume","Twin Strike"],"picked":"Body Slam","floor":7.0},{"not_picked":["Anger","Sever Soul"],"picked":"Wild Strike","floor":8.0}],"player_experience":2408278,"relics_obtained":[{"floor":3.0,"key":"MealTicket"},{"floor":7.0,"key":"Bottled Flame"},{"floor":9.0,"key":"hubris:ToyBattleship"}],"event_choices":[{"damage_healed":0.0,"max_hp_gain":0.0,"max_hp_loss":0.0,"gold_gain":75.0,"event_name":"World of Goop","player_choice":"Gather Gold","floor":2.0,"gold_loss":0.0,"damage_taken":11.0},{"damage_healed":0.0,"max_hp_gain":0.0,"max_hp_loss":0.0,"gold_gain":0.0,"event_name":"Shining Light","player_choice":"Entered Light","floor":5.0,"gold_loss":0.0,"damage_taken":19.0,"cards_upgraded":["Strike_R","Defend_R"]}],"is_beta":false,"boss_relics":[],"items_purged_floors":[],"is_endless":false,"potions_floor_spawned":[3,4],"killed_by":"3 Sentries","ascension_level":13}}