{"host":"laht7omblfcukqgz","time":1611992628,"event":{"mods":["Act Like it!","Astrologer","BaseMod","Beaked The Cultist","Colored Map","Colored Powertips","Gensokyo","GifTheSpireLib","HololiveMod","KinomotoSakuraMod(ñÿîVñ{?)","MarisaÅiñ∂âJÅ@ñÇóùçπÅj","Minty Spire (QoL Compilation)","Prisma Mod","StSLib","The Cursed"],"gold_per_floor":[114,134,24,24,24,59,59,79,102,102,102,102,102,112,112,208,208,419,439,464,163,177,177,177,177,177,0,100,114,130,140,140,236,236,250,30,30,47,47,47,65,65,88,88,88,104,81,99,99,99],"floor_reached":51,"language":"JPN","playtime":4755,"items_purged":[],"score":620,"play_id":"253db3b5-4b47-4914-a09a-069483b9e819","local_time":"20210130164348","is_ascension_mode":false,"campfire_choices":[{"floor":7.0,"key":"REST"},{"floor":10.0,"key":"REST"},{"floor":13.0,"key":"REST"},{"data":"StarBarrage","floor":15.0,"key":"SMITH"},{"floor":23.0,"key":"REST"},{"floor":25.0,"key":"REST"},{"floor":32.0,"key":"REST"},{"floor":40.0,"key":"REST"},{"floor":45.0,"key":"REST"},{"floor":49.0,"key":"REST"}],"circlet_count":0,"master_deck":["Strike_MRS","Strike_MRS","Defend_MRS","Defend_MRS","Defend_MRS","Defend_MRS","MasterSpark","UpSweep","StarBarrage+1","OrrerysSun","EnergyFlow","Orbital","Gensokyo:CrescentMoonSlash","EventHorizon","JA","LuminesStrike","GrandCross","ChargeUpSpray+1","Acceleration","AsteroidBelt+1","SporeBomb","SuperNova","WitchLeyline","CasketOfStar","Gensokyo:ReactiveArmor","AsteroidBelt","BinaryStars","Gensokyo:UnhurriedMind","Occultation+1","PowerUp","MysteriousBeam"],"relics":["MiniHakkero","Strawberry","Kunai","Blood Vial","Gensokyo:YoukaiFlower","Fusion Hammer","Incense Burner","MawBank","SimpleLauncher","White Beast Statue","Runic Pyramid","Nunchaku","Juzu Bracelet"],"acts_visited":["Exordium","TheCity","TheCity"],"potions_floor_usage":[50,50],"damage_taken":[{"damage":0.0,"enemies":"Gensokyo:3_Fairies","floor":1.0,"turns":3.0},{"damage":9.0,"enemies":"Gensokyo:Gryphon","floor":2.0,"turns":3.0},{"damage":40.0,"enemies":"Gensokyo:Aya","floor":6.0,"turns":6.0},{"damage":4.0,"enemies":"Gensokyo:2_Kodama","floor":8.0,"turns":5.0},{"damage":8.0,"enemies":"Gensokyo:VengefulSpirit","floor":14.0,"turns":4.0},{"damage":17.0,"enemies":"Gensokyo:Reimu","floor":16.0,"turns":9.0},{"damage":23.0,"enemies":"Spheric Guardian","floor":18.0,"turns":5.0},{"damage":19.0,"enemies":"2 Thieves","floor":19.0,"turns":3.0},{"damage":10.0,"enemies":"Snecko","floor":22.0,"turns":4.0},{"damage":0.0,"enemies":"3 Cultists","floor":29.0,"turns":4.0},{"damage":15.0,"enemies":"Centurion and Healer","floor":30.0,"turns":3.0},{"damage":0.0,"enemies":"Shelled Parasite and Fungi","floor":31.0,"turns":2.0},{"damage":29.0,"enemies":"Collector","floor":33.0,"turns":10.0},{"damage":0.0,"enemies":"Gensokyo:3_Bats","floor":35.0,"turns":4.0},{"damage":13.0,"enemies":"Gensokyo:AncientGuardian","floor":38.0,"turns":3.0},{"damage":42.0,"enemies":"Gensokyo:Sharpion","floor":41.0,"turns":5.0},{"damage":12.0,"enemies":"Gensokyo:Rafflesia","floor":46.0,"turns":6.0},{"damage":9.0,"enemies":"Gensokyo:AtlasGolem","floor":48.0,"turns":5.0},{"damage":14,"enemies":"Gensokyo:Yuyuko","floor":50,"turns":7}],"seed_played":"7157742629068375648","potions_obtained":[{"floor":1.0,"key":"StarNLove"},{"floor":2.0,"key":"Strength Potion"},{"floor":8.0,"key":"PowerPotion"},{"floor":31.0,"key":"Fruit Juice"},{"floor":33.0,"key":"PowerPotion"},{"floor":46.0,"key":"SteroidPotion"},{"floor":48.0,"key":"Fruit Juice"}],"is_trial":false,"path_per_floor":["M","M","COS","?","?","E","R","M","T","R","?","?","R","M","R","B",null,"M","M","T","$","M","R","?","R","T","?","?","M","M","M","R","B",null,"M","$","?","M","?","R","M","?","T","?","R","M","$","M","R","B",null],"character_chosen":"MARISA","items_purchased":["SimpleLauncher","CasketOfStar","Nunchaku","PowerUp"],"campfire_rested":9,"item_purchase_floors":[21,36,36,47],"current_hp_per_floor":[82,73,73,70,70,30,56,52,52,78,78,65,89,81,81,66,89,66,49,49,49,41,67,50,78,78,78,78,80,67,69,94,70,99,99,99,99,86,72,99,57,57,57,57,86,76,76,69,98,98],"gold":99,"neow_bonus":"TEN_PERCENT_HP_BONUS","is_daily":false,"chose_seed":false,"campfire_upgraded":1,"win_rate":0.0,"timestamp":1611992628,"path_taken":["M","M","COS","?","?","E","R","?","T","R","?","?","R","M","R","BOSS","M","M","?","$","?","R","?","R","T","?","?","M","M","M","R","BOSS","M","$","?","M","?","R","M","?","T","?","R","M","$","M","R","BOSS"],"items_purchased_type":["Relic","Card","Relic","Card"],"build_version":"2020-12-22","purchased_purges":0,"victory":true,"max_hp_per_floor":[82,82,82,89,89,89,89,89,89,89,89,89,89,89,89,89,89,89,89,89,89,89,89,94,94,94,94,94,94,94,94,94,99,99,99,99,99,99,99,99,99,99,99,99,99,99,99,99,99,104],"card_choices":[{"not_picked":["MeteoricShower","MysteriousBeam"],"picked":"StarBarrage","floor":1.0},{"not_picked":["BlazeAway","DragonMeteor"],"picked":"OrrerysSun","floor":2.0},{"not_picked":["ShootingEcho","OrrerysSun"],"picked":"EnergyFlow","floor":6.0},{"not_picked":["SuperPerseids","StarBarrage"],"picked":"Orbital","floor":8.0},{"not_picked":["DC","Occultation"],"picked":"EventHorizon","floor":14.0},{"not_picked":["SatelliteIllusion","SuperNova"],"picked":"JA","floor":16.0},{"not_picked":["ChargingUp","MachineGunSpark"],"picked":"LuminesStrike","floor":18.0},{"not_picked":["GalacticHalo","DC"],"picked":"GrandCross","floor":19.0},{"not_picked":["MachineGunSpark","MilkyWay"],"picked":"ChargeUpSpray+1","floor":22.0},{"not_picked":["GravityBeat","GalacticHalo"],"picked":"Acceleration","floor":29.0},{"not_picked":["EnergyFlow+1","EnergyRecoil"],"picked":"AsteroidBelt+1","floor":30.0},{"not_picked":["StarlightTyphoon","EscapeVelocity"],"picked":"SporeBomb","floor":31.0},{"not_picked":["MillisecondPulsars","StarDustReverie"],"picked":"SuperNova","floor":33.0},{"not_picked":["DC+1","Singularity"],"picked":"WitchLeyline","floor":35.0},{"not_picked":["ShootingEcho","MagicAbsorber"],"picked":"AsteroidBelt","floor":38.0},{"not_picked":["DoubleSpark+1","PowerUp+1"],"picked":"BinaryStars","floor":41.0},{"not_picked":["Gensokyo:Dawn","Gensokyo:NewMoon"],"picked":"Gensokyo:UnhurriedMind","floor":44.0},{"not_picked":["AlicesGift+1","GrandCross+1"],"picked":"Occultation+1","floor":46.0},{"not_picked":["NonDirectionalLaser","IllusionStar+1"],"picked":"MysteriousBeam","floor":48.0}],"player_experience":99841,"relics_obtained":[{"floor":6.0,"key":"Kunai"},{"floor":9.0,"key":"Blood Vial"},{"floor":20.0,"key":"MawBank"},{"floor":26.0,"key":"White Beast Statue"},{"floor":43.0,"key":"Juzu Bracelet"}],"event_choices":[{"damage_healed":0.0,"max_hp_gain":5.0,"max_hp_loss":0.0,"gold_gain":0.0,"event_name":"Forgotten Altar","player_choice":"Shed Blood","floor":24.0,"gold_loss":0.0,"damage_taken":22.0},{"damage_healed":0.0,"max_hp_gain":0.0,"max_hp_loss":0.0,"gold_gain":0.0,"event_name":"Masked Bandits","player_choice":"Paid Fearfully","floor":27.0,"gold_loss":177.0,"damage_taken":0.0},{"damage_healed":0.0,"max_hp_gain":0.0,"max_hp_loss":0.0,"gold_gain":100.0,"event_name":"Golden Shrine","player_choice":"Pray","floor":28.0,"gold_loss":0.0,"damage_taken":0.0}],"is_beta":false,"boss_relics":[{"not_picked":["Empty Cage","Runic Dome"],"picked":"Fusion Hammer"},{"not_picked":["Calling Bell","Philosopher\u0027s Stone"],"picked":"Runic Pyramid"}],"items_purged_floors":[],"is_endless":false,"potions_floor_spawned":[1,2,8,14,19,29,30,31,33,35,38,41,46,48],"ascension_level":0}}