{"host":"izkte3iaxw6lzeie","time":1611981906,"event":{"mods":["BaseMod","Bestiary","Curses Come First","Duelist Mod","GifTheSpireLib","HololiveMod","Minty Spire (QoL Compilation)","StSLib","The Alterego","egg"],"gold_per_floor":[78,95,106,56,71,105,105,147,147,147,65,65,118,118,118,238,238,257,288,288,288,323,323,333,333],"floor_reached":24,"language":"ENG","playtime":1384,"items_purged":[],"score":289,"play_id":"4b9fb069-f772-47b8-b0a0-35b70b6dbba7","local_time":"20210129234506","is_ascension_mode":false,"campfire_choices":[{"data":"Hololive_CallSpadeEcho","floor":7.0,"key":"SMITH"},{"data":"Hololive_CallHoshimachiSuisei","floor":12.0,"key":"SMITH"},{"data":"Hololive_RevenueBasedLive","floor":15.0,"key":"SMITH"},{"data":"Hololive_CallDoris","floor":23,"key":"SMITH"}],"circlet_count":0,"master_deck":["Hololive_Defend","Hololive_CocoNews","Hololive_CallHoshimachiSuisei+1","Hololive_CallNekomataOkayu","Hololive_CallHoshimachiSuisei","Hololive_CallOkamiMio","Hololive_CallYuzukiChoco","Hololive_StrengthChampion","Hololive_CallSakuraMiko","Hololive_Recruit","Hololive_FlyingPonyTail","Hololive_CallSpadeEcho+1","Hololive_CallRoboco","Hololive_CallSpadeEcho","Hololive_CallManoAloe","Hololive_StrengthChampion","Hololive_CallUsadaPekora","Hololive_RevenueBasedLive+1","Hololive_CallYuzukiChoco","Hololive_DiamondStrike","Hololive_Spy+1","Writhe","Hololive_CallDoris+1"],"relics":["Hololive_TheStar","NeowsBlessing","Ornamental Fan","Shuriken","Sundial","Darkstone Periapt","Empty Cage","Pen Nib","MutagenicStrength"],"acts_visited":["Exordium","TheCity"],"potions_floor_usage":[24,24],"damage_taken":[{"damage":0.0,"enemies":"2 Louse","floor":1.0,"turns":1.0},{"damage":0.0,"enemies":"Small Slimes","floor":2.0,"turns":1.0},{"damage":0.0,"enemies":"Jaw Worm","floor":3.0,"turns":1.0},{"damage":0.0,"enemies":"2 Fungi Beasts","floor":5.0,"turns":3.0},{"damage":0.0,"enemies":"Gremlin Nob","floor":6.0,"turns":4.0},{"damage":0.0,"enemies":"Lagavulin","floor":8.0,"turns":6.0},{"damage":0.0,"enemies":"3 Sentries","floor":13.0,"turns":5.0},{"damage":4.0,"enemies":"The Guardian","floor":16.0,"turns":8.0},{"damage":0,"enemies":"3 Byrds","floor":18,"turns":3},{"damage":0,"enemies":"Chosen","floor":19,"turns":3},{"damage":0,"enemies":"3 Cultists","floor":22,"turns":5},{"damage":58,"enemies":"Slavers","floor":24,"turns":5}],"seed_played":"-3333342275488974586","potions_obtained":[{"floor":6.0,"key":"Weak Potion"},{"floor":8.0,"key":"SpeedPotion"},{"floor":18,"key":"AttackPotion"}],"is_trial":false,"path_per_floor":["M","M","M","?","M","E","R","E","T","?","$","R","E","?","R","B",null,"M","M","?","?","M","R","E"],"character_chosen":"Hololive_HololiveCharacter","items_purchased":["Hololive_CallSpadeEcho"],"campfire_rested":0,"item_purchase_floors":[11],"current_hp_per_floor":[35,35,35,35,35,35,35,35,35,40,40,40,40,40,40,36,40,40,40,46,46,46,46,0,0],"gold":333,"neow_bonus":"THREE_ENEMY_KILL","is_daily":false,"chose_seed":false,"campfire_upgraded":4,"win_rate":0.0,"timestamp":1611981906,"path_taken":["M","M","M","?","M","E","R","E","T","?","$","R","E","?","R","BOSS","M","M","?","?","M","R","E"],"items_purchased_type":["Card"],"build_version":"2020-12-22","purchased_purges":0,"victory":false,"max_hp_per_floor":[35,35,35,35,35,35,35,35,35,40,40,40,40,40,40,40,40,40,40,46,46,46,46,46,46],"card_choices":[{"not_picked":["Hololive_HuntDinosaur","Hololive_CallHoushouMarine","Hololive_Rebound"],"picked":"Hololive_StrengthChampion","floor":1.0},{"not_picked":["Hololive_CallHoushouMarine","Hololive_CallMurasakiShion","Hololive_CallAkiRosenthal"],"picked":"Hololive_CallSakuraMiko","floor":2.0},{"not_picked":["Hololive_Drill","Hololive_StrengthChampion","Hololive_CallShishiroBotan"],"picked":"Hololive_Recruit","floor":3.0},{"not_picked":["Hololive_Psychosis","Hololive_HuntDinosaur","Hololive_DevilCharm"],"picked":"Hololive_FlyingPonyTail","floor":5.0},{"not_picked":["Hololive_Watashimo","Hololive_StrengthChampion","Hololive_Drill"],"picked":"Hololive_CallSpadeEcho","floor":6.0},{"not_picked":["Hololive_Rebound","Hololive_CallShiranuiFlare","Hololive_FlyingPonyTail"],"picked":"Hololive_CallRoboco","floor":8.0},{"not_picked":["Hololive_ASMR","Hololive_CandyCastle","Hololive_CallHimemoriLuna","Hololive_HuntDinosaur"],"picked":"SKIP","floor":13.0},{"not_picked":["Hololive_ScarfAndHalo","Hololive_ASMR","Hololive_HighAtkLowDef"],"picked":"Hololive_DiamondStrike","floor":16.0},{"not_picked":["Hololive_CandyCastle","Hololive_OvertimeWork","Hololive_Drill","Hololive_Sequa"],"picked":"SKIP","floor":18},{"not_picked":["Hololive_Psychosis","Hololive_Breathe","Hololive_RevenueBasedLive"],"picked":"Hololive_Spy+1","floor":19},{"not_picked":["Hololive_CallInugamiKorone","Hololive_WolfAndLamb","Hololive_HuntDinosaur"],"picked":"Hololive_CallDoris","floor":22}],"player_experience":1684031,"relics_obtained":[{"floor":6.0,"key":"Ornamental Fan"},{"floor":8.0,"key":"Shuriken"},{"floor":9.0,"key":"Sundial"},{"floor":13.0,"key":"Darkstone Periapt"}],"event_choices":[{"cards_removed":["Hololive_Strike"],"damage_healed":0.0,"max_hp_gain":0.0,"max_hp_loss":0.0,"gold_gain":0.0,"event_name":"The Cleric","player_choice":"Card Removal","floor":4.0,"gold_loss":50.0,"damage_taken":0.0},{"damage_healed":0.0,"max_hp_gain":5.0,"max_hp_loss":0.0,"gold_gain":0.0,"event_name":"Big Fish","player_choice":"Donut","floor":10.0,"gold_loss":0.0,"damage_taken":0.0},{"damage_healed":0,"gold_gain":0,"player_choice":"Opened","damage_taken":0,"relics_obtained":["Pen Nib"],"max_hp_gain":0,"max_hp_loss":0,"event_name":"The Mausoleum","floor":20,"gold_loss":0,"cards_obtained":["Writhe"]},{"damage_healed":0,"gold_gain":0,"player_choice":"Inject Mutagens","damage_taken":0,"relics_obtained":["MutagenicStrength"],"max_hp_gain":0,"max_hp_loss":0,"event_name":"Drug Dealer","floor":21,"gold_loss":0}],"is_beta":false,"boss_relics":[{"not_picked":["Fusion Hammer","Hololive_TopUpMoneyS"],"picked":"Empty Cage"}],"items_purged_floors":[],"is_endless":false,"potions_floor_spawned":[6,8,18],"killed_by":"Slavers","ascension_level":0}}