{"host":"yx5rao87132cy5xq","time":1611972229,"event":{"mods":["2.2 Compatiblity","AchievementEnabler","BaseMod","Bestiary","Colored Map","Colored Powertips","Minty Spire (QoL Compilation)","Quick Restart","Relic Stats","Slay-I","SuperFastMode"],"gold_per_floor":[11,29,29,88,163,193,203,216,216,72,105,121,121,139,139,139,139],"floor_reached":16,"language":"ENG","playtime":795,"items_purged":[],"score":196,"play_id":"d039c42d-bc48-456c-a579-ea39d929feaa","local_time":"20210130030349","is_ascension_mode":true,"campfire_choices":[{"floor":15.0,"key":"REST"}],"circlet_count":0,"master_deck":["AscendersBane","Strike_R","Strike_R","Strike_R","Strike_R","Strike_R","Defend_R","Defend_R","Defend_R","Defend_R","Bash+1","Impervious","Twin Strike","Twin Strike","Cleave","Power Through","Demon Form","Second Wind","Dark Embrace"],"relics":["Burning Blood","Champion Belt","Charon\u0027s Ashes","Anchor","Paper Frog"],"acts_visited":["Exordium"],"potions_floor_usage":[16,16],"damage_taken":[{"damage":4.0,"enemies":"2 Louse","floor":1.0,"turns":3.0},{"damage":7.0,"enemies":"Small Slimes","floor":2.0,"turns":3.0},{"damage":40.0,"enemies":"Gremlin Nob","floor":6.0,"turns":5.0},{"damage":7.0,"enemies":"Jaw Worm","floor":7.0,"turns":3.0},{"damage":7.0,"enemies":"Lots of Slimes","floor":8.0,"turns":5.0},{"damage":9.0,"enemies":"3 Sentries","floor":11.0,"turns":6.0},{"damage":0.0,"enemies":"Looter","floor":12.0,"turns":2.0},{"damage":0.0,"enemies":"Exordium Wildlife","floor":14.0,"turns":3.0},{"damage":49,"enemies":"The Guardian","floor":16,"turns":12}],"seed_played":"5203336764367107869","potions_obtained":[{"floor":7.0,"key":"HeartOfIron"},{"floor":11.0,"key":"DuplicationPotion"},{"floor":12.0,"key":"SteroidPotion"},{"floor":14.0,"key":"FearPotion"}],"is_trial":false,"path_per_floor":["M","M","?","?","?","E","M","M","T","$","E","M","?","M","R","B"],"character_chosen":"IRONCLAD","items_purchased":["Anchor"],"campfire_rested":1,"item_purchase_floors":[10],"current_hp_per_floor":[70,69,69,69,58,24,23,22,22,22,19,25,25,31,53,4,4],"gold":139,"neow_bonus":"THREE_RARE_CARDS","is_daily":false,"chose_seed":false,"campfire_upgraded":0,"win_rate":0.0,"timestamp":1611972229,"path_taken":["M","M","?","?","?","E","M","?","T","?","E","M","?","M","R","BOSS"],"items_purchased_type":["Relic"],"build_version":"2020-12-22","purchased_purges":0,"victory":false,"max_hp_per_floor":[75,75,75,75,75,75,75,75,75,75,75,75,75,75,75,75,75],"relic_stats":{"counters":[9,42],"Charon\u0027s Ashes":[49],"Champion Belt":[7],"obtain_stats":[{"Anchor":10,"Charon\u0027s Ashes":9,"Champion Belt":6,"Burning Blood":0,"Paper Frog":11},{"Anchor":5,"Charon\u0027s Ashes":5,"Champion Belt":3,"Burning Blood":0,"Paper Frog":6},{"Anchor":19,"Charon\u0027s Ashes":19,"Champion Belt":11,"Burning Blood":0,"Paper Frog":25}],"Burning Blood":48},"card_choices":[{"not_picked":["Limit Break","Offering"],"picked":"Impervious","floor":0.0},{"not_picked":["Shrug It Off","Flex"],"picked":"Twin Strike","floor":1.0},{"not_picked":["Burning Pact","Heavy Blade"],"picked":"Twin Strike","floor":2.0},{"not_picked":["Thunderclap","Body Slam"],"picked":"Cleave","floor":6.0},{"not_picked":["Twin Strike","Iron Wave"],"picked":"Power Through","floor":7.0},{"not_picked":["Clash","Burning Pact"],"picked":"Demon Form","floor":8.0},{"not_picked":["Power Through","Thunderclap"],"picked":"Second Wind","floor":11.0},{"not_picked":["Dropkick","Evolve","Warcry"],"picked":"SKIP","floor":12.0},{"not_picked":["Heavy Blade","Pummel"],"picked":"Dark Embrace","floor":14.0}],"player_experience":906578,"relics_obtained":[{"floor":6.0,"key":"Champion Belt"},{"floor":9.0,"key":"Charon\u0027s Ashes"},{"floor":11.0,"key":"Paper Frog"}],"event_choices":[{"damage_healed":0.0,"max_hp_gain":0.0,"max_hp_loss":0.0,"gold_gain":0.0,"event_name":"Living Wall","player_choice":"Grow","floor":3.0,"gold_loss":0.0,"damage_taken":0.0,"cards_upgraded":["Bash"]},{"damage_healed":0.0,"max_hp_gain":0.0,"max_hp_loss":0.0,"gold_gain":59.0,"event_name":"Golden Wing","player_choice":"Gained Gold","floor":4.0,"gold_loss":0.0,"damage_taken":0.0},{"damage_healed":0.0,"max_hp_gain":0.0,"max_hp_loss":0.0,"gold_gain":75.0,"event_name":"World of Goop","player_choice":"Gather Gold","floor":5.0,"gold_loss":0.0,"damage_taken":11.0},{"damage_healed":0.0,"max_hp_gain":0.0,"max_hp_loss":0.0,"gold_gain":0.0,"event_name":"Liars Game","player_choice":"Ignored","floor":13.0,"gold_loss":0.0,"damage_taken":0.0}],"is_beta":false,"boss_relics":[],"items_purged_floors":[],"is_endless":false,"potions_floor_spawned":[7,11,12,14],"killed_by":"The Guardian","ascension_level":15}}