{"host":"1c52r9kaxdyo25eq","time":1611970505,"event":{"mods":["AchievementEnabler","BaseMod","DeckTracker","Minty Spire (QoL Compilation)","Rare Cards Sparkle","SuperFastMode","everything is the same but u backflip on backflip"],"gold_per_floor":[116,116,116,33,33,77,77,108,182,206,206,231,252,252,252,252,252],"floor_reached":16,"language":"KOR","playtime":318,"items_purged":[],"score":292,"play_id":"1a2e4d9b-a311-499b-9965-8c4ddcea3c7c","local_time":"20210130103505","is_ascension_mode":true,"campfire_choices":[{"data":"Armaments","floor":7.0,"key":"SMITH"},{"data":"Searing Blow","floor":11.0,"key":"SMITH"},{"data":"Offering","floor":15.0,"key":"SMITH"}],"circlet_count":0,"master_deck":["AscendersBane","Strike_R","Strike_R","Strike_R","Strike_R","Defend_R","Defend_R","Defend_R","Defend_R","Bash","Armaments+1","Offering+1","Searing Blow+1","Barricade"],"relics":["Burning Blood","NeowsBlessing","Golden Idol","Kunai","Darkstone Periapt","Self Forming Clay","Lizard Tail"],"acts_visited":["Exordium"],"potions_floor_usage":[16,16],"damage_taken":[{"damage":0.0,"enemies":"Small Slimes","floor":1.0,"turns":1.0},{"damage":0.0,"enemies":"Gremlin Nob","floor":6.0,"turns":1.0},{"damage":0.0,"enemies":"3 Sentries","floor":8.0,"turns":2.0},{"damage":18.0,"enemies":"Jaw Worm","floor":10.0,"turns":4.0},{"damage":8.0,"enemies":"2 Louse","floor":12.0,"turns":3.0},{"damage":16.0,"enemies":"Exordium Wildlife","floor":13.0,"turns":5.0},{"damage":29,"enemies":"Slime Boss","floor":16,"turns":11}],"seed_played":"-4015996453925874123","potions_obtained":[{"floor":6.0,"key":"ColorlessPotion"},{"floor":8.0,"key":"Energy Potion"}],"is_trial":false,"path_per_floor":["M","?","?","$","?","E","R","E","T","M","R","M","M","T","R","B"],"character_chosen":"IRONCLAD","items_purchased":["Offering"],"campfire_rested":0,"item_purchase_floors":[4],"current_hp_per_floor":[74,79,51,51,51,57,57,63,63,51,51,49,39,39,39,10,10],"gold":252,"neow_bonus":"THREE_ENEMY_KILL","is_daily":false,"chose_seed":false,"campfire_upgraded":3,"win_rate":0.0,"timestamp":1611970505,"path_taken":["M","?","?","$","?","E","R","E","T","M","R","M","M","?","R","BOSS"],"items_purchased_type":["Card"],"build_version":"2020-12-22","purchased_purges":0,"victory":false,"max_hp_per_floor":[75,80,80,80,80,80,80,80,80,80,80,80,80,80,80,80,80],"card_choices":[{"not_picked":["Perfected Strike","Heavy Blade"],"picked":"Armaments","floor":1.0},{"not_picked":["Flame Barrier","Combust","Cleave"],"picked":"SKIP","floor":6.0},{"not_picked":["Twin Strike","Brutality"],"picked":"Barricade","floor":8.0},{"not_picked":["Cleave","Rage","Second Wind"],"picked":"SKIP","floor":10.0},{"not_picked":["True Grit","Thunderclap","Armaments"],"picked":"SKIP","floor":12.0},{"not_picked":["Headbutt","Wild Strike","Iron Wave"],"picked":"SKIP","floor":13.0}],"player_experience":628170,"relics_obtained":[{"floor":6.0,"key":"Kunai"},{"floor":8.0,"key":"Darkstone Periapt"},{"floor":9.0,"key":"Self Forming Clay"},{"floor":14.0,"key":"Lizard Tail"}],"event_choices":[{"damage_healed":0.0,"max_hp_gain":5.0,"max_hp_loss":0.0,"gold_gain":0.0,"event_name":"Big Fish","player_choice":"Donut","floor":2.0,"gold_loss":0.0,"damage_taken":0.0},{"damage_healed":0.0,"max_hp_gain":0.0,"max_hp_loss":0.0,"gold_gain":0.0,"event_name":"Golden Idol","player_choice":"Take Damage","floor":3.0,"gold_loss":0.0,"damage_taken":28.0,"relics_obtained":["Golden Idol"]},{"damage_healed":0.0,"max_hp_gain":0.0,"max_hp_loss":0.0,"gold_gain":0.0,"cards_transformed":["Strike_R"],"event_name":"Living Wall","player_choice":"Change","floor":5.0,"gold_loss":0.0,"damage_taken":0.0,"cards_obtained":["Searing Blow"]}],"is_beta":false,"boss_relics":[],"items_purged_floors":[],"is_endless":false,"potions_floor_spawned":[6,8,13],"killed_by":"Slime Boss","ascension_level":17}}