{"host":"takgv9cv6xf64vhq","time":1611998712,"event":{"mods":["BaseMod","Colored Powertips","Downfall","Hubris","LagranYue(拉格朗・月)","Marisa（F雨　魔理沙）","Minty Spire (QoL Compilation)","Replay The Spire","StSLib","The Animator","The Cursed","The Jungle","TheHeartMod"],"gold_per_floor":[51,64,64,78,90,75,75,85,85,70,188,201,201,265,285,485,485,485,496,496,611,629,629,629,642,653,680,680,798,798,798,798,798],"floor_reached":31,"language":"ZHS","playtime":2249,"items_purged":["Slimebound:Strike_Slimebound","Slimebound:Strike_Slimebound"],"score":301,"play_id":"07b6acd8-0268-4ac5-b6d5-4cdb28445229","local_time":"20210130172512","is_ascension_mode":false,"campfire_choices":[{"data":"Slimebound:Split","floor":13.0,"key":"SMITH"},{"data":"Slimebound:CorrosiveSpit","floor":18.0,"key":"SMITH"},{"data":"Slimebound:GoopSpray","floor":23.0,"key":"SMITH"}],"circlet_count":0,"master_deck":["Slimebound:Strike_Slimebound","Slimebound:Tackle","Slimebound:Defend_Slimebound","Slimebound:Defend_Slimebound","Slimebound:Defend_Slimebound","Slimebound:Defend_Slimebound","Slimebound:Split+1","Slimebound:CorrosiveSpit+1","Slimebound:LeechLife","Slimebound:HauntingLick","Slimebound:DivideAndConquer","Slimebound:LivingWall","Slimebound:SplitAcid","Slimebound:GrowthPunch","Slimebound:SplitSpecialist","Slimebound:LivingWall","Slimebound:SamplingLick","Slimebound:RejuvenatingLick","Slimebound:SamplingLick","Slimebound:MassRepurpose","Slimebound:AcidTongue","Slimebound:GoopSpray+1","Slimebound:LivingWall","Slimebound:SplitMire+1","Slimebound:Replication","Slimebound:Prepare","Sadistic Nature","Thinking Ahead"],"relics":["Slimebound:AbsorbEndCombat","hubris:Icosahedron","Bottled Lightning","Singing Bowl","Happy Flower","ChewingGum","hubris:Towel","Dead Branch","hubris:SphereOfDissonance","theJungle:BirthdayCakeSlice","Akabeko","Slimebound:MaxSlimesRelic","ReplayTheSpireMod:ShopPack","hubris:EmptyBottle"],"acts_visited":["Exordium","Exordium"],"potions_floor_usage":[],"damage_taken":[{"damage":23.0,"enemies":"Jaw Worm","floor":2.0,"turns":4.0},{"damage":1.0,"enemies":"2 Louse","floor":4.0,"turns":3.0},{"damage":0.0,"enemies":"Small Slimes","floor":5.0,"turns":3.0},{"damage":0.0,"enemies":"downfall:FleeingMerchant","floor":6.0,"turns":4.0},{"damage":23.0,"enemies":"Exordium Thugs","floor":8.0,"turns":5.0},{"damage":10.0,"enemies":"downfall:FleeingMerchant","floor":10.0,"turns":4.0},{"damage":4.0,"enemies":"2 Fungi Beasts","floor":11.0,"turns":4.0},{"damage":13.0,"enemies":"Red Slaver","floor":12.0,"turns":3.0},{"damage":1.0,"enemies":"2 Fungi Beasts","floor":15.0,"turns":3.0},{"damage":0.0,"enemies":"IC_STATUS_ARCHETYPE","floor":16.0,"turns":8.0},{"damage":12.0,"enemies":"theJungle:GiantWrat","floor":19.0,"turns":4.0},{"damage":11.0,"enemies":"theJungle:MUSHROOMGANG","floor":21.0,"turns":4.0},{"damage":27.0,"enemies":"theJungle:2_Snecko_Cultists","floor":22.0,"turns":4.0},{"damage":9.0,"enemies":"theJungle:JungleHuntersEncounter","floor":25.0,"turns":5.0},{"damage":0.0,"enemies":"theJungle:SlimyTreeVines","floor":26.0,"turns":5.0},{"damage":7,"enemies":"theJungle:2_Phrogs","floor":27,"turns":6},{"damage":0,"enemies":"theJungle:2_Snecko_Cultists","floor":29,"turns":3},{"damage":0,"enemies":"theJungle:Lyon","floor":31,"turns":1}],"seed_played":"-7543944961568069055","potions_obtained":[{"floor":4.0,"key":"Swift Potion"},{"floor":5.0,"key":"Elixir"},{"floor":12.0,"key":"Reflective Coating"},{"floor":14.0,"key":"Dexterity Potion"},{"floor":27,"key":"Ancient Potion"},{"floor":29,"key":"Fire Potion"}],"is_trial":false,"path_per_floor":["R","M","?","M","M","$","T","M","?","$","M","M","R","?","M","B",null,"R","M","?","M","M","R","T","M","M","E","?","M","$","M"],"character_chosen":"SLIMEBOUND","items_purchased":["Akabeko","Slimebound:MaxSlimesRelic","ReplayTheSpireMod:ShopPack","hubris:EmptyBottle"],"campfire_rested":0,"item_purchase_floors":[30,30,30,30],"current_hp_per_floor":[65,50,50,57,63,65,65,50,25,27,37,32,32,32,45,67,67,67,61,61,56,47,47,47,56,67,67,72,74,20,30,30,30],"gold":798,"neow_bonus":"THREE_RARE_CARDS","is_daily":false,"chose_seed":false,"campfire_upgraded":3,"win_rate":0.0,"timestamp":1611998712,"path_taken":["R","M","?","M","M","$","T","M","?","?","?","M","R","?","M","BOSS","R","M","?","M","M","R","T","M","M","E","?","?","?","M"],"items_purchased_type":["Relic","Relic","Relic","Relic"],"build_version":"2020-12-22","purchased_purges":2,"victory":false,"max_hp_per_floor":[65,65,65,65,65,65,65,65,65,65,67,67,67,67,67,67,67,67,67,67,67,67,67,67,67,67,69,74,74,76,76,76,76],"card_choices":[{"not_picked":["Slimebound:DuplicatedForm","Slimebound:WasteNot"],"picked":"Slimebound:LeechLife","floor":0.0},{"not_picked":["Slimebound:PressTheAttack","Slimebound:LivingWall"],"picked":"Slimebound:HauntingLick","floor":2.0},{"not_picked":["Slimebound:HauntingLick","Slimebound:FinishingTackle"],"picked":"Slimebound:DivideAndConquer","floor":4.0},{"not_picked":["Slimebound:ServeAndProtect","Slimebound:Repurpose"],"picked":"Slimebound:LivingWall","floor":5.0},{"not_picked":["Slimebound:RollThrough","Slimebound:SlimeBarrage"],"picked":"Slimebound:SplitAcid","floor":6.0},{"not_picked":["Slimebound:HauntingLick","Slimebound:DivideAndConquer"],"picked":"Slimebound:GrowthPunch","floor":8.0},{"not_picked":["Slimebound:SplitBruiser","Slimebound:RollThrough"],"picked":"Slimebound:SplitSpecialist","floor":10.0},{"not_picked":["Slimebound:CheckThePlaybook","Slimebound:LeechingTouch","Slimebound:SlimeSpikes"],"picked":"Singing Bowl","floor":11.0},{"not_picked":["Slimebound:LeechingTouch","Slimebound:RollThrough"],"picked":"Slimebound:LivingWall","floor":12.0},{"not_picked":["Slimebound:SplitBruiser","Slimebound:LivingWall"],"picked":"Slimebound:SamplingLick","floor":14.0},{"not_picked":["Slimebound:HauntingLick","Slimebound:LeechingTouch"],"picked":"Slimebound:RejuvenatingLick","floor":14.0},{"not_picked":["Slimebound:LeechingTouch","Slimebound:ComboTackle"],"picked":"Slimebound:SamplingLick","floor":15.0},{"not_picked":["Slimebound:MassFeed","Slimebound:OozeBath"],"picked":"Slimebound:MassRepurpose","floor":16.0},{"not_picked":["Slimebound:Replication","Slimebound:DivideAndConquer+1"],"picked":"Slimebound:AcidTongue","floor":19.0},{"not_picked":["Slimebound:ComboTackle+1","Slimebound:BestDefense"],"picked":"Slimebound:GoopSpray","floor":21.0},{"not_picked":["Slimebound:Equalize","Slimebound:SlimeTap"],"picked":"Slimebound:LivingWall","floor":22.0},{"not_picked":["Slimebound:FormOfPuddle","Slimebound:ItLooksTasty"],"picked":"Slimebound:SplitMire+1","floor":25.0},{"not_picked":["Slimebound:SplitAcid","Slimebound:PressTheAttack"],"picked":"Slimebound:Replication","floor":26.0},{"not_picked":["Slimebound:WasteNot","Slimebound:ItLooksTasty","Slimebound:SplitBruiser"],"picked":"Singing Bowl","floor":27},{"not_picked":["Slimebound:ItLooksTasty","Slimebound:FinishingTackle+1"],"picked":"Slimebound:Prepare","floor":29},{"not_picked":["Master of Strategy","The Bomb"],"picked":"Sadistic Nature","floor":30},{"not_picked":["Specialist","Replay:Bootleg Shield Generator"],"picked":"Thinking Ahead","floor":30},{"not_picked":["Jack Of All Trades","Trip","Blind"],"picked":"Singing Bowl","floor":30}],"player_experience":226476,"relics_obtained":[{"floor":7.0,"key":"Bottled Lightning"},{"floor":14.0,"key":"Happy Flower"},{"floor":24.0,"key":"Dead Branch"},{"floor":27,"key":"hubris:SphereOfDissonance"}],"event_choices":[{"damage_healed":0.0,"max_hp_gain":0.0,"max_hp_loss":0.0,"gold_gain":0.0,"event_name":"Scrap Ooze","player_choice":"Success","floor":9.0,"gold_loss":0.0,"damage_taken":25.0,"relics_obtained":["Singing Bowl"]}],"is_beta":false,"boss_relics":[{"not_picked":["hubris:CrackedHourglass","Kintsugi"],"picked":"ChewingGum"}],"items_purged_floors":[30,30],"is_endless":false,"potions_floor_spawned":[4,5,8,11,12,15,27,29],"killed_by":"theJungle:Lyon","ascension_level":0}}