{"host":"dspt33cocqddda7q","time":1611979684,"event":{"mods":["Act Like it!","BaseMod","Downfall","Gensokyo","Hallownest","Koishi","LagranYue(¿≠∏Ò¿ °§‘¬)","Marisa£®ÏF”Í°°ƒß¿Ì…≥£©","Minty Spire (QoL Compilation)","Pale of the Ancients","Reimu£®≤©¿ˆ¡È√Œ£©","Remilia£®¿Ÿ√◊¿Ú—«£©","Replay The Spire","StSLib","The Administrix","The Construct","The Cursed","The Gatherer","The Servant 0.9.4","Waifu the Spire","Youmu£®ªÍ∆«—˝√Œ£©","Yuri Mod","Yuyuko"],"gold_per_floor":[99,99,99,199,199,199,199,210,210,210,210],"floor_reached":9,"language":"ZHS","playtime":608,"items_purged":[],"score":47,"play_id":"b5abf116-e846-4bc2-86f0-783e50e1ecce","local_time":"20210130130804","is_ascension_mode":false,"campfire_choices":[{"floor":1,"key":"RECALL"}],"circlet_count":0,"master_deck":["hexamod:Strike","hexamod:Strike","hexamod:Strike","hexamod:Strike","hexamod:Defend","hexamod:Defend","hexamod:Defend","hexamod:Defend","hexamod:Sear","hexamod:Float","hexamod:InspiringFlames","hexamod:DynamicBlow","downfall:Bewildered","hexamod:ShieldOfDarkness","hexamod:NightmareStrike"],"relics":["hexamod:SpiritBrand","LagranYue:RandomDrawCardRelic","downfall:HeartsMalice"],"acts_visited":["Exordium"],"potions_floor_usage":[],"damage_taken":[{"damage":0,"enemies":"Jaw Worm","floor":2,"turns":1},{"damage":0,"enemies":"Small Slimes","floor":3,"turns":1},{"damage":0,"enemies":"2 Louse","floor":6,"turns":1},{"damage":0,"enemies":"Red Slaver","floor":8,"turns":3},{"damage":31,"enemies":"3 Sentries","floor":9,"turns":9}],"seed_played":"-1557257283456472193","potions_obtained":[],"is_trial":false,"path_per_floor":["R","M","M","?","?","M","T","M","E"],"character_chosen":"THE_SPIRIT","items_purchased":[],"campfire_rested":0,"item_purchase_floors":[],"current_hp_per_floor":[70,70,70,70,70,70,70,70,39,39,39],"gold":210,"neow_bonus":"THREE_ENEMY_KILL","is_daily":false,"chose_seed":false,"campfire_upgraded":0,"win_rate":0.0,"timestamp":1611979684,"path_taken":["R","M","M","?","?","M","T","M","E"],"items_purchased_type":[],"build_version":"2020-12-22","purchased_purges":0,"victory":false,"max_hp_per_floor":[70,70,70,70,70,70,70,70,70,70,70],"card_choices":[{"not_picked":["hexamod:GhostShield","hexamod:SwordOfDarkness"],"picked":"hexamod:InspiringFlames","floor":2},{"not_picked":["hexamod:FirstSeal","hexamod:CatchUp"],"picked":"hexamod:DynamicBlow","floor":3},{"not_picked":["hexamod:CatchUp","hexamod:NightmareGuise"],"picked":"hexamod:ShieldOfDarkness","floor":6},{"not_picked":["hexamod:SpectralAdrenaline","hexamod:NightmareGuise"],"picked":"hexamod:NightmareStrike","floor":8}],"player_experience":269892,"relics_obtained":[],"event_choices":[],"is_beta":false,"boss_relics":[],"items_purged_floors":[],"is_endless":false,"potions_floor_spawned":[],"killed_by":"3 Sentries","ascension_level":0}}