{"host":"399a0u4tx4rplxbm","time":1611981124,"event":{"mods":["BaseMod","Bestiary","Colored Map","Colored Powertips","DeckTracker","Downfall","Hermit","Highlight Path","Minty Spire (QoL Compilation)","Quick Restart","Relic Stats","StSLib","Waifu the Spire","everything is the same but u backflip on backflip"],"gold_per_floor":[99,118,118,118,128,228,228,228,255,315,315,326,2,22,35,139,139,139,139,150,150,60,60,107,118,118,3,35,35,35,49,68,68,68,68],"floor_reached":33,"language":"ENG","playtime":3522,"items_purged":["Writhe","Slimebound:GoopSpray"],"score":263,"play_id":"3d6efd20-8bb1-42b9-94ea-21b741d5ce3a","local_time":"20210129203204","is_ascension_mode":false,"campfire_choices":[{"data":"Slimebound:SlimeSlap","floor":1.0,"key":"SMITH"},{"data":"Slimebound:DuplicatedForm","floor":11,"key":"SMITH"},{"data":"Slimebound:PrepareCrush","floor":18,"key":"SMITH"},{"floor":23,"key":"DIG"},{"data":"Slimebound:Split","floor":30,"key":"SMITH"}],"circlet_count":0,"master_deck":["Slimebound:Strike_Slimebound","Slimebound:Strike_Slimebound","Slimebound:Tackle","Slimebound:Defend_Slimebound","Slimebound:Defend_Slimebound","Slimebound:Defend_Slimebound+1","Slimebound:Defend_Slimebound","Slimebound:Split+1","Slimebound:CorrosiveSpit","Slimebound:SlimeSlap+1","Slimebound:Prepare+1","Slimebound:DuplicatedForm+1","Slimebound:Equalize","Slimebound:OozeBath","Slimebound:SplitAcid","Slimebound:LeechingTouch","Slimebound:PrepareCrush+1","Slimebound:RainOfGoop","Slimebound:GoopSpray+1","Slimebound:HauntingLick"],"relics":["Slimebound:AbsorbEndCombat","Shovel","Blood Vial","Potion Belt","Boot","Black Star","Slimebound:AggressiveSlimeRelic","Juzu Bracelet","Pen Nib","Eternal Feather","War Paint"],"acts_visited":["Exordium","TheCity"],"potions_floor_usage":[16,28,33,33,33],"damage_taken":[{"damage":3.0,"enemies":"Jaw Worm","floor":2.0,"turns":3.0},{"damage":9.0,"enemies":"Small Slimes","floor":5.0,"turns":4.0},{"damage":19.0,"enemies":"Lagavulin","floor":9.0,"turns":6.0},{"damage":31,"enemies":"Gremlin Nob","floor":10,"turns":4},{"damage":2,"enemies":"2 Louse","floor":12,"turns":3},{"damage":18,"enemies":"downfall:FleeingMerchant","floor":13,"turns":4},{"damage":19,"enemies":"Large Slime","floor":14,"turns":5},{"damage":3,"enemies":"Exordium Wildlife","floor":15,"turns":2},{"damage":54,"enemies":"WA_ARCHETYPE_RETAIN","floor":16,"turns":11},{"damage":0,"enemies":"Chosen","floor":19,"turns":1},{"damage":31,"enemies":"3 Byrds","floor":20,"turns":5},{"damage":5,"enemies":"downfall:FleeingMerchant","floor":22,"turns":4},{"damage":22,"enemies":"Snake Plant","floor":25,"turns":5},{"damage":10,"enemies":"downfall:FleeingMerchant","floor":27,"turns":4},{"damage":27,"enemies":"Gremlin Leader","floor":28,"turns":4},{"damage":22,"enemies":"Sentry and Sphere","floor":31,"turns":4},{"damage":8,"enemies":"Centurion and Healer","floor":32,"turns":5},{"damage":57,"enemies":"IC_MUSHROOM_ARCHETYPE","floor":33,"turns":8}],"seed_played":"4159559914942831330","potions_obtained":[{"floor":12,"key":"Fire Potion"},{"floor":14,"key":"GamblersBrew"},{"floor":16,"key":"SteroidPotion"},{"floor":20,"key":"hexamod:SoulburnPotion"},{"floor":25,"key":"LiquidMemories"},{"floor":31,"key":"hexamod:SoulburnPotion"},{"floor":32,"key":"Swift Potion"}],"is_trial":false,"path_per_floor":["R","M","?","?","M","?","T","?","E","?","R","M","$","M","M","B",null,"R","M","M","?","$","R","T","M","?","$","E","?","R","M","M","B"],"character_chosen":"SLIMEBOUND","items_purchased":["Slimebound:OozeBath","Boot"],"campfire_rested":0,"item_purchase_floors":[13,13],"current_hp_per_floor":[65,65,65,65,58,58,58,58,47,37,37,43,62,65,64,23,65,65,65,44,44,45,45,45,46,46,50,35,35,44,28,38,0,0,0],"gold":68,"neow_bonus":"ONE_RANDOM_RARE_CARD","is_daily":false,"chose_seed":false,"campfire_upgraded":4,"win_rate":0.0,"timestamp":1611981124,"path_taken":["R","M","?","?","M","?","T","?","E","?","R","M","$","?","M","BOSS","R","M","M","?","$","R","T","M","?","?","E","?","R","M","M","BOSS"],"items_purchased_type":["Card","Relic"],"build_version":"2020-12-22","purchased_purges":2,"victory":false,"max_hp_per_floor":[65,65,65,65,65,65,65,65,65,65,65,65,65,65,65,65,65,65,65,65,65,65,65,65,65,65,65,65,65,65,65,65,65,65,65],"relic_stats":{"Blood Vial":23,"Shovel":1,"counters":[18,82],"Eternal Feather":9,"Pen Nib":[2],"Black Star":1,"Juzu Bracelet":1,"War Paint":["Slimebound:Prepare","Slimebound:Defend_Slimebound"],"Boot":[3],"obtain_stats":[{"Blood Vial":9,"Potion Belt":10,"Slimebound:AggressiveSlimeRelic":21,"downfall:BrokenWingStatue":3,"Shovel":7,"Eternal Feather":28,"Pen Nib":24,"Slimebound:AbsorbEndCombat":0,"Black Star":17,"Juzu Bracelet":23,"War Paint":28,"Boot":13},{"Blood Vial":3,"Potion Belt":4,"Slimebound:AggressiveSlimeRelic":11,"downfall:BrokenWingStatue":1,"Shovel":2,"Eternal Feather":15,"Pen Nib":12,"Slimebound:AbsorbEndCombat":0,"Black Star":9,"Juzu Bracelet":12,"War Paint":15,"Boot":6},{"Blood Vial":13,"Potion Belt":17,"Slimebound:AggressiveSlimeRelic":48,"downfall:BrokenWingStatue":3,"Shovel":7,"Eternal Feather":65,"Pen Nib":52,"Slimebound:AbsorbEndCombat":0,"Black Star":42,"Juzu Bracelet":52,"War Paint":65,"Boot":24}]},"card_choices":[{"not_picked":["Slimebound:Schlurp","Slimebound:FinishingTackle"],"picked":"Slimebound:GoopSpray","floor":2.0},{"not_picked":["Slimebound:Repurpose","Slimebound:GoopTackle"],"picked":"Slimebound:Prepare","floor":5.0},{"not_picked":["Slimebound:Replication","Slimebound:BestDefense"],"picked":"Slimebound:DuplicatedForm","floor":9.0},{"not_picked":["Slimebound:RejuvenatingLick","Slimebound:SplitAcid"],"picked":"Slimebound:Equalize","floor":10},{"not_picked":["Slimebound:ItLooksTasty","Slimebound:RejuvenatingLick","Slimebound:DisruptingSlam"],"picked":"SKIP","floor":12},{"not_picked":["Slimebound:Replication","Slimebound:SlimeBarrage","Slimebound:PressTheAttack"],"picked":"SKIP","floor":13},{"not_picked":["Slimebound:AcidTongue","Slimebound:Schlurp"],"picked":"Slimebound:SplitAcid","floor":14},{"not_picked":["Slimebound:PressTheAttack","Slimebound:SlimeSpikes"],"picked":"Slimebound:LeechingTouch","floor":15},{"not_picked":["Slimebound:RallyTheTroops","Slimebound:SlimeSlap"],"picked":"Slimebound:PrepareCrush","floor":16},{"not_picked":["Slimebound:FlameTackle","Slimebound:LevelUp+1"],"picked":"Slimebound:RainOfGoop","floor":19},{"not_picked":["Slimebound:Gluttony+1","Slimebound:RollThrough+1"],"picked":"Slimebound:GoopSpray+1","floor":20},{"not_picked":["Slimebound:PrepareCrush","Slimebound:SlimeSlap","Slimebound:DisruptingSlam"],"picked":"SKIP","floor":22},{"not_picked":["Slimebound:PressTheAttack","Slimebound:Nibble","Slimebound:SplitLeeching"],"picked":"SKIP","floor":25},{"not_picked":["Slimebound:LeechEnergy","Slimebound:LeechingTouch","Slimebound:RollThrough+1"],"picked":"SKIP","floor":27},{"not_picked":["Slimebound:Gluttony","Slimebound:LeechEnergy","Slimebound:ComboTackle"],"picked":"SKIP","floor":28},{"not_picked":["Slimebound:LevelUp","Slimebound:Grow+1"],"picked":"Slimebound:HauntingLick","floor":31},{"not_picked":["Slimebound:ComboTackle+1","Slimebound:ItLooksTasty+1","Slimebound:Equalize"],"picked":"SKIP","floor":32}],"player_experience":650773,"relics_obtained":[{"floor":7.0,"key":"Shovel"},{"floor":9.0,"key":"Blood Vial"},{"floor":10,"key":"Potion Belt"},{"floor":23,"key":"Juzu Bracelet"},{"floor":24,"key":"Pen Nib"},{"floor":28,"key":"Eternal Feather"},{"floor":28,"key":"War Paint"}],"event_choices":[],"is_beta":false,"boss_relics":[{"not_picked":["Astrolabe","bronze:MakeshiftBattery"],"picked":"Black Star"}],"items_purged_floors":[22,27],"is_endless":false,"potions_floor_spawned":[12,14,16,20,25,31,32],"killed_by":"IC_MUSHROOM_ARCHETYPE","ascension_level":0}}