{"host":"vyjryxuuuxkt43k4","time":1611971963,"event":{"mods":["AchievementEnabler","BaseMod","Colored Map","DeckTracker","Keyboard Shortcuts","Minty Spire (QoL Compilation)","Permanent Neow","Quick Restart","Rare Cards Sparkle","StSLib","SuperFastMode","everything is the same but u backflip on backflip"],"gold_per_floor":[118,136,152,162,162,162,180,180,180,13,13,38,38,52,52,148,148,166,179,189,189,54,54,69,69,69,69,89,102,5,35,35,132,132,149,163,38,38,53,53,79,79,79,99,99,149,149,149],"floor_reached":47,"language":"KOR","playtime":3675,"items_purged":["Strike_P","Defend_P","Strike_P"],"score":750,"play_id":"2c534570-cf2f-4247-b7fa-20758cdbbb99","local_time":"20210130105923","is_ascension_mode":true,"campfire_choices":[{"data":"Eruption","floor":6.0,"key":"SMITH"},{"floor":8.0,"key":"REST"},{"data":"Tantrum","floor":11.0,"key":"SMITH"},{"data":"MentalFortress","floor":15.0,"key":"SMITH"},{"data":"WheelKick","floor":23.0,"key":"SMITH"},{"data":"Brilliance","floor":25.0,"key":"SMITH"},{"data":"FlurryOfBlows","floor":27.0,"key":"SMITH"},{"data":"1","floor":32.0,"key":"LIFT"},{"data":"2","floor":40.0,"key":"LIFT"},{"data":"3","floor":42.0,"key":"LIFT"},{"floor":45.0,"key":"REST"}],"circlet_count":0,"master_deck":["Strike_P","Strike_P","Defend_P","Defend_P+1","Defend_P+1","Eruption+1","Vigilance","BowlingBash","Halt+1","FlurryOfBlows","MentalFortress+1","Wallop","Tantrum+1","EmptyFist","ClearTheMind","WheelKick+1","Brilliance+1","FlurryOfBlows+1","InnerPeace","FollowUp","Adaptation+1","Impatience+1","Prostrate","Devotion","CurseOfTheBell","ClearTheMind+1","Prostrate+1","FearNoEvil+1","Consecrate+1"],"relics":["Philosopher\u0027s Stone","CaptainsWheel","TeardropLocket","Sozu","Blue Candle","Girya","Calling Bell","Anchor","Matryoshka","CloakClasp","Nunchaku","War Paint","Thread and Needle"],"acts_visited":["Exordium","TheCity","TheBeyond"],"potions_floor_usage":[],"damage_taken":[{"damage":0.0,"enemies":"Small Slimes","floor":1.0,"turns":4.0},{"damage":6.0,"enemies":"2 Louse","floor":2.0,"turns":2.0},{"damage":14.0,"enemies":"Jaw Worm","floor":3.0,"turns":2.0},{"damage":7.0,"enemies":"Red Slaver","floor":4.0,"turns":3.0},{"damage":27.0,"enemies":"Exordium Thugs","floor":7.0,"turns":4.0},{"damage":0.0,"enemies":"Lagavulin","floor":12.0,"turns":4.0},{"damage":0.0,"enemies":"Large Slime","floor":14.0,"turns":3.0},{"damage":0.0,"enemies":"Slime Boss","floor":16.0,"turns":6.0},{"damage":6.0,"enemies":"2 Thieves","floor":18.0,"turns":4.0},{"damage":0.0,"enemies":"Chosen","floor":19.0,"turns":2.0},{"damage":0.0,"enemies":"Centurion and Healer","floor":20.0,"turns":3.0},{"damage":0.0,"enemies":"Snecko","floor":24.0,"turns":2.0},{"damage":0.0,"enemies":"Cultist and Chosen","floor":28.0,"turns":3.0},{"damage":0.0,"enemies":"Centurion and Healer","floor":29.0,"turns":2.0},{"damage":27.0,"enemies":"Book of Stabbing","floor":31.0,"turns":3.0},{"damage":19.0,"enemies":"Champ","floor":33.0,"turns":8.0},{"damage":12.0,"enemies":"3 Shapes","floor":35.0,"turns":3.0},{"damage":15.0,"enemies":"Orb Walker","floor":36.0,"turns":2.0},{"damage":0.0,"enemies":"Maw","floor":39.0,"turns":6.0},{"damage":0.0,"enemies":"Giant Head","floor":41.0,"turns":5.0},{"damage":23.0,"enemies":"Spire Growth","floor":44.0,"turns":3.0},{"damage":24.0,"enemies":"2 Orb Walkers","floor":46.0,"turns":4.0},{"damage":32,"enemies":"Reptomancer","floor":47,"turns":2}],"seed_played":"7084110927181320760","potions_obtained":[{"floor":4.0,"key":"Fruit Juice"},{"floor":7.0,"key":"Strength Potion"},{"floor":14.0,"key":"SteroidPotion"}],"is_trial":false,"path_per_floor":["M","M","M","M","?","R","M","R","T","$","R","E","?","M","R","B",null,"M","M","M","?","$","R","M","R","T","R","M","M","$","E","R","B",null,"M","M","$","?","M","R","E","R","T","M","R","?","E"],"character_chosen":"WATCHER","items_purchased":["Tantrum","EmptyFist","InnerPeace","Impatience"],"campfire_rested":2,"item_purchase_floors":[10,10,22,30],"current_hp_per_floor":[65,59,45,43,43,43,16,39,39,39,39,39,24,24,24,24,64,58,58,58,77,77,77,77,77,77,77,77,77,77,50,50,31,66,54,39,39,39,39,39,39,39,39,16,39,15,0,0],"gold":149,"neow_bonus":"BOSS_RELIC","is_daily":false,"chose_seed":false,"campfire_upgraded":6,"win_rate":0.0,"timestamp":1611971963,"path_taken":["M","M","M","M","?","R","M","R","T","$","R","E","?","M","R","BOSS","M","M","M","?","$","R","M","R","T","R","M","?","?","E","R","BOSS","M","M","$","?","M","R","E","R","T","?","R","?","E"],"items_purchased_type":["Card","Card","Card","Card"],"build_version":"2020-12-22","purchased_purges":3,"victory":false,"max_hp_per_floor":[72,72,72,77,77,77,77,77,77,77,77,77,77,77,77,77,77,77,77,77,77,77,77,77,77,77,77,77,77,77,77,77,77,77,77,77,77,77,77,77,77,77,77,77,77,77,77,77],"card_choices":[{"not_picked":["JustLucky","Protect"],"picked":"BowlingBash","floor":1.0},{"not_picked":["SashWhip","Collect"],"picked":"Halt","floor":2.0},{"not_picked":["Perseverance","Establishment"],"picked":"FlurryOfBlows","floor":3.0},{"not_picked":["FlurryOfBlows","CrushJoints"],"picked":"MentalFortress","floor":4.0},{"not_picked":["Weave","EmptyBody"],"picked":"Wallop","floor":7.0},{"not_picked":["BowlingBash","Prostrate"],"picked":"ClearTheMind","floor":12.0},{"not_picked":["SashWhip","CarveReality"],"picked":"WheelKick","floor":14.0},{"not_picked":["Omniscience","Alpha"],"picked":"Brilliance","floor":16.0},{"not_picked":["Tantrum","BowlingBash"],"picked":"FlurryOfBlows","floor":18.0},{"not_picked":["WaveOfTheHand+1","BowlingBash","Halt"],"picked":"SKIP","floor":19.0},{"not_picked":["JustLucky","EmptyFist","Pray"],"picked":"SKIP","floor":20.0},{"not_picked":["JustLucky","EmptyFist","Pray"],"picked":"SKIP","floor":20.0},{"not_picked":["Conclude","Prostrate"],"picked":"FollowUp","floor":24.0},{"not_picked":["BattleHymn","Conclude","CutThroughFate"],"picked":"SKIP","floor":28.0},{"not_picked":["InnerPeace","Nirvana+1"],"picked":"Adaptation+1","floor":29.0},{"not_picked":["Wallop","BattleHymn"],"picked":"Prostrate","floor":31.0},{"not_picked":["DevaForm","Brilliance"],"picked":"Devotion","floor":33.0},{"not_picked":["EmptyFist","ReachHeaven+1"],"picked":"ClearTheMind+1","floor":35.0},{"not_picked":["FlyingSleeves+1","WaveOfTheHand+1","PathToVictory"],"picked":"SKIP","floor":36.0},{"not_picked":["Sanctity","EmptyBody"],"picked":"Prostrate+1","floor":39.0},{"not_picked":["ThirdEye+1","FollowUp+1","CrushJoints"],"picked":"SKIP","floor":41.0},{"not_picked":["PathToVictory+1","FlyingSleeves"],"picked":"FearNoEvil+1","floor":44.0},{"not_picked":["ClearTheMind+1","Crescendo+1"],"picked":"Consecrate+1","floor":46.0}],"player_experience":509797,"relics_obtained":[{"floor":9.0,"key":"CaptainsWheel"},{"floor":12.0,"key":"TeardropLocket"},{"floor":26.0,"key":"Blue Candle"},{"floor":31.0,"key":"Girya"},{"floor":34.0,"key":"Anchor"},{"floor":34.0,"key":"Matryoshka"},{"floor":34.0,"key":"CloakClasp"},{"floor":41.0,"key":"Nunchaku"},{"floor":43.0,"key":"War Paint"},{"floor":46.0,"key":"Thread and Needle"}],"event_choices":[{"damage_healed":0.0,"max_hp_gain":0.0,"max_hp_loss":0.0,"gold_gain":0.0,"event_name":"Liars Game","player_choice":"Ignored","floor":5.0,"gold_loss":0.0,"damage_taken":0.0},{"damage_healed":0.0,"max_hp_gain":0.0,"max_hp_loss":0.0,"gold_gain":0.0,"event_name":"Shining Light","player_choice":"Entered Light","floor":13.0,"gold_loss":0.0,"damage_taken":15.0,"cards_upgraded":["Defend_P","Halt"]},{"damage_healed":19.0,"max_hp_gain":0.0,"max_hp_loss":0.0,"gold_gain":0.0,"event_name":"Wheel of Change","player_choice":"Full Heal","floor":21.0,"gold_loss":0.0,"damage_taken":0.0},{"damage_healed":0.0,"max_hp_gain":0.0,"max_hp_loss":0.0,"gold_gain":0.0,"event_name":"Lab","player_choice":"Got Potions","floor":38.0,"gold_loss":0.0,"damage_taken":0.0},{"damage_healed":0.0,"max_hp_gain":0.0,"max_hp_loss":0.0,"gold_gain":0.0,"event_name":"Mysterious Sphere","player_choice":"Fight","floor":46.0,"gold_loss":0.0,"damage_taken":0.0}],"is_beta":false,"boss_relics":[{"not_picked":["SlaversCollar","Tiny House"],"picked":"Sozu"},{"not_picked":["Snecko Eye","Black Star"],"picked":"Calling Bell"}],"items_purged_floors":[10,22,37],"is_endless":false,"potions_floor_spawned":[4,7,14,18,20,29,36,46],"killed_by":"Reptomancer","ascension_level":6}}