{"host":"mn5kbj4x7gv3jr0o","time":1611964975,"event":{"mods":["2.2 Compatiblity","A Magickal Journey","AchievementEnabler","Ascension Reborn","Ascension Unlocker","Aspiration","BaseMod","Bestiary","Better Altar","Better Note","Better Sensory Stone","Better Silent Start","Better Skull","Better Third Choice","Better Vampires","Better-Laid Plans","BetterRewards","Block Reminder","CCEM2","Colored Powertips","Colorless Booster Pack","Conspire","Curses Come First","Dota2Spire","Downfall","Emptier Cage","Energized Spire","Fox Events","GifTheSpireLib","Halation","HololiveMod","Hubris","Infinite Spire","Ironclad Rager","Jess\u0027s Bottle","Keyboard Shortcuts","Minty Spire (QoL Compilation)","Mirrors Mod","Poem Panic","Potion Indicator Mod","Potionbrewer","Puzzle Mod","Quarter Circle Forward PUNCH!","Quick Restart","Random Character Button","RatMod","Relic Sorter","Reliquary","Retaliation","Reworked Bosses","SCP261 Mod","SacredBarkPlus","Shop Mod","Small Relic Pack","Spicy Shops","Spikes Relics","StS++","StSLib","Stuff the Spire","The Blue Laboratory","Thieving Mod","Trackpad","Uncapped","UnlockEverythingMod","Useless Jewels Mod","Virulent Crown","Weighted Paths","Wide Potions"],"gold_per_floor":[112,112,124,140,153,188,8,21,21,36,36,55,55,67,67,164,164,184,234,234,250,260,260,293,293,316,316,316,328,147,160,160,256,256,275,291,323,377,390,423,423,423,423,423,435,452,452,486,486,486],"floor_reached":51,"language":"ENG","playtime":3717,"items_purged":[],"score":831,"play_id":"6d513f0b-6cc9-46cf-a532-6077f005628c","local_time":"20210129190255","is_ascension_mode":true,"campfire_choices":[{"data":"PathToVictory","floor":11.0,"key":"SMITH"},{"data":"Apotheosis","floor":13,"key":"SMITH"},{"data":"StSpp:LatentStrike","floor":15,"key":"SMITH"},{"data":"StSpp:LatentStrike","floor":23,"key":"SMITH"},{"floor":25,"key":"REST"},{"floor":27,"key":"REST"},{"floor":32,"key":"REST"},{"data":"LikeWater","floor":41,"key":"SMITH"},{"data":"ClearTheMind","floor":44,"key":"SMITH"},{"floor":49,"key":"REST"}],"circlet_count":0,"master_deck":["Defend_P","Defend_P","Defend_P","Defend_P","Eruption","Vigilance","PathToVictory+1","FlurryOfBlows","StSpp:LatentStrike+1","FlurryOfBlows","Apotheosis+1","ClearTheMind+1","StSpp:LatentStrike+1","SandsOfTime","FlurryOfBlows","PathToVictory+1","LikeWater+1","Evaluate+1","StSpp:LatentStrike+1","PathToVictory+1","StSpp:LatentStrike+1"],"relics":["PureWater","Dota2Spire:BlackKingBar","halation:PinkSoulGem","aspiration:Nostalgia","champ:ChampionCrown","Bag of Marbles","trackpad:WritersBlock","infinitespire:Cupcake","Bag of Preparation","qcfpunch:Black_Training_Shirt","aspiration:AnachronicSnailShell","trackpad:VoidSphere","trackpad:StolenKidneys","Nunchaku","infinitespire:PuzzleCube","hubris:TenFootPole","qcfpunch:Combat_Fatigues"],"acts_visited":["Exordium","TheCity","TheBeyond"],"potions_floor_usage":[18,33,48,48],"damage_taken":[{"damage":0.0,"enemies":"Small Slimes","floor":1.0,"turns":3.0},{"damage":0.0,"enemies":"conspire:RoseBush","floor":3.0,"turns":3.0},{"damage":0.0,"enemies":"2 Louse","floor":4.0,"turns":2.0},{"damage":8.0,"enemies":"Exordium Wildlife","floor":5.0,"turns":4.0},{"damage":0.0,"enemies":"Gremlin Nob","floor":6.0,"turns":2.0},{"damage":0.0,"enemies":"Lots of Slimes","floor":8.0,"turns":2.0},{"damage":0.0,"enemies":"Gremlin Gang","floor":10.0,"turns":3.0},{"damage":0,"enemies":"3 Louse","floor":12,"turns":1},{"damage":2,"enemies":"conspire:2 RoseBushes","floor":14,"turns":6},{"damage":8,"enemies":"Slime Boss","floor":16,"turns":6},{"damage":5,"enemies":"2 Thieves","floor":18,"turns":2},{"damage":0,"enemies":"conspire:FuzzyDice","floor":21,"turns":4},{"damage":10,"enemies":"Cultist and Chosen","floor":22,"turns":3},{"damage":52,"enemies":"Book of Stabbing","floor":24,"turns":6},{"damage":19,"enemies":"Shelled Parasite and Fungi","floor":29,"turns":4},{"damage":7,"enemies":"conspire:HollyBat","floor":31,"turns":7},{"damage":0,"enemies":"bossMod:newChamp","floor":33,"turns":5},{"damage":0,"enemies":"3 Shapes","floor":35,"turns":1},{"damage":0,"enemies":"Orb Walker","floor":36,"turns":2},{"damage":2,"enemies":"conspire:MimicChest","floor":37,"turns":4},{"damage":7,"enemies":"Jaw Worm Horde","floor":39,"turns":3},{"damage":0,"enemies":"Giant Head","floor":40,"turns":3},{"damage":1,"enemies":"3 Darklings","floor":45,"turns":3},{"damage":0,"enemies":"Spire Growth","floor":46,"turns":2},{"damage":39,"enemies":"Reptomancer","floor":48,"turns":3},{"damage":36,"enemies":"bossMod:newAwakened","floor":50,"turns":9}],"seed_played":"-3393974315651978916","potions_obtained":[{"floor":3.0,"key":"GamblersBrew"},{"floor":5.0,"key":"potionbrewer:ToxicPotion"},{"floor":29,"key":"DuplicationPotion"},{"floor":33,"key":"Guardian:BlockOnCardUsePotion"},{"floor":36,"key":"Block Potion"},{"floor":39,"key":"blueLaboratory:ForbiddenFruitJuice"}],"is_trial":false,"path_per_floor":["M","?","M","M","M","E","$","M","T","M","R","M","R","M","R","B",null,"M","?","?","M","M","R","E","R","T","R","AVR","M","$","M","R","B",null,"M","M","?","T","M","E","R","?","T","R","M","M","?","E","R","B",null],"character_chosen":"WATCHER","items_purchased":["Apotheosis","LikeWater","trackpad:VoidSphere"],"campfire_rested":4,"item_purchase_floors":[7,30,30],"current_hp_per_floor":[72,72,72,72,64,64,64,64,64,64,64,64,64,62,62,54,72,67,67,67,67,57,57,5,26,26,47,47,28,28,21,42,42,72,72,72,70,70,63,63,63,63,63,63,62,62,62,23,41,5],"gold":486,"neow_bonus":"NOSTALGIA","is_daily":false,"chose_seed":false,"campfire_upgraded":6,"win_rate":0.0,"timestamp":1611964975,"path_taken":["M","?","M","M","M","E","$","M","T","M","R","M","R","M","R","BOSS","M","?","?","?","M","R","E","R","T","R","AVR","M","$","M","R","BOSS","M","M","?","?","M","E","R","?","T","R","?","M","?","E","R","BOSS"],"items_purchased_type":["Card","Card","Relic"],"build_version":"2020-12-22","purchased_purges":0,"victory":true,"max_hp_per_floor":[72,72,72,72,72,72,72,72,72,72,72,72,72,72,72,72,72,72,72,72,72,72,72,72,72,72,72,72,72,72,72,72,72,72,72,72,72,72,72,72,72,72,72,72,72,72,72,62,62,62],"card_choices":[{"not_picked":["WindmillStrike","EmptyMind"],"picked":"PathToVictory","floor":1.0},{"not_picked":["EmptyFist","FearNoEvil"],"picked":"FlurryOfBlows","floor":3.0},{"not_picked":["Prostrate","BowlingBash","Protect"],"picked":"SKIP","floor":4.0},{"not_picked":["SashWhip","Protect"],"picked":"StSpp:LatentStrike","floor":5.0},{"not_picked":["WaveOfTheHand","EmptyMind"],"picked":"FlurryOfBlows","floor":6.0},{"not_picked":["Protect","Nirvana"],"picked":"ClearTheMind","floor":8.0},{"not_picked":["Consecrate","EmptyFist"],"picked":"StSpp:LatentStrike","floor":10.0},{"not_picked":["EmptyBody","Study","Adaptation"],"picked":"SKIP","floor":12},{"not_picked":["Swivel","FlurryOfBlows"],"picked":"SandsOfTime","floor":14},{"not_picked":["SashWhip","Halt"],"picked":"FlurryOfBlows","floor":18},{"not_picked":["FlurryOfBlows","Wireheading"],"picked":"PathToVictory+1","floor":21},{"not_picked":["CarveReality","Tantrum","Halt+1"],"picked":"SKIP","floor":22},{"not_picked":["DeusExMachina","FlurryOfBlows+1","Ragnarok"],"picked":"SKIP","floor":24},{"not_picked":["CrushJoints","InnerPeace","LikeWater"],"picked":"SKIP","floor":29},{"not_picked":["EmptyFist+1","EmptyBody","ConjureBlade"],"picked":"SKIP","floor":31},{"not_picked":["Conclude","EmptyFist+1"],"picked":"Evaluate+1","floor":35},{"not_picked":["EmptyBody","FlurryOfBlows+1"],"picked":"StSpp:LatentStrike+1","floor":36},{"not_picked":["CrushJoints","Consecrate"],"picked":"PathToVictory+1","floor":39},{"not_picked":["SandsOfTime","Wallop"],"picked":"StSpp:LatentStrike+1","floor":40},{"not_picked":["Prostrate+1","StSpp:Patience","Crescendo"],"picked":"SKIP","floor":45},{"not_picked":["Protect+1","Tantrum+1","Crescendo+1"],"picked":"SKIP","floor":46},{"not_picked":["Evaluate","Wallop+1","Weave"],"picked":"SKIP","floor":48}],"player_experience":167599,"relics_obtained":[{"floor":6.0,"key":"Bag of Marbles"},{"floor":9.0,"key":"trackpad:WritersBlock"},{"floor":24,"key":"Bag of Preparation"},{"floor":26,"key":"qcfpunch:Black_Training_Shirt"},{"floor":37,"key":"Nunchaku"},{"floor":38,"key":"infinitespire:PuzzleCube"},{"floor":40,"key":"hubris:TenFootPole"},{"floor":43,"key":"Dota2Spire:BlackKingBar"},{"floor":48,"key":"qcfpunch:Combat_Fatigues"}],"event_choices":[{"damage_healed":0,"gold_gain":100,"player_choice":"Bet on Murderer","damage_taken":0,"max_hp_gain":0,"max_hp_loss":0,"event_name":"The Joust","floor":19,"gold_loss":50},{"cards_removed":["Apotheosis"],"damage_healed":0,"gold_gain":0,"player_choice":"Take \u0026 Give","damage_taken":0,"max_hp_gain":0,"max_hp_loss":0,"event_name":"betterNote:BetterNote","floor":20,"gold_loss":0,"cards_obtained":["Eruption"]},{"cards_removed":["Eruption"],"damage_healed":0,"gold_gain":0,"player_choice":"Removed Attack","damage_taken":0,"max_hp_gain":0,"max_hp_loss":0,"event_name":"Falling","floor":47,"gold_loss":0}],"is_beta":false,"boss_relics":[{"not_picked":["conspire:SlowCooker","hubris:TerracottaHorce"],"picked":"infinitespire:Cupcake"},{"not_picked":["reliquary:RedCape","halation:SmartPhone"],"picked":"trackpad:StolenKidneys"}],"items_purged_floors":[],"is_endless":false,"potions_floor_spawned":[3,5,6,12,16,29,33,36,39,45],"ascension_level":0}}