{"host":"ncocfkoislda923u","time":1611973050,"event":{"mods":["BaseMod","Downfall","Googly Eyes","Minty Spire (QoL Compilation)","Spire Arcade","StSLib"],"gold_per_floor":[199,215,215,225,236,236,263,263,273,289,189,99,99,99,119,119,119,119],"floor_reached":16,"language":"ENG","playtime":640,"items_purged":["bronze:Strike"],"score":122,"play_id":"346007ca-2653-41db-b399-f534aa4c796a","local_time":"20210130031730","is_ascension_mode":true,"campfire_choices":[{"data":"bronze:Replicate","floor":1,"key":"SMITH"},{"data":"bronze:WhirlingStrike","floor":11,"key":"SMITH"},{"floor":13,"key":"RECALL"}],"circlet_count":0,"master_deck":["bronze:Strike","bronze:Strike","bronze:Defend","bronze:Defend","bronze:Defend","bronze:Defend","bronze:Replicate+1","bronze:Goto","bronze:ForLoop","bronze:WhirlingStrike","bronze:Virus+1","bronze:WhirlingStrike+1","bronze:Safeguard","bronze:NullPointer"],"relics":["bronze:BronzeCore","downfall:HeartBlessingBlue"],"acts_visited":["Exordium"],"potions_floor_usage":[12,16,16],"damage_taken":[{"damage":2,"enemies":"Small Slimes","floor":2,"turns":3},{"damage":2,"enemies":"2 Louse","floor":4,"turns":3},{"damage":1,"enemies":"Cultist","floor":5,"turns":3},{"damage":5,"enemies":"Exordium Thugs","floor":9,"turns":3},{"damage":1,"enemies":"2 Fungi Beasts","floor":10,"turns":2},{"damage":0,"enemies":"downfall:FleeingMerchant","floor":12,"turns":4},{"damage":0,"enemies":"Exordium Wildlife","floor":15,"turns":2},{"damage":76,"enemies":"SI_SHIV_ARCHETYPE","floor":16,"turns":7}],"seed_played":"6119153534263324240","potions_obtained":[{"floor":5,"key":"SkillPotion"},{"floor":10,"key":"SteroidPotion"},{"floor":15,"key":"Block Potion"}],"is_trial":false,"path_per_floor":["R","M","?","M","M","?","T","?","M","M","R","$","R","?","M","B"],"character_chosen":"THE_AUTOMATON","items_purchased":[],"campfire_rested":0,"item_purchase_floors":[],"current_hp_per_floor":[70,68,68,66,65,65,65,65,60,59,69,69,69,74,74,0,0,0],"gold":119,"neow_bonus":"HUNDRED_GOLD","is_daily":false,"chose_seed":false,"campfire_upgraded":2,"win_rate":0.0,"timestamp":1611973050,"path_taken":["R","M","?","M","M","?","T","?","?","M","R","?","R","?","M","BOSS"],"items_purchased_type":[],"build_version":"2020-12-22","purchased_purges":1,"victory":false,"max_hp_per_floor":[70,70,70,70,70,70,70,70,70,70,80,80,80,85,85,85,85,85],"card_choices":[{"not_picked":["bronze:Branch","bronze:Overload"],"picked":"bronze:ForLoop","floor":2},{"not_picked":["bronze:BugBarrage","bronze:Fortify"],"picked":"bronze:WhirlingStrike","floor":4},{"not_picked":["bronze:Constructor","bronze:BugBarrage"],"picked":"bronze:Virus","floor":5},{"not_picked":["bronze:BugBarrage","bronze:Turbo"],"picked":"bronze:WhirlingStrike","floor":9},{"not_picked":["bronze:Deprecate","bronze:BuggyMess"],"picked":"bronze:Safeguard","floor":10},{"not_picked":["bronze:Philosophize","bronze:OilSpill","bronze:Frontload"],"picked":"SKIP","floor":12},{"not_picked":["bronze:MaxOutput","bronze:ItsAFeature"],"picked":"bronze:NullPointer","floor":15}],"player_experience":1526679,"relics_obtained":[],"event_choices":[{"cards_removed":["bronze:Strike"],"damage_healed":0,"gold_gain":0,"player_choice":"Forget","damage_taken":0,"max_hp_gain":0,"max_hp_loss":0,"event_name":"Living Wall","floor":6,"gold_loss":0},{"damage_healed":0,"gold_gain":0,"player_choice":"Donut","damage_taken":0,"max_hp_gain":5,"max_hp_loss":0,"event_name":"Big Fish","floor":14,"gold_loss":0}],"is_beta":false,"boss_relics":[],"items_purged_floors":[12],"is_endless":false,"potions_floor_spawned":[5,10,15],"killed_by":"SI_SHIV_ARCHETYPE","ascension_level":1}}