{"host":"y89x8uui45kcjy42","time":1611971002,"event":{"mods":["2.2 Compatiblity","BaseMod","CapriCore","Colored Map","Colored Powertips","Custom Start","Friendly Minions","Keyboard Shortcuts","Marisa£¨Ùöéë¡¡Øª×âÞÞ£©","Minty Spire (QoL Compilation)","Relic Stats","Slay the Relics Exporter","StSLib","SuperFastMode","Uncapped"],"gold_per_floor":[111,111,126,146,146,146,146,146,201,244,130,174,195,213,213,312,312,337,252,79,79,121,121,121,121,121,171,190,190,126,162,162,255,255,274,18,82,171,171,215,215,258,281,281,312,645,645,665,665,665,665,665,481,513,513],"floor_reached":56,"language":"KOR","playtime":1535,"items_purged":["Defend_MRS","Strike_MRS","Strike_MRS","Defend_MRS","Strike_MRS","Strike_MRS+1"],"score":2200,"play_id":"f607d44b-5b70-4809-8a15-5c3fb65c1c86","local_time":"20210130104322","is_ascension_mode":true,"campfire_choices":[{"data":"RefractionSpark","floor":6.0,"key":"SMITH"},{"data":"PowerUp","floor":7.0,"key":"SMITH"},{"data":"ShootTheMoon","floor":8.0,"key":"SMITH"},{"data":"MasterSpark","floor":15,"key":"SMITH"},{"data":"AbsoluteMagnitude","floor":23,"key":"SMITH"},{"data":"MagicAbsorber","floor":24,"key":"SMITH"},{"data":"EnergyRecoil","floor":25,"key":"SMITH"},{"data":"UpSweep","floor":29,"key":"SMITH"},{"floor":32,"key":"RECALL"},{"data":"UltimateShortwave","floor":41,"key":"SMITH"},{"data":"Master of Strategy","floor":44,"key":"SMITH"},{"data":"Master of Strategy","floor":47,"key":"SMITH"},{"data":"Strike_MRS","floor":49,"key":"SMITH"},{"data":"Defend_MRS","floor":52,"key":"SMITH"}],"circlet_count":0,"master_deck":["Defend_MRS+1","MasterSpark+1","UpSweep+1","ShootTheMoon+1","PowerUp+1","RefractionSpark+1","EnergyRecoil+1","MagicAbsorber+1","AbsoluteMagnitude+1","UltimateShortwave+1","Master of Strategy+1","Master of Strategy+1","DoubleSpark+1","OrrerysSun+1","MachineGunSpark+1"],"relics":["BewitchedHakkero","Ring of the Serpent","CatCart","Mercury Hourglass","BreadOfAWashokuLover","BigShroomBag","Tiny Chest","Frozen Egg 2","Vajra","Oddly Smooth Stone","Question Card","Bag of Marbles","ExperimentalFamiliar","Sundial","OrangePellets","Eternal Feather","Bag of Preparation","Bird Faced Urn","Membership Card","Molten Egg 2","WingedGreaves","Juzu Bracelet","SacredBark","DollysMirror","HandmadeGrimoire","Bronze Scales","Shuriken","Oddly Smooth Stone","Darkstone Periapt","Pen Nib","Calipers","Sling","HornCleat"],"acts_visited":["Exordium","TheCity","TheBeyond","TheEnding"],"potions_floor_usage":[12,16,55],"damage_taken":[{"damage":7.0,"enemies":"Jaw Worm","floor":1.0,"turns":3.0},{"damage":3.0,"enemies":"2 Louse","floor":3.0,"turns":2.0},{"damage":3.0,"enemies":"Small Slimes","floor":4.0,"turns":2.0},{"damage":15.0,"enemies":"3 Sentries","floor":10.0,"turns":5.0},{"damage":16,"enemies":"Lagavulin","floor":12,"turns":5},{"damage":0,"enemies":"3 Louse","floor":13,"turns":1},{"damage":0,"enemies":"2 Fungi Beasts","floor":14,"turns":2},{"damage":38,"enemies":"Hexaghost","floor":16,"turns":5},{"damage":11,"enemies":"Spheric Guardian","floor":18,"turns":3},{"damage":0,"enemies":"2 Thieves","floor":28,"turns":2},{"damage":18,"enemies":"Gremlin Leader","floor":31,"turns":4},{"damage":3,"enemies":"Collector","floor":33,"turns":3},{"damage":0,"enemies":"Orb Walker","floor":35,"turns":1},{"damage":21,"enemies":"2 Orb Walkers","floor":37,"turns":2},{"damage":16,"enemies":"Reptomancer","floor":40,"turns":4},{"damage":13,"enemies":"Giant Head","floor":42,"turns":2},{"damage":0,"enemies":"Mind Bloom Boss Battle","floor":45,"turns":2},{"damage":7,"enemies":"3 Shapes","floor":48,"turns":2},{"damage":50,"enemies":"Donu and Deca","floor":50,"turns":4},{"damage":3,"enemies":"Shield and Spear","floor":54,"turns":2},{"damage":220,"enemies":"The Heart","floor":55,"turns":8}],"seed_played":"7540257809255989598","potions_obtained":[{"floor":1.0,"key":"SneckoOil"},{"floor":3.0,"key":"Energy Potion"},{"floor":13,"key":"Weak Potion"},{"floor":14,"key":"Swift Potion"},{"floor":16,"key":"GamblersBrew"},{"floor":18,"key":"Regen Potion"}],"is_trial":false,"path_per_floor":["M","?","M","M","?","R","R","R","T","E","$","E","M","M","R","B",null,"M","?","$","T","$","R","R","R","T","?","M","R","$","E","R","B",null,"M","$","?","$","T","E","R","E","T","R","?","?","R","M","R","B",null,"R","$","E","B",null],"character_chosen":"MARISA","items_purchased":["EnergyRecoil","OrangePellets","Bag of Preparation","Membership Card","Molten Egg 2","Master of Strategy","DollysMirror","HandmadeGrimoire","Bronze Scales","Sling"],"campfire_rested":0,"item_purchase_floors":[11,20,22,30,30,36,36,38,38,53],"current_hp_per_floor":[53,35,32,29,29,29,29,29,29,18,18,3,3,4,4,37,66,56,56,56,56,56,65,74,76,76,69,71,76,76,59,65,63,73,73,73,53,53,53,53,62,49,49,58,62,62,71,66,75,27,74,83,83,84,41],"gold":513,"neow_bonus":"TWENTY_PERCENT_HP_BONUS","is_daily":false,"chose_seed":false,"campfire_upgraded":13,"win_rate":0.0,"timestamp":1611971002,"path_taken":["M","?","M","M","?","R","R","R","T","E","$","E","?","M","R","BOSS","M","?","$","?","$","R","R","R","T","?","?","R","$","E","R","BOSS","M","$","?","$","?","E","R","E","T","R","?","?","R","M","R","BOSS","R","$","E","BOSS"],"items_purchased_type":["Card","Relic","Relic","Relic","Relic","Card","Relic","Relic","Relic","Relic"],"build_version":"2020-12-22","purchased_purges":6,"victory":true,"max_hp_per_floor":[84,84,84,84,76,76,76,76,76,76,76,76,76,76,76,76,76,76,76,76,76,76,76,76,76,76,76,76,76,76,76,76,76,76,76,76,76,76,76,89,89,89,89,89,89,89,89,89,89,89,89,89,89,89,89],"relic_stats":{"Darkstone Periapt":0,"counters":[21,61],"Eternal Feather":76,"Pen Nib":[5],"Bag of Preparation":[24],"Juzu Bracelet":0,"Question Card":15,"Mercury Hourglass":[258],"OrangePellets":[0],"Sundial":[8],"Shuriken":[17],"Bird Faced Urn":[18],"Bronze Scales":[123],"Tiny Chest":2,"obtain_stats":[{"Darkstone Periapt":42,"Calipers":45,"SacredBark":34,"HoveringKite":0,"Vajra":11,"Bag of Preparation":22,"Juzu Bracelet":31,"Sling":53,"HornCleat":54,"Sundial":19,"DollysMirror":36,"Tiny Chest":2,"WingedGreaves":5,"HandmadeGrimoire":38,"BewitchedHakkero":1,"Golden Idol":5,"Oddly Smooth Stone":11,"BreadOfAWashokuLover":0,"Eternal Feather":21,"Pen Nib":43,"Frozen Egg 2":10,"Question Card":11,"Mercury Hourglass":0,"OrangePellets":20,"ExperimentalFamiliar":17,"Shuriken":39,"Bird Faced Urn":26,"Bronze Scales":38,"BigShroomBag":0,"Molten Egg 2":30,"Bag of Marbles":12,"MiniHakkero":0,"Membership Card":30,"CatCart":0,"Ring of the Serpent":0},{"Darkstone Periapt":16,"Calipers":17,"SacredBark":12,"HoveringKite":0,"Vajra":4,"Bag of Preparation":9,"Juzu Bracelet":11,"Sling":19,"HornCleat":20,"Sundial":9,"DollysMirror":13,"Tiny Chest":1,"WingedGreaves":3,"HandmadeGrimoire":14,"BewitchedHakkero":1,"Golden Idol":3,"Oddly Smooth Stone":4,"BreadOfAWashokuLover":0,"Eternal Feather":9,"Pen Nib":16,"Frozen Egg 2":4,"Question Card":4,"Mercury Hourglass":0,"OrangePellets":9,"ExperimentalFamiliar":8,"Shuriken":14,"Bird Faced Urn":9,"Bronze Scales":14,"BigShroomBag":0,"Molten Egg 2":10,"Bag of Marbles":5,"MiniHakkero":0,"Membership Card":10,"CatCart":0,"Ring of the Serpent":0},{"Darkstone Periapt":43,"Calipers":45,"SacredBark":34,"HoveringKite":0,"Vajra":11,"Bag of Preparation":26,"Juzu Bracelet":31,"Sling":51,"HornCleat":53,"Sundial":26,"DollysMirror":35,"Tiny Chest":3,"WingedGreaves":7,"HandmadeGrimoire":37,"BewitchedHakkero":3,"Golden Idol":7,"Oddly Smooth Stone":11,"BreadOfAWashokuLover":0,"Eternal Feather":26,"Pen Nib":43,"Frozen Egg 2":11,"Question Card":11,"Mercury Hourglass":0,"OrangePellets":26,"ExperimentalFamiliar":23,"Shuriken":37,"Bird Faced Urn":26,"Bronze Scales":37,"BigShroomBag":0,"Molten Egg 2":27,"Bag of Marbles":16,"MiniHakkero":0,"Membership Card":27,"CatCart":0,"Ring of the Serpent":0}]},"card_choices":[{"not_picked":["WitchOfGreed","OneTimeOff"],"picked":"ShootTheMoon","floor":1.0},{"not_picked":["DoubleSpark","IllusionStar"],"picked":"PowerUp","floor":3.0},{"not_picked":["GravityBeat","AsteroidBelt"],"picked":"RefractionSpark","floor":4.0},{"not_picked":["ShootingEcho","6A","OneTimeOff"],"picked":"SKIP","floor":10.0},{"not_picked":["MilkyWay","DarkMatter","GrandCross","DarkSpark"],"picked":"SKIP","floor":12},{"not_picked":["IllusionStar","SprinkleStarSeal","LuminesStrike","PowerUp"],"picked":"SKIP","floor":13},{"not_picked":["DarkMatter","Robbery","OortCloud+1"],"picked":"MagicAbsorber","floor":14},{"not_picked":["MaximisePower","BlazingStar","JA"],"picked":"AbsoluteMagnitude","floor":16},{"not_picked":["ShootingEcho","SporeBomb","WitchOfGreed+1","AsteroidBelt"],"picked":"SKIP","floor":18},{"not_picked":["6A","DC","AlicesGift","IllusionStar"],"picked":"SKIP","floor":28},{"not_picked":["DeepEcoloBomb+1","OortCloud+1","SuperNova+1","GravityBeat+1"],"picked":"SKIP","floor":31},{"not_picked":["AbsoluteMagnitude+1","CasketOfStar+1","SuperNova+1"],"picked":"UltimateShortwave","floor":33},{"not_picked":["DC+1","GrandCross+1","AlicesGift+1","GravityBeat+1"],"picked":"SKIP","floor":35},{"not_picked":["SuperPerseids","Occultation","6A+1"],"picked":"DoubleSpark+1","floor":37},{"not_picked":["GrandCross+1","WitchOfGreed+1","PowerUp+1","SporeBomb+1"],"picked":"SKIP","floor":40},{"not_picked":["UnstableBomb+1","GalacticHalo","EventHorizon+1"],"picked":"OrrerysSun+1","floor":42},{"not_picked":["MagicChant","AsteroidBelt","ShootTheMoon+1"],"picked":"MachineGunSpark+1","floor":45},{"not_picked":["MysteriousBeam+1","Acceleration+1","EnergyRecoil","OpenUniverse+1"],"picked":"SKIP","floor":48},{"not_picked":["DarkMatter","DC+1","MilkyWay+1","MysteriousBeam+1"],"picked":"SKIP","floor":54}],"player_experience":742929,"relics_obtained":[{"floor":10.0,"key":"Frozen Egg 2"},{"floor":12,"key":"Bag of Marbles"},{"floor":21,"key":"Eternal Feather"},{"floor":26,"key":"Bird Faced Urn"},{"floor":31,"key":"Juzu Bracelet"},{"floor":39,"key":"Shuriken"},{"floor":40,"key":"Oddly Smooth Stone"},{"floor":42,"key":"Darkstone Periapt"},{"floor":43,"key":"Pen Nib"},{"floor":45,"key":"Calipers"},{"floor":54,"key":"HornCleat"}],"event_choices":[{"damage_healed":0.0,"max_hp_gain":0.0,"max_hp_loss":0.0,"gold_gain":0.0,"event_name":"Scrap Ooze","player_choice":"Success","floor":2.0,"gold_loss":0.0,"damage_taken":18.0,"relics_obtained":["Tiny Chest"]},{"damage_healed":0.0,"max_hp_gain":0.0,"max_hp_loss":8.0,"gold_gain":0.0,"event_name":"Golden Idol","player_choice":"Lose Max HP","floor":5.0,"gold_loss":0.0,"damage_taken":0.0,"relics_obtained":["Golden Idol"]},{"damage_healed":0,"gold_gain":0,"player_choice":"Obtained Relic","damage_taken":0,"relics_obtained":["Sundial"],"max_hp_gain":0,"max_hp_loss":0,"event_name":"Addict","floor":19,"gold_loss":85},{"damage_healed":0,"gold_gain":50,"player_choice":"Touch","damage_taken":7,"max_hp_gain":0,"max_hp_loss":0,"event_name":"FaceTrader","floor":27,"gold_loss":0},{"damage_healed":0,"gold_gain":0,"player_choice":"Fight","damage_taken":0,"max_hp_gain":0,"max_hp_loss":0,"event_name":"Mysterious Sphere","floor":37,"gold_loss":0},{"damage_healed":0,"gold_gain":0,"player_choice":"Fight","damage_taken":0,"max_hp_gain":0,"max_hp_loss":0,"event_name":"MindBloom","floor":45,"gold_loss":0},{"damage_healed":0,"gold_gain":333,"player_choice":"Gave Idol","damage_taken":0,"max_hp_gain":0,"max_hp_loss":0,"event_name":"The Moai Head","floor":46,"relics_lost":["Golden Idol"],"gold_loss":0}],"is_beta":false,"boss_relics":[{"not_picked":["Snecko Eye","Empty Cage"],"picked":"ExperimentalFamiliar"},{"not_picked":["Pandora\u0027s Box","Sozu"],"picked":"SacredBark"}],"items_purged_floors":[11,22,30,36,38,53],"is_endless":false,"potions_floor_spawned":[1,3,13,14,16,18,28,35,48,54],"ascension_level":19}}