{"host":"snjtcuf7krqplf70","time":1611998102,"event":{"mods":["AchievementEnabler","BaseMod","Colored Map","Colored Powertips","Minty Spire (QoL Compilation)","StSLib"],"gold_per_floor":[116,128,128,143,66,66,79,79,79,98,125,3,21,52,52,148,148,165,180,180,180,200,200,231,231,231,231,231],"floor_reached":27,"language":"ENG","playtime":1766,"items_purged":[],"score":267,"play_id":"2ab5f53d-5f7d-4f44-905b-6ce193819687","local_time":"20210130011502","is_ascension_mode":true,"campfire_choices":[{"data":"Bash","floor":6,"key":"SMITH"},{"data":"Flex","floor":8,"key":"SMITH"},{"floor":15,"key":"DIG"},{"floor":23,"key":"DIG"},{"floor":25,"key":"DIG"}],"circlet_count":0,"master_deck":["Strike_R","Strike_R","Strike_R","Strike_R","Strike_R","Defend_R","Defend_R","Defend_R","Defend_R","Bash+1","Flex+1","Heavy Blade","Ghostly Armor","Shrug It Off","Flex","Impervious","Carnage+1","Fiend Fire+1","Entrench","Uppercut+1","Feel No Pain","Perfected Strike+1","Juggernaut","Flex+1","Shame","Limit Break"],"relics":["Burning Blood","NeowsBlessing","Molten Egg 2","StrikeDummy","Shovel","HornCleat","Runic Pyramid","Ornamental Fan","MutagenicStrength","Mercury Hourglass","Calipers","Toxic Egg 2","Bottled Tornado"],"acts_visited":["Exordium","TheCity"],"potions_floor_usage":[11,13,14,24],"damage_taken":[{"damage":0,"enemies":"2 Louse","floor":1,"turns":1},{"damage":0,"enemies":"Cultist","floor":2,"turns":1},{"damage":0,"enemies":"Small Slimes","floor":4,"turns":1},{"damage":11,"enemies":"Exordium Thugs","floor":7,"turns":6},{"damage":15,"enemies":"Looter","floor":10,"turns":4},{"damage":3,"enemies":"Lagavulin","floor":11,"turns":5},{"damage":1,"enemies":"Large Slime","floor":13,"turns":5},{"damage":12,"enemies":"3 Sentries","floor":14,"turns":8},{"damage":24,"enemies":"Hexaghost","floor":16,"turns":9},{"damage":0,"enemies":"Spheric Guardian","floor":18,"turns":3},{"damage":7,"enemies":"2 Thieves","floor":19,"turns":5},{"damage":0,"enemies":"Sentry and Sphere","floor":22,"turns":3},{"damage":69,"enemies":"Gremlin Leader","floor":24,"turns":5},{"damage":33,"enemies":"Slavers","floor":27,"turns":5}],"seed_played":"-8203724251108301117","potions_obtained":[{"floor":7,"key":"LiquidBronze"},{"floor":11,"key":"AttackPotion"},{"floor":13,"key":"Dexterity Potion"},{"floor":22,"key":"BloodPotion"}],"is_trial":false,"path_per_floor":["M","M","?","M","$","R","M","R","T","M","E","$","M","E","R","B",null,"M","M","?","?","M","R","E","R","T","E"],"character_chosen":"IRONCLAD","items_purchased":["Shrug It Off","Flex","Entrench","Uppercut+1"],"campfire_rested":0,"item_purchase_floors":[5,5,12,12],"current_hp_per_floor":[80,80,80,80,80,80,75,75,75,66,69,69,74,68,68,50,80,80,79,79,79,80,80,33,33,33,0,0],"gold":231,"neow_bonus":"THREE_ENEMY_KILL","is_daily":false,"chose_seed":false,"campfire_upgraded":2,"win_rate":0.0,"timestamp":1611998102,"path_taken":["M","M","?","M","?","R","M","R","T","M","E","$","M","E","R","BOSS","M","M","?","?","M","R","E","R","T","E"],"items_purchased_type":["Card","Card","Card","Card"],"build_version":"2020-12-22","purchased_purges":0,"victory":false,"max_hp_per_floor":[80,80,80,80,80,80,80,80,80,80,80,80,80,80,80,80,80,80,80,80,80,80,80,80,80,80,80,80],"card_choices":[{"not_picked":["Havoc","Perfected Strike"],"picked":"Flex","floor":1},{"not_picked":["Clash","Disarm"],"picked":"Heavy Blade","floor":2},{"not_picked":["Shockwave","Anger"],"picked":"Ghostly Armor","floor":4},{"not_picked":["Clothesline","Wild Strike"],"picked":"Impervious","floor":7},{"not_picked":["Rupture","Clash+1"],"picked":"Carnage+1","floor":10},{"not_picked":["Havoc","True Grit"],"picked":"Fiend Fire+1","floor":11},{"not_picked":["Headbutt+1","True Grit"],"picked":"Feel No Pain","floor":13},{"not_picked":["Hemokinesis+1","Pummel+1"],"picked":"Perfected Strike+1","floor":14},{"not_picked":["Bludgeon+1","Offering"],"picked":"Juggernaut","floor":16},{"not_picked":["Second Wind","Thunderclap+1","Shrug It Off"],"picked":"SKIP","floor":18},{"not_picked":["Rage","Wild Strike+1"],"picked":"Flex+1","floor":19},{"not_picked":["Anger+1","Pommel Strike+1","Clash+1"],"picked":"SKIP","floor":22},{"not_picked":["Sever Soul+1","Whirlwind+1"],"picked":"Limit Break","floor":24}],"player_experience":180109,"relics_obtained":[{"floor":9,"key":"Molten Egg 2"},{"floor":11,"key":"StrikeDummy"},{"floor":14,"key":"Shovel"},{"floor":15,"key":"HornCleat"},{"floor":23,"key":"Mercury Hourglass"},{"floor":24,"key":"Calipers"},{"floor":25,"key":"Toxic Egg 2"},{"floor":26,"key":"Bottled Tornado"}],"event_choices":[{"damage_healed":0,"gold_gain":0,"player_choice":"Bought 0 Potions","damage_taken":0,"max_hp_gain":0,"max_hp_loss":0,"event_name":"The Woman in Blue","floor":3,"gold_loss":0},{"damage_healed":0,"gold_gain":0,"player_choice":"Stole Relic","damage_taken":0,"relics_obtained":["Ornamental Fan"],"max_hp_gain":0,"max_hp_loss":0,"event_name":"Addict","floor":20,"gold_loss":0,"cards_obtained":["Shame"]},{"damage_healed":0,"gold_gain":0,"player_choice":"Inject Mutagens","damage_taken":0,"relics_obtained":["MutagenicStrength"],"max_hp_gain":0,"max_hp_loss":0,"event_name":"Drug Dealer","floor":21,"gold_loss":0}],"is_beta":false,"boss_relics":[{"not_picked":["Runic Cube","Snecko Eye"],"picked":"Runic Pyramid"}],"items_purged_floors":[],"is_endless":false,"potions_floor_spawned":[7,11,13,22],"killed_by":"Slavers","ascension_level":2}}