{"host":"3azvxbhvx7nk2p5g","time":1611996778,"event":{"mods":["BaseMod","Koishi","Minty Spire (QoL Compilation)","StSLib"],"gold_per_floor":[219,219,239,93,113,113,138,158,181,214,214,214,214,234,234,234,234],"floor_reached":16,"language":"ZHS","playtime":803,"items_purged":["Koishi:BasicStrike"],"score":92,"play_id":"00984d0b-53bc-4467-8162-5169b615822d","local_time":"20210130165258","is_ascension_mode":false,"campfire_choices":[{"data":"Koishi:UnconsciousUrges","floor":6.0,"key":"SMITH"},{"data":"Koishi:HauntingSlash","floor":11.0,"key":"SMITH"},{"data":"Koishi:Untouchable","floor":13,"key":"SMITH"},{"floor":15,"key":"REST"}],"circlet_count":0,"master_deck":["Koishi:BasicStrike","Koishi:BasicStrike","Koishi:BasicStrike","Koishi:BasicDefend","Koishi:BasicDefend","Koishi:BasicDefend","Koishi:BasicDefend","Koishi:Provoke","Koishi:HauntingSlash+1","Koishi:RacingHeart","Koishi:UnconsciousUrges+1","Koishi:Untouchable+1","Koishi:RuptureMind","Koishi:DNAsFlaw","Koishi:DanmakuParanoia"],"relics":["Koishi:ImaginaryFriend","Golden Idol","Smiling Mask","Odd Mushroom"],"acts_visited":["Exordium"],"potions_floor_usage":[],"damage_taken":[{"damage":5.0,"enemies":"Small Slimes","floor":1.0,"turns":5.0},{"damage":0.0,"enemies":"Jaw Worm","floor":3.0,"turns":7.0},{"damage":1.0,"enemies":"Cultist","floor":5.0,"turns":5.0},{"damage":4.0,"enemies":"2 Fungi Beasts","floor":7.0,"turns":5.0},{"damage":17.0,"enemies":"Red Slaver","floor":8.0,"turns":4.0},{"damage":19.0,"enemies":"The Mushroom Lair","floor":10.0,"turns":6.0},{"damage":17,"enemies":"Lots of Slimes","floor":14,"turns":6},{"damage":38,"enemies":"The Guardian","floor":16,"turns":9}],"seed_played":"-1899762518189392654","potions_obtained":[{"floor":3.0,"key":"PowerPotion"},{"floor":5.0,"key":"Block Potion"},{"floor":7.0,"key":"Strength Potion"}],"is_trial":false,"path_per_floor":["M","?","M","$","M","R","M","M","T","?","R","?","R","M","R","B"],"character_chosen":"KOISHI","items_purchased":["Koishi:Untouchable"],"campfire_rested":1,"item_purchase_floors":[4],"current_hp_per_floor":[56,41,49,49,54,54,54,44,44,30,30,30,30,19,37,0,0],"gold":234,"neow_bonus":"HUNDRED_GOLD","is_daily":false,"chose_seed":false,"campfire_upgraded":3,"win_rate":0.0,"timestamp":1611996778,"path_taken":["M","?","M","$","M","R","M","M","T","?","R","?","R","M","R","BOSS"],"items_purchased_type":["Card"],"build_version":"2020-12-22","purchased_purges":1,"victory":false,"max_hp_per_floor":[60,60,60,60,60,60,60,60,60,60,60,60,60,60,60,60,60],"card_choices":[{"not_picked":["Koishi:HeartfeltFancy","Koishi:FleetingPhantom"],"picked":"Koishi:RacingHeart","floor":1.0},{"not_picked":["Koishi:ReflexRadar","Koishi:TraumaticStroke"],"picked":"Koishi:UnconsciousUrges","floor":3.0},{"not_picked":["Koishi:EmbersOfLove","Koishi:FleetingPhantom","Koishi:VengefulSpirit"],"picked":"SKIP","floor":5.0},{"not_picked":["Koishi:CatchAndRose","Koishi:SpiritedAway"],"picked":"Koishi:RuptureMind","floor":7.0},{"not_picked":["Koishi:StingingMind","Koishi:ReflexRadar","Koishi:SpiritedAway"],"picked":"SKIP","floor":8.0},{"not_picked":["Koishi:PhantomBarrier","Koishi:ReflexRadar"],"picked":"Koishi:DNAsFlaw","floor":10.0},{"not_picked":["Koishi:HeartfeltFancy","Koishi:Possession"],"picked":"Koishi:DanmakuParanoia","floor":14}],"player_experience":57720,"relics_obtained":[{"floor":9.0,"key":"Smiling Mask"},{"floor":10.0,"key":"Odd Mushroom"}],"event_choices":[{"damage_healed":0.0,"max_hp_gain":0.0,"max_hp_loss":0.0,"gold_gain":0.0,"event_name":"Golden Idol","player_choice":"Take Damage","floor":2.0,"gold_loss":0.0,"damage_taken":15.0,"relics_obtained":["Golden Idol"]},{"damage_healed":0.0,"max_hp_gain":0.0,"max_hp_loss":0.0,"gold_gain":0.0,"event_name":"Mushrooms","player_choice":"Fought Mushrooms","floor":10.0,"gold_loss":0.0,"damage_taken":0.0},{"damage_healed":0,"gold_gain":0,"player_choice":"Ignored","damage_taken":0,"max_hp_gain":0,"max_hp_loss":0,"event_name":"Shining Light","floor":12,"gold_loss":0}],"is_beta":false,"boss_relics":[],"items_purged_floors":[4],"is_endless":false,"potions_floor_spawned":[3,5,7,10,14],"killed_by":"The Guardian","ascension_level":0}}