{"host":"vyiqbz5w606ur92t","time":1611975199,"event":{"mods":["BaseMod","Downfall","Minty Spire (QoL Compilation)","StSLib"],"gold_per_floor":[0,10,30,130,130,130,155,155,180,191,207,7,39,58,70,165,165,165,183,183,12,24,57,133,151,177,189,89,89,89,118,131,230,230,230,245,326,326,376,376,376,376,408,408,442,458,490,382,397,397,397,430,38,38,38,38],"floor_reached":57,"language":"ENG","playtime":10653,"items_purged":["hexamod:Strike","hexamod:FlamesFromBeyond"],"score":1618,"play_id":"84d3c854-1d69-4c52-ad86-ff992de01161","local_time":"20210130025319","is_ascension_mode":true,"campfire_choices":[{"data":"hexamod:Strike","floor":1,"key":"PURGE"},{"floor":6,"key":"RECALL"},{"data":"Normality","floor":12,"key":"PURGE"},{"data":"hexamod:Rewind","floor":18,"key":"SMITH"},{"data":"hexamod:GiftsFromTheDead","floor":28,"key":"SMITH"},{"floor":30,"key":"REST"},{"data":"hexamod:GiftsFromTheDead","floor":35,"key":"SMITH"},{"data":"hexamod:Haunt","floor":40,"key":"SMITH"},{"data":"hexamod:GiftsFromTheDead","floor":44,"key":"SMITH"},{"floor":54,"key":"REST"}],"circlet_count":0,"master_deck":["hexamod:Strike+1","hexamod:Defend","hexamod:Defend","hexamod:Defend+1","hexamod:Defend","hexamod:Sear","hexamod:Float","hexamod:SwordOfDarkness+1","hexamod:ShieldOfDarkness","CurseOfTheBell","CurseOfTheBell","hexamod:GiftsFromTheDead+1","hexamod:SoulSteal","hexamod:Hexaguard","hexamod:PhantomCloak","hexamod:Haunt+1","hexamod:Rewind+1","hexamod:FastForward","hexamod:GiftsFromTheDead+1","hexamod:RainOfEmbers","hexamod:HeatCrush","hexamod:FlamesFromBeyond","hexamod:FlamesFromBeyond+1","hexamod:SuperheatedStrike","hexamod:RecurringNightmare+1","hexamod:NightmareStrike","hexamod:GhostShield+1","hexamod:SpectersWail+1","hexamod:GiftsFromTheDead+1","hexamod:SuperheatedStrike+1","hexamod:BacktrackSmack+1","hexamod:BacktrackSmack+1","hexamod:ApocalypticArmor+1","hexamod:InspiringFlames+1","hexamod:GhostShield","hexamod:RecurringNightmare+1","Secret Technique","expansioncontent:StudyTheSpire+1"],"relics":["hexamod:UnbrokenSoul","Peace Pipe","downfall:ShatteredFragment","Whetstone","downfall:ExtraCursedBell","Juzu Bracelet","Slimebound:PreparedRelic","Incense Burner","Thread and Needle","downfall:HeartBlessingRed","downfall:HeartBlessingGreen","Tiny Chest","Membership Card","Potion Belt","Ornamental Fan","downfall:HeartBlessingBlue","Anchor","Busted Crown","Frozen Egg 2","Kunai","WingedGreaves","Dead Branch","Darkstone Periapt","Shuriken","Nunchaku","TungstenRod","DollysMirror","FossilizedHelix","Mummified Hand","Bottled Lightning"],"acts_visited":["Exordium","TheCity","TheBeyond","TheEnding"],"potions_floor_usage":[16,16,26,47,47,48,55],"damage_taken":[{"damage":0,"enemies":"Small Slimes","floor":2,"turns":3},{"damage":0,"enemies":"2 Louse","floor":3,"turns":2},{"damage":27,"enemies":"Gremlin Nob","floor":9,"turns":5},{"damage":0,"enemies":"Cultist","floor":10,"turns":2},{"damage":0,"enemies":"Blue Slaver","floor":11,"turns":3},{"damage":0,"enemies":"3 Sentries","floor":13,"turns":6},{"damage":0,"enemies":"2 Fungi Beasts","floor":14,"turns":3},{"damage":0,"enemies":"Large Slime","floor":15,"turns":4},{"damage":33,"enemies":"DF_ARCHETYPE_STREAMLINE","floor":16,"turns":11},{"damage":0,"enemies":"Chosen","floor":19,"turns":3},{"damage":0,"enemies":"downfall:FleeingMerchant","floor":21,"turns":4},{"damage":0,"enemies":"Spheric Guardian","floor":22,"turns":3},{"damage":7,"enemies":"Book of Stabbing","floor":23,"turns":4},{"damage":5,"enemies":"Snecko","floor":25,"turns":3},{"damage":23,"enemies":"Gremlin Leader","floor":26,"turns":5},{"damage":1,"enemies":"Snake Plant","floor":27,"turns":3},{"damage":0,"enemies":"Slavers","floor":31,"turns":4},{"damage":0,"enemies":"3 Cultists","floor":32,"turns":3},{"damage":1,"enemies":"WA_ARCHETYPE_CALM","floor":33,"turns":5},{"damage":0,"enemies":"3 Shapes","floor":36,"turns":4},{"damage":2,"enemies":"3 Shapes","floor":39,"turns":6},{"damage":2,"enemies":"Giant Head","floor":43,"turns":6},{"damage":2,"enemies":"Reptomancer","floor":45,"turns":3},{"damage":0,"enemies":"3 Darklings","floor":46,"turns":3},{"damage":6,"enemies":"Nemesis","floor":47,"turns":3},{"damage":7,"enemies":"downfall:FleeingMerchant","floor":48,"turns":3},{"damage":0,"enemies":"Spire Growth","floor":49,"turns":3},{"damage":0,"enemies":"SI_POISON_ARCHETYPE","floor":50,"turns":5},{"damage":44,"enemies":"downfall:CharBossMerchant","floor":52,"turns":6},{"damage":0,"enemies":"downfall:NeowBoss","floor":55,"turns":7},{"damage":0,"enemies":"downfall:NeowBossFinal","floor":56,"turns":7}],"seed_played":"5806204141256235163","potions_obtained":[{"floor":3,"key":"Energy Potion"},{"floor":11,"key":"hexamod:SoulburnPotion"},{"floor":14,"key":"Regen Potion"},{"floor":19,"key":"Slimebound:ThreeZeroPotion"},{"floor":23,"key":"SkillPotion"},{"floor":25,"key":"SpeedPotion"},{"floor":27,"key":"hexamod:DoubleChargePotion"},{"floor":31,"key":"EntropicBrew"},{"floor":39,"key":"SkillPotion"},{"floor":47,"key":"Strength Potion"}],"is_trial":false,"path_per_floor":["R","M","M","?","?","R","T","?","E","M","M","R","E","M","M","B",null,"R","M","?","$","M","E","T","M","E","M","R","?","R","E","M","B",null,"R","M","T","T","?","R","T","?","E","R","E","M","E","$","M","B",null,"E","$","R","B","B",null],"character_chosen":"THE_SPIRIT","items_purchased":["Membership Card","hexamod:FlamesFromBeyond","TungstenRod","DollysMirror","GamblersBrew","Energy Potion","Secret Technique","Mummified Hand","expansioncontent:StudyTheSpire","Bottled Lightning"],"campfire_rested":2,"item_purchase_floors":[21,21,48,48,48,48,48,53,53,53],"current_hp_per_floor":[70,70,70,70,49,49,49,49,22,22,22,22,22,22,22,4,70,70,70,70,70,70,63,63,58,35,34,44,36,60,60,60,59,80,80,80,80,80,78,78,78,78,76,76,74,74,68,61,61,61,80,36,36,60,60,60],"gold":38,"neow_bonus":"ONE_RARE_RELIC","is_daily":false,"chose_seed":false,"campfire_upgraded":5,"win_rate":0.0,"timestamp":1611975199,"path_taken":["R","M","M","?","?","R","T","?","E","M","M","R","E","M","M","BOSS","R","M","?","$","M","E","T","M","E","M","R","?","R","E","M","BOSS","R","M","?","?","?","R","T","?","E","R","E","M","E","$","M","BOSS","E","$","R","BOSS","BOSS"],"items_purchased_type":["Relic","Card","Relic","Relic","Potion","Potion","Card","Relic","Card","Relic"],"build_version":"2020-12-22","purchased_purges":2,"victory":true,"max_hp_per_floor":[70,70,70,70,70,70,70,70,70,70,70,70,70,70,70,70,70,70,70,70,70,70,70,70,70,70,70,80,80,80,80,80,80,80,80,80,80,80,80,80,80,80,80,80,80,80,80,80,80,80,80,80,80,80,80,80],"card_choices":[{"not_picked":["hexamod:RadiantFlame","hexamod:AdvancingGuard"],"picked":"hexamod:SwordOfDarkness","floor":2},{"not_picked":["hexamod:AdvancingGuard","hexamod:HauntingEcho"],"picked":"hexamod:ShieldOfDarkness","floor":3},{"not_picked":["hexamod:Again","hexamod:ApocalypticArmor"],"picked":"hexamod:SoulSteal","floor":9},{"not_picked":["hexamod:HauntingEcho","hexamod:ChargedBarrage"],"picked":"hexamod:Hexaguard","floor":10},{"not_picked":["hexamod:ShieldOfDarkness","hexamod:DynamicBlow"],"picked":"hexamod:PhantomCloak","floor":11},{"not_picked":["hexamod:SkipABeat","hexamod:HauntingEcho"],"picked":"hexamod:Haunt","floor":13},{"not_picked":["hexamod:HeatMetal","hexamod:FastForward"],"picked":"hexamod:Rewind","floor":14},{"not_picked":["hexamod:FourthSeal","hexamod:RetreatToShadows"],"picked":"hexamod:FastForward","floor":15},{"not_picked":["hexamod:TurnItUp","hexamod:ApocalypticArmor"],"picked":"hexamod:GiftsFromTheDead","floor":16},{"not_picked":["hexamod:InspiringFlames","hexamod:EmpoweredFlame"],"picked":"hexamod:RainOfEmbers","floor":19},{"not_picked":["hexamod:BacktrackSmack","hexamod:EtherealExpedition"],"picked":"hexamod:HeatCrush","floor":21},{"not_picked":["hexamod:SkipABeat","hexamod:Incineration"],"picked":"hexamod:FlamesFromBeyond+1","floor":22},{"not_picked":["hexamod:CatchUp","hexamod:InspiringFlames"],"picked":"hexamod:SuperheatedStrike","floor":23},{"not_picked":["hexamod:Incineration","hexamod:SuperheatedStrike"],"picked":"hexamod:FlamesFromBeyond","floor":25},{"not_picked":["hexamod:PhantomFireball","hexamod:ExtraCrispy"],"picked":"hexamod:RecurringNightmare+1","floor":26},{"not_picked":["hexamod:GhostflameBarrier","hexamod:SwordOfDarkness"],"picked":"hexamod:NightmareStrike","floor":27},{"not_picked":["hexamod:SkipABeat","hexamod:SecondSeal"],"picked":"hexamod:GhostShield+1","floor":31},{"not_picked":["hexamod:EmpoweredFlame","hexamod:InspiringFlames"],"picked":"hexamod:SpectersWail+1","floor":32},{"not_picked":["hexamod:Toasty","hexamod:GhostflameInferno"],"picked":"hexamod:GiftsFromTheDead","floor":33},{"not_picked":[],"picked":"hexamod:SuperheatedStrike+1","floor":36},{"not_picked":[],"picked":"hexamod:BacktrackSmack+1","floor":39},{"not_picked":[],"picked":"hexamod:BacktrackSmack+1","floor":43},{"not_picked":[],"picked":"hexamod:ApocalypticArmor+1","floor":45},{"not_picked":["hexamod:PhantomCloak+1"],"picked":"SKIP","floor":46},{"not_picked":["hexamod:PhantomCloak+1"],"picked":"SKIP","floor":46},{"not_picked":[],"picked":"hexamod:InspiringFlames+1","floor":47},{"not_picked":[],"picked":"hexamod:GhostShield","floor":48},{"not_picked":["hexamod:GhostLash"],"picked":"SKIP","floor":49},{"not_picked":["hexamod:HeatMetal"],"picked":"SKIP","floor":52}],"player_experience":1231352,"relics_obtained":[{"floor":7,"key":"Whetstone"},{"floor":8,"key":"Juzu Bracelet"},{"floor":8,"key":"Slimebound:PreparedRelic"},{"floor":8,"key":"Incense Burner"},{"floor":9,"key":"Thread and Needle"},{"floor":13,"key":"Tiny Chest"},{"floor":23,"key":"Potion Belt"},{"floor":26,"key":"Ornamental Fan"},{"floor":31,"key":"Anchor"},{"floor":37,"key":"Frozen Egg 2"},{"floor":38,"key":"Kunai"},{"floor":39,"key":"WingedGreaves"},{"floor":41,"key":"Dead Branch"},{"floor":43,"key":"Darkstone Periapt"},{"floor":45,"key":"Shuriken"},{"floor":47,"key":"Nunchaku"},{"floor":52,"key":"FossilizedHelix"}],"event_choices":[{"damage_healed":0,"gold_gain":0,"player_choice":"Ignored","damage_taken":0,"max_hp_gain":0,"max_hp_loss":0,"event_name":"Vampires","floor":20,"gold_loss":0}],"is_beta":false,"boss_relics":[{"not_picked":["Fusion Hammer","SlaversCollar"],"picked":"hexamod:UnbrokenSoul"},{"not_picked":["bronze:MakeshiftBattery","Snecko Eye"],"picked":"Busted Crown"}],"items_purged_floors":[48,53],"is_endless":false,"potions_floor_spawned":[3,11,14,15,19,23,25,27,31,39,47,49,52],"ascension_level":1}}