{"host":"39i3emxub3h8uyq3","time":1611975756,"event":{"mods":["AchievementEnabler","BaseMod","Clockwork Mod","Colored Map","Downfall","Glutton Mod","Gold Saver","Minty Spire (QoL Compilation)","StSLib","TheHeartMod"],"gold_per_floor":[305,305,305,305,153,153,153,153,153,153,153,153,153,153,153,153,153,153,51,21,21,21,21,0,0,0,0,0,0,0,0,0,0,0],"floor_reached":33,"language":"ENG","playtime":1883,"items_purged":[],"score":269,"play_id":"5ab23dc4-f4d1-4043-bab7-d21846704ab9","local_time":"20210129220236","is_ascension_mode":false,"campfire_choices":[{"floor":6,"key":"REST"},{"floor":15,"key":"REST"},{"floor":27,"key":"REST"},{"floor":32,"key":"REST"}],"circlet_count":0,"master_deck":["Strike_G","Strike_G","Strike_G","Strike_G","Defend_G","Defend_G","Defend_G","Survivor","Neutralize","Dagger Throw","All Out Attack","Doubt","Adrenaline","Crippling Poison","Poisoned Stab","Blade Dance","Noxious Fumes","Bane+1","Dagger Spray+1","A Thousand Cuts","Bullet Time+1","Riddle With Holes+1","Flechettes+1","Noxious Fumes","Slice+1","Noxious Fumes","Riddle With Holes+1","Poisoned Stab+1","Pain","Dagger Spray+1","Poisoned Stab+1","Terror"],"relics":["Ectoplasm","Ancient Tea Set","TwistedFunnel","MealTicket","Molten Egg 2","Astrolabe","Meat on the Bone","Old Coin","WarpedTongs","Matryoshka"],"acts_visited":["Exordium","TheCity"],"potions_floor_usage":[16,23,23,30],"damage_taken":[{"damage":0,"enemies":"Jaw Worm","floor":1,"turns":4},{"damage":9,"enemies":"2 Louse","floor":2,"turns":3},{"damage":0,"enemies":"Cultist","floor":8,"turns":3},{"damage":8,"enemies":"Large Slime","floor":10,"turns":3},{"damage":5,"enemies":"Blue Slaver","floor":11,"turns":3},{"damage":13,"enemies":"3 Sentries","floor":12,"turns":7},{"damage":0,"enemies":"3 Louse","floor":13,"turns":2},{"damage":3,"enemies":"Red Slaver","floor":14,"turns":4},{"damage":36,"enemies":"Hexaghost","floor":16,"turns":9},{"damage":0,"enemies":"3 Byrds","floor":18,"turns":3},{"damage":17,"enemies":"2 Thieves","floor":20,"turns":4},{"damage":62,"enemies":"Book of Stabbing","floor":23,"turns":5},{"damage":22,"enemies":"3 Cultists","floor":28,"turns":4},{"damage":29,"enemies":"Centurion and Healer","floor":30,"turns":5},{"damage":19,"enemies":"Snake Plant","floor":31,"turns":4},{"damage":59,"enemies":"Collector","floor":33,"turns":3}],"seed_played":"3938029025075749659","potions_obtained":[{"floor":11,"key":"SteroidPotion"},{"floor":13,"key":"Ancient Potion"},{"floor":14,"key":"Regen Potion"},{"floor":16,"key":"Explosive Potion"},{"floor":18,"key":"Fruit Juice"},{"floor":23,"key":"PowerPotion"}],"is_trial":false,"path_per_floor":["M","M","?","?","$","R","?","M","T","M","M","E","M","M","R","B",null,"M","$","M","$","?","E","?","?","T","R","M","$","M","M","R","B"],"character_chosen":"THE_SILENT","items_purchased":["TwistedFunnel","Slice+1","Noxious Fumes"],"campfire_rested":4,"item_purchase_floors":[5,19,19],"current_hp_per_floor":[70,61,54,54,54,70,70,70,70,62,57,44,44,41,62,41,70,70,70,53,68,68,23,23,23,23,45,35,50,33,26,48,0,0],"gold":0,"neow_bonus":"BOSS_RELIC","is_daily":false,"chose_seed":false,"campfire_upgraded":0,"win_rate":0.0,"timestamp":1611975756,"path_taken":["M","M","?","?","?","R","?","M","T","M","?","E","M","M","R","BOSS","M","$","M","$","?","E","?","?","T","R","?","?","M","M","R","BOSS"],"items_purchased_type":["Relic","Card","Card"],"build_version":"2020-12-22","purchased_purges":0,"victory":false,"max_hp_per_floor":[70,70,70,70,70,70,70,70,70,70,70,70,70,70,70,70,70,70,70,70,70,70,75,75,75,75,75,75,75,75,75,75,75,75],"card_choices":[{"not_picked":["Deflect","Expertise"],"picked":"Dagger Throw","floor":1},{"not_picked":["Outmaneuver","Flying Knee"],"picked":"All Out Attack","floor":2},{"not_picked":["Backstab","Deflect"],"picked":"Crippling Poison","floor":8},{"not_picked":["Predator","Deadly Poison"],"picked":"Poisoned Stab","floor":10},{"not_picked":["Quick Slash","Envenom"],"picked":"Blade Dance","floor":11},{"not_picked":["Bouncing Flask","Poisoned Stab+1"],"picked":"Noxious Fumes","floor":12},{"not_picked":["Deflect","Blur"],"picked":"Bane+1","floor":13},{"not_picked":["Dagger Throw+1","Caltrops"],"picked":"Dagger Spray+1","floor":14},{"not_picked":["Unload+1","Venomology"],"picked":"A Thousand Cuts","floor":16},{"not_picked":["Prepared","Flying Knee+1"],"picked":"Noxious Fumes","floor":18},{"not_picked":["Eviscerate+1","Calculated Gamble"],"picked":"Riddle With Holes+1","floor":20},{"not_picked":["Deadly Poison","Riddle With Holes+1"],"picked":"Poisoned Stab+1","floor":23},{"not_picked":["Bane+1","Dodge and Roll"],"picked":"Dagger Spray+1","floor":28},{"not_picked":["Catalyst+1","Acrobatics+1"],"picked":"Poisoned Stab+1","floor":30},{"not_picked":["Masterful Stab+1","Eviscerate+1"],"picked":"Terror","floor":31}],"player_experience":74756,"relics_obtained":[{"floor":9,"key":"MealTicket"},{"floor":12,"key":"Molten Egg 2"},{"floor":23,"key":"Old Coin"},{"floor":26,"key":"Matryoshka"}],"event_choices":[{"damage_healed":0,"gold_gain":0,"player_choice":"Success","damage_taken":7,"relics_obtained":["Ancient Tea Set"],"max_hp_gain":0,"max_hp_loss":0,"event_name":"Scrap Ooze","floor":3,"gold_loss":0},{"damage_healed":0,"gold_gain":175,"player_choice":"AGREE","damage_taken":0,"max_hp_gain":0,"max_hp_loss":0,"event_name":"Liars Game","floor":4,"gold_loss":0,"cards_obtained":["Doubt"]},{"damage_healed":0,"gold_gain":0,"player_choice":"1 cards matched","damage_taken":0,"max_hp_gain":0,"max_hp_loss":0,"event_name":"Match and Keep!","floor":7,"gold_loss":0,"cards_obtained":["Adrenaline"]},{"damage_healed":0,"gold_gain":0,"player_choice":"Opened","damage_taken":0,"relics_obtained":["Meat on the Bone"],"max_hp_gain":0,"max_hp_loss":0,"event_name":"The Mausoleum","floor":22,"gold_loss":0},{"damage_healed":0,"gold_gain":0,"player_choice":"Paid Fearfully","damage_taken":0,"max_hp_gain":0,"max_hp_loss":0,"event_name":"Masked Bandits","floor":24,"gold_loss":21},{"damage_healed":0,"gold_gain":0,"player_choice":"Rummage","damage_taken":0,"relics_obtained":["WarpedTongs"],"max_hp_gain":0,"max_hp_loss":0,"event_name":"Accursed Blacksmith","floor":25,"gold_loss":0,"cards_obtained":["Pain"]}],"is_beta":false,"boss_relics":[{"not_picked":["Sozu","Runic Pyramid"],"picked":"Astrolabe"}],"items_purged_floors":[],"is_endless":false,"potions_floor_spawned":[11,13,14,16,18,20,23],"killed_by":"Collector","ascension_level":0}}