{"host":"c44ey07ufggfw2m8","time":1611989569,"event":{"mods":["2.2 Compatiblity","BaseMod","Colored Map","DeckTracker","Highlight Path","Keyboard Shortcuts","Minty Spire (QoL Compilation)","Permanent Neow","Quick Restart","StSLib","SuperFastMode","UnlockEverythingMod"],"gold_per_floor":[114,129,141,141,158,184,200,200,200,216,230,230,240,269,269,371,371,391,404,423,423,423],"floor_reached":21,"language":"KOR","playtime":871,"items_purged":[],"score":284,"play_id":"f041b6c7-a527-4267-910e-dd131a4cf858","local_time":"20210130155249","is_ascension_mode":true,"campfire_choices":[{"data":"1","floor":8.0,"key":"LIFT"},{"data":"2","floor":15.0,"key":"LIFT"}],"circlet_count":0,"master_deck":["Strike_P","Strike_P","Strike_P","Strike_P","Defend_P","Defend_P","Defend_P","Defend_P","Eruption+1","Vigilance","EmptyFist","Prostrate","InnerPeace","FearNoEvil","Sanctity","FollowUp","Perseverance","Halt","Evaluate","Devotion","Adaptation","CrushJoints","WheelKick"],"relics":["PureWater","Girya","Shuriken","Darkstone Periapt","InkBottle","SlaversCollar"],"acts_visited":["Exordium","TheCity"],"potions_floor_usage":[20,20],"damage_taken":[{"damage":0.0,"enemies":"Jaw Worm","floor":1.0,"turns":3.0},{"damage":1.0,"enemies":"Cultist","floor":2.0,"turns":4.0},{"damage":0.0,"enemies":"2 Louse","floor":3.0,"turns":2.0},{"damage":4.0,"enemies":"2 Fungi Beasts","floor":5.0,"turns":4.0},{"damage":9.0,"enemies":"3 Sentries","floor":6.0,"turns":6.0},{"damage":0.0,"enemies":"Blue Slaver","floor":7.0,"turns":4.0},{"damage":6.0,"enemies":"Exordium Wildlife","floor":10.0,"turns":3.0},{"damage":0.0,"enemies":"2 Fungi Beasts","floor":11.0,"turns":3.0},{"damage":0.0,"enemies":"Looter","floor":13.0,"turns":3.0},{"damage":16.0,"enemies":"Gremlin Nob","floor":14.0,"turns":3.0},{"damage":0.0,"enemies":"Hexaghost","floor":16.0,"turns":9.0},{"damage":10,"enemies":"Spheric Guardian","floor":18,"turns":5},{"damage":5,"enemies":"Chosen","floor":19,"turns":5},{"damage":28,"enemies":"3 Cultists","floor":20,"turns":6},{"damage":33,"enemies":"Shelled Parasite and Fungi","floor":21,"turns":4}],"seed_played":"-4807713326104494568","potions_obtained":[{"floor":3.0,"key":"Explosive Potion"},{"floor":10.0,"key":"ColorlessPotion"},{"floor":11.0,"key":"Explosive Potion"},{"floor":13.0,"key":"ColorlessPotion"},{"floor":14.0,"key":"Explosive Potion"},{"floor":19,"key":"SpeedPotion"}],"is_trial":false,"path_per_floor":["M","M","M","?","M","E","M","R","T","M","M","?","M","E","R","B",null,"M","M","M","M"],"character_chosen":"WATCHER","items_purchased":[],"campfire_rested":0,"item_purchase_floors":[],"current_hp_per_floor":[65,64,64,64,60,51,51,51,51,45,45,45,45,29,29,29,65,55,50,22,0,0],"gold":423,"neow_bonus":"ONE_RARE_RELIC","is_daily":false,"chose_seed":false,"campfire_upgraded":0,"win_rate":0.0,"timestamp":1611989569,"path_taken":["M","M","M","?","M","E","M","R","T","?","M","?","M","E","R","BOSS","M","M","?","M"],"items_purchased_type":[],"build_version":"2020-12-22","purchased_purges":0,"victory":false,"max_hp_per_floor":[65,65,65,65,65,65,65,65,65,65,65,65,65,65,65,65,65,65,65,65,65,65],"card_choices":[{"not_picked":["ClearTheMind","SashWhip"],"picked":"EmptyFist","floor":1.0},{"not_picked":["FlyingSleeves","EmptyBody"],"picked":"Prostrate","floor":2.0},{"not_picked":["Wireheading","Halt"],"picked":"InnerPeace","floor":3.0},{"not_picked":["Prostrate","PathToVictory"],"picked":"FearNoEvil","floor":5.0},{"not_picked":["Evaluate","CutThroughFate"],"picked":"Sanctity","floor":6.0},{"not_picked":["Consecrate","Collect"],"picked":"FollowUp","floor":7.0},{"not_picked":["Devotion","PathToVictory"],"picked":"Perseverance","floor":10.0},{"not_picked":["FollowUp","CutThroughFate"],"picked":"Halt","floor":11.0},{"not_picked":["Halt","EmptyBody","Prostrate"],"picked":"SKIP","floor":13.0},{"not_picked":["ForeignInfluence","Consecrate"],"picked":"Evaluate","floor":14.0},{"not_picked":["Judgement","Brilliance"],"picked":"Devotion","floor":16.0},{"not_picked":["EmptyBody","CutThroughFate+1"],"picked":"Adaptation","floor":18},{"not_picked":["Prostrate","WheelKick"],"picked":"CrushJoints","floor":19},{"not_picked":["EmptyBody","Prostrate"],"picked":"WheelKick","floor":20}],"player_experience":89436,"relics_obtained":[{"floor":6.0,"key":"Shuriken"},{"floor":9.0,"key":"Darkstone Periapt"},{"floor":14.0,"key":"InkBottle"}],"event_choices":[{"damage_healed":0.0,"max_hp_gain":0.0,"max_hp_loss":0.0,"gold_gain":0.0,"event_name":"Accursed Blacksmith","player_choice":"Forge","floor":4.0,"gold_loss":0.0,"damage_taken":0.0,"cards_upgraded":["Eruption"]},{"damage_healed":0.0,"max_hp_gain":0.0,"max_hp_loss":0.0,"gold_gain":0.0,"event_name":"The Woman in Blue","player_choice":"Bought 0 Potions","floor":12.0,"gold_loss":0.0,"damage_taken":0.0}],"is_beta":false,"boss_relics":[{"not_picked":["SacredBark","Cursed Key"],"picked":"SlaversCollar"}],"items_purged_floors":[],"is_endless":false,"potions_floor_spawned":[3,10,11,13,14,19],"killed_by":"Shelled Parasite and Fungi","ascension_level":3}}