{"host":"7ap89n2sm7vm35bt","time":1611996665,"event":{"mods":["AchievementEnabler","Aspiration","BaseMod","Minty Spire (QoL Compilation)","StSLib","[IsaacMod]ÒÔÈö¼âËþ"],"gold_per_floor":[117,117,117,42,42,42,54,71,71,88,103,130,147,159,159,263,263,273,173,204,119,146,146,21,21,47,47,47,47,66,66,66,162,162,179,192,192,206,206,206,306,323,323,352,364,586,586,586,586,586],"floor_reached":51,"language":"ZHS","playtime":2163,"items_purged":["Defend_R","Strike_R","Strike_R"],"score":1212,"play_id":"543bea9c-e25a-422e-8898-9fcd20458040","local_time":"20210130165105","is_ascension_mode":true,"campfire_choices":[{"data":"True Grit","floor":6.0,"key":"SMITH"},{"data":"Armaments","floor":15.0,"key":"SMITH"},{"data":"Barricade","floor":23.0,"key":"SMITH"},{"data":"Sentinel","floor":25.0,"key":"SMITH"},{"data":"Rage","floor":29.0,"key":"SMITH"},{"data":"RitualDagger","floor":32.0,"key":"SMITH"},{"floor":40.0,"key":"REST"},{"floor":47.0,"key":"REST"},{"floor":49,"key":"REST"}],"circlet_count":0,"master_deck":["Strike_R+1","Strike_R+1","Defend_R+1","Defend_R+1","Defend_R+1","Bash","True Grit+1","Barricade+1","Flex","Iron Wave","Rage+1","Armaments+1","Sentinel+1","RitualDagger+1","Berserk+1","Entrench","Dropkick+1","Body Slam+1"],"relics":["Burning Blood","HushsDoor","aspiration:Nostalgia","Ring of the Snake","DoctorsRemote","GnawedLeaf","Frozen Egg 2","MagicMushroom","Red Mask","Juzu Bracelet","Dream Catcher","Strawberry","Fusion Hammer","Akabeko","aspiration:HatOfInfinitePower"],"acts_visited":["Exordium","TheCity","TheBeyond"],"potions_floor_usage":[],"damage_taken":[{"damage":6.0,"enemies":"Small Slimes","floor":1.0,"turns":3.0},{"damage":0.0,"enemies":"2 Louse","floor":7.0,"turns":2.0},{"damage":0.0,"enemies":"Cultist","floor":8.0,"turns":3.0},{"damage":3.0,"enemies":"Exordium Thugs","floor":10.0,"turns":4.0},{"damage":1.0,"enemies":"2 Fungi Beasts","floor":11.0,"turns":4.0},{"damage":0.0,"enemies":"3 Sentries","floor":12.0,"turns":5.0},{"damage":7.0,"enemies":"Large Slime","floor":13.0,"turns":4.0},{"damage":2.0,"enemies":"Looter","floor":14.0,"turns":5.0},{"damage":17.0,"enemies":"The Guardian","floor":16.0,"turns":14.0},{"damage":2.0,"enemies":"Spheric Guardian","floor":18.0,"turns":4.0},{"damage":10.0,"enemies":"Masked Bandits","floor":20.0,"turns":3.0},{"damage":0.0,"enemies":"3 Byrds","floor":30.0,"turns":4.0},{"damage":39.0,"enemies":"Automaton","floor":33.0,"turns":15.0},{"damage":19.0,"enemies":"3 Darklings","floor":35.0,"turns":11.0},{"damage":0.0,"enemies":"Orb Walker","floor":36.0,"turns":6.0},{"damage":11.0,"enemies":"Transient","floor":38.0,"turns":5.0},{"damage":0.0,"enemies":"Maw","floor":42.0,"turns":11.0},{"damage":0.0,"enemies":"Reptomancer","floor":44.0,"turns":9.0},{"damage":2.0,"enemies":"3 Darklings","floor":45.0,"turns":9.0},{"damage":12,"enemies":"Awakened One","floor":50,"turns":13}],"seed_played":"-3293654203820909151","potions_obtained":[{"floor":1.0,"key":"Fire Potion"},{"floor":10.0,"key":"SpeedPotion"},{"floor":12.0,"key":"Block Potion"},{"floor":13.0,"key":"Block Potion"},{"floor":30.0,"key":"Weak Potion"},{"floor":33.0,"key":"Strength Potion"},{"floor":36.0,"key":"ElixirPotion"},{"floor":42.0,"key":"ColorlessPotion"}],"is_trial":false,"path_per_floor":["M","$","?","$","?","R","M","M","T","M","M","E","M","M","R","B",null,"M","$","?","?","T","R","$","R","T","?","?","R","M","?","R","B",null,"M","M","?","M","?","R","?","M","T","E","M","?","R","?","R","B",null],"character_chosen":"IRONCLAD","items_purchased":[],"campfire_rested":3,"item_purchase_floors":[],"current_hp_per_floor":[72,72,72,72,77,77,83,85,85,85,85,85,84,85,85,74,89,92,92,88,88,88,88,88,88,95,95,95,95,99,93,93,61,90,78,85,85,81,81,99,99,99,99,99,99,99,99,99,99,93],"gold":586,"neow_bonus":"NOSTALGIA","is_daily":false,"chose_seed":false,"campfire_upgraded":6,"win_rate":0.0,"timestamp":1611996665,"path_taken":["M","$","?","$","?","R","M","?","T","M","M","E","?","M","R","BOSS","M","$","?","?","?","R","?","R","T","?","?","R","M","?","R","BOSS","M","M","?","M","?","R","?","M","T","E","M","?","R","?","R","BOSS"],"items_purchased_type":[],"build_version":"2020-12-22","purchased_purges":3,"victory":true,"max_hp_per_floor":[80,80,80,80,85,85,85,85,85,85,85,85,85,85,85,85,92,92,92,92,92,92,92,92,92,99,99,99,99,99,99,99,99,99,99,99,99,99,99,99,99,99,99,99,99,99,99,99,99,99],"card_choices":[{"not_picked":["Anger","Ghostly Armor"],"picked":"True Grit","floor":1.0},{"not_picked":["Perfected Strike","Uppercut"],"picked":"Flex","floor":7.0},{"not_picked":["Flex","Armaments"],"picked":"Iron Wave","floor":8.0},{"not_picked":["Clash","Feed","Dark Embrace"],"picked":"SKIP","floor":10.0},{"not_picked":["Dual Wield","Iron Wave","Clothesline"],"picked":"SKIP","floor":11.0},{"not_picked":["Rage","Clothesline","Clash"],"picked":"SKIP","floor":12.0},{"not_picked":["Clothesline","Clash"],"picked":"Rage","floor":12.0},{"not_picked":["Reckless Charge","Rage"],"picked":"Armaments","floor":13.0},{"not_picked":["Clothesline","Headbutt"],"picked":"Sentinel","floor":14.0},{"not_picked":["Immolate","Barricade+1"],"picked":"Corruption+1","floor":16.0},{"not_picked":["Flex","Rage","Iron Wave"],"picked":"SKIP","floor":18.0},{"not_picked":["Power Through","Blood for Blood+1","Anger"],"picked":"SKIP","floor":30.0},{"not_picked":["Double Tap","Fiend Fire"],"picked":"Berserk+1","floor":33.0},{"not_picked":["Heavy Blade","Evolve+1"],"picked":"Entrench","floor":35.0},{"not_picked":["Armaments","Flame Barrier","Thunderclap"],"picked":"SKIP","floor":36.0},{"not_picked":["Clothesline","Armaments","Cleave"],"picked":"SKIP","floor":38.0},{"not_picked":["Shrug It Off","Fire Breathing+1","Rage"],"picked":"SKIP","floor":42.0},{"not_picked":["True Grit+1","Flex+1","Shrug It Off+1"],"picked":"SKIP","floor":44.0},{"not_picked":["Infernal Blade+1","Searing Blow","Flex"],"picked":"SKIP","floor":45.0},{"not_picked":["Hemokinesis+1","Feel No Pain+1"],"picked":"Dropkick+1","floor":47.0},{"not_picked":["Armaments+1","Perfected Strike"],"picked":"Body Slam+1","floor":49}],"player_experience":244683,"relics_obtained":[{"floor":9.0,"key":"GnawedLeaf"},{"floor":12.0,"key":"Frozen Egg 2"},{"floor":20.0,"key":"Red Mask"},{"floor":22.0,"key":"Dream Catcher"},{"floor":26.0,"key":"Strawberry"},{"floor":43.0,"key":"Akabeko"},{"floor":44.0,"key":"aspiration:HatOfInfinitePower"}],"event_choices":[{"damage_healed":0.0,"max_hp_gain":0.0,"max_hp_loss":0.0,"gold_gain":0.0,"cards_transformed":["Strike_R"],"event_name":"Living Wall","player_choice":"Change","floor":3.0,"gold_loss":0.0,"damage_taken":0.0,"cards_obtained":["Barricade"]},{"damage_healed":0.0,"max_hp_gain":5.0,"max_hp_loss":0.0,"gold_gain":0.0,"event_name":"Big Fish","player_choice":"Donut","floor":5.0,"gold_loss":0.0,"damage_taken":0.0},{"damage_healed":0.0,"max_hp_gain":0.0,"max_hp_loss":0.0,"gold_gain":0.0,"event_name":"Masked Bandits","player_choice":"Fought Bandits","floor":20.0,"gold_loss":0.0,"damage_taken":0.0},{"damage_healed":0.0,"max_hp_gain":0.0,"max_hp_loss":0.0,"gold_gain":0.0,"event_name":"Addict","player_choice":"Obtained Relic","floor":21.0,"gold_loss":85.0,"damage_taken":0.0,"relics_obtained":["Juzu Bracelet"]},{"damage_healed":0.0,"max_hp_gain":0.0,"max_hp_loss":0.0,"gold_gain":0.0,"event_name":"Vampires","player_choice":"Ignored","floor":27.0,"gold_loss":0.0,"damage_taken":0.0},{"damage_healed":0.0,"max_hp_gain":0.0,"max_hp_loss":0.0,"gold_gain":0.0,"event_name":"Back to Basics","player_choice":"Simplicity","floor":28.0,"gold_loss":0.0,"damage_taken":0.0,"cards_upgraded":["Strike_R","Strike_R","Defend_R","Defend_R","Defend_R"]},{"damage_healed":0.0,"max_hp_gain":0.0,"max_hp_loss":0.0,"gold_gain":0.0,"event_name":"Nest","player_choice":"Joined the Cult","floor":31.0,"gold_loss":0.0,"damage_taken":6.0,"cards_obtained":["RitualDagger"]},{"cards_removed":["Corruption"],"damage_healed":0.0,"max_hp_gain":0.0,"max_hp_loss":0.0,"gold_gain":0.0,"event_name":"Falling","player_choice":"Removed Power","floor":37.0,"gold_loss":0.0,"damage_taken":0.0},{"damage_healed":0.0,"max_hp_gain":0.0,"max_hp_loss":0.0,"gold_gain":0.0,"event_name":"Mysterious Sphere","player_choice":"Ignored","floor":39.0,"gold_loss":0.0,"damage_taken":0.0},{"damage_healed":0.0,"max_hp_gain":0.0,"max_hp_loss":0.0,"gold_gain":100.0,"event_name":"Golden Shrine","player_choice":"Pray","floor":41.0,"gold_loss":0.0,"damage_taken":0.0},{"damage_healed":0.0,"max_hp_gain":0.0,"max_hp_loss":0.0,"gold_gain":222.0,"event_name":"Tomb of Lord Red Mask","player_choice":"Wore Mask","floor":46.0,"gold_loss":0.0,"damage_taken":0.0},{"damage_healed":0.0,"max_hp_gain":0.0,"max_hp_loss":0.0,"gold_gain":0.0,"event_name":"SensoryStone","player_choice":"Memory 1","floor":48.0,"gold_loss":0.0,"damage_taken":0.0}],"is_beta":false,"boss_relics":[{"not_picked":["SacredBark","Mark of Pain"],"picked":"MagicMushroom"},{"not_picked":[]},{"not_picked":["aspiration:SilentSkillbook","Busted Crown"],"picked":"Fusion Hammer"},{"not_picked":[]}],"items_purged_floors":[4,19,24],"is_endless":false,"potions_floor_spawned":[1,10,12,13,14,30,33,36,42],"ascension_level":9}}