{"host":"3uci9gpt6cwo3y1o","time":1611987197,"event":{"mods":["Aspiration","BaseMod","Energized Spire","Minty Spire (QoL Compilation)","MostiFishMod","Relic Filter Mod","Reliquary","StSLib","TestMod"],"gold_per_floor":[117,137,137,537,548,582,582,610,610,628,638,673,702,736,736,817,817,828,569,579,599,514,524,524,559,582,622,635,650,682,713,725,819,831,857,887,899,926,947,990,1018,1030,1042,1064,1104,1166,1212,1224,1236,1248,1260,1272,1284,514,539,509],"floor_reached":57,"language":"ZHS","playtime":2783,"items_purged":["Strike_B","Strike_B"],"score":3218,"play_id":"01b7f32f-0a6d-4ad4-b8af-efb0786d6490","local_time":"20210130141317","is_ascension_mode":true,"campfire_choices":[{"floor":7.0,"key":"REST"},{"floor":15.0,"key":"RECALL"},{"floor":24.0,"key":"REST"},{"data":"Skim","floor":32.0,"key":"SMITH"},{"data":"Coolheaded","floor":42.0,"key":"SMITH"},{"data":"Recycle","floor":49.0,"key":"SMITH"},{"data":"Echo Form","floor":53.0,"key":"SMITH"}],"circlet_count":0,"master_deck":["AscendersBane","Strike_B","Strike_B","Defend_B","Defend_B","Defend_B","Defend_B","Zap","Dualcast","Ball Lightning","Skim+1","Sweeping Beam+1","MostiFishMod:Prepare","Coolheaded+1","Barrage","Undo","Recycle+1","Go for the Eyes+1","Defragment+1","Electrodynamics","Cold Snap","Skim+1","BootSequence","Defragment+1","Echo Form+1","MostiFishMod:StoryBook","testmod-BloodShelter","Skim+1","Chill"],"relics":["Cracked Core","DaveBox","ShadowXiaoBlade","testmod-RealStoneCalender","SynthV:TestCard","Pen Nib","testmod-RainbowHikingShoes","CeramicFish","testmod-CardMagician","Medical Kit","reliquary:Buckler","Calipers","Omamori","Meat on the Bone","MawBank","Busted Crown","Strawberry","reliquary:PartyBalloon","aspiration:AnachronicSnailShell","reliquary:RosewoodLute","BionicSphere","Ancient Tea Set","Runic Capacitor","Blood Vial","reliquary:Stiletto","testmod-CyclicPeriapt"],"acts_visited":["Exordium","TheCity","TheBeyond","TheEnding"],"potions_floor_usage":[54,56,56,56,56],"damage_taken":[{"damage":2.0,"enemies":"Jaw Worm","floor":1.0,"turns":2.0},{"damage":11.0,"enemies":"2 Louse","floor":2.0,"turns":2.0},{"damage":9.0,"enemies":"Small Slimes","floor":5.0,"turns":3.0},{"damage":8.0,"enemies":"Gremlin Nob","floor":6.0,"turns":3.0},{"damage":3.0,"enemies":"Lagavulin","floor":8.0,"turns":5.0},{"damage":0.0,"enemies":"3 Louse","floor":10.0,"turns":2.0},{"damage":4.0,"enemies":"Red Slaver","floor":11.0,"turns":2.0},{"damage":0.0,"enemies":"Gremlin Nob","floor":12.0,"turns":2.0},{"damage":11.0,"enemies":"2 Fungi Beasts","floor":13.0,"turns":3.0},{"damage":5.0,"enemies":"Lagavulin","floor":14.0,"turns":4.0},{"damage":15.0,"enemies":"The Guardian","floor":16.0,"turns":6.0},{"damage":0.0,"enemies":"Spheric Guardian","floor":18.0,"turns":1.0},{"damage":25.0,"enemies":"3 Byrds","floor":20.0,"turns":3.0},{"damage":0.0,"enemies":"Sentry and Sphere","floor":21.0,"turns":2.0},{"damage":4.0,"enemies":"Snake Plant","floor":23.0,"turns":3.0},{"damage":20.0,"enemies":"Slavers","floor":25.0,"turns":2.0},{"damage":8.0,"enemies":"Gremlin Leader","floor":27.0,"turns":4.0},{"damage":9.0,"enemies":"Cultist and Chosen","floor":28.0,"turns":4.0},{"damage":0.0,"enemies":"3 Cultists","floor":29.0,"turns":3.0},{"damage":24.0,"enemies":"Slavers","floor":30.0,"turns":4.0},{"damage":0.0,"enemies":"Sentry and Sphere","floor":31.0,"turns":2.0},{"damage":7.0,"enemies":"Champ","floor":33.0,"turns":7.0},{"damage":13.0,"enemies":"3 Darklings","floor":35.0,"turns":2.0},{"damage":0.0,"enemies":"3 Shapes","floor":38.0,"turns":1.0},{"damage":28.0,"enemies":"Reptomancer","floor":40.0,"turns":4.0},{"damage":0.0,"enemies":"Transient","floor":41.0,"turns":6.0},{"damage":0.0,"enemies":"Maw","floor":44.0,"turns":6.0},{"damage":0.0,"enemies":"Nemesis","floor":45.0,"turns":5.0},{"damage":9.0,"enemies":"2 Orb Walkers","floor":46.0,"turns":4.0},{"damage":8.0,"enemies":"Reptomancer","floor":47.0,"turns":4.0},{"damage":8.0,"enemies":"Donu and Deca","floor":50.0,"turns":4.0},{"damage":2.0,"enemies":"Time Eater","floor":51.0,"turns":9.0},{"damage":4,"enemies":"Shield and Spear","floor":55,"turns":4},{"damage":8,"enemies":"The Heart","floor":56,"turns":4}],"seed_played":"-1273513086600314476","potions_obtained":[{"floor":2.0,"key":"LiquidBronze"},{"floor":6.0,"key":"Block Potion"},{"floor":8.0,"key":"Energy Potion"},{"floor":10.0,"key":"EssenceOfDarkness"},{"floor":12.0,"key":"SpeedPotion"},{"floor":29.0,"key":"testmod-SpacePotion"},{"floor":30.0,"key":"SkillPotion"},{"floor":31.0,"key":"testmod-SpacePotion"},{"floor":38.0,"key":"FocusPotion"},{"floor":40.0,"key":"FocusPotion"},{"floor":47.0,"key":"testmod-SpacePotion"}],"is_trial":false,"path_per_floor":["M","M","?","?","M","E","R","E","T","M","M","E","M","E","R","B",null,"M","$","M","M","?","M","R","E","T","E","M","M","E","M","R","B",null,"M","?","?","M","?","E","M","R","T","M","E","?","E","?","R","B","B",null,"R","$","E","B",null],"character_chosen":"DEFECT","items_purchased":["Medical Kit","Cold Snap","testmod-SpacePotion","AttackPotion","FearPotion","Runic Capacitor","Blood Vial","reliquary:Stiletto"],"campfire_rested":2,"item_purchase_floors":[19,19,54,54,54,54,54,54],"current_hp_per_floor":[69,58,58,58,49,41,64,61,61,61,57,57,46,41,41,26,65,65,65,40,40,40,36,59,39,39,31,34,46,34,46,46,51,71,58,48,55,55,55,43,63,63,63,66,71,68,70,85,85,77,75,83,83,83,81,75],"gold":509,"neow_bonus":"TEN_PERCENT_HP_BONUS","is_daily":false,"chose_seed":false,"campfire_upgraded":4,"win_rate":0.0,"timestamp":1611987197,"path_taken":["M","M","?","?","M","E","R","E","T","M","M","E","M","E","R","BOSS","M","$","M","M","?","M","R","E","T","E","M","M","E","M","R","BOSS","M","?","?","M","?","E","M","R","T","?","E","?","E","?","R","BOSS","BOSS","R","$","E","BOSS"],"items_purchased_type":["Relic","Card","Potion","Potion","Potion","Relic","Relic","Relic"],"build_version":"2020-12-22","purchased_purges":2,"victory":true,"max_hp_per_floor":[78,78,78,78,78,78,78,78,78,78,78,78,78,78,78,78,78,78,78,78,78,78,78,78,78,78,78,78,78,78,78,78,78,78,78,78,85,85,85,85,85,85,85,85,85,85,85,85,85,85,85,85,85,85,85,85],"card_choices":[{"not_picked":["MostiFishMod:PushDownKick","Reprogram"],"picked":"Ball Lightning","floor":1.0},{"not_picked":["Rebound","Consume","Barrage","Reinforced Body"],"picked":"Skim","floor":2.0},{"not_picked":["Gash","Hologram","Ball Lightning","Streamline"],"picked":"Sweeping Beam","floor":5.0},{"not_picked":["MostiFishMod:DawningShadow","Coolheaded","Stack","Hologram"],"picked":"MostiFishMod:Prepare","floor":6.0},{"not_picked":["White Noise","Conserve Battery","Compile Driver","Force Field"],"picked":"Coolheaded","floor":8.0},{"not_picked":["MostiFishMod:PushDownKick","Doom and Gloom","MostiFishMod:FluxCapactior","MostiFishMod:Impulse"],"picked":"Barrage","floor":10.0},{"not_picked":["Leap","Turbo","MostiFishMod:DeathFromBelow","Rebound"],"picked":"Undo","floor":11.0},{"not_picked":["MostiFishMod:IntelligentEquipment","Undo","Hologram","Go for the Eyes"],"picked":"Recycle","floor":12.0},{"not_picked":["Barrage","Beam Cell","Streamline","Steam"],"picked":"Go for the Eyes","floor":13.0},{"not_picked":["Hello World","MostiFishMod:Impulse","Go for the Eyes","Beam Cell"],"picked":"Defragment","floor":14.0},{"not_picked":["MostiFishMod:DawningShadow","Multi-Cast","MostiFishMod:Nova","Thunder Strike"],"picked":"Electrodynamics","floor":16.0},{"not_picked":["Undo+1","Coolheaded","Reprogram","Compile Driver","Stack"],"picked":"SKIP","floor":18.0},{"not_picked":["Hologram","White Noise","Streamline","Ball Lightning","Double Energy"],"picked":"SKIP","floor":20.0},{"not_picked":["MostiFishMod:Impulse","Lockon+1","Fusion","Conserve Battery+1"],"picked":"Skim","floor":21.0},{"not_picked":["Leap","Rebound","Hologram","Gash","Redo"],"picked":"SKIP","floor":23.0},{"not_picked":["Barrage","Compile Driver","MostiFishMod:PushDownKick","MostiFishMod:IceShield"],"picked":"BootSequence","floor":25.0},{"not_picked":["Coolheaded","Ball Lightning","Amplify","Sweeping Beam"],"picked":"Defragment+1","floor":27.0},{"not_picked":["Conserve Battery","Go for the Eyes","Ball Lightning","Compile Driver","Redo"],"picked":"SKIP","floor":28.0},{"not_picked":["Tempest","MostiFishMod:ReprogramOld","Lockon","Loop","Sweeping Beam"],"picked":"SKIP","floor":29.0},{"not_picked":["Double Energy","Ball Lightning","MostiFishMod:Distribution","Amplify","Beam Cell"],"picked":"SKIP","floor":30.0},{"not_picked":["Double Energy","Ball Lightning","MostiFishMod:Distribution","Amplify","Beam Cell"],"picked":"SKIP","floor":30.0},{"not_picked":["Beam Cell","Hologram","MostiFishMod:PushDownKick","White Noise","Redo"],"picked":"SKIP","floor":31.0},{"not_picked":["Biased Cognition","MostiFishMod:DeathFromBelow","All For One","Thunder Strike"],"picked":"Echo Form","floor":33.0},{"not_picked":["Go for the Eyes","Steam+1","Hologram+1"],"picked":"SKIP","floor":35.0},{"not_picked":["Impatience","MostiFishMod:OneDayCity"],"picked":"MostiFishMod:StoryBook","floor":36.0},{"not_picked":["Impatience","MostiFishMod:ElfcollectionBox"],"picked":"testmod-BloodShelter","floor":36.0},{"not_picked":["Scrape","Rebound","MostiFishMod:IceShield+1"],"picked":"SKIP","floor":38.0},{"not_picked":["Amplify","Beam Cell","Cold Snap"],"picked":"SKIP","floor":40.0},{"not_picked":["Stack+1","Turbo","Scrape"],"picked":"SKIP","floor":41.0},{"not_picked":["Scrape+1","Hologram","Aggregate"],"picked":"SKIP","floor":44.0},{"not_picked":["Leap+1","Ball Lightning","Rip and Tear"],"picked":"SKIP","floor":45.0},{"not_picked":["Streamline","Hologram+1"],"picked":"Chill","floor":47.0},{"not_picked":["Lockon","Barrage+1","Capacitor"],"picked":"SKIP","floor":55}],"player_experience":886143,"relics_obtained":[{"floor":1.0,"key":"SynthV:TestCard"},{"floor":6.0,"key":"Pen Nib"},{"floor":8.0,"key":"testmod-RainbowHikingShoes"},{"floor":12.0,"key":"CeramicFish"},{"floor":14.0,"key":"Whetstone"},{"floor":25.0,"key":"Calipers"},{"floor":26.0,"key":"Omamori"},{"floor":27.0,"key":"Meat on the Bone"},{"floor":30.0,"key":"MawBank"},{"floor":40.0,"key":"reliquary:PartyBalloon"},{"floor":43.0,"key":"aspiration:AnachronicSnailShell"},{"floor":45.0,"key":"reliquary:RosewoodLute"},{"floor":46.0,"key":"BionicSphere"},{"floor":47.0,"key":"Ancient Tea Set"},{"floor":55,"key":"testmod-CyclicPeriapt"}],"event_choices":[{"damage_healed":0.0,"max_hp_gain":0.0,"max_hp_loss":0.0,"gold_gain":0.0,"event_name":"Liars Game","player_choice":"Ignored","floor":3.0,"gold_loss":0.0,"damage_taken":0.0},{"damage_healed":0.0,"max_hp_gain":0.0,"max_hp_loss":0.0,"gold_gain":400.0,"event_name":"恩洛斯的盘子","player_choice":"Sell","floor":4.0,"relics_lost":["testmod-TestBox"],"gold_loss":0.0,"damage_taken":0.0},{"damage_healed":0.0,"max_hp_gain":0.0,"max_hp_loss":0.0,"gold_gain":0.0,"event_name":"Addict","player_choice":"Obtained Relic","floor":22.0,"gold_loss":85.0,"damage_taken":0.0,"relics_obtained":["reliquary:Buckler"]},{"damage_healed":0.0,"max_hp_gain":0.0,"max_hp_loss":0.0,"gold_gain":0.0,"event_name":"SensoryStone","player_choice":"Memory 3","floor":36.0,"gold_loss":0.0,"damage_taken":10.0},{"damage_healed":0.0,"max_hp_gain":0.0,"max_hp_loss":0.0,"gold_gain":0.0,"event_name":"给自己的盒子","player_choice":"Swap Relic","floor":37.0,"relics_lost":["Whetstone"],"gold_loss":0.0,"damage_taken":0.0,"relics_obtained":["Strawberry"]},{"damage_healed":0.0,"max_hp_gain":0.0,"max_hp_loss":0.0,"gold_gain":0.0,"event_name":"Duplicator","player_choice":"Copied","floor":39.0,"gold_loss":0.0,"damage_taken":0.0,"cards_obtained":["Skim"]},{"damage_healed":0.0,"max_hp_gain":0.0,"max_hp_loss":0.0,"gold_gain":0.0,"event_name":"Mysterious Sphere","player_choice":"Fight","floor":46.0,"gold_loss":0.0,"damage_taken":0.0},{"damage_healed":17.0,"max_hp_gain":0.0,"max_hp_loss":0.0,"gold_gain":0.0,"event_name":"Winding Halls","player_choice":"Writhe","floor":48.0,"gold_loss":0.0,"damage_taken":0.0,"cards_obtained":["Writhe"]}],"is_beta":false,"boss_relics":[{"not_picked":["testmod-KeyOfTheVoid","energizedSpire:UnstableMolecules"],"picked":"testmod-CardMagician"},{"not_picked":["xbg","energizedSpire:SpiderWeb"],"picked":"Busted Crown"}],"items_purged_floors":[19,54],"is_endless":false,"potions_floor_spawned":[2,6,8,10,12,21,29,30,31,38,40,45,47],"ascension_level":20}}