{"host":"f6f8cjhjgha9mpdq","time":1611991924,"event":{"mods":["BaseMod","Minty Spire (QoL Compilation)","Permanent Neow","StSLib","SuperFastMode"],"gold_per_floor":[113,124,142,157,168,197,197,208,208,237,256,256,331,331,331,331,331],"floor_reached":16,"language":"KOR","playtime":702,"items_purged":[],"score":232,"play_id":"27a61fad-ff88-4513-bb23-9c2001af2ad3","local_time":"20210130163204","is_ascension_mode":true,"campfire_choices":[{"data":"Fire Breathing","floor":7.0,"key":"SMITH"},{"data":"Feed","floor":12.0,"key":"SMITH"},{"data":"Bash","floor":15.0,"key":"SMITH"}],"circlet_count":0,"master_deck":["AscendersBane","Strike_R","Strike_R","Strike_R","Strike_R","Strike_R","Defend_R","Defend_R","Defend_R","Defend_R+1","Bash+1","Master of Strategy+1","Fire Breathing+1","Second Wind","Hemokinesis","Sentinel","Feed+1","Blood for Blood"],"relics":["Burning Blood","War Paint","White Beast Statue","Magic Flower"],"acts_visited":["Exordium"],"potions_floor_usage":[16],"damage_taken":[{"damage":1.0,"enemies":"Cultist","floor":1.0,"turns":3.0},{"damage":6.0,"enemies":"Jaw Worm","floor":2.0,"turns":4.0},{"damage":5.0,"enemies":"2 Louse","floor":3.0,"turns":3.0},{"damage":10.0,"enemies":"2 Fungi Beasts","floor":4.0,"turns":4.0},{"damage":6.0,"enemies":"Large Slime","floor":5.0,"turns":5.0},{"damage":31.0,"enemies":"Gremlin Nob","floor":6.0,"turns":4.0},{"damage":2.0,"enemies":"3 Louse","floor":8.0,"turns":2.0},{"damage":19.0,"enemies":"Lagavulin","floor":10.0,"turns":6.0},{"damage":7.0,"enemies":"Exordium Wildlife","floor":11.0,"turns":5.0},{"damage":0.0,"enemies":"Large Slime","floor":14.0,"turns":1.0},{"damage":23,"enemies":"Hexaghost","floor":16,"turns":8}],"seed_played":"-953781094225887579","potions_obtained":[{"floor":1.0,"key":"CultistPotion"},{"floor":2.0,"key":"AttackPotion"},{"floor":6.0,"key":"Strength Potion"},{"floor":10.0,"key":"SmokeBomb"},{"floor":11.0,"key":"Energy Potion"}],"is_trial":false,"path_per_floor":["M","M","M","M","M","E","R","M","T","E","M","R","?","M","R","B"],"character_chosen":"IRONCLAD","items_purchased":[],"campfire_rested":0,"item_purchase_floors":[],"current_hp_per_floor":[55,55,56,52,52,27,27,31,31,18,25,25,14,23,23,0,0],"gold":331,"neow_bonus":"RANDOM_COLORLESS_2","is_daily":false,"chose_seed":false,"campfire_upgraded":3,"win_rate":0.0,"timestamp":1611991924,"path_taken":["M","M","?","M","M","E","R","M","T","E","M","R","?","M","R","BOSS"],"items_purchased_type":[],"build_version":"2020-12-22","purchased_purges":0,"victory":false,"max_hp_per_floor":[75,75,75,75,75,75,75,75,75,75,78,78,78,78,78,78,78],"card_choices":[{"not_picked":["Panache","Violence"],"picked":"Master of Strategy","floor":0.0},{"not_picked":["Sever Soul","Heavy Blade"],"picked":"Fire Breathing","floor":1.0},{"not_picked":["Warcry","Heavy Blade","Thunderclap"],"picked":"SKIP","floor":2.0},{"not_picked":["Sever Soul","Twin Strike"],"picked":"Second Wind","floor":3.0},{"not_picked":["Havoc","Thunderclap"],"picked":"Hemokinesis","floor":4.0},{"not_picked":["Heavy Blade","Dropkick"],"picked":"Sentinel","floor":5.0},{"not_picked":["Flame Barrier","Dual Wield","Cleave"],"picked":"SKIP","floor":6.0},{"not_picked":["Headbutt","Heavy Blade","Sever Soul"],"picked":"SKIP","floor":8.0},{"not_picked":["Sentinel","Whirlwind"],"picked":"Feed","floor":10.0},{"not_picked":["Flame Barrier","Warcry"],"picked":"Blood for Blood","floor":11.0}],"player_experience":585960,"relics_obtained":[{"floor":6.0,"key":"War Paint"},{"floor":9.0,"key":"White Beast Statue"},{"floor":10.0,"key":"Magic Flower"}],"event_choices":[{"damage_healed":0.0,"max_hp_gain":0.0,"max_hp_loss":0.0,"gold_gain":75.0,"event_name":"World of Goop","player_choice":"Gather Gold","floor":13.0,"gold_loss":0.0,"damage_taken":11.0}],"is_beta":false,"boss_relics":[],"items_purged_floors":[],"is_endless":false,"potions_floor_spawned":[1,2,6,10,11,14],"killed_by":"Hexaghost","ascension_level":20}}