{"host":"lehz9p79pih88cc3","time":1611982335,"event":{"mods":["AchievementEnabler","Act Like it!","BaseMod","Downfall","Minty Spire (QoL Compilation)","Permanent Neow","Quick Restart","Reimu??????","Relic Stats","Replay The Spire","SacredBarkPlus","StSLib","The Administrix","The Construct","The Mystic","The Runesmith","The Servant 0.9.4","Transform Curses","Uncapped","Yakumo Yukari mod"],"gold_per_floor":[99,109,128,138,238,238,264,164,193,193,193,220,233,12,29,29,29],"floor_reached":16,"language":"ENG","playtime":798,"items_purged":[],"score":110,"play_id":"ff2a7998-35c7-47e5-a630-1d45bdbb37d0","local_time":"20210129235215","daily_mods":["Heirloom","Time Dilation","Flight","Elite Swarm"],"is_ascension_mode":false,"campfire_choices":[{"floor":1,"key":"DIG"},{"floor":6,"key":"REST"},{"floor":8,"key":"REST"},{"floor":10,"key":"RECALL"},{"data":"Electrodynamics","floor":11,"key":"SMITH"}],"circlet_count":0,"master_deck":["Strike_B","Strike_B","Strike_B","Strike_B","Defend_B","Defend_B","Defend_B","Defend_B","Zap","Dualcast","Capacitor","Compile Driver","Electrodynamics+1","Conserve Battery","Thunder Strike","Leap","Consume","Coolheaded"],"relics":["Cracked Core","replay:Trail_Library","champ:DuelingGlove","Slimebound:StickyStick","Prayer Wheel","Toy Ornithopter","downfall:HeartBlessingBlue","Bronze Scales","Replay:Arrowhead","Chemical X"],"acts_visited":["Exordium"],"potions_floor_usage":[5,5,13,13,16],"damage_taken":[{"damage":1,"enemies":"Cultist","floor":2,"turns":3},{"damage":0,"enemies":"Small Slimes","floor":3,"turns":3},{"damage":2,"enemies":"2 Louse","floor":4,"turns":3},{"damage":56,"enemies":"downfall:LadyInBlue","floor":5,"turns":12},{"damage":20,"enemies":"Gremlin Nob","floor":9,"turns":4},{"damage":17,"enemies":"3 Sentries","floor":12,"turns":4},{"damage":7,"enemies":"Large Slime","floor":13,"turns":5},{"damage":0,"enemies":"downfall:FleeingMerchant","floor":14,"turns":4},{"damage":0,"enemies":"Exordium Wildlife","floor":15,"turns":3},{"damage":65,"enemies":"WA_ARCHETYPE_RETAIN","floor":16,"turns":7}],"seed_played":"-6676394231520179582","potions_obtained":[{"floor":2,"key":"SpeedPotion"},{"floor":4,"key":"SkillPotion"},{"floor":5,"key":"SkillPotion"},{"floor":5,"key":"GamblersBrew"},{"floor":5,"key":"Ancient Potion"},{"floor":5,"key":"champ:CounterPotion"},{"floor":12,"key":"Energy Potion"},{"floor":15,"key":"FearPotion"}],"is_trial":true,"path_per_floor":["R","M","M","M","?","R","T","R","E","R","R","E","M","$","M","B"],"character_chosen":"DEFECT","items_purchased":["Coolheaded","Chemical X"],"campfire_rested":2,"item_purchase_floors":[14,14],"current_hp_per_floor":[75,74,74,72,16,38,38,73,53,53,53,36,39,39,39,0,0],"gold":29,"neow_bonus":"","is_daily":false,"chose_seed":false,"campfire_upgraded":1,"win_rate":0.0,"timestamp":1611982335,"path_taken":["R","M","M","?","?","R","T","R","E","R","R","E","?","$","M","BOSS"],"items_purchased_type":["Card","Relic"],"build_version":"2020-12-22","purchased_purges":0,"victory":false,"max_hp_per_floor":[75,75,75,75,75,75,75,85,85,85,85,85,85,85,85,85,85],"relic_stats":{"counters":[10,48],"Bronze Scales":[31],"Prayer Wheel":2,"Chemical X":[1],"obtain_stats":[{"champ:DuelingGlove":0,"Slimebound:StickyStick":1,"downfall:HeartBlessingBlue":8,"Bronze Scales":9,"Prayer Wheel":5,"Chemical X":14,"Cracked Core":0,"Toy Ornithopter":5,"Replay:Arrowhead":12,"replay:Trail_Library":0},{"champ:DuelingGlove":0,"Slimebound:StickyStick":0,"downfall:HeartBlessingBlue":4,"Bronze Scales":5,"Prayer Wheel":4,"Chemical X":8,"Cracked Core":0,"Toy Ornithopter":4,"Replay:Arrowhead":6,"replay:Trail_Library":0},{"champ:DuelingGlove":0,"Slimebound:StickyStick":0,"downfall:HeartBlessingBlue":21,"Bronze Scales":25,"Prayer Wheel":10,"Chemical X":38,"Cracked Core":0,"Toy Ornithopter":21,"Replay:Arrowhead":29,"replay:Trail_Library":0}],"Toy Ornithopter":15},"card_choices":[{"not_picked":["ReplayTheSpireMod:Calculation Training","Go for the Eyes","Streamline"],"picked":"SKIP","floor":2},{"not_picked":["Lockon","Gash"],"picked":"Capacitor","floor":3},{"not_picked":["Barrage","Steam"],"picked":"Compile Driver","floor":4},{"not_picked":["Glacier","ReplaySolidLightProjector"],"picked":"Electrodynamics","floor":5},{"not_picked":["Creative AI","Machine Learning"],"picked":"Thunder Strike","floor":9},{"not_picked":["Core Surge","Reboot","Buffer"],"picked":"SKIP","floor":12},{"not_picked":["ReplayTheSpireMod:GoodbyeWorld","Stack"],"picked":"Leap","floor":13},{"not_picked":["Fusion","Turbo"],"picked":"Consume","floor":13},{"not_picked":["Compile Driver","Hologram","Steam"],"picked":"SKIP","floor":14},{"not_picked":["FTL","Leap","Gash"],"picked":"SKIP","floor":15},{"not_picked":["Hologram","Amplify","ReplaySort"],"picked":"SKIP","floor":15}],"player_experience":227807,"relics_obtained":[{"floor":1,"key":"Slimebound:StickyStick"},{"floor":5,"key":"Toy Ornithopter"},{"floor":9,"key":"Bronze Scales"},{"floor":12,"key":"Replay:Arrowhead"}],"event_choices":[],"is_beta":false,"boss_relics":[],"items_purged_floors":[],"is_endless":false,"potions_floor_spawned":[2,4,5,12,15],"killed_by":"WA_ARCHETYPE_RETAIN","ascension_level":0}}