{"host":"r6jigiblrojhp6xe","time":1611973700,"event":{"mods":["AchievementEnabler","BaseMod","DeckTracker","Hermit","Minty Spire (QoL Compilation)","Quick Restart","Rare Cards Sparkle","Relic Stats","StSLib","SuperFastMode","everything is the same but u backflip on backflip"],"gold_per_floor":[116,166,182,198,198,198,231,231,277,291,322,322,339,357,357,428,428,439,439,449,41,54,54,88,104,104,104,4,49,80,94,94,171,171,187,212,227,240,240,271,271,306,306,3,3,3,3,3,3,3,3,3,3,3,32,32,32],"floor_reached":56,"language":"KOR","playtime":1172,"items_purged":["Strike_P","Strike_P","Strike_P"],"score":2206,"play_id":"11aab879-5405-49f6-bb92-695e1b33ad0b","local_time":"20210130112820","is_ascension_mode":true,"campfire_choices":[{"data":"Eruption","floor":6.0,"key":"SMITH"},{"data":"Conclude","floor":8.0,"key":"SMITH"},{"data":"WheelKick","floor":15.0,"key":"SMITH"},{"data":"Ragnarok","floor":23.0,"key":"SMITH"},{"data":"Wallop","floor":27.0,"key":"SMITH"},{"data":"SandsOfTime","floor":32.0,"key":"SMITH"},{"data":"Protect","floor":41.0,"key":"SMITH"},{"data":"Ragnarok","floor":45.0,"key":"SMITH"},{"data":"WreathOfFlame","floor":47.0,"key":"SMITH"},{"floor":49.0,"key":"RECALL"},{"data":"Vigilance","floor":53.0,"key":"SMITH"}],"circlet_count":0,"master_deck":["AscendersBane","Defend_P","Defend_P","Defend_P","Eruption+1","Vigilance+1","Conclude+1","Wallop+1","WheelKick+1","MentalFortress+1","Omniscience","EmptyMind+1","Swivel","InnerPeace+1","Ragnarok+1","SandsOfTime+1","Protect+1","WreathOfFlame+1","Ragnarok+1","Adaptation+1"],"relics":["PureWater","Vajra","Centennial Puzzle","Frozen Egg 2","Snecko Eye","TheAbacus","Bag of Preparation","Bag of Marbles","PreservedInsect","Cursed Key","WingedGreaves","CeramicFish","Yang","Mango"],"acts_visited":["Exordium","TheCity","TheBeyond","TheEnding"],"potions_floor_usage":[],"damage_taken":[{"damage":1.0,"enemies":"2 Louse","floor":1.0,"turns":6.0},{"damage":0.0,"enemies":"Cultist","floor":3.0,"turns":3.0},{"damage":0.0,"enemies":"Small Slimes","floor":4.0,"turns":2.0},{"damage":3.0,"enemies":"3 Sentries","floor":7.0,"turns":4.0},{"damage":4.0,"enemies":"2 Fungi Beasts","floor":10.0,"turns":2.0},{"damage":20.0,"enemies":"Lagavulin","floor":11.0,"turns":3.0},{"damage":0.0,"enemies":"Lots of Slimes","floor":13.0,"turns":1.0},{"damage":0.0,"enemies":"Red Slaver","floor":14.0,"turns":1.0},{"damage":5.0,"enemies":"Slime Boss","floor":16.0,"turns":7.0},{"damage":0.0,"enemies":"2 Thieves","floor":18.0,"turns":2.0},{"damage":0.0,"enemies":"Chosen","floor":20.0,"turns":2.0},{"damage":0.0,"enemies":"Centurion and Healer","floor":22.0,"turns":4.0},{"damage":0.0,"enemies":"Book of Stabbing","floor":24.0,"turns":3.0},{"damage":19.0,"enemies":"Snake Plant","floor":25.0,"turns":2.0},{"damage":0.0,"enemies":"Gremlin Leader","floor":30.0,"turns":1.0},{"damage":0.0,"enemies":"Sentry and Sphere","floor":31.0,"turns":1.0},{"damage":0.0,"enemies":"Automaton","floor":33.0,"turns":2.0},{"damage":0.0,"enemies":"3 Shapes","floor":35.0,"turns":1.0},{"damage":0.0,"enemies":"Mind Bloom Boss Battle","floor":36.0,"turns":2.0},{"damage":0.0,"enemies":"3 Darklings","floor":37.0,"turns":1.0},{"damage":0.0,"enemies":"Maw","floor":38.0,"turns":1.0},{"damage":0.0,"enemies":"Nemesis","floor":40.0,"turns":1.0},{"damage":0.0,"enemies":"Reptomancer","floor":42.0,"turns":1.0},{"damage":15.0,"enemies":"Time Eater","floor":50.0,"turns":3.0},{"damage":16.0,"enemies":"Donu and Deca","floor":51.0,"turns":4.0},{"damage":0.0,"enemies":"Shield and Spear","floor":55.0,"turns":2.0},{"damage":4,"enemies":"The Heart","floor":56,"turns":2}],"seed_played":"9195514273167372459","potions_obtained":[{"floor":1.0,"key":"Dexterity Potion"},{"floor":3.0,"key":"Block Potion"},{"floor":11.0,"key":"Explosive Potion"}],"is_trial":false,"path_per_floor":["M","?","M","M","?","R","E","R","T","M","E","?","M","M","R","B",null,"M","?","M","$","M","R","E","M","T","R","$","T","E","M","R","B",null,"M","?","M","M","?","E","R","E","T","$","R","T","R","?","R","B","B",null,"R","$","E","B"],"character_chosen":"WATCHER","items_purchased":["Ragnarok","TheAbacus","Ragnarok","Adaptation+1"],"campfire_rested":0,"item_purchase_floors":[21,21,44,44],"current_hp_per_floor":[66,66,66,66,59,59,56,56,56,52,32,32,32,32,32,27,62,62,62,62,62,62,62,62,43,43,43,43,43,43,43,43,43,66,66,66,66,66,66,66,66,66,66,66,66,66,66,66,66,51,35,61,61,61,75,71,71],"gold":32,"neow_bonus":"TEN_PERCENT_HP_BONUS","is_daily":false,"chose_seed":false,"campfire_upgraded":10,"win_rate":0.0,"timestamp":1611973700,"path_taken":["M","?","M","?","?","R","E","R","T","M","E","?","M","M","R","BOSS","M","?","M","$","M","R","E","?","T","R","?","?","E","M","R","BOSS","M","?","M","M","?","E","R","E","T","$","R","?","R","?","R","BOSS","BOSS","R","$","E","BOSS"],"items_purchased_type":["Card","Relic","Card","Card"],"build_version":"2020-12-22","purchased_purges":3,"victory":false,"max_hp_per_floor":[74,74,74,74,74,74,74,74,74,74,74,74,74,74,74,74,74,74,74,74,74,74,74,74,74,74,74,74,74,74,74,74,74,74,74,74,74,74,70,70,70,70,70,70,70,70,70,70,70,70,70,70,70,70,84,84,84],"relic_stats":{"Centennial Puzzle":[21],"TheAbacus":[60],"counters":[27,64],"CeramicFish":27,"Snecko Eye":[99,71,65,79],"Yang":[30],"PreservedInsect":189,"Bag of Preparation":[28],"Cursed Key":0,"obtain_stats":[{"CeramicFish":40,"Vajra":7,"Yang":42,"Mango":55,"PreservedInsect":30,"Bag of Preparation":24,"Frozen Egg 2":11,"Cursed Key":34,"Centennial Puzzle":9,"TheAbacus":21,"Snecko Eye":17,"WingedGreaves":36,"Bag of Marbles":29,"PureWater":0},{"CeramicFish":22,"Vajra":4,"Yang":23,"Mango":26,"PreservedInsect":15,"Bag of Preparation":13,"Frozen Egg 2":6,"Cursed Key":17,"Centennial Puzzle":4,"TheAbacus":11,"Snecko Eye":9,"WingedGreaves":19,"Bag of Marbles":14,"PureWater":0},{"CeramicFish":52,"Vajra":15,"Yang":53,"Mango":62,"PreservedInsect":43,"Bag of Preparation":40,"Frozen Egg 2":20,"Cursed Key":46,"Centennial Puzzle":15,"TheAbacus":33,"Snecko Eye":29,"WingedGreaves":49,"Bag of Marbles":42,"PureWater":0}]},"card_choices":[{"not_picked":["ReachHeaven","Protect"],"picked":"Conclude","floor":1.0},{"not_picked":["JustLucky","BowlingBash"],"picked":"Wallop","floor":3.0},{"not_picked":["LikeWater","Prostrate","Wireheading"],"picked":"SKIP","floor":4.0},{"not_picked":["WaveOfTheHand","PathToVictory","Worship"],"picked":"SKIP","floor":7.0},{"not_picked":["Sanctity","Prostrate"],"picked":"WheelKick","floor":10.0},{"not_picked":["ThirdEye","BattleHymn+1","Weave"],"picked":"SKIP","floor":11.0},{"not_picked":["CrushJoints","WindmillStrike","WheelKick"],"picked":"SKIP","floor":13.0},{"not_picked":["EmptyBody","ThirdEye"],"picked":"MentalFortress+1","floor":14.0},{"not_picked":["Brilliance","SpiritShield"],"picked":"Omniscience","floor":16.0},{"not_picked":["JustLucky","EmptyFist+1"],"picked":"EmptyMind+1","floor":18.0},{"not_picked":["ThirdEye","Sanctity"],"picked":"InnerPeace+1","floor":20.0},{"not_picked":["Pray","CarveReality"],"picked":"SandsOfTime","floor":22.0},{"not_picked":["ReachHeaven+1","Halt+1","Conclude"],"picked":"SKIP","floor":24.0},{"not_picked":["Collect","CrushJoints","ReachHeaven"],"picked":"SKIP","floor":25.0},{"not_picked":["Meditate","ClearTheMind+1","EmptyFist"],"picked":"SKIP","floor":30.0},{"not_picked":["Conclude","BowlingBash","Alpha"],"picked":"SKIP","floor":31.0},{"not_picked":["DeceiveReality","EmptyMind+1"],"picked":"Swivel+1","floor":35.0},{"not_picked":["FollowUp+1","LikeWater+1"],"picked":"Protect","floor":36.0},{"not_picked":["Prostrate","SashWhip","ClearTheMind+1"],"picked":"SKIP","floor":37.0},{"not_picked":["ClearTheMind","JustLucky","Vengeance"],"picked":"SKIP","floor":38.0},{"not_picked":["Prostrate","EmptyFist","Wireheading+1"],"picked":"SKIP","floor":40.0},{"not_picked":["Nirvana+1","ClearTheMind"],"picked":"WreathOfFlame","floor":42.0},{"not_picked":["Worship","PathToVictory+1","Brilliance"],"picked":"SKIP","floor":55.0}],"player_experience":598400,"relics_obtained":[{"floor":7.0,"key":"Vajra"},{"floor":9.0,"key":"Centennial Puzzle"},{"floor":11.0,"key":"Frozen Egg 2"},{"floor":24.0,"key":"Bag of Preparation"},{"floor":29.0,"key":"Bag of Marbles"},{"floor":30.0,"key":"PreservedInsect"},{"floor":36.0,"key":"WingedGreaves"},{"floor":40.0,"key":"CeramicFish"},{"floor":42.0,"key":"Yang"},{"floor":55.0,"key":"Mango"}],"event_choices":[{"damage_healed":0.0,"max_hp_gain":0.0,"max_hp_loss":0.0,"gold_gain":50.0,"event_name":"Golden Shrine","player_choice":"Pray","floor":2.0,"gold_loss":0.0,"damage_taken":0.0},{"cards_removed":["Defend_P"],"damage_healed":0.0,"max_hp_gain":0.0,"max_hp_loss":0.0,"gold_gain":0.0,"event_name":"Golden Wing","player_choice":"Card Removal","floor":5.0,"gold_loss":0.0,"damage_taken":7.0},{"damage_healed":0.0,"max_hp_gain":0.0,"max_hp_loss":0.0,"gold_gain":0.0,"event_name":"Liars Game","player_choice":"Ignored","floor":12.0,"gold_loss":0.0,"damage_taken":0.0},{"damage_healed":0.0,"max_hp_gain":0.0,"max_hp_loss":0.0,"gold_gain":0.0,"cards_transformed":["Strike_P"],"event_name":"Transmorgrifier","player_choice":"Transformed","floor":19.0,"gold_loss":0.0,"damage_taken":0.0,"cards_obtained":["Swivel"]},{"damage_healed":0.0,"max_hp_gain":0.0,"max_hp_loss":0.0,"gold_gain":0.0,"event_name":"MindBloom","player_choice":"Fight","floor":36.0,"gold_loss":0.0,"damage_taken":0.0},{"damage_healed":0.0,"max_hp_gain":0.0,"max_hp_loss":4.0,"gold_gain":0.0,"event_name":"Winding Halls","player_choice":"Max HP","floor":39.0,"gold_loss":0.0,"damage_taken":0.0},{"cards_removed":["Swivel"],"damage_healed":0.0,"max_hp_gain":0.0,"max_hp_loss":0.0,"gold_gain":0.0,"event_name":"Falling","player_choice":"Removed Skill","floor":48.0,"gold_loss":0.0,"damage_taken":0.0}],"is_beta":false,"boss_relics":[{"not_picked":["Runic Dome","Pandora\u0027s Box"],"picked":"Snecko Eye"},{"not_picked":["Busted Crown","Empty Cage"],"picked":"Cursed Key"}],"items_purged_floors":[21,28,44],"is_endless":false,"potions_floor_spawned":[1,3,4,11,13,22,24,31,33,38,40],"killed_by":"The Heart","ascension_level":20}}