{"host":"cxvb37eaaiijvrl4","time":1611970978,"event":{"mods":["ATMod(阿瑾Mod)","BaseMod","Better Third Choice","Minty Spire (QoL Compilation)","MostiFishMod","Quick Restart","Rare Cards Sparkle","Shop Mod","Spicy Shops","StSLib","TestMod","Uncapped","残留之物"],"gold_per_floor":[109,109,129,529,529,529,563,563,586,625,650,693,693,715,715,810,810,839,417,438,457,457,495,495,537,590,636,650,696,696,722,722,812,812,829,829,829,854,317,351,373,418,418,462,489,530,530,551,551,560,562,562,562,9,49,91],"floor_reached":57,"language":"ZHS","playtime":2042,"items_purged":["Dualcast","Strike_B","AT_WarpDrive","Strike_B"],"score":3711,"play_id":"f5335248-e290-468b-924a-f3ac70e9d705","local_time":"20210129174258","is_ascension_mode":true,"campfire_choices":[{"data":"Beam Cell","floor":6.0,"key":"SMITH"},{"data":"Recycle","floor":13.0,"key":"SMITH"},{"data":"MostiFishMod:GatherIntelligence","floor":15.0,"key":"SMITH"},{"data":"AT_StudyProgram","floor":24.0,"key":"SMITH"},{"data":"MostiFishMod:ReadyAimFire","floor":32.0,"key":"SMITH"},{"floor":49.0,"key":"RECALL"},{"data":"MostiFishMod:InterfaceCompatibility","floor":53.0,"key":"SMITH"}],"circlet_count":0,"master_deck":["AscendersBane","Strike_B","Strike_B","Defend_B","Defend_B","Defend_B","Defend_B","Zap+1","AT_StudyProgram","Self Repair","Beam Cell+1","AT_DarkMatter","MostiFishMod:GatherIntelligence+1","Ball Lightning+1","Recycle+1","MostiFishMod:ATRI+1","Defragment","AT_StudyProgram+1","AT_DarkMatter","Turbo","MostiFishMod:ReadyAimFire+1","MostiFishMod:InterfaceCompatibility+1","MostiFishMod:Overload","Defragment+1"],"relics":["DaveBox","AT_ATBox","DianDianMeat","testmod-Fortitude","Black Star","SynthV:TestCard","Molten Egg 2","Juzu Bracelet","Vajra","Golden Idol","Lantern","ArrowTower","testmod-Hope","InkBottle","testmod-Acrobat","ChiXiaoBlade","DollysMirror","MealTicket","Art of War","Bottled Tornado","Calipers","testmod-Maize","FossilizedHelix","Cables","AT_RedNoBalance","Tiny Chest","Cursed Key","ImprovedEquipment","Blue Candle","AT_LudenTempest","PreservedInsect","AT_EbonyIvory","Frozen Egg 2","Pantograph","Oddly Smooth Stone","Kunai","Sundial","Strawberry","DataDisk"],"acts_visited":["Exordium","TheCity","TheBeyond","TheEnding"],"potions_floor_usage":[56],"damage_taken":[{"damage":0.0,"enemies":"Small Slimes","floor":1.0,"turns":3.0},{"damage":1.0,"enemies":"Cultist","floor":3.0,"turns":3.0},{"damage":45.0,"enemies":"3 Sentries","floor":7.0,"turns":7.0},{"damage":20.0,"enemies":"Lagavulin","floor":10.0,"turns":6.0},{"damage":2.0,"enemies":"2 Louse","floor":11.0,"turns":3.0},{"damage":17.0,"enemies":"3 Sentries","floor":12.0,"turns":4.0},{"damage":0.0,"enemies":"Exordium Wildlife","floor":14.0,"turns":3.0},{"damage":0.0,"enemies":"Slime Boss","floor":16.0,"turns":4.0},{"damage":17.0,"enemies":"2 Thieves","floor":18.0,"turns":3.0},{"damage":2.0,"enemies":"3 Byrds","floor":20.0,"turns":1.0},{"damage":35.0,"enemies":"Shelled Parasite and Fungi","floor":21.0,"turns":4.0},{"damage":13.0,"enemies":"Book of Stabbing","floor":23.0,"turns":4.0},{"damage":9.0,"enemies":"Slavers","floor":25.0,"turns":3.0},{"damage":21.0,"enemies":"Book of Stabbing","floor":27.0,"turns":4.0},{"damage":0.0,"enemies":"Chosen and Byrds","floor":28.0,"turns":2.0},{"damage":41.0,"enemies":"Slavers","floor":29.0,"turns":4.0},{"damage":0.0,"enemies":"Centurion and Healer","floor":31.0,"turns":2.0},{"damage":0.0,"enemies":"Champ","floor":33.0,"turns":5.0},{"damage":0.0,"enemies":"Orb Walker","floor":35.0,"turns":2.0},{"damage":0.0,"enemies":"3 Shapes","floor":38.0,"turns":2.0},{"damage":1.0,"enemies":"Nemesis","floor":40.0,"turns":3.0},{"damage":0.0,"enemies":"Writhing Mass","floor":41.0,"turns":3.0},{"damage":0.0,"enemies":"Giant Head","floor":42.0,"turns":4.0},{"damage":0.0,"enemies":"Reptomancer","floor":44.0,"turns":2.0},{"damage":0.0,"enemies":"Spire Growth","floor":45.0,"turns":2.0},{"damage":0.0,"enemies":"Giant Head","floor":46.0,"turns":3.0},{"damage":0.0,"enemies":"3 Darklings","floor":48.0,"turns":2.0},{"damage":0.0,"enemies":"Awakened One","floor":50.0,"turns":4.0},{"damage":0.0,"enemies":"Time Eater","floor":51.0,"turns":4.0},{"damage":0.0,"enemies":"Shield and Spear","floor":55.0,"turns":3.0},{"damage":0,"enemies":"The Heart","floor":56,"turns":5}],"seed_played":"5896799457477927434","potions_obtained":[{"floor":1.0,"key":"PlaceholderMod:PlaceholderPotion"},{"floor":7.0,"key":"Fire Potion"},{"floor":14.0,"key":"Fire Potion"},{"floor":20.0,"key":"PowerPotion"},{"floor":23.0,"key":"testmod-SpacePotion"},{"floor":28.0,"key":"CultistPotion"},{"floor":44.0,"key":"Energy Potion"},{"floor":45.0,"key":"Energy Potion"}],"is_trial":false,"path_per_floor":["M","?","M","?","T","R","E","?","T","E","M","E","R","M","R","B",null,"M","$","M","M","?","E","R","E","T","E","M","E","?","M","R","B",null,"M","?","?","M","$","E","M","E","T","E","M","E","T","M","R","B","B",null,"R","$","E","B",null],"character_chosen":"DEFECT","items_purchased":["AT_StudyProgram","DollysMirror","MealTicket","ImprovedEquipment","MostiFishMod:Overload","Sundial"],"campfire_rested":0,"item_purchase_floors":[19,19,19,39,39,54],"current_hp_per_floor":[65,65,73,73,73,73,38,38,38,29,32,28,28,42,42,57,89,88,109,130,102,102,108,108,99,99,85,105,71,71,77,77,91,150,91,91,82,89,119,125,125,132,132,132,132,139,139,162,162,194,200,200,200,200,207,207],"gold":91,"neow_bonus":"BOSS_RELIC","is_daily":false,"chose_seed":false,"campfire_upgraded":6,"win_rate":0.0,"timestamp":1611970978,"path_taken":["M","?","?","?","?","R","E","?","T","E","M","E","R","M","R","BOSS","M","$","M","M","?","E","R","E","T","E","M","E","?","M","R","BOSS","M","?","?","M","$","E","M","E","T","E","M","E","?","M","R","BOSS","BOSS","R","$","E","BOSS"],"items_purchased_type":["Card","Relic","Relic","Relic","Card","Relic"],"build_version":"2020-12-22","purchased_purges":4,"victory":true,"max_hp_per_floor":[72,72,74,74,74,74,77,70,70,74,79,85,85,92,92,100,100,109,130,130,130,130,142,142,142,142,142,155,155,155,155,155,169,169,169,169,169,169,184,184,184,184,184,184,184,184,184,200,200,200,200,200,200,200,207,207],"card_choices":[{"not_picked":["Static Discharge","Genetic Algorithm"],"picked":"Self Repair","floor":1.0},{"not_picked":["Stack","Barrage","Hologram","Rebound"],"picked":"Beam Cell","floor":3.0},{"not_picked":["Rebound+1","MostiFishMod:PushDownKick+1","Skim","Sweeping Beam+1"],"picked":"AT_DarkMatter","floor":7.0},{"not_picked":["Beam Cell+1","Ball Lightning+1","Conserve Battery","Lockon+1"],"picked":"MostiFishMod:GatherIntelligence","floor":10.0},{"not_picked":["Redo","Streamline+1","MostiFishMod:ReprogramOld","Barrage+1"],"picked":"Ball Lightning+1","floor":11.0},{"not_picked":["Chaos","Sweeping Beam+1","Genetic Algorithm","Steam Power"],"picked":"Recycle","floor":12.0},{"not_picked":["MostiFishMod:Overload","Compile Driver+1","Ball Lightning+1","Reprogram"],"picked":"AT_WarpDrive","floor":14.0},{"not_picked":["Meteor Strike+1","Echo Form","MostiFishMod:ActiveDefenseSystem","Multi-Cast"],"picked":"MostiFishMod:ATRI","floor":16.0},{"not_picked":["Static Discharge","Stack","Go for the Eyes+1","Steam"],"picked":"Defragment","floor":18.0},{"not_picked":["Loop","Steam","Hologram","Coolheaded","Conserve Battery"],"picked":"SKIP","floor":20.0},{"not_picked":["Recycle","Compile Driver+1","Capacitor","AT_WarpDrive","Stack+1"],"picked":"SKIP","floor":21.0},{"not_picked":["Static Discharge+1","MostiFishMod:Exploitation","Leap","Chill"],"picked":"Turbo","floor":23.0},{"not_picked":["Melter+1","Coolheaded","Stack","MostiFishMod:IceShield","Barrage+1"],"picked":"SKIP","floor":25.0},{"not_picked":["Steam","Conserve Battery","Turbo","Capacitor","Sweeping Beam+1"],"picked":"SKIP","floor":27.0},{"not_picked":["Loop","AT_ThreeBodyProblem","Stack","Compile Driver+1"],"picked":"MostiFishMod:ReadyAimFire","floor":28.0},{"not_picked":["Creative AI","Leap+1","Steam Power","FTL+1","Doom and Gloom+1"],"picked":"SKIP","floor":29.0},{"not_picked":["Redo","Chaos","Streamline+1","Coolheaded","MostiFishMod:PushDownKick+1"],"picked":"SKIP","floor":31.0},{"not_picked":["Buffer","MostiFishMod:StarOceanB","MostiFishMod:Nova+1","MostiFishMod:Overload"],"picked":"MostiFishMod:InterfaceCompatibility","floor":33.0},{"not_picked":["Steam","Capacitor","Cold Snap+1","Stack","Reinforced Body+1"],"picked":"SKIP","floor":35.0},{"not_picked":["MostiFishMod:FluxCapactior","Turbo","Stack+1","Steam","Reprogram"],"picked":"SKIP","floor":38.0},{"not_picked":["Aggregate","Capacitor","AT_WarpDrive","Beam Cell+1","Defragment"],"picked":"SKIP","floor":40.0},{"not_picked":["Blizzard+1","AT_HeatAcrobatics","Consume","Static Discharge","Coolheaded"],"picked":"SKIP","floor":41.0},{"not_picked":["Turbo","Redo","Reinforced Body","Force Field","Compile Driver+1"],"picked":"SKIP","floor":42.0},{"not_picked":["Loop+1","MostiFishMod:Nova+1","Streamline+1","AT_ThunderBolt+1","Cold Snap+1"],"picked":"SKIP","floor":44.0},{"not_picked":["Cold Snap+1","AT_HeatAcrobatics+1","Conserve Battery+1","Heatsinks+1","Go for the Eyes+1"],"picked":"SKIP","floor":45.0},{"not_picked":["Static Discharge+1","Sweeping Beam+1","AT_WarpDrive+1","Leap","MostiFishMod:PushDownKick+1"],"picked":"SKIP","floor":46.0},{"not_picked":["Steam","Redo","Cold Snap+1","Beam Cell+1"],"picked":"Defragment+1","floor":48.0},{"not_picked":["Steam Power","Barrage+1","Conserve Battery","Hello World+1","Ball Lightning+1"],"picked":"SKIP","floor":55.0}],"player_experience":715309,"relics_obtained":[{"floor":1.0,"key":"SynthV:TestCard"},{"floor":5.0,"key":"Molten Egg 2"},{"floor":7.0,"key":"Juzu Bracelet"},{"floor":7.0,"key":"Vajra"},{"floor":9.0,"key":"Lantern"},{"floor":10.0,"key":"ArrowTower"},{"floor":10.0,"key":"testmod-Hope"},{"floor":12.0,"key":"InkBottle"},{"floor":12.0,"key":"testmod-Acrobat"},{"floor":23.0,"key":"Art of War"},{"floor":23.0,"key":"Bottled Tornado"},{"floor":25.0,"key":"Calipers"},{"floor":25.0,"key":"testmod-Maize"},{"floor":27.0,"key":"FossilizedHelix"},{"floor":27.0,"key":"Cables"},{"floor":29.0,"key":"AT_SilverBalance"},{"floor":29.0,"key":"Tiny Chest"},{"floor":40.0,"key":"Blue Candle"},{"floor":40.0,"key":"AT_LudenTempest"},{"floor":42.0,"key":"PreservedInsect"},{"floor":42.0,"key":"AT_EbonyIvory"},{"floor":44.0,"key":"Frozen Egg 2"},{"floor":44.0,"key":"Pantograph"},{"floor":46.0,"key":"Oddly Smooth Stone"},{"floor":46.0,"key":"Kunai"},{"floor":55.0,"key":"Strawberry"},{"floor":55.0,"key":"DataDisk"}],"event_choices":[{"damage_healed":0.0,"max_hp_gain":0.0,"max_hp_loss":0.0,"gold_gain":0.0,"event_name":"Accursed Blacksmith","player_choice":"Forge","floor":2.0,"gold_loss":0.0,"damage_taken":0.0,"cards_upgraded":["Zap"]},{"damage_healed":0.0,"max_hp_gain":0.0,"max_hp_loss":0.0,"gold_gain":400.0,"event_name":"恩洛斯的盘子","player_choice":"Sell","floor":4.0,"relics_lost":["testmod-TestBox"],"gold_loss":0.0,"damage_taken":0.0},{"damage_healed":0.0,"max_hp_gain":0.0,"max_hp_loss":7.0,"gold_gain":0.0,"event_name":"Golden Idol","player_choice":"Lose Max HP","floor":8.0,"gold_loss":0.0,"damage_taken":0.0,"relics_obtained":["Golden Idol"]},{"damage_healed":0.0,"max_hp_gain":0.0,"max_hp_loss":0.0,"gold_gain":0.0,"event_name":"Cursed Tome","player_choice":"Ignored","floor":22.0,"gold_loss":0.0,"damage_taken":0.0},{"damage_healed":0.0,"max_hp_gain":0.0,"max_hp_loss":0.0,"gold_gain":0.0,"event_name":"Upgrade Shrine","player_choice":"Upgraded","floor":30.0,"gold_loss":0.0,"damage_taken":0.0,"cards_upgraded":["MostiFishMod:ATRI"]},{"damage_healed":0.0,"max_hp_gain":0.0,"max_hp_loss":0.0,"gold_gain":0.0,"event_name":"Match and Keep!","player_choice":"0 cards matched","floor":36.0,"gold_loss":0.0,"damage_taken":0.0,"cards_obtained":[]},{"damage_healed":0.0,"max_hp_gain":0.0,"max_hp_loss":0.0,"gold_gain":0.0,"event_name":"The Woman in Blue","player_choice":"Bought 0 Potions","floor":37.0,"gold_loss":0.0,"damage_taken":0.0}],"is_beta":false,"boss_relics":[{"not_picked":["JellyFishMachine","testmod-HarvestTotem"],"picked":"ChiXiaoBlade"},{"not_picked":["Tiny House","Velvet Choker"],"picked":"Cursed Key"}],"items_purged_floors":[19,39,54,54],"is_endless":false,"potions_floor_spawned":[1,7,14,20,21,23,28,44,45,48],"ascension_level":20}}