{"host":"bq4pt811tk9yrmjl","time":1611972748,"event":{"mods":["AchievementEnabler","BaseMod","Colored Map","Colored Powertips","Defuse TimeMaze Blight","Hermit","Minty Spire (QoL Compilation)","StSLib","SuperFastMode"],"gold_per_floor":[117,117,117,117,140,173,173,173,249,274,43,43,82,100,100,224,224,240,256,256,256,271,271,300,319,369,383,383,398,18,28,28,124,124,140,156,168,68,95,95,95,0,54,54,69,85,134,154,154,154,154,154,104,130,130],"floor_reached":56,"language":"ENG","playtime":1282,"items_purged":["Strike_G","Strike_G"],"score":1275,"play_id":"7bc53a28-451c-49f0-8c22-3e5760c16772","local_time":"20210130001228","is_ascension_mode":true,"campfire_choices":[{"data":"Neutralize","floor":8.0,"key":"SMITH"},{"floor":15,"key":"REST"},{"data":"Accuracy","floor":23,"key":"SMITH"},{"data":"After Image","floor":32,"key":"SMITH"},{"floor":40,"key":"RECALL"},{"data":"After Image","floor":41,"key":"SMITH"},{"data":"Noxious Fumes","floor":44,"key":"SMITH"},{"floor":49,"key":"REST"},{"data":"Dash","floor":52,"key":"SMITH"}],"circlet_count":0,"master_deck":["Strike_G+1","Strike_G","Strike_G+1","Defend_G","Defend_G","Defend_G","Defend_G","Defend_G","Survivor","Neutralize+1","Dash+1","Accuracy+1","Blade Dance","Noxious Fumes+1","After Image+1","Blade Dance","After Image+1","Cloak And Dagger+1","Terror+1","Blade Dance","Cloak And Dagger+1","Catalyst+1"],"relics":["Ring of the Snake","NeowsBlessing","Bloody Idol","Du-Vu Doll","Kunai","Sling","Potion Belt","Nunchaku","WristBlade","Whetstone","Snake Skull","WingedGreaves","Medical Kit","Vajra","Busted Crown","Blood Vial","Red Mask","Oddly Smooth Stone","Turnip","Pantograph"],"acts_visited":["Exordium","TheCity","TheBeyond","TheEnding"],"potions_floor_usage":[13,13,16,18,22,31,31,47,50,50,50,55,55,55,55,55],"damage_taken":[{"damage":0.0,"enemies":"Jaw Worm","floor":1.0,"turns":1.0},{"damage":0.0,"enemies":"2 Louse","floor":5.0,"turns":1.0},{"damage":0.0,"enemies":"3 Sentries","floor":6.0,"turns":1.0},{"damage":0,"enemies":"Cultist","floor":10,"turns":4},{"damage":6,"enemies":"Lagavulin","floor":13,"turns":5},{"damage":1,"enemies":"Looter","floor":14,"turns":4},{"damage":30,"enemies":"The Guardian","floor":16,"turns":11},{"damage":0,"enemies":"Spheric Guardian","floor":18,"turns":2},{"damage":11,"enemies":"2 Thieves","floor":19,"turns":4},{"damage":10,"enemies":"Snake Plant","floor":22,"turns":8},{"damage":0,"enemies":"Gremlin Leader","floor":24,"turns":7},{"damage":5,"enemies":"Cultist and Chosen","floor":25,"turns":4},{"damage":0,"enemies":"3 Cultists","floor":27,"turns":4},{"damage":0,"enemies":"Snecko","floor":29,"turns":3},{"damage":0,"enemies":"Cultist and Chosen","floor":31,"turns":4},{"damage":5,"enemies":"Champ","floor":33,"turns":6},{"damage":1,"enemies":"3 Shapes","floor":35,"turns":6},{"damage":0,"enemies":"3 Darklings","floor":36,"turns":3},{"damage":2,"enemies":"4 Shapes","floor":37,"turns":11},{"damage":0,"enemies":"Maw","floor":45,"turns":5},{"damage":0,"enemies":"Transient","floor":46,"turns":5},{"damage":15,"enemies":"2 Orb Walkers","floor":47,"turns":4},{"damage":0,"enemies":"3 Darklings","floor":48,"turns":3},{"damage":2,"enemies":"Awakened One","floor":50,"turns":11},{"damage":0,"enemies":"Shield and Spear","floor":54,"turns":5},{"damage":64,"enemies":"The Heart","floor":55,"turns":9}],"seed_played":"7404638064447402392","potions_obtained":[{"floor":6.0,"key":"DuplicationPotion"},{"floor":10,"key":"Swift Potion"},{"floor":14,"key":"CunningPotion"},{"floor":16,"key":"CunningPotion"},{"floor":19,"key":"PowerPotion"},{"floor":24,"key":"Fire Potion"},{"floor":27,"key":"GamblersBrew"},{"floor":29,"key":"Weak Potion"},{"floor":46,"key":"Explosive Potion"},{"floor":47,"key":"CunningPotion"},{"floor":48,"key":"EntropicBrew"}],"is_trial":false,"path_per_floor":["M","?","?","$","M","E","T","R","T","M","$","?","E","M","R","B",null,"M","M","?","?","M","R","E","M","T","M","?","M","$","M","R","B",null,"M","M","M","$","T","R","R","?","T","R","M","M","?","M","R","B",null,"R","$","E","B",null],"character_chosen":"THE_SILENT","items_purchased":["Sling","Noxious Fumes","Medical Kit","Vajra","Energy Potion"],"campfire_rested":2,"item_purchase_floors":[11,11,30,30,53],"current_hp_per_floor":[70,70,53,53,53,53,53,53,53,53,53,46,40,39,60,30,70,70,59,59,59,54,54,59,59,64,69,69,70,70,70,70,70,70,70,70,70,70,70,70,70,70,70,70,70,70,60,67,70,68,70,70,70,70,6],"gold":130,"neow_bonus":"THREE_ENEMY_KILL","is_daily":false,"chose_seed":false,"campfire_upgraded":6,"win_rate":0.0,"timestamp":1611972748,"path_taken":["M","?","?","$","M","E","?","R","T","M","$","?","E","M","R","BOSS","M","M","?","?","?","R","E","M","T","M","?","?","$","M","R","BOSS","M","?","M","$","?","R","R","?","T","R","M","M","?","M","R","BOSS","R","$","E","BOSS"],"items_purchased_type":["Relic","Card","Relic","Relic","Potion"],"build_version":"2020-12-22","purchased_purges":2,"victory":true,"max_hp_per_floor":[70,70,70,70,70,70,70,70,70,70,70,70,70,70,70,70,70,70,70,70,70,70,70,70,70,70,70,70,70,70,70,70,70,70,70,70,70,70,70,70,70,70,70,70,70,70,70,70,70,70,70,70,70,70,70],"card_choices":[{"not_picked":["Deadly Poison","Underhanded Strike","Bane"],"picked":"SKIP","floor":1.0},{"not_picked":["Acrobatics","Deadly Poison"],"picked":"Dash","floor":5.0},{"not_picked":["Flying Knee","Slice"],"picked":"Accuracy","floor":6.0},{"not_picked":["Cloak And Dagger","Deflect"],"picked":"Blade Dance","floor":10},{"not_picked":["PiercingWail","Sucker Punch","Bane"],"picked":"SKIP","floor":13},{"not_picked":["Masterful Stab","Catalyst","Quick Slash"],"picked":"SKIP","floor":14},{"not_picked":["Phantasmal Killer","Unload"],"picked":"After Image","floor":16},{"not_picked":["Accuracy","Flechettes"],"picked":"Blade Dance","floor":18},{"not_picked":["Blur","Outmaneuver","Setup+1"],"picked":"SKIP","floor":19},{"not_picked":["Acrobatics","Outmaneuver"],"picked":"Cloak And Dagger+1","floor":22},{"not_picked":["Quick Slash","Bane"],"picked":"Terror+1","floor":24},{"not_picked":["Dagger Spray+1","Slice"],"picked":"Blade Dance","floor":25},{"not_picked":["PiercingWail","Expertise","Flying Knee"],"picked":"SKIP","floor":27},{"not_picked":["Crippling Poison","Deflect","Quick Slash"],"picked":"SKIP","floor":29},{"not_picked":["Sucker Punch+1","Prepared","Dash+1"],"picked":"SKIP","floor":31},{"not_picked":["Dodge and Roll"],"picked":"SKIP","floor":35},{"not_picked":["Prepared"],"picked":"SKIP","floor":36},{"not_picked":["Reflex+1"],"picked":"SKIP","floor":37},{"not_picked":[],"picked":"Cloak And Dagger+1","floor":45},{"not_picked":["Blur"],"picked":"SKIP","floor":46},{"not_picked":[],"picked":"Catalyst+1","floor":47},{"not_picked":["Deadly Poison"],"picked":"SKIP","floor":48},{"not_picked":["Flechettes+1"],"picked":"SKIP","floor":54}],"player_experience":281857,"relics_obtained":[{"floor":6.0,"key":"Du-Vu Doll"},{"floor":7.0,"key":"Kunai"},{"floor":13,"key":"Nunchaku"},{"floor":24,"key":"Whetstone"},{"floor":26,"key":"Snake Skull"},{"floor":39,"key":"Blood Vial"},{"floor":43,"key":"Oddly Smooth Stone"},{"floor":47,"key":"Turnip"},{"floor":54,"key":"Pantograph"}],"event_choices":[{"damage_healed":0.0,"max_hp_gain":0.0,"max_hp_loss":0.0,"gold_gain":0.0,"event_name":"Golden Wing","player_choice":"Ignored","floor":2.0,"gold_loss":0.0,"damage_taken":0.0},{"damage_healed":0.0,"max_hp_gain":0.0,"max_hp_loss":0.0,"gold_gain":0.0,"event_name":"Golden Idol","player_choice":"Take Damage","floor":3.0,"gold_loss":0.0,"damage_taken":17.0,"relics_obtained":["Golden Idol"]},{"damage_healed":0,"gold_gain":0,"player_choice":"Success","damage_taken":7,"relics_obtained":["Potion Belt"],"max_hp_gain":0,"max_hp_loss":0,"event_name":"Scrap Ooze","floor":12,"gold_loss":0},{"damage_healed":0,"gold_gain":0,"player_choice":"Gave Idol","damage_taken":0,"relics_obtained":["Bloody Idol"],"max_hp_gain":0,"max_hp_loss":0,"event_name":"Forgotten Altar","floor":20,"relics_lost":["Golden Idol"],"gold_loss":0},{"damage_healed":0,"gold_gain":0,"player_choice":"Copied","damage_taken":0,"max_hp_gain":0,"max_hp_loss":0,"event_name":"Duplicator","floor":21,"gold_loss":0,"cards_obtained":["After Image"]},{"damage_healed":0,"gold_gain":0,"player_choice":"Gave Potion","damage_taken":0,"relics_obtained":["WingedGreaves"],"max_hp_gain":0,"max_hp_loss":0,"event_name":"WeMeetAgain","floor":28,"gold_loss":0},{"damage_healed":0,"gold_gain":0,"player_choice":"Paid","damage_taken":0,"relics_obtained":["Red Mask"],"max_hp_gain":0,"max_hp_loss":0,"event_name":"Tomb of Lord Red Mask","floor":42,"gold_loss":95},{"damage_healed":0,"gold_gain":0,"player_choice":"Fight","damage_taken":0,"max_hp_gain":0,"max_hp_loss":0,"event_name":"Mysterious Sphere","floor":47,"gold_loss":0}],"is_beta":false,"boss_relics":[{"not_picked":["Runic Pyramid","Runic Dome"],"picked":"WristBlade"},{"not_picked":["Empty Cage","Sozu"],"picked":"Busted Crown"}],"items_purged_floors":[30,38],"is_endless":false,"potions_floor_spawned":[6,10,14,16,19,24,27,29,46,47,48,54],"ascension_level":1}}