{"host":"kpyf5rnb72uwap8k","time":1611994370,"event":{"mods":["AchievementEnabler","BaseMod","Colored Map","Colored Powertips","DeckTracker","Minty Spire (QoL Compilation)","Permanent Neow","Quick Restart","StSLib","SuperFastMode"],"gold_per_floor":[112,125,4,19,19,19,52,127,198,213,213,234,249,267,267,386,386,400,102,116,42,42,85,85,103,130,164,164,177,177,191,191,191,191],"floor_reached":33,"language":"KOR","playtime":887,"items_purged":["Strike_G","Strike_G"],"score":318,"play_id":"3f65e2ca-5412-4c76-98b3-6c2f37b8a860","local_time":"20210130171250","is_ascension_mode":true,"campfire_choices":[{"data":"Bane","floor":6.0,"key":"SMITH"},{"data":"Catalyst","floor":11.0,"key":"SMITH"},{"floor":15.0,"key":"REST"},{"data":"Backflip","floor":24,"key":"SMITH"},{"floor":28,"key":"REST"},{"floor":30,"key":"REST"},{"floor":32,"key":"REST"}],"circlet_count":0,"master_deck":["Strike_G","Strike_G","Defend_G","Defend_G","Defend_G","Defend_G","Defend_G","Survivor","Neutralize","Poisoned Stab","Backstab","Poisoned Stab","Bane+1","Acrobatics","Catalyst+1","Adrenaline","PiercingWail","Catalyst+1","Backflip+1","Footwork","Backflip+1","Terror+1","Deflect+1"],"relics":["Ring of the Snake","Golden Idol","Bag of Preparation","Eternal Feather","Black Star","DollysMirror","Toxic Egg 2","Bottled Flame","Bag of Marbles","PreservedInsect","Pear"],"acts_visited":["Exordium","TheCity"],"potions_floor_usage":[23,23,33,33,33],"damage_taken":[{"damage":2.0,"enemies":"Cultist","floor":1.0,"turns":4.0},{"damage":0.0,"enemies":"2 Louse","floor":2.0,"turns":2.0},{"damage":0.0,"enemies":"Jaw Worm","floor":4.0,"turns":2.0},{"damage":13.0,"enemies":"Lagavulin","floor":7.0,"turns":5.0},{"damage":1.0,"enemies":"Looter","floor":10.0,"turns":2.0},{"damage":8.0,"enemies":"Exordium Wildlife","floor":12.0,"turns":3.0},{"damage":17.0,"enemies":"Exordium Thugs","floor":13.0,"turns":3.0},{"damage":8.0,"enemies":"Blue Slaver","floor":14.0,"turns":2.0},{"damage":11.0,"enemies":"Hexaghost","floor":16.0,"turns":9.0},{"damage":7.0,"enemies":"Chosen","floor":18.0,"turns":3.0},{"damage":9.0,"enemies":"Shell Parasite","floor":20.0,"turns":3.0},{"damage":9,"enemies":"Book of Stabbing","floor":23,"turns":3},{"damage":27,"enemies":"Centurion and Healer","floor":25,"turns":9},{"damage":17,"enemies":"Gremlin Leader","floor":27,"turns":3},{"damage":41,"enemies":"3 Cultists","floor":29,"turns":8},{"damage":12,"enemies":"Cultist and Chosen","floor":31,"turns":5},{"damage":68,"enemies":"Champ","floor":33,"turns":12}],"seed_played":"1075623847993892252","potions_obtained":[{"floor":1.0,"key":"EssenceOfSteel"},{"floor":7.0,"key":"SkillPotion"},{"floor":12.0,"key":"SpeedPotion"},{"floor":20.0,"key":"BlessingOfTheForge"},{"floor":29,"key":"AttackPotion"},{"floor":31,"key":"GamblersBrew"}],"is_trial":false,"path_per_floor":["M","M","$","M","?","R","E","?","T","M","R","M","M","M","R","B",null,"M","$","M","$","?","E","R","M","T","E","R","M","R","M","R","B"],"character_chosen":"THE_SILENT","items_purchased":["Bane","DollysMirror","FearPotion","Footwork"],"campfire_rested":4,"item_purchase_floors":[3,19,19,21],"current_hp_per_floor":[68,68,68,68,65,65,52,46,46,45,54,46,29,21,49,38,65,58,58,49,49,49,40,52,25,25,18,52,11,45,33,67,0,0],"gold":191,"neow_bonus":"THREE_CARDS","is_daily":false,"chose_seed":false,"campfire_upgraded":3,"win_rate":0.0,"timestamp":1611994370,"path_taken":["M","M","$","M","?","R","E","?","T","M","R","M","M","?","R","BOSS","M","$","M","$","?","E","R","M","T","E","R","M","R","M","R","BOSS"],"items_purchased_type":["Card","Relic","Potion","Card"],"build_version":"2020-12-22","purchased_purges":2,"victory":false,"max_hp_per_floor":[70,70,70,70,65,65,65,65,65,65,65,65,65,65,65,65,65,65,65,65,65,65,65,65,65,65,75,75,75,75,75,75,75,75],"card_choices":[{"not_picked":["Sucker Punch","PiercingWail"],"picked":"Poisoned Stab","floor":0.0},{"not_picked":["Concentrate","Sucker Punch"],"picked":"Backstab","floor":1.0},{"not_picked":["Blade Dance","Expertise"],"picked":"Poisoned Stab","floor":2.0},{"not_picked":["Skewer","Dagger Throw"],"picked":"Acrobatics","floor":4.0},{"not_picked":["Wraith Form v2","Noxious Fumes"],"picked":"Catalyst","floor":7.0},{"not_picked":["Dodge and Roll","Deadly Poison","Setup"],"picked":"SKIP","floor":10.0},{"not_picked":["Concentrate","Deadly Poison","Acrobatics"],"picked":"SKIP","floor":12.0},{"not_picked":["Dodge and Roll","Cloak And Dagger","Setup"],"picked":"SKIP","floor":13.0},{"not_picked":["Blade Dance","Bouncing Flask","Quick Slash"],"picked":"SKIP","floor":14.0},{"not_picked":["Grand Finale","Malaise"],"picked":"Adrenaline","floor":16.0},{"not_picked":["Setup","Deflect"],"picked":"PiercingWail","floor":18.0},{"not_picked":["Prepared+1","Slice"],"picked":"Backflip","floor":20.0},{"not_picked":["Cloak And Dagger+1","Blade Dance+1"],"picked":"Backflip+1","floor":23},{"not_picked":["Blur+1","Noxious Fumes+1"],"picked":"Terror+1","floor":25},{"not_picked":["Outmaneuver+1","Dodge and Roll+1","Reflex+1"],"picked":"SKIP","floor":27},{"not_picked":["Calculated Gamble+1","Crippling Poison+1"],"picked":"Deflect+1","floor":29},{"not_picked":["Reflex+1","Riddle With Holes","Well Laid Plans"],"picked":"SKIP","floor":31}],"player_experience":241569,"relics_obtained":[{"floor":7.0,"key":"Bag of Preparation"},{"floor":9.0,"key":"Eternal Feather"},{"floor":23,"key":"Toxic Egg 2"},{"floor":23,"key":"Bottled Flame"},{"floor":26,"key":"Bag of Marbles"},{"floor":27,"key":"PreservedInsect"},{"floor":27,"key":"Pear"}],"event_choices":[{"damage_healed":0.0,"max_hp_gain":0.0,"max_hp_loss":5.0,"gold_gain":0.0,"event_name":"Golden Idol","player_choice":"Lose Max HP","floor":5.0,"gold_loss":0.0,"damage_taken":0.0,"relics_obtained":["Golden Idol"]},{"damage_healed":0.0,"max_hp_gain":0.0,"max_hp_loss":0.0,"gold_gain":75.0,"event_name":"FaceTrader","player_choice":"Touch","floor":8.0,"gold_loss":0.0,"damage_taken":6.0},{"cards_removed":["Strike_G"],"damage_healed":0.0,"max_hp_gain":0.0,"max_hp_loss":0.0,"gold_gain":0.0,"event_name":"Back to Basics","player_choice":"Elegance","floor":22.0,"gold_loss":0.0,"damage_taken":0.0}],"is_beta":false,"boss_relics":[{"not_picked":["Fusion Hammer","Sozu"],"picked":"Black Star"}],"items_purged_floors":[3,19],"is_endless":false,"potions_floor_spawned":[1,7,12,14,20,29,31],"killed_by":"Champ","ascension_level":2}}