{"host":"krw8blyxua7at9ak","time":1611989381,"event":{"mods":["BaseMod","Highlight Path","Minty Spire (QoL Compilation)","ojb\u0027s Info Mod"],"gold_per_floor":[117,117,137,154,62,62,93,93,93,93,123,134,134,134],"floor_reached":13,"language":"ENG","playtime":387,"items_purged":[],"score":186,"play_id":"0aaf66de-1747-4982-929a-c0b91630242f","local_time":"20210130074941","is_ascension_mode":true,"campfire_choices":[{"data":"Noxious Fumes","floor":6,"key":"SMITH"},{"data":"Skewer","floor":10,"key":"SMITH"}],"circlet_count":0,"master_deck":["AscendersBane","Strike_G","Strike_G","Strike_G","Strike_G","Defend_G","Defend_G","Defend_G","Defend_G","Defend_G","Survivor","Neutralize","Underhanded Strike","Cloak And Dagger","Noxious Fumes+1","Skewer+1","Calculated Gamble"],"relics":["Ring of the Snake","NeowsBlessing","Unceasing Top","StoneCalendar","Bottled Flame"],"acts_visited":["Exordium"],"potions_floor_usage":[7,11,12],"damage_taken":[{"damage":0,"enemies":"Jaw Worm","floor":1,"turns":1},{"damage":0,"enemies":"Cultist","floor":3,"turns":1},{"damage":0,"enemies":"Small Slimes","floor":4,"turns":1},{"damage":33,"enemies":"Lagavulin","floor":7,"turns":8},{"damage":6,"enemies":"Gremlin Nob","floor":11,"turns":3},{"damage":1,"enemies":"Gremlin Gang","floor":12,"turns":4},{"damage":19,"enemies":"3 Sentries","floor":13,"turns":4}],"seed_played":"8020894774614995285","potions_obtained":[{"floor":7,"key":"AttackPotion"},{"floor":8,"key":"FearPotion"},{"floor":8,"key":"Energy Potion"}],"is_trial":false,"path_per_floor":["M","?","M","M","$","R","E","?","T","R","E","M","E"],"character_chosen":"THE_SILENT","items_purchased":["Noxious Fumes","BlessingOfTheForge"],"campfire_rested":0,"item_purchase_floors":[5,5],"current_hp_per_floor":[59,59,59,59,59,59,26,26,26,26,20,19,0,0],"gold":134,"neow_bonus":"THREE_ENEMY_KILL","is_daily":false,"chose_seed":false,"campfire_upgraded":2,"win_rate":0.0,"timestamp":1611989381,"path_taken":["M","?","M","?","?","R","E","?","T","R","E","?","E"],"items_purchased_type":["Card","Potion"],"build_version":"2020-12-22","purchased_purges":0,"victory":false,"max_hp_per_floor":[66,66,66,66,66,66,66,66,66,66,66,66,66,66],"card_choices":[{"not_picked":["Flying Knee","Quick Slash"],"picked":"Underhanded Strike","floor":1},{"not_picked":["Quick Slash","Caltrops"],"picked":"Cloak And Dagger","floor":3},{"not_picked":["Deflect","Calculated Gamble","PiercingWail"],"picked":"SKIP","floor":4},{"not_picked":["Dodge and Roll","Backflip"],"picked":"Skewer","floor":7},{"not_picked":["Heel Hook","Riddle With Holes","Poisoned Stab"],"picked":"SKIP","floor":11},{"not_picked":["Escape Plan","Quick Slash"],"picked":"Calculated Gamble","floor":12}],"player_experience":371431,"relics_obtained":[{"floor":7,"key":"Unceasing Top"},{"floor":9,"key":"StoneCalendar"},{"floor":11,"key":"Bottled Flame"}],"event_choices":[{"cards_removed":["Strike_G"],"damage_healed":0,"gold_gain":0,"player_choice":"Offered Basic","damage_taken":0,"max_hp_gain":0,"max_hp_loss":0,"event_name":"Bonfire Elementals","floor":2,"gold_loss":0},{"damage_healed":0,"gold_gain":0,"player_choice":"Got Potions","damage_taken":0,"max_hp_gain":0,"max_hp_loss":0,"event_name":"Lab","floor":8,"gold_loss":0}],"is_beta":false,"boss_relics":[],"items_purged_floors":[],"is_endless":false,"potions_floor_spawned":[7],"killed_by":"3 Sentries","ascension_level":20}}