{"host":"5kuyqt569m09uheu","time":1611991660,"event":{"mods":["BaseMod","Downfall","Minty Spire (QoL Compilation)","StSLib"],"gold_per_floor":[99,117,130,141,241,255,255,171,346,346,346,346],"floor_reached":10,"language":"ENG","playtime":483,"items_purged":[],"score":58,"play_id":"2e47de90-c90f-4c23-9f1a-b93308f000bf","local_time":"20210130082740","is_ascension_mode":false,"campfire_choices":[{"data":"bronze:Goto","floor":1,"key":"SMITH"}],"circlet_count":0,"master_deck":["bronze:Strike","bronze:Strike","bronze:Strike","bronze:Strike","bronze:Defend","bronze:Defend","bronze:Defend","bronze:Defend","bronze:Replicate","bronze:Goto+1","bronze:WildBeam","bronze:WhirlingStrike","bronze:ClassDefault","bronze:CutThrough","bronze:Iterate","bronze:DarkDash","Doubt"],"relics":["bronze:BronzeCore"],"acts_visited":["Exordium"],"potions_floor_usage":[],"damage_taken":[{"damage":0,"enemies":"2 Louse","floor":2,"turns":3},{"damage":1,"enemies":"Jaw Worm","floor":3,"turns":3},{"damage":0,"enemies":"Small Slimes","floor":4,"turns":3},{"damage":9,"enemies":"2 Fungi Beasts","floor":6,"turns":3},{"damage":0,"enemies":"downfall:FleeingMerchant","floor":8,"turns":4},{"damage":70,"enemies":"Lagavulin","floor":10,"turns":10}],"seed_played":"8628309613765341668","potions_obtained":[{"floor":6,"key":"Strength Potion"}],"is_trial":false,"path_per_floor":["R","M","M","M","?","M","T","$","?","E"],"character_chosen":"THE_AUTOMATON","items_purchased":["bronze:DarkDash"],"campfire_rested":0,"item_purchase_floors":[8],"current_hp_per_floor":[77,77,76,76,76,67,67,67,67,0,0,0],"gold":346,"neow_bonus":"TEN_PERCENT_HP_BONUS","is_daily":false,"chose_seed":false,"campfire_upgraded":1,"win_rate":0.0,"timestamp":1611991660,"path_taken":["R","M","M","M","?","M","T","$","?","E"],"items_purchased_type":["Card"],"build_version":"2020-12-22","purchased_purges":0,"victory":false,"max_hp_per_floor":[77,77,77,77,77,77,77,77,77,77,77,77],"card_choices":[{"not_picked":["bronze:Overheat","bronze:Repulsor"],"picked":"bronze:WildBeam","floor":2},{"not_picked":["bronze:Return","bronze:BitShift"],"picked":"bronze:WhirlingStrike","floor":3},{"not_picked":["bronze:Turbo","bronze:Iterate"],"picked":"bronze:ClassDefault","floor":4},{"not_picked":["bronze:Repulsor","bronze:DelayedGuard"],"picked":"bronze:CutThrough","floor":6},{"not_picked":["bronze:Frontload","bronze:Branch"],"picked":"bronze:Iterate","floor":8}],"player_experience":3917730,"relics_obtained":[],"event_choices":[],"is_beta":false,"boss_relics":[],"items_purged_floors":[],"is_endless":false,"potions_floor_spawned":[6],"killed_by":"Lagavulin","ascension_level":0}}