{"host":"56d873i5r3uhle0q","time":1611971149,"event":{"mods":["100% Spire Juice","Act Like it!","Aspiration","BaseMod","Block Reminder","Conspire","Dota2Spire","Downfall","Gensokyo","Hermit","Hubris","Infinite Spire","Jedi Mod","Lobotomy","LobotomyExtend","Marisa????????","Marked Mod","Minty Spire (QoL Compilation)","Reliquary","Replay The Spire","StSLib","The Animator","The Bug Knight","The Cursed","The Marked","The Servant 0.9.4","everything is the same but u backflip on backflip","??????REMEMod"],"gold_per_floor":[117,117,2,2,18,18,18,18,18,18,18,28,39,39,39,143,143,154,0,0,0,17,17,17,17,17,17,42,42,60,60,73,175,175,278,278,295,313,313,330,330,330,340,340,340],"floor_reached":44,"language":"ENG","playtime":1120,"items_purged":[],"score":394,"play_id":"41fc1ff0-d554-4526-8381-8cbf9e4283df","local_time":"20210129184549","is_ascension_mode":false,"campfire_choices":[{"data":"Strike_R","floor":6.0,"key":"PURGE"},{"data":"jedi:MakeshiftSword","floor":8.0,"key":"SMITH"},{"data":"Defend_R","floor":11.0,"key":"PURGE"},{"floor":15.0,"key":"REST"},{"data":"Strike_R","floor":23.0,"key":"PURGE"},{"data":"Strike_R","floor":27.0,"key":"PURGE"},{"floor":34.0,"key":"REST"}],"circlet_count":0,"master_deck":["Strike_R+1","Strike_R","Defend_R","Defend_R+1","Defend_R+1","Bash+1","HollowMod:SlysStrikes+1","jedi:MakeshiftSword+1","Wild Strike+1","True Grit+1","Reckless Charge+1","Burning Pact","Wild Strike+1","Limit Break","Spot Weakness","Wild Strike+1"],"relics":["Black Blood","REME_ComplimentaryCards","Peace Pipe","LetterFromLob","InkBottle","Moonlight_r","REME_ChargedStone","Nunchaku","reliquary:Buckler"],"acts_visited":["Gensokyo:Gensokyo","Gensokyo:Gensokyoer","Gensokyo:Gensokyoest"],"potions_floor_usage":[],"damage_taken":[{"damage":6.0,"enemies":"Gensokyo:Gryphon","floor":1.0,"turns":4.0},{"damage":4.0,"enemies":"Gensokyo:3_Fairies","floor":5.0,"turns":4.0},{"damage":0.0,"enemies":"Gensokyo:2_Kodama","floor":12.0,"turns":2.0},{"damage":0.0,"enemies":"Gensokyo:LivingMonolith","floor":13.0,"turns":3.0},{"damage":20.0,"enemies":"Gensokyo:Reimu","floor":16.0,"turns":7.0},{"damage":5.0,"enemies":"Gensokyo:AngelMirror","floor":18.0,"turns":4.0},{"damage":1.0,"enemies":"Gensokyo:CosmicMonolith","floor":22.0,"turns":3.0},{"damage":8.0,"enemies":"Gensokyo:Mirror_and_Dog","floor":30.0,"turns":4.0},{"damage":38.0,"enemies":"Gensokyo:Wraith","floor":32.0,"turns":5.0},{"damage":45.0,"enemies":"Gensokyo:Eiki","floor":35.0,"turns":7.0},{"damage":8.0,"enemies":"Gensokyo:3_Bats","floor":37.0,"turns":4.0},{"damage":22.0,"enemies":"Gensokyo:3_Boulders","floor":38.0,"turns":6.0},{"damage":15.0,"enemies":"Gensokyo:Rafflesia","floor":40.0,"turns":5.0},{"damage":52,"enemies":"Gensokyo:AtlasGolem","floor":43,"turns":5},{"damage":22,"enemies":"Gensokyo:SeedOfUnknown","floor":44,"turns":3}],"seed_played":"7052214852726047020","potions_obtained":[{"floor":16.0,"key":"Milkshake"},{"floor":18.0,"key":"Fire Potion"},{"floor":22.0,"key":"Weak Potion"},{"floor":38.0,"key":"Regen Potion"}],"is_trial":false,"path_per_floor":["M","?","$","?","M","R","?","R","T","COS","R","M","M","M","R","B",null,"M","?","AVR","?","M","R","PTL","PTL","$","R","T","?","M","T","M","?","R","B",null,"M","M","?","M","?","$","M","M"],"character_chosen":"IRONCLAD","items_purchased":["jedi:MakeshiftSword","Wild Strike+1"],"campfire_rested":2,"item_purchase_floors":[3,3],"current_hp_per_floor":[72,72,72,72,72,72,72,72,72,72,72,72,72,31,52,38,72,72,72,72,72,72,72,72,72,72,72,72,72,70,70,38,38,59,20,72,72,62,62,59,59,59,19,0,0],"gold":340,"neow_bonus":"ONE_RARE_RELIC","is_daily":false,"chose_seed":false,"campfire_upgraded":1,"win_rate":0.0,"timestamp":1611971149,"path_taken":["M","?","$","?","M","R","?","R","T","COS","R","M","?","M","R","BOSS","M","?","AVR","?","?","R","PTL","PTL","$","R","T","?","M","?","M","?","R","BOSS","M","M","?","M","?","?","M","M"],"items_purchased_type":["Card","Card"],"build_version":"2020-12-22","purchased_purges":0,"victory":false,"max_hp_per_floor":[72,72,72,72,72,72,72,72,72,72,72,72,72,72,72,72,72,72,72,72,72,72,72,72,72,72,72,72,72,72,72,72,72,72,72,72,72,72,72,72,72,72,72,72,72],"card_choices":[{"not_picked":["Clothesline","ReplayTheSpireMod:Stacked","Twin Strike"],"picked":"SKIP","floor":1.0},{"not_picked":["Thunderclap","Cleave","Metallicize"],"picked":"SKIP","floor":5.0},{"not_picked":["Warcry","ReplayTheSpireMod:Strike From Hell"],"picked":"True Grit","floor":12.0},{"not_picked":["jedi:fear","Clothesline","Pommel Strike"],"picked":"SKIP","floor":13.0},{"not_picked":["Pommel Strike","Perfected Strike","Shrug It Off"],"picked":"SKIP","floor":18.0},{"not_picked":["Searing Blow","Flex"],"picked":"Reckless Charge+1","floor":22.0},{"not_picked":["jedi:fear","Anger","conspire:HitWhereItHurts"],"picked":"SKIP","floor":30.0},{"not_picked":["Armaments","Twin Strike","Replay:Undeath\u0027s Touch+1"],"picked":"SKIP","floor":32.0},{"not_picked":["Body Slam","Fiend Fire"],"picked":"Burning Pact","floor":33.0},{"not_picked":["Rupture+1","Warcry"],"picked":"Wild Strike","floor":33.0},{"not_picked":["Hemogenesis","Offering"],"picked":"Limit Break","floor":35.0},{"not_picked":["Rage+1","Blood for Blood","Clothesline"],"picked":"SKIP","floor":37.0},{"not_picked":["Thunderclap+1","Replay:Undeath\u0027s Touch+1"],"picked":"Spot Weakness","floor":38.0},{"not_picked":["Twin Strike","Anger"],"picked":"Wild Strike+1","floor":40.0},{"not_picked":["Twin Strike+1","Headbutt+1","ReplayTheSpireMod:Stacked"],"picked":"SKIP","floor":43}],"player_experience":688185,"relics_obtained":[{"floor":1.0,"key":"LetterFromLob"},{"floor":9.0,"key":"InkBottle"},{"floor":28.0,"key":"Nunchaku"},{"floor":33.0,"key":"reliquary:Buckler"}],"event_choices":[],"is_beta":false,"boss_relics":[{"not_picked":["SlaversCollar","SacredBark"],"picked":"REME_ChargedStone"},{"not_picked":["Philosopher\u0027s Stone","jedi:paperlyon"],"picked":"Black Blood"}],"items_purged_floors":[],"is_endless":false,"potions_floor_spawned":[16,18,22,38,40],"killed_by":"Gensokyo:SeedOfUnknown","ascension_level":0}}