{"host":"zwezhz46a5cjkxff","time":1611998156,"event":{"mods":["AchievementEnabler","BaseMod","Colored Map","Colored Powertips","DeckTracker","Hermit","Minty Spire (QoL Compilation)","Permanent Neow","Quick Restart","Rare Cards Sparkle","Relic Stats","Robot Space Explorer","StSLib","SuperFastMode","The Hierophant","The Servant 0.9.4","Weighted Paths","slay the spire mod where everything is the same but ironclad has a cowboy hat"],"gold_per_floor":[112,128,144,159,10,10,42,42,42,42,57,57,73,98,98,201,201,216,216,243,257,274,299,299,325,350,350,375,375,388,404,404,404,404],"floor_reached":33,"language":"ENG","playtime":1184,"items_purged":[],"score":333,"play_id":"d0060b88-7f6d-4b21-bb31-3be83280ea46","local_time":"20210130031556","is_ascension_mode":true,"campfire_choices":[{"floor":6,"key":"RECALL"},{"data":"Uppercut","floor":8,"key":"SMITH"},{"data":"Armaments","floor":10,"key":"SMITH"},{"data":"Entrench","floor":15,"key":"SMITH"},{"floor":24,"key":"REST"},{"data":"Flame Barrier","floor":27,"key":"SMITH"},{"floor":29,"key":"REST"},{"data":"Inflame","floor":32,"key":"SMITH"}],"circlet_count":0,"master_deck":["Strike_R","Strike_R","Strike_R","Strike_R","Strike_R","Defend_R","Defend_R","Defend_R","Defend_R","Bash","Shockwave","Uppercut+1","Armaments+1","Offering","Intimidate","Entrench+1","Shrug It Off","Iron Wave","Flame Barrier","CurseOfTheBell","Flame Barrier+1","Shrug It Off+1","Reaper","Inflame+1"],"relics":["Burning Blood","Prayer Wheel","Orichalcum","Juzu Bracelet","Tiny Chest","Mercury Hourglass","Calling Bell","Bronze Scales","Pear","Bird Faced Urn","Red Mask","Nunchaku","Smiling Mask","Oddly Smooth Stone","Centennial Puzzle"],"acts_visited":["Exordium","TheCity"],"potions_floor_usage":[14,14,16,16,22,23,25,28],"damage_taken":[{"damage":11,"enemies":"Jaw Worm","floor":1,"turns":2},{"damage":8,"enemies":"Small Slimes","floor":2,"turns":4},{"damage":1,"enemies":"Cultist","floor":3,"turns":3},{"damage":15,"enemies":"Blue Slaver","floor":4,"turns":3},{"damage":27,"enemies":"3 Sentries","floor":7,"turns":9},{"damage":3,"enemies":"2 Fungi Beasts","floor":11,"turns":3},{"damage":1,"enemies":"3 Louse","floor":13,"turns":3},{"damage":14,"enemies":"Lagavulin","floor":14,"turns":3},{"damage":29,"enemies":"Hexaghost","floor":16,"turns":12},{"damage":15,"enemies":"Spheric Guardian","floor":18,"turns":6},{"damage":34,"enemies":"Masked Bandits","floor":20,"turns":6},{"damage":9,"enemies":"Shell Parasite","floor":21,"turns":7},{"damage":23,"enemies":"Chosen and Byrds","floor":22,"turns":7},{"damage":12,"enemies":"Book of Stabbing","floor":23,"turns":7},{"damage":19,"enemies":"Gremlin Leader","floor":25,"turns":8},{"damage":9,"enemies":"Book of Stabbing","floor":28,"turns":5},{"damage":14,"enemies":"Sentry and Sphere","floor":30,"turns":7},{"damage":9,"enemies":"Snake Plant","floor":31,"turns":4},{"damage":61,"enemies":"Automaton","floor":33,"turns":10}],"seed_played":"4560938760180464992","potions_obtained":[{"floor":1,"key":"ElixirPotion"},{"floor":2,"key":"ColorlessPotion"},{"floor":13,"key":"AttackPotion"},{"floor":14,"key":"DistilledChaos"},{"floor":20,"key":"DistilledChaos"},{"floor":22,"key":"Dexterity Potion"},{"floor":23,"key":"ColorlessPotion"},{"floor":25,"key":"Energy Potion"}],"is_trial":false,"path_per_floor":["M","M","M","M","$","R","E","R","T","R","M","?","M","E","R","B",null,"M","?","?","M","M","E","R","E","T","R","E","R","M","M","R","B"],"character_chosen":"IRONCLAD","items_purchased":["Orichalcum"],"campfire_rested":2,"item_purchase_floors":[5],"current_hp_per_floor":[67,65,70,61,61,61,40,40,40,40,43,43,48,40,40,17,82,73,82,54,51,34,28,52,41,41,41,38,62,54,55,55,0,0],"gold":404,"neow_bonus":"ONE_RARE_RELIC","is_daily":false,"chose_seed":false,"campfire_upgraded":5,"win_rate":0.0,"timestamp":1611998156,"path_taken":["M","M","M","M","$","R","E","R","T","R","M","?","M","E","R","BOSS","M","?","?","M","M","E","R","E","T","R","E","R","M","M","R","BOSS"],"items_purchased_type":["Relic"],"build_version":"2020-12-22","purchased_purges":0,"victory":false,"max_hp_per_floor":[72,72,72,72,72,72,72,72,72,72,72,72,72,72,72,72,82,82,82,82,82,82,82,82,82,82,82,82,82,82,82,82,82,82],"relic_stats":{"counters":[19,108],"Juzu Bracelet":1,"Orichalcum":[66],"Smiling Mask":0,"Burning Blood":108,"Mercury Hourglass":[235],"Nunchaku":[5],"Centennial Puzzle":[9],"Bronze Scales":[229],"Bird Faced Urn":[4],"Prayer Wheel":11,"Tiny Chest":0,"obtain_stats":[{"Pear":17,"Oddly Smooth Stone":26,"Juzu Bracelet":7,"Orichalcum":5,"Smiling Mask":25,"Burning Blood":0,"Mercury Hourglass":14,"Calling Bell":17,"Nunchaku":23,"Centennial Puzzle":28,"Bronze Scales":17,"Bird Faced Urn":17,"Prayer Wheel":0,"Tiny Chest":9,"Red Mask":20},{"Pear":9,"Oddly Smooth Stone":15,"Juzu Bracelet":5,"Orichalcum":4,"Smiling Mask":15,"Burning Blood":0,"Mercury Hourglass":8,"Calling Bell":9,"Nunchaku":14,"Centennial Puzzle":16,"Bronze Scales":9,"Bird Faced Urn":9,"Prayer Wheel":0,"Tiny Chest":5,"Red Mask":11},{"Pear":41,"Oddly Smooth Stone":82,"Juzu Bracelet":21,"Orichalcum":12,"Smiling Mask":82,"Burning Blood":0,"Mercury Hourglass":30,"Calling Bell":41,"Nunchaku":74,"Centennial Puzzle":87,"Bronze Scales":41,"Bird Faced Urn":41,"Prayer Wheel":0,"Tiny Chest":21,"Red Mask":53}]},"card_choices":[{"not_picked":["Iron Wave","Cleave"],"picked":"Shockwave","floor":1},{"not_picked":["Thunderclap","Perfected Strike","Havoc"],"picked":"SKIP","floor":1},{"not_picked":["Reckless Charge","Clash"],"picked":"Uppercut","floor":2},{"not_picked":["Shrug It Off","Flex"],"picked":"Armaments","floor":2},{"not_picked":["Body Slam","Headbutt"],"picked":"Offering","floor":3},{"not_picked":["Fire Breathing","Searing Blow"],"picked":"Intimidate","floor":3},{"not_picked":["Blood for Blood","Pommel Strike"],"picked":"Entrench","floor":4},{"not_picked":["Wild Strike","Twin Strike","Flex"],"picked":"SKIP","floor":4},{"not_picked":["Bloodletting","Heavy Blade","Berserk"],"picked":"SKIP","floor":7},{"not_picked":["Iron Wave","Entrench"],"picked":"Shrug It Off","floor":11},{"not_picked":["Body Slam","Perfected Strike","Intimidate"],"picked":"SKIP","floor":11},{"not_picked":["Bloodletting","Rage"],"picked":"Iron Wave","floor":13},{"not_picked":["Second Wind","Anger","Cleave"],"picked":"SKIP","floor":13},{"not_picked":["Clothesline","Searing Blow"],"picked":"Flame Barrier","floor":14},{"not_picked":["Intimidate","Perfected Strike"],"picked":"Flame Barrier","floor":18},{"not_picked":["Flex+1","Headbutt","Wild Strike"],"picked":"SKIP","floor":18},{"not_picked":["Shrug It Off","Iron Wave","Sword Boomerang"],"picked":"SKIP","floor":21},{"not_picked":["Cleave","Double Tap","Heavy Blade"],"picked":"SKIP","floor":21},{"not_picked":["Flex","Fire Breathing","Warcry"],"picked":"SKIP","floor":22},{"not_picked":["Pummel","Flex","Thunderclap"],"picked":"SKIP","floor":22},{"not_picked":["Headbutt","Warcry+1","Havoc"],"picked":"SKIP","floor":23},{"not_picked":["Warcry","True Grit","Rupture"],"picked":"SKIP","floor":25},{"not_picked":["Flex","Iron Wave"],"picked":"Shrug It Off+1","floor":28},{"not_picked":["Battle Trance+1","Havoc"],"picked":"Reaper","floor":30},{"not_picked":["Warcry","Anger","Flame Barrier+1"],"picked":"SKIP","floor":30},{"not_picked":["Iron Wave","Headbutt"],"picked":"Inflame","floor":31},{"not_picked":["Whirlwind","Flex+1","Uppercut+1"],"picked":"SKIP","floor":31}],"player_experience":47398,"relics_obtained":[{"floor":7,"key":"Juzu Bracelet"},{"floor":9,"key":"Tiny Chest"},{"floor":14,"key":"Mercury Hourglass"},{"floor":17,"key":"Bronze Scales"},{"floor":17,"key":"Pear"},{"floor":17,"key":"Bird Faced Urn"},{"floor":20,"key":"Red Mask"},{"floor":23,"key":"Nunchaku"},{"floor":25,"key":"Smiling Mask"},{"floor":26,"key":"Oddly Smooth Stone"},{"floor":28,"key":"Centennial Puzzle"}],"event_choices":[{"damage_healed":0,"gold_gain":0,"player_choice":"Ignored","damage_taken":0,"max_hp_gain":0,"max_hp_loss":0,"event_name":"Liars Game","floor":12,"gold_loss":0},{"damage_healed":9,"gold_gain":0,"player_choice":"Full Heal","damage_taken":0,"max_hp_gain":0,"max_hp_loss":0,"event_name":"Wheel of Change","floor":19,"gold_loss":0},{"damage_healed":0,"gold_gain":0,"player_choice":"Fought Bandits","damage_taken":0,"max_hp_gain":0,"max_hp_loss":0,"event_name":"Masked Bandits","floor":20,"gold_loss":0}],"is_beta":false,"boss_relics":[{"not_picked":["Runic Cube","Astrolabe"],"picked":"Calling Bell"}],"items_purged_floors":[],"is_endless":false,"potions_floor_spawned":[1,2,13,14,20,22,23,25],"killed_by":"Automaton","ascension_level":1}}