{"host":"jpcy2bclvs7juczu","time":1611985661,"event":{"mods":["Alarm Clock","BaseMod","Bestiary","Block Reminder","Colored Map","Colored Powertips","Curses Come First","Dark Map","Filter the Spire","Minty Spire (QoL Compilation)","Quick Restart","RNG Fix","Random Character Button","Relic Stats","Slay the Relics Exporter","Smile Girya","StSLib","everything is the same but u backflip on backflip","ojb\u0027s Better Paths Mod","ojb\u0027s Info Mod","slay the spire mod where everything is the same but ironclad has a cowboy hat"],"gold_per_floor":[14,32,32,50,61,61,91,91,91,118,136,162,174,32,32,109,109,120,132,46,46,46,46,71,71,71,81,6,36,36,51,51,125,125,139,64,64,6,31,63,63,63,63,63,63],"floor_reached":44,"language":"ENG","playtime":1304,"items_purged":["Strike_R"],"score":1080,"play_id":"64c5fca5-be02-4c0e-8107-39df60155ecd","local_time":"20210130004741","is_ascension_mode":true,"campfire_choices":[{"data":"Carnage","floor":6.0,"key":"SMITH"},{"data":"Bludgeon","floor":8.0,"key":"SMITH"},{"data":"Whirlwind","floor":13.0,"key":"SMITH"},{"data":"Armaments","floor":15.0,"key":"SMITH"},{"data":"Shockwave","floor":23.0,"key":"SMITH"},{"floor":25.0,"key":"REST"},{"data":"Limit Break","floor":30.0,"key":"SMITH"},{"data":"Disarm","floor":32.0,"key":"SMITH"},{"floor":42.0,"key":"REST"}],"circlet_count":0,"master_deck":["AscendersBane","Strike_R","Strike_R","Strike_R","Defend_R","Defend_R","Defend_R","Defend_R","Bash","Whirlwind+1","Power Through","Bludgeon+1","Feel No Pain","Carnage+1","Armaments+1","Disarm+1","Shockwave+1","Impervious","Ghostly Armor","Intimidate+1","Feel No Pain","Infernal Blade","Limit Break+1","Burning Pact","Corruption","True Grit+1","Feel No Pain","Shrug It Off","Ghostly Armor","Discovery"],"relics":["Burning Blood","Lizard Tail","Omamori","Kunai","Turnip","MawBank","Mark of Pain","Magic Flower","Du-Vu Doll","Pen Nib","SlaversCollar","Calipers","White Beast Statue","Singing Bowl"],"acts_visited":["Exordium","TheCity","TheBeyond"],"potions_floor_usage":[44],"damage_taken":[{"damage":6.0,"enemies":"Cultist","floor":1.0,"turns":3.0},{"damage":0.0,"enemies":"2 Louse","floor":2.0,"turns":1.0},{"damage":7.0,"enemies":"Jaw Worm","floor":4.0,"turns":2.0},{"damage":1.0,"enemies":"Red Slaver","floor":5.0,"turns":5.0},{"damage":35.0,"enemies":"3 Sentries","floor":7.0,"turns":8.0},{"damage":0.0,"enemies":"Gremlin Nob","floor":10.0,"turns":3.0},{"damage":0.0,"enemies":"Exordium Wildlife","floor":11.0,"turns":2.0},{"damage":10.0,"enemies":"Lagavulin","floor":12.0,"turns":5.0},{"damage":23.0,"enemies":"The Guardian","floor":16.0,"turns":9.0},{"damage":19.0,"enemies":"Shell Parasite","floor":18.0,"turns":4.0},{"damage":15.0,"enemies":"3 Byrds","floor":19.0,"turns":7.0},{"damage":26.0,"enemies":"Book of Stabbing","floor":24.0,"turns":6.0},{"damage":14.0,"enemies":"3 Cultists","floor":27.0,"turns":5.0},{"damage":12.0,"enemies":"Slavers","floor":29.0,"turns":7.0},{"damage":6.0,"enemies":"Centurion and Healer","floor":31.0,"turns":3.0},{"damage":98.0,"enemies":"Champ","floor":33.0,"turns":11.0},{"damage":11.0,"enemies":"3 Shapes","floor":35.0,"turns":3.0},{"damage":0.0,"enemies":"Mind Bloom Boss Battle","floor":39.0,"turns":8.0},{"damage":63.0,"enemies":"Giant Head","floor":40.0,"turns":9.0},{"damage":56,"enemies":"Reptomancer","floor":44,"turns":3}],"seed_played":"-3876350472716745868","potions_obtained":[{"floor":1.0,"key":"Swift Potion"},{"floor":2.0,"key":"LiquidMemories"},{"floor":12.0,"key":"BlessingOfTheForge"},{"floor":18.0,"key":"Block Potion"},{"floor":29.0,"key":"SkillPotion"},{"floor":31.0,"key":"AttackPotion"},{"floor":33.0,"key":"LiquidBronze"},{"floor":35.0,"key":"Ancient Potion"}],"is_trial":false,"path_per_floor":["M","M","?","M","M","R","E","R","T","E","M","E","R","$","R","B",null,"M","M","$","?","?","R","E","R","T","M","?","E","R","M","R","B",null,"M","$","?","$","?","E","?","R","T","E"],"character_chosen":"IRONCLAD","items_purchased":["Shockwave","Feel No Pain","Feel No Pain","Shrug It Off"],"campfire_rested":2,"item_purchase_floors":[14,20,36,38],"current_hp_per_floor":[68,74,74,73,75,75,46,46,46,52,58,54,54,54,54,37,66,53,44,44,44,44,44,27,49,49,44,44,41,41,44,44,12,59,57,57,57,57,66,12,12,34,34,0,0],"gold":63,"neow_bonus":"ONE_RARE_RELIC","is_daily":false,"chose_seed":false,"campfire_upgraded":7,"win_rate":0.0,"timestamp":1611985661,"path_taken":["M","M","?","M","M","R","E","R","T","E","M","E","R","$","R","BOSS","M","M","$","?","?","R","E","R","T","?","?","E","R","M","R","BOSS","M","$","?","$","?","E","?","R","T","E"],"items_purchased_type":["Card","Card","Card","Card"],"build_version":"2020-12-22","purchased_purges":1,"victory":false,"max_hp_per_floor":[75,75,75,75,75,75,75,75,75,75,75,75,75,75,75,75,75,75,75,75,75,75,75,75,75,75,75,75,75,75,75,75,75,75,75,75,75,75,75,75,75,75,75,75,75],"relic_stats":{"Lizard Tail":56,"Singing Bowl":0,"counters":[20,104],"Magic Flower":[43],"Turnip":[11],"Pen Nib":[4],"Kunai":[4],"MawBank":24,"obtain_stats":[{"Calipers":39,"Singing Bowl":43,"Magic Flower":21,"Pen Nib":29,"Omamori":7,"MawBank":12,"Burning Blood":0,"White Beast Statue":40,"Du-Vu Doll":24,"SlaversCollar":34,"Lizard Tail":0,"Turnip":10,"Mark of Pain":17,"Kunai":9},{"Calipers":18,"Singing Bowl":19,"Magic Flower":11,"Pen Nib":14,"Omamori":5,"MawBank":8,"Burning Blood":0,"White Beast Statue":19,"Du-Vu Doll":12,"SlaversCollar":16,"Lizard Tail":0,"Turnip":6,"Mark of Pain":9,"Kunai":5},{"Calipers":92,"Singing Bowl":101,"Magic Flower":49,"Pen Nib":67,"Omamori":19,"MawBank":29,"Burning Blood":0,"White Beast Statue":101,"Du-Vu Doll":55,"SlaversCollar":81,"Lizard Tail":0,"Turnip":22,"Mark of Pain":38,"Kunai":19}],"Burning Blood":135},"card_choices":[{"not_picked":["Clash","Body Slam"],"picked":"Whirlwind","floor":1.0},{"not_picked":["Bloodletting","Anger"],"picked":"Power Through","floor":2.0},{"not_picked":["Uppercut","Intimidate"],"picked":"Carnage","floor":4.0},{"not_picked":["Clash","Body Slam","Perfected Strike"],"picked":"SKIP","floor":5.0},{"not_picked":["Clash","Flex"],"picked":"Armaments","floor":7.0},{"not_picked":["Dark Embrace","Battle Trance"],"picked":"Disarm","floor":10.0},{"not_picked":["Body Slam","Clash","Thunderclap"],"picked":"SKIP","floor":11.0},{"not_picked":["Flex","Body Slam","Inflame"],"picked":"SKIP","floor":12.0},{"not_picked":["Fiend Fire","Berserk"],"picked":"Impervious","floor":16.0},{"not_picked":["Reckless Charge+1","Cleave+1"],"picked":"Ghostly Armor","floor":18.0},{"not_picked":["True Grit","Pommel Strike"],"picked":"Intimidate+1","floor":19.0},{"not_picked":["Flex","Offering","Pummel"],"picked":"SKIP","floor":24.0},{"not_picked":["Hemokinesis+1","Cleave"],"picked":"Infernal Blade","floor":27.0},{"not_picked":["Havoc","Impervious"],"picked":"Limit Break","floor":29.0},{"not_picked":["Whirlwind","Warcry"],"picked":"Burning Pact","floor":31.0},{"not_picked":["Fiend Fire","Double Tap"],"picked":"Corruption","floor":33.0},{"not_picked":["Clash","Second Wind"],"picked":"True Grit+1","floor":35.0},{"not_picked":["Havoc","Spot Weakness"],"picked":"Ghostly Armor","floor":40.0},{"not_picked":["Forethought","Dramatic Entrance"],"picked":"Discovery","floor":41.0}],"player_experience":1514293,"relics_obtained":[{"floor":7.0,"key":"Omamori"},{"floor":9.0,"key":"Kunai"},{"floor":10.0,"key":"Turnip"},{"floor":12.0,"key":"MawBank"},{"floor":24.0,"key":"Du-Vu Doll"},{"floor":29.0,"key":"Pen Nib"},{"floor":39.0,"key":"Calipers"},{"floor":40.0,"key":"White Beast Statue"},{"floor":43.0,"key":"Singing Bowl"}],"event_choices":[{"damage_healed":0.0,"max_hp_gain":0.0,"max_hp_loss":0.0,"gold_gain":0.0,"event_name":"Match and Keep!","player_choice":"2 cards matched","floor":3.0,"gold_loss":0.0,"damage_taken":0.0,"cards_obtained":["Bludgeon","Feel No Pain"]},{"damage_healed":0.0,"max_hp_gain":0.0,"max_hp_loss":0.0,"gold_gain":0.0,"event_name":"The Mausoleum","player_choice":"Opened","floor":21.0,"gold_loss":0.0,"damage_taken":0.0,"relics_obtained":["Magic Flower"],"cards_obtained":["Writhe"]},{"damage_healed":0.0,"max_hp_gain":0.0,"max_hp_loss":0.0,"gold_gain":0.0,"event_name":"Forgotten Altar","player_choice":"Smashed Altar","floor":22.0,"gold_loss":0.0,"damage_taken":0.0,"cards_obtained":["Decay"]},{"cards_removed":["Strike_R"],"damage_healed":0.0,"max_hp_gain":0.0,"max_hp_loss":0.0,"gold_gain":0.0,"event_name":"Beggar","player_choice":"Gave Gold","floor":28.0,"gold_loss":75.0,"damage_taken":0.0},{"damage_healed":0.0,"max_hp_gain":0.0,"max_hp_loss":0.0,"gold_gain":0.0,"event_name":"SecretPortal","player_choice":"Ignored","floor":37.0,"gold_loss":0.0,"damage_taken":0.0},{"damage_healed":0.0,"max_hp_gain":0.0,"max_hp_loss":0.0,"gold_gain":0.0,"event_name":"MindBloom","player_choice":"Fight","floor":39.0,"gold_loss":0.0,"damage_taken":0.0},{"damage_healed":0.0,"max_hp_gain":0.0,"max_hp_loss":0.0,"gold_gain":0.0,"event_name":"SensoryStone","player_choice":"Memory 1","floor":41.0,"gold_loss":0.0,"damage_taken":0.0}],"is_beta":false,"boss_relics":[{"not_picked":["Busted Crown","Pandora\u0027s Box"],"picked":"Mark of Pain"},{"not_picked":["Tiny House","Runic Dome"],"picked":"SlaversCollar"}],"items_purged_floors":[14],"is_endless":false,"potions_floor_spawned":[1,2,7,11,12,18,29,31,33,35,40],"killed_by":"Reptomancer","ascension_level":20}}