{"host":"2j5d0uw0vihq8b8w","time":1611970500,"event":{"mods":["2.2 Compatiblity","AchievementEnabler","BaseMod","BetterRewards","Colored Map","Colored Powertips","Custom Start","DeckTracker","Minty Spire (QoL Compilation)","Permanent Neow","Quick Restart","Rare Cards Sparkle","StSLib","SuperFastMode"],"gold_per_floor":[116,216,141,141,157,185,15,15,42,74,86,105,118,149,149,245,245,257,257,257,271,287,287,304,304,304,379,397,422,145,161,161,256,256,276,276,295,295,311,311,49,61,61,87,87,107,140,157,157,157],"floor_reached":51,"language":"KOR","playtime":2835,"items_purged":["Strike_R","Strike_R"],"score":1219,"play_id":"de1fdcf9-4920-4b11-88e9-e81ef4269736","local_time":"20210130103500","is_ascension_mode":true,"campfire_choices":[{"data":"Limit Break","floor":8.0,"key":"SMITH"},{"data":"Body Slam","floor":15.0,"key":"SMITH"},{"data":"Offering","floor":23.0,"key":"SMITH"},{"floor":25.0,"key":"REST"},{"data":"Entrench","floor":32.0,"key":"SMITH"},{"data":"Offering","floor":40.0,"key":"SMITH"},{"data":"Impervious","floor":49,"key":"SMITH"}],"circlet_count":0,"master_deck":["Strike_R","Strike_R","Defend_R","Defend_R","Defend_R","Bash","Body Slam+1","Flame Barrier","Spot Weakness","Limit Break+1","Immolate","Evolve","Deep Breath","Sword Boomerang","Shrug It Off","Pummel","Reaper","Offering+1","Twin Strike","Power Through","Bloodletting","Feed","Armaments+1","Entrench+1","Impervious+1","Offering+1","Entrench+1","Brutality"],"relics":["Burning Blood","Calipers","Darkstone Periapt","Red Skull","Potion Belt","Bronze Scales","Cursed Key","Bird Faced Urn","Shuriken","Sozu","InkBottle","Bag of Marbles","Nunchaku"],"acts_visited":["Exordium","TheCity","TheBeyond"],"potions_floor_usage":[50],"damage_taken":[{"damage":1.0,"enemies":"Cultist","floor":1.0,"turns":4.0},{"damage":8.0,"enemies":"2 Louse","floor":5.0,"turns":3.0},{"damage":28.0,"enemies":"Lagavulin","floor":6.0,"turns":7.0},{"damage":18.0,"enemies":"Gremlin Nob","floor":10.0,"turns":3.0},{"damage":7.0,"enemies":"Small Slimes","floor":11.0,"turns":3.0},{"damage":13.0,"enemies":"Blue Slaver","floor":12.0,"turns":2.0},{"damage":8.0,"enemies":"Gremlin Gang","floor":13.0,"turns":3.0},{"damage":17.0,"enemies":"3 Sentries","floor":14.0,"turns":4.0},{"damage":3.0,"enemies":"Hexaghost","floor":16.0,"turns":7.0},{"damage":8.0,"enemies":"Chosen","floor":18.0,"turns":4.0},{"damage":0.0,"enemies":"3 Byrds","floor":21.0,"turns":1.0},{"damage":31.0,"enemies":"Shelled Parasite and Fungi","floor":22.0,"turns":5.0},{"damage":40.0,"enemies":"Snecko","floor":24.0,"turns":6.0},{"damage":8.0,"enemies":"Centurion and Healer","floor":28.0,"turns":4.0},{"damage":14.0,"enemies":"Book of Stabbing","floor":29.0,"turns":3.0},{"damage":12.0,"enemies":"3 Cultists","floor":31.0,"turns":4.0},{"damage":9.0,"enemies":"Champ","floor":33.0,"turns":7.0},{"damage":12.0,"enemies":"Orb Walker","floor":35.0,"turns":3.0},{"damage":25.0,"enemies":"3 Darklings","floor":37.0,"turns":5.0},{"damage":14.0,"enemies":"Sphere and 2 Shapes","floor":39.0,"turns":5.0},{"damage":6.0,"enemies":"Writhing Mass","floor":42.0,"turns":3.0},{"damage":23.0,"enemies":"Reptomancer","floor":44.0,"turns":5.0},{"damage":6.0,"enemies":"Spire Growth","floor":46.0,"turns":2.0},{"damage":15,"enemies":"Giant Head","floor":47,"turns":8},{"damage":19,"enemies":"Maw","floor":48,"turns":7},{"damage":58,"enemies":"Awakened One","floor":50,"turns":6}],"seed_played":"-2185740415709032166","potions_obtained":[{"floor":1.0,"key":"Fire Potion"},{"floor":11.0,"key":"ElixirPotion"},{"floor":12.0,"key":"Fire Potion"},{"floor":13.0,"key":"ElixirPotion"},{"floor":24.0,"key":"CultistPotion"},{"floor":31.0,"key":"EssenceOfSteel"},{"floor":33.0,"key":"ColorlessPotion"}],"is_trial":false,"path_per_floor":["M","?","$","?","M","E","$","R","T","E","M","M","M","E","R","B",null,"M","?","?","M","M","R","M","R","T","?","M","E","$","M","R","B",null,"M","?","M","?","M","R","$","M","T","E","?","M","E","M","R","B",null],"character_chosen":"IRONCLAD","items_purchased":["Body Slam","Flame Barrier","Limit Break","Evolve","Deep Breath","Impervious","Metallicize","InkBottle"],"campfire_rested":1,"item_purchase_floors":[0,0,3,7,7,30,30,41],"current_hp_per_floor":[67,67,67,67,65,43,43,43,43,31,30,23,21,10,10,35,80,78,78,78,80,55,55,21,45,45,37,57,58,58,62,62,63,80,81,81,68,68,62,62,62,73,73,71,71,71,74,86,86,41],"gold":157,"neow_bonus":"","is_daily":false,"chose_seed":false,"campfire_upgraded":6,"win_rate":0.0,"timestamp":1611970500,"path_taken":["M","?","?","?","?","E","$","R","T","E","M","M","?","E","R","BOSS","M","?","?","?","?","R","M","R","T","?","M","E","$","?","R","BOSS","M","?","?","?","M","R","$","M","T","E","?","M","E","M","R","BOSS"],"items_purchased_type":["Card","Card","Card","Card","Card","Card","Card","Relic"],"build_version":"2020-12-22","purchased_purges":2,"victory":true,"max_hp_per_floor":[80,80,80,80,80,80,80,80,80,80,80,80,80,80,80,80,80,80,80,80,80,80,80,80,80,80,80,80,80,80,80,80,80,80,83,83,83,83,83,83,83,83,83,86,86,86,86,86,86,89],"card_choices":[{"not_picked":["Heavy Blade","Pummel"],"picked":"Spot Weakness","floor":1.0},{"not_picked":["Carnage","Dark Embrace","Havoc"],"picked":"SKIP","floor":5.0},{"not_picked":["Armaments","Hemokinesis"],"picked":"Immolate","floor":6.0},{"not_picked":["Shockwave","Iron Wave"],"picked":"Sword Boomerang","floor":10.0},{"not_picked":["Flame Barrier","Clothesline","Intimidate"],"picked":"SKIP","floor":11.0},{"not_picked":["Rage","Cleave"],"picked":"Shrug It Off","floor":12.0},{"not_picked":["Shrug It Off","Anger"],"picked":"Pummel","floor":13.0},{"not_picked":["Sever Soul","Headbutt"],"picked":"Reaper","floor":14.0},{"not_picked":["Bludgeon","Exhume"],"picked":"Offering","floor":16.0},{"not_picked":["Flex","Flame Barrier"],"picked":"Twin Strike","floor":18.0},{"not_picked":["Twin Strike","Pommel Strike"],"picked":"Bloodletting","floor":21.0},{"not_picked":["Flex+1","Warcry"],"picked":"Feed","floor":22.0},{"not_picked":["Clash","Rage"],"picked":"Armaments+1","floor":24.0},{"not_picked":["True Grit","Iron Wave+1","Ghostly Armor"],"picked":"SKIP","floor":28.0},{"not_picked":["Intimidate+1","Pommel Strike+1"],"picked":"Entrench","floor":29.0},{"not_picked":["Twin Strike","Rupture","Flame Barrier"],"picked":"SKIP","floor":31.0},{"not_picked":["Juggernaut","Berserk"],"picked":"Offering","floor":33.0},{"not_picked":["Clash","Havoc","Bloodletting+1"],"picked":"SKIP","floor":35.0},{"not_picked":["Warcry","Searing Blow+1","Clothesline+1"],"picked":"SKIP","floor":37.0},{"not_picked":["Evolve","Uppercut","Rampage"],"picked":"SKIP","floor":39.0},{"not_picked":["Sever Soul","Twin Strike","Hemokinesis+1"],"picked":"SKIP","floor":42.0},{"not_picked":["Flame Barrier+1","Warcry","Inflame"],"picked":"SKIP","floor":44.0},{"not_picked":["Cleave+1","Battle Trance","Twin Strike+1"],"picked":"SKIP","floor":46.0},{"not_picked":["Inflame","Pummel"],"picked":"Brutality","floor":47},{"not_picked":["Anger","Twin Strike","Hemokinesis+1"],"picked":"SKIP","floor":48}],"player_experience":646107,"relics_obtained":[{"floor":6.0,"key":"Darkstone Periapt"},{"floor":9.0,"key":"Red Skull"},{"floor":10.0,"key":"Potion Belt"},{"floor":14.0,"key":"Bronze Scales"},{"floor":29.0,"key":"Shuriken"},{"floor":44.0,"key":"Bag of Marbles"},{"floor":47,"key":"Nunchaku"}],"event_choices":[{"damage_healed":0.0,"max_hp_gain":0.0,"max_hp_loss":0.0,"gold_gain":100.0,"event_name":"Golden Shrine","player_choice":"Pray","floor":2.0,"gold_loss":0.0,"damage_taken":0.0},{"cards_removed":["Defend_R"],"damage_healed":0.0,"max_hp_gain":0.0,"max_hp_loss":0.0,"gold_gain":0.0,"event_name":"Purifier","player_choice":"Purged","floor":4.0,"gold_loss":0.0,"damage_taken":0.0},{"damage_healed":0.0,"max_hp_gain":0.0,"max_hp_loss":0.0,"gold_gain":0.0,"event_name":"The Library","player_choice":"Read","floor":19.0,"gold_loss":0.0,"damage_taken":0.0,"cards_obtained":["Power Through"]},{"damage_healed":0.0,"max_hp_gain":0.0,"max_hp_loss":0.0,"gold_gain":0.0,"event_name":"WeMeetAgain","player_choice":"Gave Potion","floor":20.0,"gold_loss":0.0,"damage_taken":0.0,"relics_obtained":["Bird Faced Urn"]},{"damage_healed":0.0,"max_hp_gain":0.0,"max_hp_loss":0.0,"gold_gain":75.0,"event_name":"FaceTrader","player_choice":"Touch","floor":27.0,"gold_loss":0.0,"damage_taken":8.0},{"damage_healed":0.0,"max_hp_gain":0.0,"max_hp_loss":0.0,"gold_gain":0.0,"event_name":"Duplicator","player_choice":"Copied","floor":36.0,"gold_loss":0.0,"damage_taken":0.0,"cards_obtained":["Entrench"]},{"cards_removed":["Metallicize"],"damage_healed":0.0,"max_hp_gain":0.0,"max_hp_loss":0.0,"gold_gain":0.0,"event_name":"Falling","player_choice":"Removed Power","floor":38.0,"gold_loss":0.0,"damage_taken":0.0},{"cards_removed":["Strike_R"],"damage_healed":0.0,"max_hp_gain":0.0,"max_hp_loss":0.0,"gold_gain":0.0,"event_name":"Purifier","player_choice":"Purged","floor":45.0,"gold_loss":0.0,"damage_taken":0.0}],"is_beta":false,"boss_relics":[{"not_picked":["Ectoplasm","Velvet Choker"],"picked":"Cursed Key"},{"not_picked":["Philosopher\u0027s Stone","Calling Bell"],"picked":"Sozu"}],"items_purged_floors":[0,30],"is_endless":false,"potions_floor_spawned":[1,11,12,13,24,31,33,39,42,44,47,48],"ascension_level":4}}