{"host":"nw4g04f085wnqcgt","time":1611974329,"event":{"mods":["AchievementEnabler","BaseMod","Colored Map","Colored Powertips","DeckTracker","Minty Spire (QoL Compilation)","Relic Sorter","SuperFastMode"],"gold_per_floor":[114,114,74,89,89,89,119,134,184,67,82,82,32,47,47,147,147,162,162,162,177,127,127,152,152,202,202,232,247,247,197,197,197,197],"floor_reached":33,"language":"ENG","playtime":1126,"items_purged":["Regret","Flame Barrier","Flame Barrier","Flame Barrier"],"score":286,"play_id":"d4af3450-8171-409a-902c-c9e8dc3fe819","local_time":"20210129213849","daily_mods":["Specialized","Colorless Cards","Terminal"],"is_ascension_mode":false,"campfire_choices":[{"data":"Searing Blow","floor":6,"key":"SMITH"},{"data":"Searing Blow+1","floor":12,"key":"SMITH"},{"data":"Searing Blow+2","floor":15,"key":"SMITH"},{"data":"Searing Blow+3","floor":23,"key":"SMITH"},{"data":"Searing Blow+4","floor":25,"key":"SMITH"},{"data":"Searing Blow+5","floor":27,"key":"SMITH"},{"data":"Searing Blow+6","floor":32,"key":"SMITH"}],"circlet_count":0,"master_deck":["Defend_R","Defend_R","Defend_R","Defend_R","Bash","Flame Barrier","Pommel Strike","Searing Blow+7","Headbutt","Dramatic Entrance","Evolve","Inflame","Double Tap","Inflame","Bite","Bite","Bite","Bite","Bite","Shrug It Off","Shrug It Off+1"],"relics":["Burning Blood","Potion Belt","Smiling Mask","Juzu Bracelet","Runic Dome","PreservedInsect","Bag of Preparation","HornCleat"],"acts_visited":["Exordium","TheCity"],"potions_floor_usage":[7,21,28,28,33,33,33],"damage_taken":[{"damage":0,"enemies":"Cultist","floor":1,"turns":5},{"damage":2,"enemies":"Jaw Worm","floor":4,"turns":4},{"damage":10,"enemies":"3 Sentries","floor":7,"turns":10},{"damage":2,"enemies":"Small Slimes","floor":8,"turns":4},{"damage":0,"enemies":"Exordium Wildlife","floor":11,"turns":4},{"damage":0,"enemies":"Blue Slaver","floor":14,"turns":4},{"damage":47,"enemies":"Hexaghost","floor":16,"turns":11},{"damage":0,"enemies":"3 Byrds","floor":18,"turns":4},{"damage":3,"enemies":"Shell Parasite","floor":21,"turns":4},{"damage":3,"enemies":"Book of Stabbing","floor":28,"turns":4},{"damage":0,"enemies":"Cultist and Chosen","floor":29,"turns":3},{"damage":33,"enemies":"Champ","floor":33,"turns":7}],"seed_played":"-828330817948855686","potions_obtained":[{"floor":3,"key":"CultistPotion"},{"floor":3,"key":"Block Potion"},{"floor":3,"key":"SmokeBomb"},{"floor":7,"key":"Energy Potion"},{"floor":11,"key":"Block Potion"},{"floor":14,"key":"SteroidPotion"},{"floor":28,"key":"Energy Potion"},{"floor":29,"key":"Dexterity Potion"}],"is_trial":false,"path_per_floor":["M","?","?","M","?","R","E","M","T","$","M","R","$","M","R","B",null,"M","?","?","M","$","R","T","R","T","R","E","M","?","$","R","B"],"character_chosen":"IRONCLAD","items_purchased":["Evolve"],"campfire_rested":0,"item_purchase_floors":[10],"current_hp_per_floor":[78,77,76,75,74,73,69,71,70,69,68,67,66,65,64,23,62,61,41,32,39,38,37,36,35,34,33,32,31,30,29,28,0,0],"gold":197,"neow_bonus":"","is_daily":true,"chose_seed":false,"campfire_upgraded":7,"win_rate":0.0,"timestamp":1611974329,"path_taken":["M","?","?","?","?","R","E","?","T","?","M","R","$","M","R","BOSS","M","?","?","M","?","R","?","R","T","R","E","M","?","$","R","BOSS"],"items_purchased_type":["Card"],"build_version":"2020-12-22","purchased_purges":4,"victory":false,"max_hp_per_floor":[78,77,76,75,74,73,72,71,70,69,68,67,66,65,64,63,62,61,41,40,39,38,37,36,35,34,33,32,31,30,29,28,28,28],"card_choices":[{"not_picked":["Uppercut","Flex"],"picked":"Pommel Strike","floor":1},{"not_picked":["Clothesline","Pummel"],"picked":"Searing Blow","floor":4},{"not_picked":["Flame Barrier","Thinking Ahead"],"picked":"Headbutt","floor":7},{"not_picked":["Bloodletting","Wild Strike"],"picked":"Dramatic Entrance","floor":8},{"not_picked":["Armaments","Wild Strike","Intimidate"],"picked":"SKIP","floor":11},{"not_picked":["Enlightenment","Pummel"],"picked":"Inflame","floor":14},{"not_picked":["Secret Technique","Metamorphosis"],"picked":"Double Tap","floor":16},{"not_picked":["Warcry","Clothesline"],"picked":"Inflame","floor":18},{"not_picked":["Clash","Searing Blow+1","Clothesline"],"picked":"SKIP","floor":21},{"not_picked":["Flex+1","Thunderclap"],"picked":"Shrug It Off","floor":28},{"not_picked":["Power Through","Sentinel+1"],"picked":"Shrug It Off+1","floor":29}],"player_experience":358054,"relics_obtained":[{"floor":7,"key":"Smiling Mask"},{"floor":9,"key":"Juzu Bracelet"},{"floor":24,"key":"PreservedInsect"},{"floor":26,"key":"Bag of Preparation"},{"floor":28,"key":"HornCleat"}],"event_choices":[{"damage_healed":0,"gold_gain":0,"player_choice":"Box","damage_taken":0,"relics_obtained":["Potion Belt"],"max_hp_gain":0,"max_hp_loss":0,"event_name":"Big Fish","floor":2,"gold_loss":0,"cards_obtained":["Regret"]},{"damage_healed":0,"gold_gain":0,"player_choice":"Bought 3 Potions","damage_taken":0,"max_hp_gain":0,"max_hp_loss":0,"event_name":"The Woman in Blue","floor":3,"gold_loss":0},{"cards_removed":["Flame Barrier"],"damage_healed":0,"gold_gain":0,"player_choice":"Purged","damage_taken":0,"max_hp_gain":0,"max_hp_loss":0,"event_name":"Purifier","floor":5,"gold_loss":0},{"damage_healed":0,"gold_gain":0,"player_choice":"Became a vampire","damage_taken":0,"max_hp_gain":0,"max_hp_loss":19,"event_name":"Vampires","floor":19,"gold_loss":0,"cards_obtained":["Bite","Bite","Bite","Bite","Bite"]},{"damage_healed":0,"gold_gain":0,"player_choice":"Stopped","damage_taken":9,"max_hp_gain":0,"max_hp_loss":0,"event_name":"Cursed Tome","floor":20,"gold_loss":0},{"damage_healed":0,"gold_gain":0,"player_choice":"Ignored","damage_taken":0,"max_hp_gain":0,"max_hp_loss":0,"event_name":"The Mausoleum","floor":30,"gold_loss":0}],"is_beta":false,"boss_relics":[{"not_picked":["Calling Bell","Coffee Dripper"],"picked":"Runic Dome"}],"items_purged_floors":[10,13,22,31],"is_endless":false,"potions_floor_spawned":[7,11,14,28,29],"killed_by":"Champ","ascension_level":0}}