{"host":"39erygfi9n0tobyn","time":1611979213,"event":{"mods":["2.2 Compatiblity","BaseMod","Bestiary","Colored Map","Colored Powertips","Curses Come First","Highlight Path","Keyboard Shortcuts","Minty Spire (QoL Compilation)","Relic Stats","StSLib","SuperFastMode"],"gold_per_floor":[115,133,133,133,151,178,178,178,227,240,240,240,240,250,250,345,345,357,272,272,286,298,298,329,43,43,61,61,25,25,25,25,25,25],"floor_reached":33,"language":"ENG","playtime":933,"items_purged":[],"score":262,"play_id":"64a56c1f-89fc-4690-a83e-fdff2603a4a7","local_time":"20210130010013","is_ascension_mode":false,"campfire_choices":[{"floor":11,"key":"REST"},{"floor":15,"key":"REST"},{"floor":23,"key":"REST"},{"floor":28,"key":"REST"},{"floor":32,"key":"REST"}],"circlet_count":0,"master_deck":["Strike_B+1","Strike_B+1","Strike_B+1","Defend_B+1","Defend_B+1","Defend_B+1","Defend_B+1","Zap","Dualcast","Beam Cell+1","Rebound","Mind Blast","Ball Lightning","Stack","Steam","Loop","Blizzard","Doom and Gloom","Biased Cognition","Auto Shields","Undo","Redo+1","Recycle+1","Apotheosis","Dramatic Entrance","Go for the Eyes","Sweeping Beam+1","Auto Shields","Pain"],"relics":["FrozenCore","NeowsBlessing","Centennial Puzzle","Spirit Poop","Juzu Bracelet","Blue Candle","Strawberry","Bottled Flame","Eternal Feather","WarpedTongs"],"acts_visited":["Exordium","TheCity"],"potions_floor_usage":[16,16,22],"damage_taken":[{"damage":0,"enemies":"2 Louse","floor":1,"turns":1},{"damage":0,"enemies":"Cultist","floor":2,"turns":1},{"damage":0,"enemies":"Jaw Worm","floor":5,"turns":1},{"damage":30,"enemies":"Gremlin Nob","floor":6,"turns":4},{"damage":12,"enemies":"3 Louse","floor":10,"turns":3},{"damage":23,"enemies":"Exordium Thugs","floor":14,"turns":4},{"damage":46,"enemies":"Hexaghost","floor":16,"turns":11},{"damage":4,"enemies":"Spheric Guardian","floor":18,"turns":5},{"damage":6,"enemies":"Shell Parasite","floor":21,"turns":5},{"damage":20,"enemies":"3 Cultists","floor":22,"turns":6},{"damage":34,"enemies":"Slavers","floor":24,"turns":8},{"damage":31,"enemies":"Cultist and Chosen","floor":27,"turns":8},{"damage":114,"enemies":"Champ","floor":33,"turns":14}],"seed_played":"4516019378940069893","potions_obtained":[{"floor":6,"key":"EssenceOfSteel"},{"floor":14,"key":"LiquidMemories"},{"floor":16,"key":"Explosive Potion"},{"floor":22,"key":"FairyPotion"}],"is_trial":false,"path_per_floor":["M","M","?","?","M","E","?","?","T","M","R","?","T","M","R","B",null,"M","?","?","M","M","R","E","$","T","M","R","$","?","?","R","B"],"character_chosen":"DEFECT","items_purchased":["Apotheosis","Dramatic Entrance","Go for the Eyes","Auto Shields"],"campfire_rested":5,"item_purchase_floors":[25,25,25,29],"current_hp_per_floor":[75,75,60,60,60,30,48,48,48,36,57,57,57,34,55,9,72,68,75,75,69,49,72,38,38,38,7,45,45,30,30,70,4,4],"gold":25,"neow_bonus":"THREE_ENEMY_KILL","is_daily":false,"chose_seed":false,"campfire_upgraded":0,"win_rate":0.0,"timestamp":1611979213,"path_taken":["M","M","?","?","?","E","?","?","T","M","R","?","?","M","R","BOSS","M","?","?","M","M","R","E","$","T","M","R","?","?","?","R","BOSS"],"items_purchased_type":["Card","Card","Card","Card"],"build_version":"2020-12-22","purchased_purges":0,"victory":false,"max_hp_per_floor":[75,75,75,75,75,75,75,72,72,72,72,72,72,72,72,72,72,72,79,79,79,79,79,79,79,79,79,79,79,84,84,84,84,84],"relic_stats":{"Centennial Puzzle":[27],"counters":[13,71],"Blue Candle":[0],"Eternal Feather":30,"Juzu Bracelet":1,"obtain_stats":[{"Centennial Puzzle":6,"Bottled Flame":24,"NeowsBlessing":0,"Blue Candle":13,"Strawberry":19,"Spirit Poop":8,"Eternal Feather":26,"Juzu Bracelet":9,"Cracked Core":0,"FrozenCore":17,"WarpedTongs":31},{"Centennial Puzzle":4,"Bottled Flame":11,"NeowsBlessing":0,"Blue Candle":5,"Strawberry":8,"Spirit Poop":4,"Eternal Feather":11,"Juzu Bracelet":4,"Cracked Core":0,"FrozenCore":7,"WarpedTongs":12},{"Centennial Puzzle":7,"Bottled Flame":49,"NeowsBlessing":0,"Blue Candle":10,"Strawberry":30,"Spirit Poop":7,"Eternal Feather":49,"Juzu Bracelet":7,"Cracked Core":0,"FrozenCore":25,"WarpedTongs":57}],"FrozenCore":[18],"WarpedTongs":[4]},"card_choices":[{"not_picked":["Turbo","Barrage"],"picked":"Beam Cell","floor":1},{"not_picked":["Beam Cell","Barrage"],"picked":"Rebound","floor":2},{"not_picked":["Ball Lightning","Redo"],"picked":"Stack","floor":5},{"not_picked":["Creative AI","Hologram"],"picked":"Steam","floor":6},{"not_picked":["Tempest","Turbo"],"picked":"Loop","floor":10},{"not_picked":["Compile Driver","Rebound"],"picked":"Doom and Gloom","floor":14},{"not_picked":["Meteor Strike","All For One"],"picked":"Biased Cognition","floor":16},{"not_picked":["Rebound","Gash"],"picked":"Auto Shields","floor":18},{"not_picked":["Streamline","Steam"],"picked":"Undo","floor":21},{"not_picked":["Electrodynamics","Streamline"],"picked":"Redo+1","floor":22},{"not_picked":["Ball Lightning","Heatsinks"],"picked":"Recycle+1","floor":24},{"not_picked":["Barrage","Steam+1"],"picked":"Sweeping Beam+1","floor":27}],"player_experience":63098,"relics_obtained":[{"floor":6,"key":"Centennial Puzzle"},{"floor":9,"key":"Juzu Bracelet"},{"floor":13,"key":"Blue Candle"},{"floor":24,"key":"Bottled Flame"},{"floor":26,"key":"Eternal Feather"}],"event_choices":[{"damage_healed":0,"gold_gain":0,"player_choice":"Entered Light","damage_taken":15,"max_hp_gain":0,"max_hp_loss":0,"event_name":"Shining Light","floor":3,"gold_loss":0,"cards_upgraded":["Beam Cell","Defend_B"]},{"damage_healed":0,"gold_gain":0,"player_choice":"2 cards matched","damage_taken":0,"max_hp_gain":0,"max_hp_loss":0,"event_name":"Match and Keep!","floor":4,"gold_loss":0,"cards_obtained":["Mind Blast","Ball Lightning"]},{"damage_healed":18,"gold_gain":0,"player_choice":"Healed and dodged fight","damage_taken":0,"max_hp_gain":0,"max_hp_loss":0,"event_name":"Mushrooms","floor":7,"gold_loss":0,"cards_obtained":["Parasite"]},{"cards_removed":["Parasite"],"damage_healed":0,"gold_gain":0,"player_choice":"Offered Curse","damage_taken":0,"relics_obtained":["Spirit Poop"],"max_hp_gain":0,"max_hp_loss":0,"event_name":"Bonfire Elementals","floor":8,"gold_loss":0},{"damage_healed":0,"gold_gain":0,"cards_transformed":["Strike_B"],"player_choice":"Change","damage_taken":0,"max_hp_gain":0,"max_hp_loss":0,"event_name":"Living Wall","floor":12,"gold_loss":0,"cards_obtained":["Blizzard"]},{"damage_healed":0,"gold_gain":0,"player_choice":"Obtained Relic","damage_taken":0,"relics_obtained":["Strawberry"],"max_hp_gain":0,"max_hp_loss":0,"event_name":"Addict","floor":19,"gold_loss":85},{"damage_healed":0,"gold_gain":0,"player_choice":"Simplicity","damage_taken":0,"max_hp_gain":0,"max_hp_loss":0,"event_name":"Back to Basics","floor":20,"gold_loss":0,"cards_upgraded":["Strike_B","Strike_B","Strike_B","Defend_B","Defend_B","Defend_B"]},{"damage_healed":0,"gold_gain":0,"player_choice":"Shed Blood","damage_taken":20,"max_hp_gain":5,"max_hp_loss":0,"event_name":"Forgotten Altar","floor":30,"gold_loss":0},{"damage_healed":0,"gold_gain":0,"player_choice":"Rummage","damage_taken":0,"relics_obtained":["WarpedTongs"],"max_hp_gain":0,"max_hp_loss":0,"event_name":"Accursed Blacksmith","floor":31,"gold_loss":0,"cards_obtained":["Pain"]}],"is_beta":false,"boss_relics":[{"not_picked":["Runic Pyramid","Sozu"],"picked":"FrozenCore"}],"items_purged_floors":[],"is_endless":false,"potions_floor_spawned":[6,14,16,22],"killed_by":"Champ","ascension_level":0}}