{"host":"6xsbn6ynqlzwllfm","time":1611978143,"event":{"mods":["2.2 Compatiblity","BaseMod","Bestiary","Colored Map","Colored Powertips","Curses Come First","Highlight Path","Keyboard Shortcuts","Minty Spire (QoL Compilation)","Relic Stats","Slay the Relics Exporter","StSLib","SuperFastMode"],"gold_per_floor":[14,31,31,51,25,25,25,25],"floor_reached":7,"language":"ENG","playtime":174,"items_purged":[],"score":72,"play_id":"227702e6-c17a-4e24-bb94-f6aa847ccd3d","local_time":"20210129224223","is_ascension_mode":true,"campfire_choices":[{"data":"MentalFortress","floor":6,"key":"SMITH"}],"circlet_count":0,"master_deck":["AscendersBane","Strike_P","Strike_P","Strike_P","Strike_P","Defend_P","Defend_P","Defend_P","Defend_P","Eruption","Vigilance","Judgement","FearNoEvil","MentalFortress+1","Protect"],"relics":["PureWater","Happy Flower"],"acts_visited":["Exordium"],"potions_floor_usage":[7],"damage_taken":[{"damage":0,"enemies":"Cultist","floor":1,"turns":2},{"damage":0,"enemies":"Small Slimes","floor":2,"turns":2},{"damage":7,"enemies":"Jaw Worm","floor":4,"turns":3},{"damage":64,"enemies":"Gremlin Nob","floor":7,"turns":6}],"seed_played":"5027649119330068052","potions_obtained":[{"floor":4,"key":"Weak Potion"}],"is_trial":false,"path_per_floor":["M","M","?","M","$","R","E"],"character_chosen":"WATCHER","items_purchased":["Protect"],"campfire_rested":0,"item_purchase_floors":[5],"current_hp_per_floor":[61,61,61,54,54,54,0,0],"gold":25,"neow_bonus":"THREE_RARE_CARDS","is_daily":false,"chose_seed":false,"campfire_upgraded":1,"win_rate":0.0,"timestamp":1611978143,"path_taken":["M","M","?","M","?","R","E"],"items_purchased_type":["Card"],"build_version":"2020-12-22","purchased_purges":0,"victory":false,"max_hp_per_floor":[68,68,68,68,68,68,68,68],"relic_stats":{"Happy Flower":[3],"counters":[4,13],"obtain_stats":[{"Happy Flower":3,"PureWater":0},{"Happy Flower":2,"PureWater":0},{"Happy Flower":4,"PureWater":0}]},"card_choices":[{"not_picked":["Brilliance","Establishment"],"picked":"Judgement","floor":0},{"not_picked":["Consecrate","Evaluate"],"picked":"FearNoEvil","floor":1},{"not_picked":["CutThroughFate","SignatureMove"],"picked":"CarveReality","floor":2},{"not_picked":["Prostrate","Evaluate"],"picked":"MentalFortress","floor":4}],"player_experience":1248370,"relics_obtained":[],"event_choices":[{"cards_removed":["CarveReality"],"damage_healed":0,"gold_gain":0,"player_choice":"Gave Card","damage_taken":0,"relics_obtained":["Happy Flower"],"max_hp_gain":0,"max_hp_loss":0,"event_name":"WeMeetAgain","floor":3,"gold_loss":0}],"is_beta":false,"boss_relics":[],"items_purged_floors":[],"is_endless":false,"potions_floor_spawned":[4],"killed_by":"Gremlin Nob","ascension_level":15}}