{"host":"oeddu058k4r8wzo0","time":1611997639,"event":{"mods":["BaseMod","Colored Map","Colored Powertips","Highlight Path","Minty Spire (QoL Compilation)","Quick Restart","StSLib","Wandering Minibosses"],"gold_per_floor":[153,153,189,210,267,348,387,492,492,588,615,0,0,33,33,270,270,312,310,25,73,73,154,214,214,214],"floor_reached":25,"language":"ENG","playtime":2558,"items_purged":["Sweeping Beam"],"score":690,"play_id":"6031162e-1bd1-47f5-ae05-239d642bc347","local_time":"20210130010719","daily_mods":["Draft","Blue Cards","Midas"],"is_ascension_mode":true,"campfire_choices":[{"floor":13.0,"key":"REST"},{"floor":15.0,"key":"REST"}],"circlet_count":0,"master_deck":["AscendersBane","Evolve","Blizzard","Turbo","Reprogram","Steam","Flame Barrier","Metallicize","Stack","Cold Snap","Defragment","Coolheaded","Gash","Skim","Hologram","Power Through","Whirlwind","Sunder","Sword Boomerang","Seek","Dramatic Entrance","FTL","Melter","Impervious","Demon Form","Inflame+1"],"relics":["Strawberry","Singing Bowl","Dream Catcher","Mercury Hourglass","Peace Pipe","Bronze Scales","Medical Kit","Busted Crown","Self Forming Clay"],"acts_visited":["Exordium","TheCity"],"potions_floor_usage":[23,23,25],"damage_taken":[{"damage":0.0,"enemies":"Jaw Worm","floor":1.0,"turns":6.0},{"damage":3.0,"enemies":"Cultist","floor":3.0,"turns":6.0},{"damage":1.0,"enemies":"Small Slimes","floor":4.0,"turns":6.0},{"damage":7.0,"enemies":"2 Fungi Beasts","floor":5.0,"turns":4.0},{"damage":14.0,"enemies":"Lagavulin","floor":6.0,"turns":9.0},{"damage":7.0,"enemies":"Large Slime","floor":7.0,"turns":5.0},{"damage":10.0,"enemies":"3 Sentries","floor":8.0,"turns":6.0},{"damage":0.0,"enemies":"Lagavulin","floor":10.0,"turns":7.0},{"damage":1.0,"enemies":"Blue Slaver","floor":14.0,"turns":3.0},{"damage":0.0,"enemies":"Slime Boss","floor":16.0,"turns":7.0},{"damage":2.0,"enemies":"Spheric Guardian","floor":18.0,"turns":3.0},{"damage":17.0,"enemies":"Shell Parasite","floor":19.0,"turns":6.0},{"damage":0.0,"enemies":"Cultist and Chosen","floor":21.0,"turns":6.0},{"damage":9,"enemies":"Gremlin Leader","floor":23,"turns":6},{"damage":35,"enemies":"Snake Plant","floor":24,"turns":3},{"damage":11,"enemies":"Centurion and Healer","floor":25,"turns":1}],"seed_played":"-6435687636185830859","potions_obtained":[{"floor":4.0,"key":"PowerPotion"},{"floor":6.0,"key":"EntropicBrew"},{"floor":8.0,"key":"PowerPotion"},{"floor":10.0,"key":"Swift Potion"},{"floor":14.0,"key":"EssenceOfSteel"},{"floor":21.0,"key":"AttackPotion"},{"floor":23,"key":"Strength Potion"}],"is_trial":true,"path_per_floor":["M","?","M","M","M","E","M","E","T","E","T","$","R","M","R","B",null,"M","M","$","M","?","E","M","M"],"character_chosen":"IRONCLAD","items_purchased":["Medical Kit","Magic Flower","Dramatic Entrance","Demon Form","SkillPotion"],"campfire_rested":2,"item_purchase_floors":[12,12,12,20,20],"current_hp_per_floor":[74,63,66,65,58,46,39,31,31,31,31,31,58,57,83,83,87,87,72,72,74,46,37,4,0,0],"gold":214,"neow_bonus":"","is_daily":false,"chose_seed":false,"campfire_upgraded":0,"win_rate":0.0,"timestamp":1611997639,"path_taken":["M","?","M","M","M","E","M","E","T","E","?","$","R","M","R","BOSS","M","M","$","M","?","E","M","M"],"items_purchased_type":["Relic","Relic","Card","Card","Potion"],"build_version":"2020-12-22","purchased_purges":1,"victory":false,"max_hp_per_floor":[75,82,82,82,82,84,84,86,86,86,86,86,88,88,88,88,88,90,92,92,94,99,99,101,101,101],"card_choices":[{"not_picked":["Redo","Shockwave"],"picked":"Sweeping Beam","floor":0.0},{"not_picked":["Wild Strike","Warcry"],"picked":"Evolve","floor":0.0},{"not_picked":["Hologram","Iron Wave"],"picked":"Blizzard","floor":0.0},{"not_picked":["Tempest","Sever Soul"],"picked":"Turbo","floor":0.0},{"not_picked":["Perfected Strike","Rupture"],"picked":"Reprogram","floor":0.0},{"not_picked":["Flex","Stack"],"picked":"Steam","floor":0.0},{"not_picked":["Perfected Strike","White Noise"],"picked":"Flame Barrier","floor":0.0},{"not_picked":["Reinforced Body","Iron Wave"],"picked":"Metallicize","floor":0.0},{"not_picked":["Clash","Searing Blow"],"picked":"Stack","floor":0.0},{"not_picked":["Perfected Strike","Sword Boomerang"],"picked":"Cold Snap","floor":0.0},{"not_picked":["Clash","Thunderclap"],"picked":"Defragment","floor":0.0},{"not_picked":["Sweeping Beam","Hemokinesis"],"picked":"Coolheaded","floor":0.0},{"not_picked":["White Noise","Tempest"],"picked":"Gash","floor":0.0},{"not_picked":["Sever Soul","Clothesline"],"picked":"Skim","floor":0.0},{"not_picked":["Havoc","Rebound"],"picked":"Hologram","floor":0.0},{"not_picked":["Headbutt","Barrage"],"picked":"Power Through","floor":1.0},{"not_picked":["Twin Strike","True Grit","Hologram"],"picked":"SKIP","floor":3.0},{"not_picked":["Thunderclap","Flex"],"picked":"Whirlwind","floor":4.0},{"not_picked":["Sweeping Beam","Headbutt"],"picked":"Sunder","floor":5.0},{"not_picked":["Heavy Blade","Offering","Beam Cell"],"picked":"Singing Bowl","floor":6.0},{"not_picked":["Sweeping Beam","Iron Wave"],"picked":"Sword Boomerang","floor":7.0},{"not_picked":["Inflame","Turbo","Twin Strike"],"picked":"Singing Bowl","floor":8.0},{"not_picked":["Shrug It Off","Storm"],"picked":"Seek","floor":10.0},{"not_picked":["Coolheaded","Barrage","Reprogram"],"picked":"Singing Bowl","floor":13.0},{"not_picked":["Feel No Pain","Headbutt"],"picked":"FTL","floor":14.0},{"not_picked":["Fusion","Turbo"],"picked":"Melter","floor":15.0},{"not_picked":["Feed","Thunder Strike"],"picked":"Impervious","floor":16.0},{"not_picked":["Whirlwind"],"picked":"Singing Bowl","floor":18.0},{"not_picked":["Thunderclap"],"picked":"Singing Bowl","floor":19.0},{"not_picked":["Iron Wave"],"picked":"Singing Bowl","floor":21.0},{"not_picked":[],"picked":"Inflame+1","floor":23},{"not_picked":["Go for the Eyes"],"picked":"Singing Bowl","floor":24}],"player_experience":1352761,"relics_obtained":[{"floor":6.0,"key":"Singing Bowl"},{"floor":8.0,"key":"Dream Catcher"},{"floor":9.0,"key":"Mercury Hourglass"},{"floor":10.0,"key":"Peace Pipe"},{"floor":11.0,"key":"Bronze Scales"},{"floor":23,"key":"Self Forming Clay"}],"event_choices":[{"damage_healed":0.0,"max_hp_gain":0.0,"max_hp_loss":0.0,"gold_gain":0.0,"event_name":"Scrap Ooze","player_choice":"Success","floor":2.0,"gold_loss":0.0,"damage_taken":18.0,"relics_obtained":["Strawberry"]},{"damage_healed":0.0,"max_hp_gain":5.0,"max_hp_loss":0.0,"gold_gain":0.0,"event_name":"Forgotten Altar","player_choice":"Shed Blood","floor":22.0,"gold_loss":0.0,"damage_taken":33.0}],"is_beta":false,"boss_relics":[{"not_picked":["Astrolabe","Runic Dome"],"picked":"Busted Crown"}],"items_purged_floors":[20],"is_endless":false,"potions_floor_spawned":[4,6,7,8,10,14,21,23],"killed_by":"Centurion and Healer","ascension_level":20}}