{"host":"684z1xpuwaoqmmh1","time":1611989128,"event":{"mods":["BaseMod","Downfall","Hermit","Jorbs\u0027s Wanderer Trilogy","Marisa????????","Minty Spire (QoL Compilation)","Robot Space Explorer","Shade Mod","StSLib","The Bug Knight","The Cursed","The Dragon Tamer","The Hayseed","The Hierophant","The Marked","The Mystic","The Runesmith","The Senshi"],"gold_per_floor":[112,112,132,150,169,204,222,222,222,222,265,290,290,290,290,415,415,429,449,474,497,497,497],"floor_reached":22,"language":"ENG","playtime":1328,"items_purged":[],"score":267,"play_id":"4a954a1b-e62d-4cc9-9411-59f934f76610","local_time":"20210130084528","is_ascension_mode":true,"campfire_choices":[{"floor":8,"key":"REST"},{"data":"theMarked:Challenge","floor":13,"key":"SMITH"},{"data":"theMarked:StartUp","floor":15,"key":"SMITH"}],"circlet_count":0,"master_deck":["theMarked:Strike","theMarked:Strike","theMarked:Strike","theMarked:Strike+1","theMarked:Strike","theMarked:Defend","theMarked:Defend","theMarked:Defend","theMarked:Defend","theMarked:SoldierOfQuellstein","theMarked:BanishingStrike","theMarked:StartUp+1","theMarked:Challenge+1","theMarked:ComboAttacks","theMarked:Parkour+1","theMarked:TurnInvisible","theMarked:RogueSparks","theMarked:BindingBlade","theMarked:TheMission","theMarked:TakeCover","theMarked:Overthink+1"],"relics":["theMarked:ArtifactOfAir","Golden Idol","Tiny Chest","Ornamental Fan","Runic Pyramid","Orichalcum"],"acts_visited":["Exordium","TheCity"],"potions_floor_usage":[3,6,11,18,19,22],"damage_taken":[{"damage":1,"enemies":"Small Slimes","floor":1,"turns":4},{"damage":0,"enemies":"2 Louse","floor":3,"turns":3},{"damage":0,"enemies":"Cultist","floor":4,"turns":3},{"damage":6,"enemies":"Blue Slaver","floor":5,"turns":4},{"damage":22,"enemies":"3 Sentries","floor":6,"turns":7},{"damage":0,"enemies":"Exordium Thugs","floor":7,"turns":3},{"damage":5,"enemies":"Gremlin Nob","floor":11,"turns":3},{"damage":7,"enemies":"3 Louse","floor":12,"turns":4},{"damage":17,"enemies":"Hexaghost","floor":16,"turns":10},{"damage":2,"enemies":"2 Thieves","floor":18,"turns":4},{"damage":20,"enemies":"3 Byrds","floor":19,"turns":6},{"damage":21,"enemies":"Snake Plant","floor":21,"turns":5},{"damage":18,"enemies":"Cultist and Chosen","floor":22,"turns":4}],"seed_played":"-2580993206355622282","potions_obtained":[{"floor":0,"key":"Swift Potion"},{"floor":0,"key":"LiquidBronze"},{"floor":0,"key":"Explosive Potion"},{"floor":1,"key":"Block Potion"},{"floor":3,"key":"champ:CounterPotion"},{"floor":7,"key":"ColorlessPotion"},{"floor":11,"key":"Energy Potion"},{"floor":18,"key":"champ:CounterPotion"},{"floor":21,"key":"theMarked:ChargePotion"}],"is_trial":false,"path_per_floor":["M","?","M","M","M","E","M","R","T","?","E","M","R","?","R","B",null,"M","M","T","M","M"],"character_chosen":"THE_DEFAULT","items_purchased":[],"campfire_rested":1,"item_purchase_floors":[],"current_hp_per_floor":[62,62,62,62,56,34,34,53,53,40,35,28,28,28,28,11,52,50,30,30,9,0,0],"gold":497,"neow_bonus":"THREE_SMALL_POTIONS","is_daily":false,"chose_seed":false,"campfire_upgraded":2,"win_rate":0.0,"timestamp":1611989128,"path_taken":["M","?","M","M","M","E","M","R","T","?","E","M","R","?","R","BOSS","M","?","?","M","M"],"items_purchased_type":[],"build_version":"2020-12-22","purchased_purges":0,"victory":false,"max_hp_per_floor":[70,65,65,65,65,65,65,65,65,65,65,65,65,65,65,65,65,65,65,65,65,65,65],"card_choices":[{"not_picked":["theMarked:Overcharge","theMarked:WardOff"],"picked":"theMarked:BanishingStrike","floor":1},{"not_picked":["theMarked:Aftermath","theMarked:HeightenedSenses"],"picked":"theMarked:StartUp","floor":3},{"not_picked":["theMarked:RepellingDischarge","theMarked:WardOff"],"picked":"theMarked:Challenge","floor":4},{"not_picked":["theMarked:TakeCover","theMarked:Memento"],"picked":"theMarked:ComboAttacks","floor":5},{"not_picked":["theMarked:EmpowerWeapon","theMarked:Aftermath"],"picked":"theMarked:Parkour","floor":6},{"not_picked":["theMarked:EmpowerWeapon","theMarked:ElectricStrings","theMarked:Aftermath"],"picked":"SKIP","floor":7},{"not_picked":["theMarked:HeightenedSenses","theMarked:Standoff"],"picked":"theMarked:TurnInvisible","floor":11},{"not_picked":["theMarked:TakeCover","theMarked:TheMission"],"picked":"theMarked:RogueSparks","floor":12},{"not_picked":["theMarked:Vacuum","theMarked:FavorableWinds"],"picked":"theMarked:BindingBlade","floor":16},{"not_picked":["theMarked:EmpowerWeapon","theMarked:Electrify"],"picked":"theMarked:TheMission","floor":18},{"not_picked":["theMarked:Memento","theMarked:Frustration"],"picked":"theMarked:TakeCover","floor":19},{"not_picked":["theMarked:Parry","theMarked:HeightenedSenses"],"picked":"theMarked:Overthink+1","floor":21}],"player_experience":3005289,"relics_obtained":[{"floor":6,"key":"Tiny Chest"},{"floor":11,"key":"Ornamental Fan"},{"floor":20,"key":"Orichalcum"}],"event_choices":[{"damage_healed":0,"gold_gain":0,"player_choice":"Lose Max HP","damage_taken":0,"relics_obtained":["Golden Idol"],"max_hp_gain":0,"max_hp_loss":5,"event_name":"Golden Idol","floor":2,"gold_loss":0},{"damage_healed":0,"gold_gain":0,"player_choice":"Entered Light","damage_taken":13,"max_hp_gain":0,"max_hp_loss":0,"event_name":"Shining Light","floor":10,"gold_loss":0,"cards_upgraded":["theMarked:Parkour","theMarked:Strike"]},{"damage_healed":0,"gold_gain":0,"player_choice":"Bought 0 Potions","damage_taken":0,"max_hp_gain":0,"max_hp_loss":0,"event_name":"The Woman in Blue","floor":14,"gold_loss":0}],"is_beta":false,"boss_relics":[{"not_picked":["Velvet Choker","Runic Dome"],"picked":"Runic Pyramid"}],"items_purged_floors":[],"is_endless":false,"potions_floor_spawned":[1,3,7,11,18,21],"killed_by":"Cultist and Chosen","ascension_level":7}}