{"host":"vumwfieg2b2mnrfl","time":1611966883,"event":{"mods":["AchievementEnabler","BaseMod","Minty Spire (QoL Compilation)","Rare Cards Sparkle","Relic Stats"],"gold_per_floor":[419,58,76,89,105,105,134,134,158,158,158,158],"floor_reached":11,"language":"ENG","playtime":405,"items_purged":["Doubt"],"score":146,"play_id":"034434fe-a8d4-4b03-a9ae-13f5570ba36e","local_time":"20210129183443","is_ascension_mode":true,"campfire_choices":[{"floor":6.0,"key":"REST"},{"floor":8,"key":"REST"},{"floor":10,"key":"REST"}],"circlet_count":0,"master_deck":["AscendersBane","Strike_G","Strike_G","Strike_G","Strike_G","Strike_G","Defend_G","Defend_G","Defend_G","Defend_G","Defend_G","Survivor","Neutralize","Flying Knee","PiercingWail","Backflip","Skewer"],"relics":["Ring of the Snake","Old Coin","Meat on the Bone","Bag of Preparation","Art of War"],"acts_visited":["Exordium"],"potions_floor_usage":[7],"damage_taken":[{"damage":7.0,"enemies":"Cultist","floor":1.0,"turns":6.0},{"damage":8.0,"enemies":"Small Slimes","floor":3.0,"turns":5.0},{"damage":7.0,"enemies":"Jaw Worm","floor":4.0,"turns":7.0},{"damage":24.0,"enemies":"Large Slime","floor":5.0,"turns":8.0},{"damage":42,"enemies":"Gremlin Nob","floor":7,"turns":7},{"damage":4,"enemies":"3 Sentries","floor":11,"turns":4}],"seed_played":"-5404041444457861551","potions_obtained":[{"floor":5.0,"key":"PowerPotion"},{"floor":7,"key":"Poison Potion"}],"is_trial":false,"path_per_floor":["M","$","M","M","M","R","E","R","T","R","E"],"character_chosen":"THE_SILENT","items_purchased":["Meat on the Bone"],"campfire_rested":3,"item_purchase_floors":[2],"current_hp_per_floor":[52,52,44,37,25,44,14,33,33,52,48,48],"gold":158,"neow_bonus":"ONE_RARE_RELIC","is_daily":false,"chose_seed":false,"campfire_upgraded":0,"win_rate":0.0,"timestamp":1611966883,"path_taken":["M","$","?","M","M","R","E","R","T","R","E"],"items_purchased_type":["Relic"],"build_version":"2020-12-22","purchased_purges":1,"victory":false,"max_hp_per_floor":[66,66,66,66,66,66,66,66,66,66,66,66],"relic_stats":{"counters":[6,37],"Bag of Preparation":[2],"Art of War":[1],"obtain_stats":[{"Bag of Preparation":7,"Art of War":9,"Ring of the Snake":0,"Old Coin":0,"Meat on the Bone":2},{"Bag of Preparation":5,"Art of War":5,"Ring of the Snake":0,"Old Coin":0,"Meat on the Bone":1},{"Bag of Preparation":33,"Art of War":33,"Ring of the Snake":0,"Old Coin":0,"Meat on the Bone":6}],"Ring of the Snake":[12],"Meat on the Bone":24},"card_choices":[{"not_picked":["Dodge and Roll","Endless Agony"],"picked":"Flying Knee","floor":1.0},{"not_picked":["Dagger Spray","Poisoned Stab"],"picked":"PiercingWail","floor":3.0},{"not_picked":["Flying Knee","A Thousand Cuts","Dodge and Roll"],"picked":"SKIP","floor":4.0},{"not_picked":["Cloak And Dagger","Choke"],"picked":"Backflip","floor":5.0},{"not_picked":["Underhanded Strike","Bane"],"picked":"Skewer","floor":7}],"player_experience":495490,"relics_obtained":[{"floor":7,"key":"Bag of Preparation"},{"floor":9,"key":"Art of War"}],"event_choices":[],"is_beta":false,"boss_relics":[],"items_purged_floors":[2],"is_endless":false,"potions_floor_spawned":[5,7],"killed_by":"3 Sentries","ascension_level":20}}