{"host":"Kdaddybrian","time":1611992140,"event":{"mods":["AchievementEnabler","BaseMod","Bestiary","Colored Powertips","Minty Spire (QoL Compilation)","Potion Indicator Mod","Quick Restart","Rare Cards Sparkle","Relic Stats","StSLib","Uncapped"],"gold_per_floor":[110,125,75,0,15,15,45,45,72,107,107,138,138,138,138,235,235,245,344,25,25,35,35,45,45,45,59,59,94,94,46,46,146,146,160,1159,1177,394,394,394,394],"floor_reached":40,"language":"ENG","playtime":1753,"items_purged":[],"score":559,"play_id":"9329d8d7-ef4c-4446-894b-9b1775220681","local_time":"20210130023540","is_ascension_mode":true,"campfire_choices":[{"data":"ConjureBlade","floor":6,"key":"SMITH"},{"data":"Vigilance","floor":8,"key":"SMITH"},{"data":"Prostrate","floor":15,"key":"SMITH"},{"floor":23,"key":"REST"},{"data":"Strike_P","floor":28,"key":"PURGE"},{"floor":30,"key":"REST"},{"data":"Adaptation","floor":32,"key":"SMITH"}],"circlet_count":0,"master_deck":["Strike_P","Defend_P+1","Defend_P","Defend_P","Defend_P","Eruption","Vigilance+1","ConjureBlade+1","EmptyFist","EmptyFist+1","Evaluate","EmptyBody","Consecrate","Prostrate+1","CurseOfTheBell","Worship+1","Adaptation+1","Indignation+1","DeusExMachina+1","JustLucky","ClearTheMind+1","Crescendo+1","MentalFortress","TalkToTheHand+1","Adaptation","EmptyBody+1","Wish+1","Perseverance+1","Halt+1","Wallop","Blind+1","BattleHymn"],"relics":["PureWater","Juzu Bracelet","Nunchaku","Akabeko","Shuriken","Calling Bell","Happy Flower","Toxic Egg 2","Peace Pipe","Mercury Hourglass","Omamori","Sozu","Bronze Scales","PrismaticShard","Matryoshka"],"acts_visited":["Exordium","TheCity","TheBeyond"],"potions_floor_usage":[7,10,33,40],"damage_taken":[{"damage":0,"enemies":"Jaw Worm","floor":1,"turns":3},{"damage":0,"enemies":"2 Louse","floor":2,"turns":2},{"damage":3,"enemies":"Small Slimes","floor":5,"turns":3},{"damage":7,"enemies":"Gremlin Nob","floor":7,"turns":3},{"damage":14,"enemies":"3 Sentries","floor":10,"turns":8},{"damage":0,"enemies":"Gremlin Nob","floor":12,"turns":3},{"damage":12,"enemies":"Hexaghost","floor":16,"turns":7},{"damage":25,"enemies":"Chosen","floor":18,"turns":6},{"damage":14,"enemies":"Shell Parasite","floor":22,"turns":5},{"damage":59,"enemies":"3 Cultists","floor":24,"turns":6},{"damage":33,"enemies":"Snake Plant","floor":27,"turns":4},{"damage":30,"enemies":"Book of Stabbing","floor":29,"turns":5},{"damage":30,"enemies":"Champ","floor":33,"turns":13},{"damage":10,"enemies":"3 Shapes","floor":35,"turns":7},{"damage":31,"enemies":"Orb Walker","floor":37,"turns":5},{"damage":46,"enemies":"Reptomancer","floor":40,"turns":4}],"seed_played":"-1424384130872464514","potions_obtained":[{"floor":2,"key":"Energy Potion"},{"floor":12,"key":"EssenceOfSteel"},{"floor":24,"key":"StancePotion"},{"floor":29,"key":"Dexterity Potion"},{"floor":33,"key":"PowerPotion"}],"is_trial":false,"path_per_floor":["M","M","?","$","M","R","E","R","T","E","?","E","?","?","R","B",null,"M","?","$","?","M","R","M","?","T","M","R","E","R","$","R","B",null,"M","?","M","$","?","E"],"character_chosen":"WATCHER","items_purchased":["DistilledChaos","Adaptation","Indignation+1","DeusExMachina+1","JustLucky","EmptyBody+1","Wallop","Bronze Scales","Blind+1","BattleHymn","PrismaticShard","Matryoshka"],"campfire_rested":2,"item_purchase_floors":[4,20,20,20,20,31,38,38,38,38,38,38],"current_hp_per_floor":[72,72,72,72,69,69,62,62,62,48,34,34,39,39,39,27,77,52,52,52,52,38,61,2,87,87,54,54,24,50,50,50,20,87,77,77,46,46,46,0,0],"gold":394,"neow_bonus":"ONE_RANDOM_RARE_CARD","is_daily":false,"chose_seed":false,"campfire_upgraded":4,"win_rate":0.0,"timestamp":1611992140,"path_taken":["M","M","?","$","M","R","E","R","T","E","?","E","?","?","R","BOSS","M","?","$","?","M","R","M","?","T","M","R","E","R","$","R","BOSS","M","?","M","$","?","E"],"items_purchased_type":["Potion","Card","Card","Card","Card","Card","Card","Relic","Card","Card","Relic","Relic"],"build_version":"2020-12-18","purchased_purges":0,"victory":false,"max_hp_per_floor":[72,72,72,72,72,72,72,72,72,72,72,72,77,77,77,77,77,77,77,77,77,77,77,77,87,87,87,87,87,87,87,87,87,87,87,87,87,87,87,87,87],"relic_stats":{"Peace Pipe":1,"Sozu":1,"Nunchaku":[11],"Happy Flower":[18],"counters":[16,84],"Shuriken":[13],"Bronze Scales":[18],"Juzu Bracelet":0,"obtain_stats":[{"Happy Flower":17,"Juzu Bracelet":7,"Omamori":29,"PrismaticShard":38,"Akabeko":10,"Mercury Hourglass":26,"Calling Bell":17,"Peace Pipe":17,"Sozu":34,"Nunchaku":9,"Matryoshka":38,"Shuriken":12,"Bronze Scales":38,"PureWater":0,"Toxic Egg 2":17},{"Happy Flower":7,"Juzu Bracelet":4,"Omamori":12,"PrismaticShard":15,"Akabeko":5,"Mercury Hourglass":10,"Calling Bell":7,"Peace Pipe":7,"Sozu":13,"Nunchaku":4,"Matryoshka":15,"Shuriken":6,"Bronze Scales":15,"PureWater":0,"Toxic Egg 2":7},{"Happy Flower":29,"Juzu Bracelet":11,"Omamori":55,"PrismaticShard":80,"Akabeko":19,"Mercury Hourglass":46,"Calling Bell":29,"Peace Pipe":29,"Sozu":68,"Nunchaku":11,"Matryoshka":80,"Shuriken":22,"Bronze Scales":80,"PureWater":0,"Toxic Egg 2":29}],"Mercury Hourglass":[147]},"card_choices":[{"not_picked":["BowlingBash","ClearTheMind"],"picked":"EmptyFist","floor":1},{"not_picked":["SignatureMove","ThirdEye"],"picked":"EmptyFist","floor":2},{"not_picked":["FollowUp","WaveOfTheHand"],"picked":"Evaluate","floor":5},{"not_picked":["Establishment","FollowUp"],"picked":"EmptyBody","floor":7},{"not_picked":["Fasting2","WindmillStrike","Alpha"],"picked":"SKIP","floor":10},{"not_picked":["Prostrate","CutThroughFate"],"picked":"Consecrate","floor":12},{"not_picked":["DeusExMachina","Omniscience"],"picked":"Ragnarok","floor":16},{"not_picked":["Protect+1","Evaluate+1"],"picked":"Worship+1","floor":18},{"not_picked":["EmptyBody+1","FollowUp+1"],"picked":"Crescendo+1","floor":22},{"not_picked":["Consecrate","FlurryOfBlows"],"picked":"MentalFortress","floor":24},{"not_picked":["EmptyBody+1","ForeignInfluence+1"],"picked":"TalkToTheHand+1","floor":27},{"not_picked":["Crescendo+1","Evaluate+1"],"picked":"Adaptation","floor":29},{"not_picked":["Vault+1","SpiritShield+1"],"picked":"Wish+1","floor":33},{"not_picked":["FollowUp","Protect+1"],"picked":"Perseverance+1","floor":35},{"not_picked":["ThirdEye+1","Weave"],"picked":"Halt+1","floor":37}],"player_experience":2981844,"relics_obtained":[{"floor":7,"key":"Juzu Bracelet"},{"floor":9,"key":"Nunchaku"},{"floor":10,"key":"Akabeko"},{"floor":12,"key":"Shuriken"},{"floor":17,"key":"Happy Flower"},{"floor":17,"key":"Toxic Egg 2"},{"floor":17,"key":"Peace Pipe"},{"floor":26,"key":"Mercury Hourglass"},{"floor":29,"key":"Omamori"}],"event_choices":[{"cards_removed":["Strike_P"],"damage_healed":0,"gold_gain":0,"player_choice":"Card Removal","damage_taken":0,"max_hp_gain":0,"max_hp_loss":0,"event_name":"The Cleric","floor":3,"gold_loss":50},{"damage_healed":0,"gold_gain":0,"player_choice":"Entered Light","damage_taken":14,"max_hp_gain":0,"max_hp_loss":0,"event_name":"Shining Light","floor":11,"gold_loss":0,"cards_upgraded":["EmptyFist","Defend_P"]},{"damage_healed":0,"gold_gain":0,"player_choice":"Donut","damage_taken":0,"max_hp_gain":5,"max_hp_loss":0,"event_name":"Big Fish","floor":13,"gold_loss":0},{"damage_healed":0,"gold_gain":0,"cards_transformed":["Strike_P"],"player_choice":"Change","damage_taken":0,"max_hp_gain":0,"max_hp_loss":0,"event_name":"Living Wall","floor":14,"gold_loss":0,"cards_obtained":["Prostrate"]},{"damage_healed":0,"gold_gain":99,"player_choice":"Stole From Cult","damage_taken":0,"max_hp_gain":0,"max_hp_loss":0,"event_name":"Nest","floor":19,"gold_loss":0},{"damage_healed":0,"gold_gain":0,"player_choice":"Read","damage_taken":0,"max_hp_gain":0,"max_hp_loss":0,"event_name":"The Library","floor":21,"gold_loss":0,"cards_obtained":["ClearTheMind"]},{"cards_removed":["Ragnarok"],"damage_healed":75,"gold_gain":0,"player_choice":"Offered Rare","damage_taken":0,"max_hp_gain":10,"max_hp_loss":0,"event_name":"Bonfire Elementals","floor":25,"gold_loss":0},{"damage_healed":0,"gold_gain":999,"player_choice":"Gold","damage_taken":0,"max_hp_gain":0,"max_hp_loss":0,"event_name":"MindBloom","floor":36,"gold_loss":0,"cards_obtained":["Normality","Normality"]},{"damage_healed":0,"gold_gain":0,"player_choice":"Ignored","damage_taken":0,"max_hp_gain":0,"max_hp_loss":0,"event_name":"Tomb of Lord Red Mask","floor":39,"gold_loss":0}],"is_beta":true,"boss_relics":[{"not_picked":["Philosopher\u0027s Stone","Black Star"],"picked":"Calling Bell"},{"not_picked":["Coffee Dripper","Runic Dome"],"picked":"Sozu"}],"items_purged_floors":[],"is_endless":false,"potions_floor_spawned":[2,12,24,29,33,35],"killed_by":"Reptomancer","ascension_level":3}}