{"host":"l0i0y1oyvm6rmxxu","time":1611988252,"event":{"mods":["BaseMod","Minty Spire (QoL Compilation)","Quick Restart","Replay The Spire","StSLib"],"gold_per_floor":[114,114,114,3,19,48,48,82,82,82,82,107,126,26,26,157,157,172,215,215,90,106,149,149,149,149,149,172,211,136,175,175,300,300,351,396,64,89,89,89,127,175,175,175,175,214,214,547,611,649],"floor_reached":51,"language":"ZHS","playtime":6005,"items_purged":["Regret","Defend_P","Defend_P"],"score":980,"play_id":"e53bf0c7-312d-483e-bc93-432281180c83","local_time":"20210130143052","is_ascension_mode":false,"campfire_choices":[{"data":"Eruption","floor":10.0,"key":"SMITH"},{"data":"Meditate","floor":15.0,"key":"SMITH"},{"data":"Vault","floor":24.0,"key":"SMITH"},{"data":"ForeignInfluence","floor":27.0,"key":"SMITH"},{"data":"Strike_P","floor":32.0,"key":"PURGE"},{"data":"MentalFortress","floor":40.0,"key":"SMITH"}],"circlet_count":0,"master_deck":["Strike_P","Eruption+1","Vigilance","FollowUp","ForeignInfluence+1","Steam","Tantrum","Meditate+1","Vault+1","Sanctity","BowlingBash","ConjureBlade+1","Wish+1","InnerPeace+1","MentalFortress+1","Master of Strategy+1","Jack Of All Trades+1","Fasting2+1","ClearTheMind+1","MentalFortress+1","TalkToTheHand"],"relics":["PureWater","Nunchaku","Juzu Bracelet","ReplayTheSpireMod:Lightbulb","FossilizedHelix","Centennial Puzzle","Philosopher\u0027s Stone","Red Mask","Orichalcum","Toxic Egg 2","Pen Nib","Akabeko","Sozu","Darkstone Periapt","Replay:Bandana","Gambling Chip"],"acts_visited":["Exordium","TheCity","TheBeyond"],"potions_floor_usage":[50],"damage_taken":[{"damage":6.0,"enemies":"Jaw Worm","floor":1.0,"turns":3.0},{"damage":0.0,"enemies":"Small Slimes","floor":5.0,"turns":1.0},{"damage":4.0,"enemies":"Replay:BlueRogue","floor":6.0,"turns":3.0},{"damage":0.0,"enemies":"Cultist","floor":13.0,"turns":2.0},{"damage":2.0,"enemies":"Fading Forest","floor":16.0,"turns":11.0},{"damage":0.0,"enemies":"Shell Parasite","floor":18.0,"turns":2.0},{"damage":12.0,"enemies":"Masked Bandits","floor":19.0,"turns":2.0},{"damage":0.0,"enemies":"2 Thieves","floor":22.0,"turns":3.0},{"damage":0.0,"enemies":"Book of Stabbing","floor":23.0,"turns":4.0},{"damage":0.0,"enemies":"3 Cultists","floor":28.0,"turns":2.0},{"damage":0.0,"enemies":"Gremlin Leader","floor":29.0,"turns":4.0},{"damage":0.0,"enemies":"Slavers","floor":31.0,"turns":3.0},{"damage":0.0,"enemies":"Champ","floor":33.0,"turns":3.0},{"damage":0.0,"enemies":"3 Shapes","floor":35.0,"turns":3.0},{"damage":0.0,"enemies":"Orb Walker","floor":36.0,"turns":3.0},{"damage":0.0,"enemies":"4 Shapes","floor":38.0,"turns":3.0},{"damage":0.0,"enemies":"R_Hoarder","floor":41.0,"turns":5.0},{"damage":0.0,"enemies":"Transient","floor":42.0,"turns":6.0},{"damage":0.0,"enemies":"Reptomancer","floor":46.0,"turns":3.0},{"damage":0.0,"enemies":"Mind Bloom Boss Battle","floor":49.0,"turns":5.0},{"damage":0,"enemies":"Time Eater","floor":50,"turns":5}],"seed_played":"-5782158816511142866","potions_obtained":[{"floor":1.0,"key":"Explosive Potion"},{"floor":8.0,"key":"Strength Potion"},{"floor":8.0,"key":"Reflective Coating"},{"floor":8.0,"key":"Strength Potion"},{"floor":22.0,"key":"Weak Potion"},{"floor":23.0,"key":"Adrenaline Potion"}],"is_trial":false,"path_per_floor":["M","?","?","$","M","E","?","?","T","R","?","T","M","$","R","B",null,"M","?","?","$","M","E","R","?","T","R","M","E","?","E","R","B",null,"M","M","$","M","?","R","E","M","T","?","?","E","?","?","R","B",null],"character_chosen":"WATCHER","items_purchased":["Tantrum","InnerPeace+1","MentalFortress","Master of Strategy+1"],"campfire_rested":0,"item_purchase_floors":[4,37,37,37],"current_hp_per_floor":[66,66,66,66,66,62,62,62,62,62,62,62,62,62,62,60,67,67,55,55,55,55,55,55,55,55,55,55,55,55,55,55,55,67,67,67,67,67,67,67,67,67,67,67,67,67,64,64,64,64],"gold":649,"neow_bonus":"RANDOM_COMMON_RELIC","is_daily":false,"chose_seed":false,"campfire_upgraded":5,"win_rate":0.0,"timestamp":1611988252,"path_taken":["M","?","?","$","M","E","?","?","T","R","?","?","M","?","R","BOSS","M","?","?","$","M","E","R","?","T","R","M","E","?","E","R","BOSS","M","M","$","M","?","R","E","M","T","?","?","E","?","?","R","BOSS"],"items_purchased_type":["Card","Card","Card","Card"],"build_version":"2020-12-22","purchased_purges":3,"victory":true,"max_hp_per_floor":[72,72,72,72,72,72,72,72,72,72,67,67,67,67,67,67,67,67,67,67,67,67,67,67,67,67,67,67,67,67,67,67,67,67,67,67,67,67,67,67,67,67,67,67,67,67,64,64,64,64],"card_choices":[{"not_picked":["EmptyBody","FlurryOfBlows"],"picked":"FollowUp","floor":1.0},{"not_picked":["CutThroughFate","Crescendo"],"picked":"Meditate","floor":5.0},{"not_picked":["ReachHeaven","PathToVictory","Crescendo"],"picked":"SKIP","floor":6.0},{"not_picked":["Crescendo","Worship","ReachHeaven"],"picked":"SKIP","floor":13.0},{"not_picked":["Crescendo","Worship","ReachHeaven"],"picked":"SKIP","floor":13.0},{"not_picked":["DevaForm","Ragnarok"],"picked":"Vault","floor":16.0},{"not_picked":["Evaluate","JustLucky","SandsOfTime"],"picked":"SKIP","floor":18.0},{"not_picked":["WindmillStrike","EmptyMind"],"picked":"Sanctity","floor":22.0},{"not_picked":["Replay:BluntJabs","Pray"],"picked":"BowlingBash","floor":23.0},{"not_picked":["Replay:DivineShield+1","Nirvana"],"picked":"ConjureBlade+1","floor":28.0},{"not_picked":["CutThroughFate+1","Indignation+1","Replay:BluntJabs"],"picked":"SKIP","floor":29.0},{"not_picked":["CutThroughFate+1","Indignation+1","Replay:BluntJabs"],"picked":"SKIP","floor":29.0},{"not_picked":["SashWhip+1","WindmillStrike","Devotion"],"picked":"SKIP","floor":31.0},{"not_picked":["Blasphemy+1","Devotion"],"picked":"Wish+1","floor":33.0},{"not_picked":["CarveReality","ThirdEye+1","Swivel+1"],"picked":"SKIP","floor":35.0},{"not_picked":["DeceiveReality+1","WaveOfTheHand+1","EmptyFist+1"],"picked":"SKIP","floor":36.0},{"not_picked":["Evaluate+1","CarveReality+1","Wallop"],"picked":"SKIP","floor":38.0},{"not_picked":["Sadistic Nature","Trip+1"],"picked":"Jack Of All Trades+1","floor":39.0},{"not_picked":["Meditate+1","Prostrate+1"],"picked":"Fasting2+1","floor":41.0},{"not_picked":["SashWhip+1","Replay:AtTheReady+1"],"picked":"ClearTheMind+1","floor":42.0},{"not_picked":["DeusExMachina+1","FollowUp"],"picked":"TalkToTheHand","floor":46.0}],"player_experience":518612,"relics_obtained":[{"floor":6.0,"key":"ReplayTheSpireMod:Lightbulb"},{"floor":9.0,"key":"FossilizedHelix"},{"floor":12.0,"key":"Centennial Puzzle"},{"floor":19.0,"key":"Red Mask"},{"floor":23.0,"key":"Orichalcum"},{"floor":26.0,"key":"Toxic Egg 2"},{"floor":29.0,"key":"Pen Nib"},{"floor":31.0,"key":"Akabeko"},{"floor":43.0,"key":"Darkstone Periapt"},{"floor":46.0,"key":"Replay:Bandana"},{"floor":49.0,"key":"Gambling Chip"}],"event_choices":[{"damage_healed":0.0,"max_hp_gain":0.0,"max_hp_loss":0.0,"gold_gain":0.0,"event_name":"Big Fish","player_choice":"Box","floor":3.0,"gold_loss":0.0,"damage_taken":0.0,"relics_obtained":["Juzu Bracelet"],"cards_obtained":["Regret"]},{"damage_healed":0.0,"max_hp_gain":0.0,"max_hp_loss":0.0,"gold_gain":0.0,"event_name":"NoteForYourself","player_choice":"Ignored","floor":7.0,"gold_loss":0.0,"damage_taken":0.0},{"damage_healed":0.0,"max_hp_gain":0.0,"max_hp_loss":5.0,"gold_gain":0.0,"event_name":"Golden Idol","player_choice":"Lose Max HP","floor":11.0,"gold_loss":0.0,"damage_taken":0.0,"relics_obtained":["Golden Idol"]},{"damage_healed":0.0,"max_hp_gain":0.0,"max_hp_loss":0.0,"gold_gain":0.0,"event_name":"Masked Bandits","player_choice":"Fought Bandits","floor":19.0,"gold_loss":0.0,"damage_taken":0.0},{"damage_healed":0.0,"max_hp_gain":0.0,"max_hp_loss":0.0,"gold_gain":0.0,"event_name":"Vampires","player_choice":"Ignored","floor":20.0,"gold_loss":0.0,"damage_taken":0.0},{"damage_healed":0.0,"max_hp_gain":0.0,"max_hp_loss":0.0,"gold_gain":0.0,"event_name":"Lab","player_choice":"Got Potions","floor":25.0,"gold_loss":0.0,"damage_taken":0.0},{"cards_removed":["Strike_P"],"damage_healed":0.0,"max_hp_gain":0.0,"max_hp_loss":0.0,"gold_gain":0.0,"event_name":"Beggar","player_choice":"Gave Gold","floor":30.0,"gold_loss":75.0,"damage_taken":0.0},{"damage_healed":0.0,"max_hp_gain":0.0,"max_hp_loss":0.0,"gold_gain":0.0,"event_name":"SensoryStone","player_choice":"Memory 1","floor":39.0,"gold_loss":0.0,"damage_taken":0.0},{"cards_removed":["Defend_P"],"damage_healed":0.0,"max_hp_gain":0.0,"max_hp_loss":0.0,"gold_gain":0.0,"event_name":"Purifier","player_choice":"Purged","floor":44.0,"gold_loss":0.0,"damage_taken":0.0},{"damage_healed":0.0,"max_hp_gain":0.0,"max_hp_loss":0.0,"gold_gain":0.0,"event_name":"Duplicator","player_choice":"Copied","floor":45.0,"gold_loss":0.0,"damage_taken":0.0,"cards_obtained":["MentalFortress"]},{"damage_healed":0.0,"max_hp_gain":0.0,"max_hp_loss":3.0,"gold_gain":0.0,"event_name":"Winding Halls","player_choice":"Max HP","floor":47.0,"gold_loss":0.0,"damage_taken":0.0},{"damage_healed":0.0,"max_hp_gain":0.0,"max_hp_loss":0.0,"gold_gain":333.0,"event_name":"The Moai Head","player_choice":"Gave Idol","floor":48.0,"relics_lost":["Golden Idol"],"gold_loss":0.0,"damage_taken":0.0},{"damage_healed":0.0,"max_hp_gain":0.0,"max_hp_loss":0.0,"gold_gain":0.0,"event_name":"MindBloom","player_choice":"Fight","floor":49.0,"gold_loss":0.0,"damage_taken":0.0}],"is_beta":false,"boss_relics":[{"not_picked":["Empty Cage","Snecko Heart"],"picked":"Philosopher\u0027s Stone"},{"not_picked":["ChewingGum","Astrolabe"],"picked":"Sozu"}],"items_purged_floors":[4,14,21],"is_endless":false,"potions_floor_spawned":[1,13,22,23,35,41,49],"ascension_level":0}}