{"host":"7qqg3hyzrz6apiso","time":1611969086,"event":{"mods":["AchievementEnabler","BaseMod","Better Debug","Colored Map","Keyboard Shortcuts","Minty Spire (QoL Compilation)","Permanent Neow","Quick Restart","StSLib","SuperFastMode"],"gold_per_floor":[20,20,20,20,20,20,20,51,76,76,25,25,38,63,63,188,188,212,212,85,85,58,101,101,144,167,11,11,32,45,64,64,189,252,273,298,319,319,344,344,380,433,470,482,494,530,542,24,24,24],"floor_reached":51,"language":"KOR","playtime":1881,"items_purged":["Defend_R"],"score":827,"play_id":"49a174cc-84af-4e3d-88d2-97dec8a689bc","local_time":"20210130101126","is_ascension_mode":true,"campfire_choices":[{"data":"1","floor":6,"key":"LIFT"},{"data":"2","floor":10,"key":"LIFT"},{"data":"3","floor":12,"key":"LIFT"},{"data":"Iron Wave","floor":15,"key":"SMITH"},{"data":"Armaments","floor":24,"key":"SMITH"},{"floor":28,"key":"REST"},{"data":"Strike_R","floor":32,"key":"SMITH"},{"floor":40,"key":"REST"},{"data":"Defend_R","floor":45,"key":"SMITH"},{"data":"Flex","floor":49,"key":"SMITH"}],"circlet_count":0,"master_deck":["Strike_R+1","Strike_R","Strike_R","Strike_R","Strike_R","Defend_R+1","Bash+1","Iron Wave+1","Perfected Strike+1","Perfected Strike+1","Iron Wave+1","Armaments+1","Perfected Strike+1","Limit Break+1","Twin Strike+1","Flex+1","Iron Wave+1","Pommel Strike+1","Strike_R+1","Twin Strike+1","Flex+1","Iron Wave+1"],"relics":["Black Blood","Girya","Golden Idol","Vajra","Molten Egg 2","Ancient Tea Set","Orichalcum","MealTicket","Lantern","Tiny Chest","Tiny House","Toy Ornithopter","Strawberry","MawBank","Pen Nib","Nunchaku","ClockworkSouvenir"],"acts_visited":["Exordium","TheCity","TheBeyond"],"potions_floor_usage":[8,16,23,25,33,41,41,50],"damage_taken":[{"damage":15,"enemies":"Small Slimes","floor":1,"turns":5},{"damage":8,"enemies":"3 Sentries","floor":8,"turns":7},{"damage":0,"enemies":"Jaw Worm","floor":13,"turns":2},{"damage":0,"enemies":"2 Louse","floor":14,"turns":2},{"damage":34,"enemies":"The Guardian","floor":16,"turns":9},{"damage":6,"enemies":"Spheric Guardian","floor":18,"turns":3},{"damage":34,"enemies":"Book of Stabbing","floor":23,"turns":4},{"damage":18,"enemies":"Slavers","floor":25,"turns":4},{"damage":4,"enemies":"2 Thieves","floor":29,"turns":3},{"damage":15,"enemies":"3 Cultists","floor":30,"turns":5},{"damage":0,"enemies":"Snake Plant","floor":31,"turns":2},{"damage":75,"enemies":"Collector","floor":33,"turns":9},{"damage":11,"enemies":"3 Shapes","floor":35,"turns":3},{"damage":19,"enemies":"3 Darklings","floor":36,"turns":6},{"damage":13,"enemies":"Transient","floor":37,"turns":5},{"damage":56,"enemies":"Maw","floor":39,"turns":7},{"damage":13,"enemies":"Reptomancer","floor":41,"turns":2},{"damage":10,"enemies":"Spire Growth","floor":46,"turns":2},{"damage":66,"enemies":"Donu and Deca","floor":50,"turns":6}],"seed_played":"-2929837601491070759","potions_obtained":[{"floor":1,"key":"Fire Potion"},{"floor":14,"key":"Explosive Potion"},{"floor":16,"key":"Fire Potion"},{"floor":23,"key":"Explosive Potion"},{"floor":29,"key":"PowerPotion"},{"floor":33,"key":"Ancient Potion"},{"floor":34,"key":"AttackPotion"},{"floor":35,"key":"GamblersBrew"},{"floor":36,"key":"DuplicationPotion"}],"is_trial":false,"path_per_floor":["M","?","?","?","$","R","?","E","T","R","$","R","M","M","R","B",null,"M","?","$","?","$","E","R","E","T","$","R","M","M","M","R","B",null,"M","M","M","?","M","R","E","T","T","?","R","M","?","$","R","B",null],"character_chosen":"IRONCLAD","items_purchased":["Perfected Strike+1","Iron Wave+1","Armaments","Tiny Chest","Nunchaku","ClockworkSouvenir","Flex","Iron Wave+1","BloodPotion","DistilledChaos"],"campfire_rested":2,"item_purchase_floors":[11,20,22,27,48,48,48,48,48,48],"current_hp_per_floor":[71,71,64,64,64,64,57,55,55,55,55,55,61,67,67,39,80,80,80,80,80,80,58,58,52,52,67,80,80,77,80,80,17,85,85,78,77,77,33,58,74,74,74,74,74,76,76,91,91,38],"gold":24,"neow_bonus":"ONE_RARE_RELIC","is_daily":false,"chose_seed":false,"campfire_upgraded":5,"win_rate":0.0,"timestamp":1611969086,"path_taken":["M","?","?","?","$","R","?","E","T","R","?","R","M","M","R","BOSS","M","?","$","?","$","E","R","E","T","$","R","M","M","?","R","BOSS","M","M","M","?","?","R","E","?","T","?","R","?","?","$","R","BOSS"],"items_purchased_type":["Card","Card","Card","Relic","Relic","Relic","Card","Card","Potion","Potion"],"build_version":"2020-12-22","purchased_purges":1,"victory":true,"max_hp_per_floor":[80,80,80,80,80,80,80,80,80,80,80,80,80,80,80,80,80,80,80,80,80,80,80,80,80,80,80,80,80,80,80,80,80,85,85,85,85,85,85,85,92,92,92,92,92,92,92,92,92,92],"card_choices":[{"not_picked":["Spot Weakness","Rampage"],"picked":"Iron Wave","floor":1},{"not_picked":["Clothesline+1","Pummel+1","Uppercut+1"],"picked":"SKIP","floor":8},{"not_picked":["Sentinel","Body Slam+1"],"picked":"Perfected Strike+1","floor":13},{"not_picked":["Sword Boomerang+1","Havoc","Heavy Blade+1"],"picked":"SKIP","floor":14},{"not_picked":["Carnage+1","Bloodletting+1","Body Slam+1"],"picked":"SKIP","floor":18},{"not_picked":["Sword Boomerang+1","Bloodletting","True Grit"],"picked":"SKIP","floor":23},{"not_picked":["Disarm","Rupture+1","Headbutt+1"],"picked":"SKIP","floor":25},{"not_picked":["Evolve+1","Clash+1","Thunderclap+1"],"picked":"SKIP","floor":29},{"not_picked":["Sword Boomerang+1","Dropkick+1"],"picked":"Pommel Strike+1","floor":30},{"not_picked":["Immolate+1","Hemokinesis+1"],"picked":"Perfected Strike+1","floor":31},{"not_picked":["Juggernaut","Fiend Fire+1"],"picked":"Limit Break","floor":33},{"not_picked":["Clash+1","Warcry"],"picked":"Twin Strike+1","floor":34},{"not_picked":["Anger+1","Armaments"],"picked":"Flex+1","floor":35},{"not_picked":["Thunderclap+1","Armaments+1"],"picked":"True Grit+1","floor":36},{"not_picked":["Warcry","Reckless Charge+1"],"picked":"Iron Wave+1","floor":37},{"not_picked":["Second Wind","Headbutt+1","Cleave+1"],"picked":"SKIP","floor":39},{"not_picked":["Berserk","Limit Break"],"picked":"Pommel Strike+1","floor":41},{"not_picked":["Anger+1","Flex"],"picked":"Twin Strike+1","floor":46}],"player_experience":167661,"relics_obtained":[{"floor":8,"key":"Molten Egg 2"},{"floor":9,"key":"Ancient Tea Set"},{"floor":23,"key":"Orichalcum"},{"floor":25,"key":"MealTicket"},{"floor":26,"key":"Lantern"},{"floor":41,"key":"Strawberry"},{"floor":42,"key":"MawBank"},{"floor":43,"key":"Pen Nib"}],"event_choices":[{"damage_healed":0,"gold_gain":0,"player_choice":"Take Wound","damage_taken":0,"relics_obtained":["Golden Idol"],"max_hp_gain":0,"max_hp_loss":0,"event_name":"Golden Idol","floor":2,"gold_loss":0,"cards_obtained":["Injury"]},{"cards_removed":["Injury"],"damage_healed":0,"gold_gain":0,"player_choice":"Card Removal","damage_taken":7,"max_hp_gain":0,"max_hp_loss":0,"event_name":"Golden Wing","floor":3,"gold_loss":0},{"cards_removed":["Defend_R"],"damage_healed":0,"gold_gain":0,"player_choice":"Forget","damage_taken":0,"max_hp_gain":0,"max_hp_loss":0,"event_name":"Living Wall","floor":4,"gold_loss":0},{"damage_healed":0,"gold_gain":0,"player_choice":"Success","damage_taken":7,"relics_obtained":["Vajra"],"max_hp_gain":0,"max_hp_loss":0,"event_name":"Scrap Ooze","floor":7,"gold_loss":0},{"cards_removed":["Defend_R"],"damage_healed":0,"gold_gain":0,"player_choice":"Elegance","damage_taken":0,"max_hp_gain":0,"max_hp_loss":0,"event_name":"Back to Basics","floor":19,"gold_loss":0},{"damage_healed":0,"gold_gain":0,"player_choice":"Upgraded","damage_taken":0,"max_hp_gain":0,"max_hp_loss":0,"event_name":"Upgrade Shrine","floor":21,"gold_loss":0,"cards_upgraded":["Bash"]},{"damage_healed":0,"gold_gain":0,"player_choice":"Gave Potion","damage_taken":0,"relics_obtained":["Toy Ornithopter"],"max_hp_gain":0,"max_hp_loss":0,"event_name":"WeMeetAgain","floor":38,"gold_loss":0},{"cards_removed":["True Grit"],"damage_healed":0,"gold_gain":0,"player_choice":"Took Card","damage_taken":0,"max_hp_gain":0,"max_hp_loss":0,"event_name":"NoteForYourself","floor":44,"gold_loss":0,"cards_obtained":["Strike_R"]},{"cards_removed":["Pommel Strike"],"damage_healed":0,"gold_gain":0,"player_choice":"Removed Attack","damage_taken":0,"max_hp_gain":0,"max_hp_loss":0,"event_name":"Falling","floor":47,"gold_loss":0}],"is_beta":false,"boss_relics":[{"not_picked":["Ectoplasm","Coffee Dripper"],"picked":"Black Blood"},{"not_picked":["Empty Cage","Sozu"],"picked":"Tiny House"}],"items_purged_floors":[20],"is_endless":false,"potions_floor_spawned":[1,14,16,23,29,33,35,36],"ascension_level":2}}