{"host":"y24pqu7jih1n8m3t","time":1611972964,"event":{"mods":["AchievementEnabler","BaseMod","Bestiary","Block Reminder","Colored Map","Colored Powertips","DeckTracker","Highlight Path","Minty Spire (QoL Compilation)","Permanent Neow","Quick Restart","Rare Cards Sparkle","Relic Stats"],"gold_per_floor":[116,133,151,161,173,173,191,191,191],"floor_reached":8,"language":"ENG","playtime":398,"items_purged":[],"score":60,"play_id":"0e3be253-fe05-4e83-bc9e-17587301ec3a","local_time":"20210129211604","is_ascension_mode":true,"campfire_choices":[{"floor":6,"key":"REST"}],"circlet_count":0,"master_deck":["Strike_B","Strike_B","Strike_B","Strike_B","Defend_B","Defend_B","Defend_B","Defend_B","Zap","Dualcast","Cold Snap","Sunder","Coolheaded","Beam Cell","Undo","Blizzard"],"relics":["Cracked Core","Calipers"],"acts_visited":["Exordium"],"potions_floor_usage":[7],"damage_taken":[{"damage":0,"enemies":"Cultist","floor":1,"turns":3},{"damage":0,"enemies":"Small Slimes","floor":2,"turns":2},{"damage":0,"enemies":"2 Louse","floor":3,"turns":2},{"damage":9,"enemies":"Blue Slaver","floor":4,"turns":5},{"damage":14,"enemies":"Large Slime","floor":5,"turns":4},{"damage":3,"enemies":"Lots of Slimes","floor":7,"turns":2},{"damage":11,"enemies":"3 Sentries","floor":8,"turns":3}],"seed_played":"-2605548237120361095","potions_obtained":[{"floor":3,"key":"Swift Potion"},{"floor":5,"key":"AttackPotion"},{"floor":7,"key":"Ancient Potion"}],"is_trial":false,"path_per_floor":["M","M","M","M","M","R","M","E"],"character_chosen":"DEFECT","items_purchased":[],"campfire_rested":1,"item_purchase_floors":[],"current_hp_per_floor":[54,54,54,45,31,53,50,39,39],"gold":191,"neow_bonus":"ONE_RARE_RELIC","is_daily":false,"chose_seed":false,"campfire_upgraded":0,"win_rate":0.0,"timestamp":1611972964,"path_taken":["M","M","M","M","M","R","M","E"],"items_purchased_type":[],"build_version":"2020-12-22","purchased_purges":0,"victory":false,"max_hp_per_floor":[75,75,75,75,75,75,75,75,75],"relic_stats":{"counters":[7,21],"obtain_stats":[{"Calipers":0,"Cracked Core":0},{"Calipers":0,"Cracked Core":0},{"Calipers":0,"Cracked Core":0}]},"card_choices":[{"not_picked":["Turbo","Conserve Battery"],"picked":"Cold Snap","floor":1},{"not_picked":["Genetic Algorithm","Hello World"],"picked":"Sunder","floor":2},{"not_picked":["Lockon","Recycle"],"picked":"Coolheaded","floor":3},{"not_picked":["Hello World","Sweeping Beam"],"picked":"Beam Cell","floor":4},{"not_picked":["Hologram","Aggregate"],"picked":"Undo","floor":5},{"not_picked":["Ball Lightning","Streamline"],"picked":"Blizzard","floor":7}],"player_experience":207656,"relics_obtained":[],"event_choices":[],"is_beta":false,"boss_relics":[],"items_purged_floors":[],"is_endless":false,"potions_floor_spawned":[3,5,7],"killed_by":"3 Sentries","ascension_level":3}}