{"host":"3po7ngt2j61s4rmj","time":1611983638,"event":{"mods":["Act Like it!","BaseMod","Elementarium","JesterMod","Minty Spire (QoL Compilation)","Relic Stats","Shade Mod","StSLib"],"gold_per_floor":[16,16,36,211,228,259,259,287,313,313,388,423,34,54,54,54,54],"floor_reached":16,"language":"ENG","playtime":1058,"items_purged":["Doubt"],"score":159,"play_id":"f97bcd7f-6dba-4a9d-9c8c-a5ecb09dd322","local_time":"20210129221358","is_ascension_mode":true,"campfire_choices":[{"floor":7,"key":"REST"},{"floor":10,"key":"REST"},{"floor":15,"key":"REST"}],"circlet_count":0,"master_deck":["jesterMod:Strike","jesterMod:Strike","jesterMod:Strike","jesterMod:Sickle","jesterMod:Defend","jesterMod:Defend+1","jesterMod:Defend+1","jesterMod:Dodge","jesterMod:QuickStrike+1","jesterMod:Tinker","jesterMod:ButterflyDance","jesterMod:QuickStrike","jesterMod:Arrythmia","jesterMod:SmokeScreen","jesterMod:Pillage"],"relics":["jesterMod:JesterCap","War Paint","PreservedInsect","Centennial Puzzle","Nunchaku","Tough Bandages"],"acts_visited":["Exordium"],"potions_floor_usage":[6,16,16],"damage_taken":[{"damage":0,"enemies":"Small Slimes","floor":1,"turns":3},{"damage":0,"enemies":"2 Louse","floor":3,"turns":3},{"damage":2,"enemies":"Jaw Worm","floor":5,"turns":3},{"damage":39,"enemies":"Gremlin Nob","floor":6,"turns":5},{"damage":21,"enemies":"3 Sentries","floor":8,"turns":7},{"damage":16,"enemies":"Gremlin Nob","floor":12,"turns":3},{"damage":5,"enemies":"3 Louse","floor":14,"turns":3},{"damage":37,"enemies":"The Guardian","floor":16,"turns":11}],"seed_played":"-4556460596072110437","potions_obtained":[{"floor":5,"key":"FearPotion"},{"floor":6,"key":"Swift Potion"},{"floor":14,"key":"Strength Potion"}],"is_trial":false,"path_per_floor":["M","?","M","?","M","E","R","E","T","R","?","E","$","M","R","B"],"character_chosen":"THE_JESTER","items_purchased":["Tough Bandages"],"campfire_rested":3,"item_purchase_floors":[13],"current_hp_per_floor":[63,63,63,63,61,22,43,22,22,43,32,16,16,11,32,0,0],"gold":54,"neow_bonus":"REMOVE_TWO","is_daily":false,"chose_seed":false,"campfire_upgraded":0,"win_rate":0.0,"timestamp":1611983638,"path_taken":["M","?","M","?","M","E","R","E","T","R","?","E","$","M","R","BOSS"],"items_purchased_type":["Relic"],"build_version":"2020-12-22","purchased_purges":1,"victory":false,"max_hp_per_floor":[70,70,70,70,70,70,70,70,70,70,70,70,70,70,70,70,70],"relic_stats":{"Centennial Puzzle":[9],"Nunchaku":[3],"Tough Bandages":[45],"counters":[8,38],"PreservedInsect":21,"War Paint":["jesterMod:Defend","jesterMod:Defend"],"obtain_stats":[{"Centennial Puzzle":9,"Nunchaku":12,"Tough Bandages":13,"jesterMod:JesterCap":0,"PreservedInsect":8,"War Paint":6},{"Centennial Puzzle":5,"Nunchaku":6,"Tough Bandages":6,"jesterMod:JesterCap":0,"PreservedInsect":5,"War Paint":4},{"Centennial Puzzle":21,"Nunchaku":24,"Tough Bandages":24,"jesterMod:JesterCap":0,"PreservedInsect":21,"War Paint":14}]},"card_choices":[{"not_picked":["jesterMod:MudBall","jesterMod:Haste"],"picked":"jesterMod:QuickStrike","floor":1},{"not_picked":["jesterMod:SmokeScreen","jesterMod:DancingMad"],"picked":"jesterMod:Tinker","floor":3},{"not_picked":["jesterMod:TrickyDodge","jesterMod:SmokeScreen"],"picked":"jesterMod:ButterflyDance","floor":5},{"not_picked":["jesterMod:DancingMad","jesterMod:Tinker"],"picked":"jesterMod:QuickStrike","floor":6},{"not_picked":["jesterMod:Anticipation","jesterMod:Hide"],"picked":"jesterMod:Arrythmia","floor":8},{"not_picked":["jesterMod:Talion","jesterMod:OblivionStrike"],"picked":"jesterMod:SmokeScreen","floor":12},{"not_picked":["jesterMod:QuickStrike","jesterMod:SelfMockery"],"picked":"jesterMod:Pillage","floor":14}],"player_experience":1120735,"relics_obtained":[{"floor":6,"key":"War Paint"},{"floor":8,"key":"PreservedInsect"},{"floor":9,"key":"Centennial Puzzle"},{"floor":12,"key":"Nunchaku"}],"event_choices":[{"damage_healed":0,"gold_gain":0,"player_choice":"Grow","damage_taken":0,"max_hp_gain":0,"max_hp_loss":0,"event_name":"Living Wall","floor":2,"gold_loss":0,"cards_upgraded":["jesterMod:QuickStrike"]},{"damage_healed":0,"gold_gain":175,"player_choice":"AGREE","damage_taken":0,"max_hp_gain":0,"max_hp_loss":0,"event_name":"Liars Game","floor":4,"gold_loss":0,"cards_obtained":["Doubt"]},{"damage_healed":0,"gold_gain":75,"player_choice":"Gather Gold","damage_taken":11,"max_hp_gain":0,"max_hp_loss":0,"event_name":"World of Goop","floor":11,"gold_loss":0}],"is_beta":false,"boss_relics":[],"items_purged_floors":[13],"is_endless":false,"potions_floor_spawned":[5,6,14],"killed_by":"The Guardian","ascension_level":7}}