{"host":"Tuck","time":1611965915,"event":{"mods":["BaseMod","Minty Spire (QoL Compilation)","StSLib"],"gold_per_floor":[115,115,115,115,115,154,177,213,213,253,274,293,333,366,366,489,489,513,534,355,355,374,374,418,437,487,518,518,556,570,610,610,738,738,753,776,839,1172,1186,1220,1220,1250,1250,1263,613,629,629,656,656,656,656,656,21,55,55],"floor_reached":56,"language":"ENG","playtime":6869,"items_purged":["Strike_P"],"score":1916,"play_id":"2adef454-61ea-4479-88f0-546c05dbab4d","local_time":"20210129171835","is_ascension_mode":true,"campfire_choices":[{"data":"Apotheosis","floor":15.0,"key":"SMITH"},{"floor":23.0,"key":"RECALL"},{"data":"Fasting2","floor":32.0,"key":"SMITH"}],"circlet_count":0,"master_deck":["Defend_P","Defend_P","Defend_P","Eruption","Vigilance+1","Apotheosis+1","WheelKick","LikeWater","Fasting2+1","Sanctity","CutThroughFate","DevaForm","Perseverance","InnerPeace","Omniscience","FollowUp","MentalFortress","Vault","CutThroughFate","Adaptation","Study+1","FearNoEvil","Fasting2+1","Necronomicurse","MasterReality","CutThroughFate","DeusExMachina","Halt","Indignation+1","WaveOfTheHand+1","Crescendo","Fasting2+1","Nirvana","Nirvana","Wallop","Impatience+1","FollowUp+1","Adaptation"],"relics":["PureWater","Boot","Potion Belt","Matryoshka","Smiling Mask","Calipers","Gambling Chip","Coffee Dripper","Bag of Preparation","Nunchaku","TeardropLocket","Necronomicon","PreservedInsect","Omamori","Fusion Hammer","Incense Burner","Mercury Hourglass","Meat on the Bone","Damaru","StoneCalendar","Vajra","TheAbacus","War Paint","Pantograph","TungstenRod","Ornamental Fan","Gremlin Horn"],"acts_visited":["Exordium","TheCity","TheBeyond","TheEnding"],"potions_floor_usage":[39,39,39,39,55,55,55,55,55],"damage_taken":[{"damage":0.0,"enemies":"Small Slimes","floor":1.0,"turns":4.0},{"damage":0.0,"enemies":"Gremlin Nob","floor":6.0,"turns":2.0},{"damage":0.0,"enemies":"2 Louse","floor":7.0,"turns":3.0},{"damage":0.0,"enemies":"3 Sentries","floor":8.0,"turns":12.0},{"damage":0.0,"enemies":"Lagavulin","floor":10.0,"turns":2.0},{"damage":0.0,"enemies":"Jaw Worm","floor":11.0,"turns":2.0},{"damage":0.0,"enemies":"Exordium Thugs","floor":12.0,"turns":4.0},{"damage":14.0,"enemies":"Gremlin Nob","floor":13.0,"turns":4.0},{"damage":16.0,"enemies":"The Guardian","floor":16.0,"turns":7.0},{"damage":0.0,"enemies":"2 Thieves","floor":18.0,"turns":3.0},{"damage":0.0,"enemies":"Chosen","floor":19.0,"turns":3.0},{"damage":0.0,"enemies":"Sentry and Sphere","floor":22.0,"turns":4.0},{"damage":0.0,"enemies":"Gremlin Leader","floor":24.0,"turns":4.0},{"damage":0.0,"enemies":"3 Cultists","floor":25.0,"turns":4.0},{"damage":7.0,"enemies":"Slavers","floor":27.0,"turns":8.0},{"damage":0.0,"enemies":"Gremlin Leader","floor":29.0,"turns":4.0},{"damage":1.0,"enemies":"Centurion and Healer","floor":30.0,"turns":5.0},{"damage":10.0,"enemies":"Slavers","floor":31.0,"turns":3.0},{"damage":0.0,"enemies":"Automaton","floor":33.0,"turns":7.0},{"damage":0,"enemies":"3 Shapes","floor":35,"turns":3},{"damage":0,"enemies":"Orb Walker","floor":36,"turns":3},{"damage":0,"enemies":"Mind Bloom Boss Battle","floor":37,"turns":6},{"damage":13,"enemies":"Maw","floor":39,"turns":6},{"damage":0,"enemies":"Nemesis","floor":40,"turns":4},{"damage":0,"enemies":"Reptomancer","floor":42,"turns":4},{"damage":7,"enemies":"3 Darklings","floor":44,"turns":4},{"damage":0,"enemies":"4 Shapes","floor":46,"turns":7},{"damage":0,"enemies":"Nemesis","floor":48,"turns":4},{"damage":0,"enemies":"Donu and Deca","floor":50,"turns":6},{"damage":0,"enemies":"Shield and Spear","floor":54,"turns":5},{"damage":0,"enemies":"The Heart","floor":55,"turns":9}],"seed_played":"-2807315019452219055","potions_obtained":[{"floor":6.0,"key":"ColorlessPotion"},{"floor":8.0,"key":"Fire Potion"},{"floor":11.0,"key":"Fire Potion"},{"floor":12.0,"key":"SteroidPotion"},{"floor":31.0,"key":"Ambrosia"},{"floor":39,"key":"FairyPotion"},{"floor":40,"key":"Ancient Potion"},{"floor":47,"key":"EntropicBrew"}],"is_trial":false,"path_per_floor":["M","?","?","?","?","E","M","E","T","E","M","M","E","$","R","B",null,"M","M","$","?","M","R","E","M","T","E","?","E","M","E","R","B",null,"M","M","?","?","M","E","R","E","T","M","$","M","?","E","R","B",null,"R","$","E","B",null],"character_chosen":"WATCHER","items_purchased":["Gambling Chip","FollowUp","MentalFortress","PowerPotion","DuplicationPotion","Adaptation","EntropicBrew","Nirvana","Wallop","Impatience","Vajra","TheAbacus","War Paint","TungstenRod","Ornamental Fan","Adaptation"],"campfire_rested":0,"item_purchase_floors":[14,14,14,14,14,20,20,45,45,45,45,45,45,53,53,53],"current_hp_per_floor":[65,65,70,53,46,46,46,46,46,46,46,46,32,32,32,16,70,70,70,70,70,70,70,70,70,70,63,47,47,46,36,36,36,70,70,70,70,70,64,64,64,64,64,57,57,57,57,57,57,70,70,70,70,70,70],"gold":55,"neow_bonus":"RANDOM_COLORLESS_2","is_daily":false,"chose_seed":false,"campfire_upgraded":2,"win_rate":0.0,"timestamp":1611965915,"path_taken":["M","?","?","?","?","E","?","E","T","E","M","M","E","?","R","BOSS","M","M","$","?","M","R","E","M","T","E","?","E","M","E","R","BOSS","M","M","?","?","M","E","R","E","T","M","$","M","?","E","R","BOSS","R","$","E","BOSS"],"items_purchased_type":["Relic","Card","Card","Potion","Potion","Card","Potion","Card","Card","Card","Relic","Relic","Relic","Relic","Relic","Card"],"build_version":"2020-12-18","purchased_purges":1,"victory":true,"max_hp_per_floor":[65,65,70,70,70,70,70,70,70,70,70,70,70,70,70,70,70,70,70,70,70,70,70,70,70,70,70,70,70,70,70,70,70,70,70,70,70,70,70,70,70,70,70,70,70,70,70,70,70,70,70,70,70,70,70],"card_choices":[{"not_picked":["Thinking Ahead","Chrysalis"],"picked":"Apotheosis","floor":0.0},{"not_picked":["Vengeance","EmptyBody"],"picked":"WheelKick","floor":1.0},{"not_picked":["Indignation","FlurryOfBlows"],"picked":"Fasting2","floor":6.0},{"not_picked":["JustLucky","Crescendo"],"picked":"Sanctity","floor":7.0},{"not_picked":["JustLucky","Fasting2"],"picked":"CutThroughFate","floor":8.0},{"not_picked":["WaveOfTheHand","BowlingBash"],"picked":"DevaForm","floor":10.0},{"not_picked":["JustLucky","Consecrate"],"picked":"Perseverance","floor":11.0},{"not_picked":["FlyingSleeves","Worship"],"picked":"InnerPeace","floor":12.0},{"not_picked":["Protect","FlurryOfBlows"],"picked":"Omniscience","floor":13.0},{"not_picked":["Establishment","DevaForm"],"picked":"Vault","floor":16.0},{"not_picked":["EmptyFist","CrushJoints+1","Crescendo"],"picked":"SKIP","floor":18.0},{"not_picked":["DeceiveReality","Halt"],"picked":"CutThroughFate","floor":19.0},{"not_picked":["FlyingSleeves+1","Blasphemy","ThirdEye+1"],"picked":"SKIP","floor":22.0},{"not_picked":["FlyingSleeves","PathToVictory"],"picked":"Study+1","floor":24.0},{"not_picked":["Protect","CarveReality"],"picked":"FearNoEvil","floor":25.0},{"not_picked":["WaveOfTheHand","CarveReality"],"picked":"Fasting2+1","floor":27.0},{"not_picked":["SashWhip","EmptyBody"],"picked":"MasterReality","floor":29.0},{"not_picked":["EmptyFist+1","Protect+1"],"picked":"CutThroughFate","floor":30.0},{"not_picked":["CrushJoints","Consecrate+1","JustLucky"],"picked":"SKIP","floor":31.0},{"not_picked":["Judgement","DevaForm"],"picked":"DeusExMachina","floor":33.0},{"not_picked":["SandsOfTime","BowlingBash+1","Protect+1"],"picked":"SKIP","floor":35},{"not_picked":["PathToVictory+1","Collect"],"picked":"Halt","floor":36},{"not_picked":["SashWhip+1","Vengeance"],"picked":"Indignation+1","floor":37},{"not_picked":["Halt","Consecrate+1"],"picked":"WaveOfTheHand+1","floor":39},{"not_picked":["ThirdEye+1","EmptyFist+1"],"picked":"Crescendo","floor":40},{"not_picked":["DevaForm","Halt"],"picked":"Fasting2+1","floor":42},{"not_picked":["ClearTheMind","EmptyBody"],"picked":"Nirvana","floor":44},{"not_picked":["Prostrate+1","CrushJoints","Sanctity+1"],"picked":"SKIP","floor":46},{"not_picked":["Swivel+1","WreathOfFlame+1"],"picked":"FollowUp+1","floor":48},{"not_picked":["Protect","Swivel","Wish"],"picked":"SKIP","floor":54}],"player_experience":2288997,"relics_obtained":[{"floor":6.0,"key":"Boot"},{"floor":8.0,"key":"Potion Belt"},{"floor":9.0,"key":"Matryoshka"},{"floor":10.0,"key":"Smiling Mask"},{"floor":13.0,"key":"Calipers"},{"floor":24.0,"key":"Bag of Preparation"},{"floor":26.0,"key":"Nunchaku"},{"floor":27.0,"key":"TeardropLocket"},{"floor":28.0,"key":"Necronomicon"},{"floor":29.0,"key":"PreservedInsect"},{"floor":31.0,"key":"Omamori"},{"floor":37,"key":"Incense Burner"},{"floor":40,"key":"Mercury Hourglass"},{"floor":42,"key":"Meat on the Bone"},{"floor":43,"key":"Damaru"},{"floor":43,"key":"StoneCalendar"},{"floor":48,"key":"Pantograph"},{"floor":54,"key":"Gremlin Horn"}],"event_choices":[{"damage_healed":0.0,"max_hp_gain":0.0,"max_hp_loss":0.0,"gold_gain":0.0,"cards_transformed":["Strike_P"],"event_name":"Living Wall","player_choice":"Change","floor":2.0,"gold_loss":0.0,"damage_taken":0.0,"cards_obtained":["LikeWater"]},{"damage_healed":0.0,"max_hp_gain":5.0,"max_hp_loss":0.0,"gold_gain":0.0,"event_name":"Big Fish","player_choice":"Donut","floor":3.0,"gold_loss":0.0,"damage_taken":0.0},{"damage_healed":0.0,"max_hp_gain":0.0,"max_hp_loss":0.0,"gold_gain":0.0,"event_name":"Golden Idol","player_choice":"Take Damage","floor":4.0,"gold_loss":0.0,"damage_taken":17.0,"relics_obtained":["Golden Idol"]},{"cards_removed":["Strike_P"],"damage_healed":0.0,"max_hp_gain":0.0,"max_hp_loss":0.0,"gold_gain":0.0,"event_name":"Golden Wing","player_choice":"Card Removal","floor":5.0,"gold_loss":0.0,"damage_taken":7.0},{"damage_healed":0.0,"max_hp_gain":0.0,"max_hp_loss":0.0,"gold_gain":0.0,"event_name":"Ghosts","player_choice":"Ignored","floor":21.0,"gold_loss":0.0,"damage_taken":0.0},{"damage_healed":0.0,"max_hp_gain":0.0,"max_hp_loss":0.0,"gold_gain":0.0,"event_name":"Cursed Tome","player_choice":"Obtained Book","floor":28.0,"gold_loss":0.0,"damage_taken":16.0},{"damage_healed":0,"gold_gain":0,"player_choice":"Fight","damage_taken":0,"max_hp_gain":0,"max_hp_loss":0,"event_name":"MindBloom","floor":37,"gold_loss":0},{"damage_healed":0,"gold_gain":333,"player_choice":"Gave Idol","damage_taken":0,"max_hp_gain":0,"max_hp_loss":0,"event_name":"The Moai Head","floor":38,"relics_lost":["Golden Idol"],"gold_loss":0},{"damage_healed":0,"gold_gain":0,"player_choice":"Got Potions","damage_taken":0,"max_hp_gain":0,"max_hp_loss":0,"event_name":"Lab","floor":47,"gold_loss":0}],"is_beta":true,"boss_relics":[{"not_picked":["Tiny House","Sozu"],"picked":"Empty Cage"},{"not_picked":["Pandora\u0027s Box","Cursed Key"],"picked":"Fusion Hammer"}],"items_purged_floors":[14],"is_endless":false,"potions_floor_spawned":[6,8,11,12,19,29,31,33,37,39,40,48],"ascension_level":1}}