{"host":"awsx6hu75lh7tsqd","time":1611988614,"event":{"mods":["AchievementEnabler","BaseMod","BetterRewards","Colored Map","Evolution","Minty Spire (QoL Compilation)","Shop Mod","StSLib"],"gold_per_floor":[117,128,145,156,156,190,220,1,1,1,1],"floor_reached":10,"language":"ENG","playtime":432,"items_purged":["Defend_B"],"score":75,"play_id":"6c393941-5f17-46f6-b8cc-6cd0bd08de7c","local_time":"20210129233654","is_ascension_mode":true,"campfire_choices":[],"circlet_count":0,"master_deck":["Strike_B","Strike_B","Strike_B","Defend_B","Defend_B","Defend_B","Zap","Dualcast","Barrage","Ball Lightning","Defragment"],"relics":["EVO:Axolotl","Inserter","Mummified Hand","Bottled Flame"],"acts_visited":[],"potions_floor_usage":[6,6,10,10],"damage_taken":[{"damage":4,"enemies":"Jaw Worm","floor":1,"turns":4},{"damage":7,"enemies":"Small Slimes","floor":2,"turns":4},{"damage":6,"enemies":"Cultist","floor":3,"turns":4},{"damage":23,"enemies":"Lots of Slimes","floor":4,"turns":5},{"damage":30,"enemies":"Gremlin Nob","floor":6,"turns":4},{"damage":18,"enemies":"Lagavulin","floor":10,"turns":2}],"seed_played":"-622236292952802803","potions_obtained":[{"floor":3,"key":"FearPotion"},{"floor":4,"key":"Swift Potion"},{"floor":6,"key":"Swift Potion"}],"is_trial":false,"path_per_floor":["M","M","M","M","?","E","?","$","T","E"],"character_chosen":"DEFECT","items_purchased":["Defragment","LiquidMemories"],"campfire_rested":0,"item_purchase_floors":[8,8],"current_hp_per_floor":[71,64,58,35,35,5,5,5,5,0,0],"gold":1,"neow_bonus":"BOSS_RELIC","is_daily":false,"chose_seed":false,"campfire_upgraded":0,"win_rate":0.0,"timestamp":1611988614,"path_taken":["M","M","M","M","?","E","?","$","T","E"],"items_purchased_type":["Card","Potion"],"build_version":"2020-12-22","purchased_purges":1,"victory":false,"max_hp_per_floor":[75,75,75,75,75,75,75,75,75,75,75],"card_choices":[{"not_picked":["Stack","Undo"],"picked":"Barrage","floor":1},{"not_picked":["Beam Cell","Cold Snap","Rebound"],"picked":"SKIP","floor":2},{"not_picked":["Blizzard","Lockon","Coolheaded"],"picked":"SKIP","floor":3},{"not_picked":["Darkness","Rip and Tear"],"picked":"Ball Lightning","floor":4},{"not_picked":["Hyperbeam","Turbo","Steam"],"picked":"SKIP","floor":6}],"player_experience":112486,"relics_obtained":[{"floor":6,"key":"Mummified Hand"},{"floor":9,"key":"Bottled Flame"}],"event_choices":[{"cards_removed":["Strike_B"],"damage_healed":0,"gold_gain":0,"player_choice":"Forget","damage_taken":0,"max_hp_gain":0,"max_hp_loss":0,"event_name":"Living Wall","floor":5,"gold_loss":0},{"damage_healed":0,"gold_gain":30,"player_choice":"Searched \u00271\u0027 times","damage_taken":0,"max_hp_gain":0,"max_hp_loss":0,"event_name":"Dead Adventurer","floor":7,"gold_loss":0}],"is_beta":false,"boss_relics":[],"items_purged_floors":[8],"is_endless":false,"potions_floor_spawned":[3,4,6],"killed_by":"Lagavulin","ascension_level":2}}