{"host":"363c1o4m0ew2jbar","time":1611998464,"event":{"mods":["AchievementEnabler","BaseMod","Better Note","Downfall","Hubris","Minty Spire (QoL Compilation)","StSLib"],"gold_per_floor":[99,99,99,99,99,132,178,78,228,228,228,228],"floor_reached":10,"language":"ENG","playtime":401,"items_purged":[],"score":60,"play_id":"61ce582f-27cd-4432-806d-c52f9e435f96","local_time":"20210129232104","is_ascension_mode":false,"campfire_choices":[{"floor":1,"key":"RECALL"},{"data":"hubris:DuctTapeCard","floor":8,"key":"SMITH"}],"circlet_count":0,"master_deck":["bronze:Strike","bronze:Strike","bronze:Strike","bronze:Strike","bronze:Defend","bronze:Defend","bronze:Defend","bronze:Defend","bronze:Shell","bronze:Safeguard","Regret","bronze:Repair","hubris:DuctTapeCard+2"],"relics":["bronze:BronzeCore","downfall:HeartsMalice","Art of War","downfall:HeartBlessingBlue"],"acts_visited":["Exordium"],"potions_floor_usage":[10],"damage_taken":[{"damage":0,"enemies":"Jaw Worm","floor":2,"turns":1},{"damage":0,"enemies":"Small Slimes","floor":3,"turns":1},{"damage":0,"enemies":"Cultist","floor":5,"turns":1},{"damage":34,"enemies":"3 Sentries","floor":6,"turns":14},{"damage":54,"enemies":"Lagavulin","floor":10,"turns":13}],"seed_played":"5080541793906566205","potions_obtained":[{"floor":6,"key":"Regen Potion"}],"is_trial":false,"path_per_floor":["R","M","M","?","M","E","T","R","?","E"],"character_chosen":"THE_AUTOMATON","items_purchased":[],"campfire_rested":0,"item_purchase_floors":[],"current_hp_per_floor":[70,70,70,70,70,43,43,53,53,21,21,21],"gold":228,"neow_bonus":"THREE_ENEMY_KILL","is_daily":false,"chose_seed":false,"campfire_upgraded":1,"win_rate":0.0,"timestamp":1611998464,"path_taken":["R","M","M","?","M","E","T","R","?","E"],"items_purchased_type":[],"build_version":"2020-12-22","purchased_purges":0,"victory":false,"max_hp_per_floor":[70,70,70,70,70,70,70,80,80,80,80,80],"card_choices":[{"not_picked":["bronze:Philosophize","bronze:BugBarrage"],"picked":"bronze:Shell","floor":2},{"not_picked":["bronze:BronzeArmor","bronze:Constructor"],"picked":"bronze:Safeguard","floor":3},{"not_picked":["bronze:Constructor","bronze:BitShift"],"picked":"bronze:Repair","floor":5},{"not_picked":["bronze:Allocate","bronze:FineTuning","bronze:FindAndReplace"],"picked":"SKIP","floor":6}],"player_experience":1225137,"relics_obtained":[{"floor":6,"key":"hubris:DuctTape"}],"event_choices":[{"damage_healed":0,"gold_gain":0,"player_choice":"Box","damage_taken":0,"relics_obtained":["Art of War"],"max_hp_gain":0,"max_hp_loss":0,"event_name":"Big Fish","floor":4,"gold_loss":0,"cards_obtained":["Regret"]}],"is_beta":false,"boss_relics":[],"items_purged_floors":[],"is_endless":false,"potions_floor_spawned":[6],"killed_by":"Lagavulin","ascension_level":0}}