{"host":"2e5gbsni44p3458r","time":1611973150,"event":{"mods":["BaseMod","Colored Map","Downfall","Hermit","Minty Spire (QoL Compilation)","Replay The Spire","StSLib","The Cursed"],"gold_per_floor":[99,99,99,99,149,162,208,238,258,258,293,31,65,81,92,187,187,87,100,124,139,239,139,139,171,171,189,208,208,226,63,80,175,175,175,188,207,207,207,257,257,268,168,182,182,68,68,91,102,102,102,132,34,34,34,34],"floor_reached":57,"language":"ENG","playtime":5348,"items_purged":["Normality","Normality","Pain"],"score":1562,"play_id":"0b50f79a-a841-41c7-bebe-5a45116bc634","local_time":"20210130111910","is_ascension_mode":true,"campfire_choices":[{"data":"TheCursedMod:CleanUpWorkshop","floor":1.0,"key":"SMITH"},{"floor":18.0,"key":"RECALL"},{"data":"TheCursedMod:ReleasedKnowledge","floor":23.0,"key":"SMITH"},{"data":"TheCursedMod:HellfireBreathing","floor":26.0,"key":"SMITH"},{"floor":29.0,"key":"REST"},{"data":"TheCursedMod:ManaBullet","floor":43.0,"key":"SMITH"},{"floor":54,"key":"REST"}],"circlet_count":0,"master_deck":["TheCursedMod:Strike_TheCursed","TheCursedMod:Strike_TheCursed","TheCursedMod:Strike_TheCursed","TheCursedMod:Strike_TheCursed","TheCursedMod:Defend_TheCursed","TheCursedMod:Defend_TheCursed","TheCursedMod:Defend_TheCursed","TheCursedMod:Defend_TheCursed","TheCursedMod:CursedWand","TheCursedMod:CleanUpWorkshop+1","TheCursedMod:Dregs","TheCursedMod:LuckyCharm+1","TheCursedMod:Mangle","TheCursedMod:SaltUponWound","TheCursedMod:VitalStrike","Pot Of Greed","Pot Of Greed","TheCursedMod:CircleOfAbyss","ReplayTheSpireMod:Restless Dread","TheCursedMod:VitalStrike","Parasite","TheCursedMod:RapidMovement","TheCursedMod:Obscuration","TheCursedMod:HellfireBreathing+1","TheCursedMod:AbyssShockwave","Pot Of Greed","TheCursedMod:CircleOfBlood","TheCursedMod:ReleasedKnowledge+1","downfall:Haunted","TheCursedMod:DemonSword","TheCursedMod:CircleOfFlame+1","TheCursedMod:WearCloak","TheCursedMod:BlessingInDisguise+1","TheCursedMod:SpitefulPlan","TheCursedMod:CursedStaff+1","TheCursedMod:Stigma","Pot Of Greed","Replay:Hysterical Blindness","TheCursedMod:CollectTribute","TheCursedMod:WearCloak+1","expansioncontent:Chronoboost","Overencumbered","TheCursedMod:ManaBullet+1","Doubt","hermit:ImpendingDoom","TheCursedMod:Hemoplague","Hallucinations","TheCursedMod:SpitefulPray+1","Pot Of Greed"],"relics":["TheCursedMod:BlackMagicAdvanced","downfall:HeartsMalice","Ring of Searing","Ring of Greed","Replay:Wax Seal","Tiny Chest","Grinning Jar","Kunai","Pocketwatch","Bag of Preparation","Replay:Bronze Core","downfall:HeartBlessingGreen","Bag of Marbles","Lizard Tail","Question Card","downfall:HeartBlessingRed","Durian","Chameleon Ring","Letter Opener","downfall:HeartBlessingBlue","WarpedTongs","Blue Candle","Replay:Bottled Flurry","TheCursedMod:Tack","Gremlin Food"],"acts_visited":["Exordium","TheCity","TheBeyond","TheEnding"],"potions_floor_usage":[50,56],"damage_taken":[{"damage":0.0,"enemies":"Jaw Worm","floor":2.0,"turns":1.0},{"damage":0.0,"enemies":"Small Slimes","floor":3.0,"turns":1.0},{"damage":0.0,"enemies":"Cultist","floor":4.0,"turns":1.0},{"damage":21.0,"enemies":"Large Slime","floor":6.0,"turns":8.0},{"damage":29.0,"enemies":"3 Sentries","floor":8.0,"turns":9.0},{"damage":9.0,"enemies":"2 Fungi Beasts","floor":9.0,"turns":3.0},{"damage":26.0,"enemies":"Lagavulin","floor":11.0,"turns":8.0},{"damage":0.0,"enemies":"downfall:FleeingMerchant","floor":12.0,"turns":4.0},{"damage":0.0,"enemies":"3 Sentries","floor":13.0,"turns":6.0},{"damage":1.0,"enemies":"Exordium Thugs","floor":14.0,"turns":4.0},{"damage":3.0,"enemies":"Blue Slaver","floor":15.0,"turns":4.0},{"damage":0.0,"enemies":"SI_SHIV_ARCHETYPE","floor":16.0,"turns":5.0},{"damage":15.0,"enemies":"Chosen","floor":19.0,"turns":4.0},{"damage":18.0,"enemies":"Centurion and Healer","floor":21.0,"turns":5.0},{"damage":18.0,"enemies":"Colosseum Nobs","floor":22.0,"turns":4.0},{"damage":14.0,"enemies":"Slavers","floor":25.0,"turns":2.0},{"damage":19.0,"enemies":"Shelled Parasite and Fungi","floor":27.0,"turns":5.0},{"damage":1.0,"enemies":"Chosen and Byrds","floor":28.0,"turns":4.0},{"damage":0.0,"enemies":"Centurion and Healer","floor":30.0,"turns":5.0},{"damage":0.0,"enemies":"downfall:FleeingMerchant","floor":31.0,"turns":4.0},{"damage":0.0,"enemies":"Snake Plant","floor":32.0,"turns":3.0},{"damage":51.0,"enemies":"DF_ARCHETYPE_CLAW","floor":33.0,"turns":8.0},{"damage":15.0,"enemies":"3 Darklings","floor":36.0,"turns":4.0},{"damage":5.0,"enemies":"Orb Walker","floor":37.0,"turns":2.0},{"damage":8.0,"enemies":"3 Darklings","floor":42.0,"turns":5.0},{"damage":10.0,"enemies":"Sphere and 2 Shapes","floor":44.0,"turns":4.0},{"damage":7.0,"enemies":"downfall:FleeingMerchant","floor":46.0,"turns":3.0},{"damage":6.0,"enemies":"Jaw Worm Horde","floor":49.0,"turns":2.0},{"damage":105,"enemies":"IC_BLOCK_ARCHETYPE","floor":50,"turns":9},{"damage":86,"enemies":"downfall:CharBossMerchant","floor":52,"turns":9},{"damage":5,"enemies":"downfall:NeowBoss","floor":55,"turns":16},{"damage":50,"enemies":"downfall:NeowBossFinal","floor":56,"turns":8}],"seed_played":"1191090794765784468","potions_obtained":[{"floor":9.0,"key":"Venom Potion"},{"floor":13.0,"key":"TheCursedMod:DregsPotion"},{"floor":14.0,"key":"Strength Potion"},{"floor":15.0,"key":"EssenceOfSteel"},{"floor":16.0,"key":"Toxic Potion"},{"floor":21.0,"key":"SkillPotion"},{"floor":22.0,"key":"PowerPotion"},{"floor":27.0,"key":"Block Potion"},{"floor":30.0,"key":"TheCursedMod:DregsPotion"},{"floor":32.0,"key":"FairyPotion"},{"floor":35.0,"key":"champ:CounterPotion"},{"floor":35.0,"key":"Toxic Potion"},{"floor":42.0,"key":"Doom Potion"},{"floor":44.0,"key":"hexamod:SoulburnPotion"}],"is_trial":false,"path_per_floor":["R","M","M","M","?","M","T","E","M","?","E","$","E","M","M","B",null,"R","M","T","M","?","R","T","E","R","M","M","R","M","$","M","B",null,"R","M","M","?","?","T","T","M","R","M","?","$","T","T","M","B",null,"E","$","R","B","B",null],"character_chosen":"THE_CURSED","items_purchased":["TheCursedMod:HellfireBreathing","Block Potion","Adrenaline Potion","TheCursedMod:Stigma","Blue Candle","TheCursedMod:Hemoplague","FairyPotion"],"campfire_rested":2,"item_purchase_floors":[12,12,12,31,46,46,53],"current_hp_per_floor":[75,75,75,75,75,54,54,25,16,34,8,8,8,7,8,12,75,75,66,66,54,42,42,47,39,39,22,25,49,49,51,53,4,80,80,65,60,60,60,60,60,60,70,64,64,61,61,61,65,34,90,16,16,43,78,36],"gold":34,"neow_bonus":"THREE_ENEMY_KILL","is_daily":false,"chose_seed":false,"campfire_upgraded":4,"win_rate":0.0,"timestamp":1611973150,"path_taken":["R","M","M","M","?","M","T","E","M","?","E","?","E","?","M","BOSS","R","M","?","M","?","R","T","E","R","M","M","R","M","$","M","BOSS","R","M","M","?","?","?","T","M","R","?","?","$","?","?","M","BOSS","E","$","R","BOSS","BOSS"],"items_purchased_type":["Card","Potion","Potion","Card","Relic","Card","Potion"],"build_version":"2020-12-22","purchased_purges":3,"victory":true,"max_hp_per_floor":[75,75,75,75,75,75,75,75,75,75,75,75,75,75,75,75,75,75,75,75,75,75,75,80,80,80,80,80,80,80,80,80,80,80,80,80,80,80,80,80,80,80,90,90,90,90,90,90,90,90,90,90,90,90,90,90],"card_choices":[{"not_picked":["TheCursedMod:SmokeScreen","TheCursedMod:TacticalStrike"],"picked":"TheCursedMod:LuckyCharm","floor":2.0},{"not_picked":["TheCursedMod:Torture","TheCursedMod:SurpriseAttack"],"picked":"TheCursedMod:Mangle","floor":3.0},{"not_picked":["TheCursedMod:SpitefulPray","TheCursedMod:SurpriseAttack"],"picked":"TheCursedMod:SaltUponWound","floor":4.0},{"not_picked":["TheCursedMod:CircleOfFlame","TheCursedMod:Obscuration"],"picked":"TheCursedMod:VitalStrike","floor":6.0},{"not_picked":["TheCursedMod:Wield","TheCursedMod:StingEye"],"picked":"TheCursedMod:CircleOfAbyss","floor":8.0},{"not_picked":["TheCursedMod:CircleOfFlame","TheCursedMod:Wield"],"picked":"TheCursedMod:VitalStrike","floor":9.0},{"not_picked":["TheCursedMod:SoulCrush","TheCursedMod:EmpowerCircles"],"picked":"TheCursedMod:RapidMovement","floor":11.0},{"not_picked":["TheCursedMod:EmpowerCircles","TheCursedMod:Torture"],"picked":"TheCursedMod:Obscuration","floor":12.0},{"not_picked":["TheCursedMod:DemonicPact","TheCursedMod:CursedMace"],"picked":"TheCursedMod:AbyssShockwave","floor":13.0},{"not_picked":["TheCursedMod:Torture","TheCursedMod:HellsGateOpen"],"picked":"TheCursedMod:CircleOfBlood","floor":14.0},{"not_picked":["TheCursedMod:AbyssShockwave","TheCursedMod:Obscuration"],"picked":"TheCursedMod:ReleasedKnowledge","floor":15.0},{"not_picked":["TheCursedMod:ShockAndAwe","TheCursedMod:UltimatePain"],"picked":"TheCursedMod:DemonSword","floor":16.0},{"not_picked":["TheCursedMod:RapidMovement","TheCursedMod:Stigma"],"picked":"TheCursedMod:CircleOfFlame+1","floor":19.0},{"not_picked":["TheCursedMod:Grudge","TheCursedMod:CircleOfWindfury"],"picked":"TheCursedMod:FleshFromBone+1","floor":21.0},{"not_picked":["TheCursedMod:Torture","TheCursedMod:FleshFromBone","TheCursedMod:SoulCrush"],"picked":"TheCursedMod:WearCloak","floor":25.0},{"not_picked":["TheCursedMod:RavingStaff","TheCursedMod:CircleOfBlood","TheCursedMod:RapidMovement"],"picked":"TheCursedMod:BlessingInDisguise+1","floor":27.0},{"not_picked":["TheCursedMod:Hemoplague","TheCursedMod:UltimatePain","TheCursedMod:CircleOfFlame"],"picked":"TheCursedMod:SpitefulPlan","floor":28.0},{"not_picked":["TheCursedMod:VitalStrike+1","TheCursedMod:RavingStaff+1","TheCursedMod:StingEye","TheCursedMod:SurpriseAttack+1"],"picked":"SKIP","floor":30.0},{"not_picked":["TheCursedMod:DarkBarrier","TheCursedMod:CircleOfFlame+1","TheCursedMod:Grudge"],"picked":"TheCursedMod:CursedStaff+1","floor":31.0},{"not_picked":["TheCursedMod:SmokeScreen","TheCursedMod:StingEye","TheCursedMod:SurpriseAttack","TheCursedMod:CircleOfFlame"],"picked":"SKIP","floor":32.0},{"not_picked":["TheCursedMod:StunningStrike","TheCursedMod:UltimatePain","TheCursedMod:ParallelWorld"],"picked":"TheCursedMod:CollectTribute","floor":33.0},{"not_picked":["TheCursedMod:SoulReap","TheCursedMod:CursedStaff+1","TheCursedMod:HellsGateOpen+1","TheCursedMod:CircleOfFlame"],"picked":"SKIP","floor":36.0},{"not_picked":["TheCursedMod:SurpriseAttack+1","TheCursedMod:CircleOfBlood","TheCursedMod:EmpowerCircles"],"picked":"TheCursedMod:WearCloak+1","floor":37.0},{"not_picked":["expansioncontent:InvincibleStrength","expansioncontent:GuardianWhirl"],"picked":"expansioncontent:Chronoboost","floor":39.0},{"not_picked":["TheCursedMod:Stretching+1","TheCursedMod:FleshFromBone","TheCursedMod:Torture"],"picked":"TheCursedMod:ManaBullet","floor":42.0},{"not_picked":["TheCursedMod:CircleOfFlame","TheCursedMod:SpreadPlague","TheCursedMod:ShockAndAwe","TheCursedMod:FuryStrike+1"],"picked":"SKIP","floor":44.0},{"not_picked":["TheCursedMod:RapidMovement","TheCursedMod:SurpriseAttack+1","TheCursedMod:CircleOfFlame+1","TheCursedMod:CursedAmulet"],"picked":"SKIP","floor":46.0},{"not_picked":["TheCursedMod:Stretching","TheCursedMod:CircleOfFlame","TheCursedMod:SurpriseAttack+1","TheCursedMod:CursedShiv+1"],"picked":"SKIP","floor":49.0},{"not_picked":["TheCursedMod:Wield+1","TheCursedMod:TacticalStrike+1","TheCursedMod:Stretching"],"picked":"TheCursedMod:SpitefulPray+1","floor":52}],"player_experience":773716,"relics_obtained":[{"floor":5.0,"key":"Ring of Searing"},{"floor":5.0,"key":"Ring of Greed"},{"floor":5.0,"key":"Replay:Wax Seal"},{"floor":5.0,"key":"Tiny Chest"},{"floor":7.0,"key":"Grinning Jar"},{"floor":8.0,"key":"Kunai"},{"floor":11.0,"key":"Pocketwatch"},{"floor":13.0,"key":"Bag of Preparation"},{"floor":20.0,"key":"Bag of Marbles"},{"floor":22.0,"key":"Lizard Tail"},{"floor":22.0,"key":"Question Card"},{"floor":24.0,"key":"Durian"},{"floor":25.0,"key":"Chameleon Ring"},{"floor":41.0,"key":"Letter Opener"},{"floor":47.0,"key":"Replay:Bottled Flurry"},{"floor":48.0,"key":"TheCursedMod:Tack"},{"floor":52,"key":"Gremlin Food"}],"event_choices":[{"damage_healed":18.0,"max_hp_gain":0.0,"max_hp_loss":0.0,"gold_gain":0.0,"event_name":"Mushrooms","player_choice":"Healed and dodged fight","floor":10.0,"gold_loss":0.0,"damage_taken":0.0,"cards_obtained":["Parasite"]},{"cards_removed":["TheCursedMod:FleshFromBone"],"damage_healed":0.0,"max_hp_gain":0.0,"max_hp_loss":0.0,"gold_gain":0.0,"event_name":"Falling","player_choice":"Removed Skill","floor":38.0,"gold_loss":0.0,"damage_taken":0.0},{"damage_healed":0.0,"max_hp_gain":0.0,"max_hp_loss":0.0,"gold_gain":0.0,"event_name":"Accursed Blacksmith","player_choice":"Rummage","floor":45.0,"gold_loss":0.0,"damage_taken":0.0,"relics_obtained":["WarpedTongs"],"cards_obtained":["Pain"]}],"is_beta":false,"boss_relics":[{"not_picked":["Empty Cage","ChewingGum"],"picked":"Replay:Bronze Core"},{"not_picked":["Sozu","Velvet Choker"],"picked":"TheCursedMod:BlackMagicAdvanced"}],"items_purged_floors":[12,31,46],"is_endless":false,"potions_floor_spawned":[9,13,14,15,16,21,22,27,30,32,42,44],"ascension_level":2}}