{"host":"2se5dq1do2gp0x9k","time":1611993658,"event":{"mods":["AchievementEnabler","BaseMod","Block Reminder","Colored Map","Colored Powertips","Minty Spire (QoL Compilation)","Relic Stats","StSLib","SuperFastMode"],"gold_per_floor":[361,361,218,233,308,308,337,21,21,36,68,68,86,118,118,193,193,207,221,52,52,11,11,11],"floor_reached":23,"language":"ENG","playtime":655,"items_purged":["Strike_B"],"score":514,"play_id":"b68e2734-cf9b-43b7-8a66-8e3b421af566","local_time":"20210130000058","is_ascension_mode":true,"campfire_choices":[{"data":"Tempest","floor":6,"key":"SMITH"},{"data":"Redo","floor":12,"key":"SMITH"},{"data":"Capacitor","floor":15,"key":"SMITH"}],"circlet_count":0,"master_deck":["AscendersBane","Strike_B","Strike_B","Strike_B","Defend_B","Defend_B","Defend_B","Defend_B","Zap","Dualcast","Electrodynamics","Ball Lightning","Tempest+1","Core Surge","Multi-Cast","Redo+1","Tempest","Leap","Capacitor+1","Hologram","Cold Snap+1","Defragment","Chill"],"relics":["Cracked Core","Bottled Flame","Lee\u0027s Waffle","Sundial","StrikeDummy","Bag of Preparation","Snecko Eye","Chemical X"],"acts_visited":["Exordium","TheCity"],"potions_floor_usage":[16,23],"damage_taken":[{"damage":0,"enemies":"2 Louse","floor":1,"turns":3},{"damage":7,"enemies":"Jaw Worm","floor":4,"turns":3},{"damage":30,"enemies":"Lagavulin","floor":7,"turns":6},{"damage":0,"enemies":"Small Slimes","floor":10,"turns":2},{"damage":30,"enemies":"3 Sentries","floor":11,"turns":4},{"damage":6,"enemies":"3 Louse","floor":13,"turns":2},{"damage":14,"enemies":"Gremlin Nob","floor":14,"turns":3},{"damage":0,"enemies":"Slime Boss","floor":16,"turns":6},{"damage":0,"enemies":"3 Byrds","floor":18,"turns":1},{"damage":18,"enemies":"2 Thieves","floor":19,"turns":3},{"damage":56,"enemies":"Book of Stabbing","floor":23,"turns":4}],"seed_played":"-7264704165823895662","potions_obtained":[{"floor":1,"key":"Regen Potion"},{"floor":13,"key":"EssenceOfSteel"},{"floor":14,"key":"FearPotion"}],"is_trial":false,"path_per_floor":["M","?","$","M","?","R","E","$","T","M","E","R","M","E","R","B",null,"M","M","$","?","$","E"],"character_chosen":"DEFECT","items_purchased":["Electrodynamics","Ball Lightning","Multi-Cast","Lee\u0027s Waffle","Chemical X","Chill"],"campfire_rested":0,"item_purchase_floors":[3,3,8,8,20,22],"current_hp_per_floor":[46,69,69,62,51,51,21,78,78,78,48,48,42,28,28,43,69,69,51,51,51,51,0,0],"gold":11,"neow_bonus":"TWO_FIFTY_GOLD","is_daily":false,"chose_seed":false,"campfire_upgraded":3,"win_rate":0.0,"timestamp":1611993658,"path_taken":["M","?","$","M","?","R","E","$","T","M","E","R","M","E","R","BOSS","M","M","$","?","$","E"],"items_purchased_type":["Card","Card","Card","Relic","Relic","Card"],"build_version":"2020-12-22","purchased_purges":1,"victory":false,"max_hp_per_floor":[71,71,71,71,71,71,71,78,78,78,78,78,78,78,78,78,78,78,78,78,78,78,78,78],"relic_stats":{"Lee\u0027s Waffle":57,"counters":[11,37],"Sundial":[2],"Snecko Eye":[12,8,16,13],"Bag of Preparation":[8],"Chemical X":[4],"obtain_stats":[{"Bottled Flame":7,"Lee\u0027s Waffle":8,"Sundial":9,"Snecko Eye":17,"Bag of Preparation":14,"Chemical X":20,"Cracked Core":0,"StrikeDummy":11},{"Bottled Flame":3,"Lee\u0027s Waffle":3,"Sundial":3,"Snecko Eye":8,"Bag of Preparation":7,"Chemical X":10,"Cracked Core":0,"StrikeDummy":5},{"Bottled Flame":12,"Lee\u0027s Waffle":12,"Sundial":12,"Snecko Eye":29,"Bag of Preparation":23,"Chemical X":33,"Cracked Core":0,"StrikeDummy":18}]},"card_choices":[{"not_picked":["Recycle","Hello World","Barrage"],"picked":"SKIP","floor":1},{"not_picked":["Go for the Eyes","Turbo"],"picked":"Tempest","floor":4},{"not_picked":["Loop","Conserve Battery"],"picked":"Core Surge","floor":7},{"not_picked":["Consume","Darkness"],"picked":"Redo","floor":10},{"not_picked":["Gash","Rebound"],"picked":"Tempest","floor":11},{"not_picked":["Ball Lightning","Rebound"],"picked":"Leap","floor":13},{"not_picked":["Loop","Coolheaded"],"picked":"Capacitor","floor":14},{"not_picked":["Cold Snap","Steam"],"picked":"Hologram","floor":18},{"not_picked":["Barrage","Chaos"],"picked":"Cold Snap+1","floor":19}],"player_experience":3987980,"relics_obtained":[{"floor":7,"key":"Bottled Flame"},{"floor":9,"key":"Sundial"},{"floor":11,"key":"StrikeDummy"},{"floor":14,"key":"Bag of Preparation"}],"event_choices":[{"damage_healed":23,"gold_gain":0,"player_choice":"Banana","damage_taken":0,"max_hp_gain":0,"max_hp_loss":0,"event_name":"Big Fish","floor":2,"gold_loss":0},{"damage_healed":0,"gold_gain":75,"player_choice":"Gather Gold","damage_taken":11,"max_hp_gain":0,"max_hp_loss":0,"event_name":"World of Goop","floor":5,"gold_loss":0},{"damage_healed":0,"gold_gain":0,"player_choice":"Read","damage_taken":0,"max_hp_gain":0,"max_hp_loss":0,"event_name":"The Library","floor":21,"gold_loss":0,"cards_obtained":["Defragment"]}],"is_beta":false,"boss_relics":[{"not_picked":["Velvet Choker","Fusion Hammer"],"picked":"Snecko Eye"}],"items_purged_floors":[8],"is_endless":false,"potions_floor_spawned":[1,13,14],"killed_by":"Book of Stabbing","ascension_level":20}}