{"host":"1p8eqzpvl5sxeu5t","time":1611973902,"event":{"mods":["BaseMod","Bestiary","Block Reminder","Colored Map","Colored Powertips","Curses Come First","Downfall","Highlight Path","Minty Spire (QoL Compilation)","Relic Stats","StSLib","The IronCluck","Waifu the Spire","everything is the same but u backflip on backflip","slay the spire mod where everything is the same but ironclad has a cowboy hat"],"gold_per_floor":[99,119,129,47,47,82,82,95,128,144,159,193,31,45,59,59,59,59],"floor_reached":16,"language":"ENG","playtime":1033,"items_purged":[],"score":149,"play_id":"2ef6bc88-592e-4b44-a2f5-063859014b99","local_time":"20210130103142","is_ascension_mode":true,"campfire_choices":[{"data":"Guardian:CurlUp","floor":1,"key":"SMITH"}],"circlet_count":0,"master_deck":["Guardian:Strike_Guardian","Guardian:Strike_Guardian","Guardian:Strike_Guardian","Guardian:Strike_Guardian","Guardian:Defend_Guardian","Guardian:Defend_Guardian","Guardian:Defend_Guardian","Guardian:Defend_Guardian","Guardian:CurlUp+1","Guardian:TwinSlam","Guardian:GemFire","Guardian:Gem_Cyan","Guardian:Reroute","Guardian:Gem_Fragmented","Guardian:Clone","Guardian:CompilePackage","Guardian:PrimingBeam","Guardian:Gem_Fragmented","Guardian:Gem_Yellow","Guardian:PrismaticBeam","Guardian:Gem_Purple","Guardian:PrismaticBarrier"],"relics":["Guardian:ModeShifter","Boot","Thread and Needle","Toy Ornithopter","Ancient Tea Set","champ:Barbells"],"acts_visited":["Exordium"],"potions_floor_usage":[9,12,16],"damage_taken":[{"damage":2,"enemies":"Jaw Worm","floor":2,"turns":4},{"damage":1,"enemies":"Cultist","floor":3,"turns":3},{"damage":0,"enemies":"downfall:FleeingMerchant","floor":4,"turns":4},{"damage":16,"enemies":"Gremlin Nob","floor":6,"turns":4},{"damage":1,"enemies":"Small Slimes","floor":8,"turns":4},{"damage":13,"enemies":"3 Sentries","floor":9,"turns":6},{"damage":0,"enemies":"Gremlin Gang","floor":10,"turns":4},{"damage":1,"enemies":"2 Fungi Beasts","floor":11,"turns":3},{"damage":16,"enemies":"Lagavulin","floor":12,"turns":3},{"damage":1,"enemies":"downfall:FleeingMerchant","floor":13,"turns":4},{"damage":12,"enemies":"Exordium Thugs","floor":14,"turns":4},{"damage":0,"enemies":"Large Slime","floor":15,"turns":2},{"damage":41,"enemies":"WA_ARCHETYPE_RETAIN","floor":16,"turns":7}],"seed_played":"-5146507985061163127","potions_obtained":[{"floor":6,"key":"Block Potion"},{"floor":8,"key":"CultistPotion"},{"floor":11,"key":"Fire Potion"},{"floor":12,"key":"LiquidBronze"},{"floor":14,"key":"bronze:BurnAndBuffPotion"}],"is_trial":false,"path_per_floor":["R","M","M","$","?","E","T","M","E","M","M","E","$","M","M","B"],"character_chosen":"GUARDIAN","items_purchased":["Guardian:Clone","champ:Barbells"],"campfire_rested":0,"item_purchase_floors":[4,13],"current_hp_per_floor":[80,78,77,77,80,64,64,63,50,50,49,38,37,25,25,0,0,0],"gold":59,"neow_bonus":"ONE_RANDOM_RARE_CARD","is_daily":false,"chose_seed":false,"campfire_upgraded":1,"win_rate":0.0,"timestamp":1611973902,"path_taken":["R","M","M","$","?","E","T","M","E","M","M","E","$","M","M","BOSS"],"items_purchased_type":["Card","Relic"],"build_version":"2020-12-22","purchased_purges":0,"victory":false,"max_hp_per_floor":[80,80,80,80,80,80,80,80,80,80,80,80,80,80,80,80,80,80],"relic_stats":{"counters":[13,51],"Boot":[72],"obtain_stats":[{"champ:Barbells":13,"Guardian:ModeShifter":0,"Thread and Needle":7,"Boot":6,"Ancient Tea Set":12,"Toy Ornithopter":9},{"champ:Barbells":10,"Guardian:ModeShifter":0,"Thread and Needle":4,"Boot":4,"Ancient Tea Set":9,"Toy Ornithopter":6},{"champ:Barbells":38,"Guardian:ModeShifter":0,"Thread and Needle":15,"Boot":15,"Ancient Tea Set":34,"Toy Ornithopter":25}],"Toy Ornithopter":10},"card_choices":[{"not_picked":["Guardian:Recover","Guardian:TemporalShield"],"picked":"Guardian:Gem_Cyan","floor":2},{"not_picked":["Guardian:VentSteam","Guardian:MultiBeam"],"picked":"Guardian:Reroute","floor":3},{"not_picked":["Guardian:Gem_Blue","Guardian:ChargeCore"],"picked":"Guardian:Gem_Fragmented","floor":4},{"not_picked":["Guardian:TemporalShield","Guardian:Emergency"],"picked":"Guardian:CompilePackage","floor":6},{"not_picked":["Guardian:ShieldCharger","Guardian:WalkerClaw"],"picked":"Guardian:PrimingBeam","floor":8},{"not_picked":["Guardian:Gem_Crimson","Guardian:Planning"],"picked":"Guardian:Gem_Fragmented","floor":9},{"not_picked":["Guardian:ShieldCharger","Guardian:CrystalBeam"],"picked":"Guardian:Gem_Yellow","floor":10},{"not_picked":["Guardian:RefractedBeam","Guardian:Incinerate"],"picked":"Guardian:PrismaticBeam","floor":11},{"not_picked":["Guardian:SentryBeam","Guardian:Orbwalk"],"picked":"Guardian:Gem_Purple","floor":12},{"not_picked":["Guardian:ShieldCharger","Guardian:PolyBeam","Guardian:Reroute"],"picked":"SKIP","floor":13},{"not_picked":["Guardian:TimeCapacitor","Guardian:Emergency","Guardian:TemporalShield"],"picked":"SKIP","floor":14},{"not_picked":["Guardian:TimeCapacitor","Guardian:Emergency","Guardian:TemporalShield"],"picked":"SKIP","floor":14},{"not_picked":["Guardian:Emergency","Guardian:PrismaticBeam"],"picked":"Guardian:PrismaticBarrier","floor":15}],"player_experience":873038,"relics_obtained":[{"floor":6,"key":"Boot"},{"floor":7,"key":"Thread and Needle"},{"floor":9,"key":"Toy Ornithopter"},{"floor":12,"key":"Ancient Tea Set"}],"event_choices":[{"damage_healed":3,"gold_gain":0,"player_choice":"Full Heal","damage_taken":0,"max_hp_gain":0,"max_hp_loss":0,"event_name":"Wheel of Change","floor":5,"gold_loss":0}],"is_beta":false,"boss_relics":[],"items_purged_floors":[],"is_endless":false,"potions_floor_spawned":[6,8,11,12,14,15],"killed_by":"WA_ARCHETYPE_RETAIN","ascension_level":4}}