{"host":"qeogwbudlaqzb6hy","time":1611999432,"event":{"mods":["BaseMod","Downfall","Minty Spire (QoL Compilation)","StSLib"],"gold_per_floor":[99,119,137,154,168,181,181,195,195,205,240,240,274,293,309,404,404,304,314,314,157,172,172,195,208,208,208,241,241,264,289,307,412,412,412,422,51,70,70,70,123,153,153,178,197,278,278,306,319,319],"floor_reached":51,"language":"ENG","playtime":3067,"items_purged":["Writhe","Pride"],"score":903,"play_id":"c611df3e-3d41-4b2d-a9a9-21bb7b759763","local_time":"20210130193712","is_ascension_mode":true,"campfire_choices":[{"data":"Slimebound:Teamwork","floor":1,"key":"SMITH"},{"data":"Slimebound:TagTeam","floor":9,"key":"SMITH"},{"data":"Slimebound:SlimeBarrage","floor":12,"key":"SMITH"},{"data":"Slimebound:Darklings","floor":18,"key":"SMITH"},{"data":"Slimebound:CorrosiveSpit","floor":23,"key":"SMITH"},{"data":"Slimebound:Split","floor":27,"key":"SMITH"},{"data":"Slimebound:DuplicatedForm","floor":35,"key":"SMITH"},{"data":"expansioncontent:YouAreMine","floor":40,"key":"SMITH"},{"data":"Slimebound:MinionMaster","floor":47,"key":"SMITH"}],"circlet_count":0,"master_deck":["Slimebound:Strike_Slimebound","Slimebound:Strike_Slimebound","Slimebound:Strike_Slimebound","Slimebound:Tackle","Slimebound:Defend_Slimebound","Slimebound:Defend_Slimebound","Slimebound:Defend_Slimebound","Slimebound:Defend_Slimebound","Slimebound:Split+1","Slimebound:CorrosiveSpit+1","Slimebound:Teamwork+1","Slimebound:SplitAcid","Slimebound:LivingWall","Slimebound:SlimeBarrage+1","Slimebound:SplitMire","Slimebound:SamplingLick","Slimebound:TagTeam+1","Slimebound:Prepare","Slimebound:SplitLeeching","Slimebound:Teamwork","Slimebound:Gluttony","Slimebound:Darklings+1","Slimebound:GoopSpray+1","Slimebound:SplitMire","Slimebound:SplitSpecialist","Slimebound:SplitLeeching","Slimebound:MinionMaster+1","Slimebound:SplitLeeching+1","Slimebound:DuplicatedForm+1","expansioncontent:YouAreMine+1","Slimebound:SplitMire","Slimebound:SplitLeeching+1","Slimebound:SplitLeeching","Slimebound:LeadByExample","Slimebound:TongueLash+1"],"relics":["Slimebound:AbsorbEndCombat","Gremlin Horn","Question Card","Shuriken","Busted Crown","downfall:HeartBlessingGreen","Dream Catcher","Ancient Tea Set","TungstenRod","Darkstone Periapt","MutagenicStrength","Slimebound:AggressiveSlimeRelic","Slimebound:MaxSlimesRelic","Sozu","Letter Opener","MealTicket","White Beast Statue","Mummified Hand","Pantograph","Bottled Flame","Bottled Lightning"],"acts_visited":["Exordium","TheCity","TheBeyond"],"potions_floor_usage":[15,28,31],"damage_taken":[{"damage":5,"enemies":"Jaw Worm","floor":2,"turns":5},{"damage":3,"enemies":"Small Slimes","floor":3,"turns":3},{"damage":0,"enemies":"2 Louse","floor":4,"turns":3},{"damage":19,"enemies":"Exordium Thugs","floor":5,"turns":6},{"damage":17,"enemies":"Exordium Wildlife","floor":6,"turns":4},{"damage":0,"enemies":"Blue Slaver","floor":8,"turns":4},{"damage":8,"enemies":"Exordium Thugs","floor":10,"turns":5},{"damage":3,"enemies":"Lagavulin","floor":11,"turns":7},{"damage":16,"enemies":"Gremlin Nob","floor":13,"turns":4},{"damage":0,"enemies":"Exordium Wildlife","floor":14,"turns":2},{"damage":2,"enemies":"Gremlin Gang","floor":15,"turns":3},{"damage":14,"enemies":"WA_ARCHETYPE_RETAIN","floor":16,"turns":7},{"damage":7,"enemies":"Shell Parasite","floor":19,"turns":3},{"damage":3,"enemies":"downfall:FleeingMerchant","floor":21,"turns":4},{"damage":3,"enemies":"Centurion and Healer","floor":22,"turns":5},{"damage":22,"enemies":"3 Cultists","floor":25,"turns":5},{"damage":0,"enemies":"Gremlin Leader","floor":28,"turns":5},{"damage":4,"enemies":"Slavers","floor":31,"turns":3},{"damage":0,"enemies":"Sentry and Sphere","floor":32,"turns":4},{"damage":15,"enemies":"SI_MIRROR_ARCHETYPE","floor":33,"turns":7},{"damage":3,"enemies":"Orb Walker","floor":36,"turns":2},{"damage":0,"enemies":"downfall:FleeingMerchant","floor":37,"turns":4},{"damage":0,"enemies":"3 Darklings","floor":38,"turns":3},{"damage":14,"enemies":"Reptomancer","floor":42,"turns":5},{"damage":2,"enemies":"Nemesis","floor":44,"turns":7},{"damage":16,"enemies":"4 Shapes","floor":45,"turns":3},{"damage":13,"enemies":"Giant Head","floor":48,"turns":8},{"damage":3,"enemies":"Transient","floor":49,"turns":5},{"damage":25,"enemies":"IC_BLOCK_ARCHETYPE","floor":50,"turns":9}],"seed_played":"-6693159976864780059","potions_obtained":[{"floor":4,"key":"EntropicBrew"},{"floor":5,"key":"Swift Potion"},{"floor":6,"key":"ColorlessPotion"},{"floor":19,"key":"GamblersBrew"},{"floor":28,"key":"SneckoOil"},{"floor":33,"key":"DistilledChaos"}],"is_trial":false,"path_per_floor":["R","M","M","M","M","M","T","M","R","M","E","R","E","M","M","B",null,"R","M","?","$","M","R","T","M","?","R","E","?","T","E","M","B",null,"R","M","$","M","?","R","T","E","?","E","M","T","R","E","M","B",null],"character_chosen":"SLIMEBOUND","items_purchased":["Slimebound:SplitSpecialist","Letter Opener"],"campfire_rested":0,"item_purchase_floors":[21,37],"current_hp_per_floor":[65,63,62,64,53,40,40,42,42,40,41,41,29,31,29,23,65,65,60,60,61,64,64,64,46,46,46,54,54,54,58,60,53,65,65,64,65,65,65,65,65,65,65,65,49,49,49,44,45,56],"gold":319,"neow_bonus":"ONE_RANDOM_RARE_CARD","is_daily":false,"chose_seed":false,"campfire_upgraded":9,"win_rate":0.0,"timestamp":1611999432,"path_taken":["R","M","M","M","M","M","T","M","R","M","E","R","E","M","M","BOSS","R","M","?","$","M","R","T","M","?","R","E","?","?","E","M","BOSS","R","M","$","M","?","R","T","E","?","E","M","?","R","E","M","BOSS"],"items_purchased_type":["Card","Relic"],"build_version":"2020-12-22","purchased_purges":2,"victory":true,"max_hp_per_floor":[65,65,65,65,65,65,65,65,65,65,65,65,65,65,65,65,65,65,65,65,65,65,65,65,65,65,65,65,65,65,65,65,65,65,65,65,65,65,65,65,65,65,65,65,65,65,65,65,65,65],"card_choices":[{"not_picked":["Slimebound:LeechingTouch","Slimebound:Chomp"],"picked":"Slimebound:SplitAcid","floor":2},{"not_picked":["Slimebound:SlimeSpikes","Slimebound:GoopTackle"],"picked":"Slimebound:LivingWall","floor":3},{"not_picked":["Slimebound:SlimeTap","Slimebound:ProtectTheBoss"],"picked":"Slimebound:SlimeBarrage","floor":4},{"not_picked":["Slimebound:PressTheAttack","Slimebound:RainOfGoop"],"picked":"Slimebound:SplitMire","floor":5},{"not_picked":["Slimebound:ServeAndProtect","Slimebound:BestDefense"],"picked":"Slimebound:SamplingLick","floor":6},{"not_picked":["Slimebound:ComboTackle","Slimebound:ItLooksTasty"],"picked":"Slimebound:TagTeam","floor":8},{"not_picked":["Slimebound:FinishingTackle","Slimebound:RollThrough"],"picked":"Slimebound:Prepare","floor":10},{"not_picked":["Slimebound:SplitAcid","Slimebound:Schlurp"],"picked":"Slimebound:SplitLeeching","floor":11},{"not_picked":["Slimebound:ForwardTackle","Slimebound:PressTheAttack","Slimebound:Prepare"],"picked":"Slimebound:Teamwork","floor":13},{"not_picked":["Slimebound:FormOfPuddle","Slimebound:PressTheAttack","Slimebound:LeechingTouch","Slimebound:RainOfGoop"],"picked":"SKIP","floor":14},{"not_picked":["Slimebound:TongueLash","Slimebound:SlimeSpikes","Slimebound:HauntingLick"],"picked":"Slimebound:Gluttony","floor":15},{"not_picked":["Slimebound:CheckThePlaybook","Slimebound:WasteNot","Slimebound:OozeBath"],"picked":"Slimebound:Darklings","floor":16},{"not_picked":["Slimebound:FormOfPuddle"],"picked":"Slimebound:GoopSpray+1","floor":19},{"not_picked":["Slimebound:Nibble"],"picked":"Slimebound:SplitMire","floor":21},{"not_picked":["Slimebound:SplitMire","Slimebound:RollThrough"],"picked":"SKIP","floor":22},{"not_picked":["Slimebound:ServeAndProtect"],"picked":"Slimebound:SplitLeeching","floor":25},{"not_picked":["Slimebound:DisruptingSlam"],"picked":"Slimebound:MinionMaster","floor":28},{"not_picked":["Slimebound:Chomp"],"picked":"Slimebound:SplitLeeching+1","floor":31},{"not_picked":["Slimebound:Dissolve+1","Slimebound:LivingWall"],"picked":"SKIP","floor":32},{"not_picked":["Slimebound:PrepareCrush"],"picked":"Slimebound:DuplicatedForm","floor":33},{"not_picked":["Slimebound:Prepare","Slimebound:RainOfGoop"],"picked":"SKIP","floor":36},{"not_picked":["Slimebound:SlimeSlap","Slimebound:RainOfGoop"],"picked":"SKIP","floor":37},{"not_picked":["Slimebound:Schlurp+1","Slimebound:LivingWall+1"],"picked":"SKIP","floor":38},{"not_picked":["expansioncontent:HyperBeam","expansioncontent:LastStand"],"picked":"expansioncontent:YouAreMine","floor":39},{"not_picked":["Slimebound:DisruptingSlam+1"],"picked":"Slimebound:SplitMire","floor":42},{"not_picked":["Slimebound:LeechEnergy+1"],"picked":"Slimebound:SplitLeeching+1","floor":44},{"not_picked":["Slimebound:Schlurp+1"],"picked":"Slimebound:SplitLeeching","floor":45},{"not_picked":["Slimebound:SplitBruiser+1"],"picked":"Slimebound:LeadByExample","floor":48},{"not_picked":["Slimebound:PressTheAttack"],"picked":"Slimebound:TongueLash+1","floor":49}],"player_experience":336763,"relics_obtained":[{"floor":7,"key":"Gremlin Horn"},{"floor":11,"key":"Question Card"},{"floor":13,"key":"Shuriken"},{"floor":24,"key":"Ancient Tea Set"},{"floor":28,"key":"Darkstone Periapt"},{"floor":30,"key":"Slimebound:AggressiveSlimeRelic"},{"floor":31,"key":"Slimebound:MaxSlimesRelic"},{"floor":41,"key":"MealTicket"},{"floor":42,"key":"White Beast Statue"},{"floor":43,"key":"Mummified Hand"},{"floor":44,"key":"Pantograph"},{"floor":46,"key":"Bottled Flame"},{"floor":48,"key":"Bottled Lightning"}],"event_choices":[{"damage_healed":0,"gold_gain":0,"player_choice":"Stole Relic","damage_taken":0,"relics_obtained":["TungstenRod"],"max_hp_gain":0,"max_hp_loss":0,"event_name":"Addict","floor":26,"gold_loss":0,"cards_obtained":["Pride"]},{"damage_healed":0,"gold_gain":0,"player_choice":"Inject Mutagens","damage_taken":0,"relics_obtained":["MutagenicStrength"],"max_hp_gain":0,"max_hp_loss":0,"event_name":"Drug Dealer","floor":29,"gold_loss":0}],"is_beta":false,"boss_relics":[{"not_picked":["Coffee Dripper","Fusion Hammer"],"picked":"Busted Crown"},{"not_picked":["Slimebound:TarBlob","Slimebound:AbsorbEndCombatUpgraded"],"picked":"Sozu"}],"items_purged_floors":[21,37],"is_endless":false,"potions_floor_spawned":[4,5,6,11,13,19,25,28,33,38,42,44,45,48,49],"ascension_level":1}}