{"host":"2se5dq1do2gp0x9k","time":1611977259,"event":{"mods":["AchievementEnabler","BaseMod","Block Reminder","Colored Map","Colored Powertips","Minty Spire (QoL Compilation)","Relic Stats","StSLib","SuperFastMode"],"gold_per_floor":[109,120,16,30,30,30,30,65,65,65,65,76,103,15,15,89,89,104,115,127,127,127],"floor_reached":21,"language":"ENG","playtime":932,"items_purged":[],"score":378,"play_id":"65d782ed-ee8e-403f-884b-773295563824","local_time":"20210129192739","is_ascension_mode":true,"campfire_choices":[{"data":"Sweeping Beam","floor":6,"key":"SMITH"},{"floor":11,"key":"REST"},{"data":"Hello World","floor":15,"key":"SMITH"}],"circlet_count":0,"master_deck":["AscendersBane","Strike_B+1","Strike_B","Strike_B","Defend_B","Defend_B","Defend_B+1","Defend_B","Zap","Dualcast","Dramatic Entrance","Conserve Battery","Hello World+1","Stack","Sweeping Beam+1","Hologram","Coolheaded","Core Surge","Double Energy","Echo Form","Leap","Stack"],"relics":["Cracked Core","Peace Pipe","Dead Branch","Snecko Eye"],"acts_visited":["Exordium","TheCity"],"potions_floor_usage":[12,16,16,19,21,21],"damage_taken":[{"damage":0,"enemies":"2 Louse","floor":1,"turns":2},{"damage":7,"enemies":"Jaw Worm","floor":2,"turns":3},{"damage":0,"enemies":"Cultist","floor":4,"turns":4},{"damage":15,"enemies":"Lagavulin","floor":8,"turns":7},{"damage":0,"enemies":"Lots of Slimes","floor":12,"turns":1},{"damage":5,"enemies":"3 Sentries","floor":13,"turns":6},{"damage":18,"enemies":"Slime Boss","floor":16,"turns":11},{"damage":25,"enemies":"Shell Parasite","floor":18,"turns":4},{"damage":7,"enemies":"2 Thieves","floor":19,"turns":3},{"damage":10,"enemies":"Snake Plant","floor":20,"turns":6},{"damage":21,"enemies":"Shelled Parasite and Fungi","floor":21,"turns":4}],"seed_played":"-4912905586685473312","potions_obtained":[{"floor":2,"key":"DuplicationPotion"},{"floor":4,"key":"Block Potion"},{"floor":12,"key":"EssenceOfSteel"},{"floor":13,"key":"Regen Potion"},{"floor":16,"key":"Energy Potion"},{"floor":18,"key":"BlessingOfTheForge"},{"floor":19,"key":"SneckoOil"}],"is_trial":false,"path_per_floor":["M","M","$","M","$","R","?","E","T","?","R","M","E","$","R","B",null,"M","M","M","M"],"character_chosen":"DEFECT","items_purchased":["Stack","Sweeping Beam","Double Energy"],"campfire_rested":1,"item_purchase_floors":[3,3,14],"current_hp_per_floor":[64,57,57,57,57,57,36,21,21,14,35,35,30,30,30,27,60,35,28,18,0,0],"gold":127,"neow_bonus":"RANDOM_COLORLESS","is_daily":false,"chose_seed":false,"campfire_upgraded":2,"win_rate":0.0,"timestamp":1611977259,"path_taken":["M","M","$","M","$","R","?","E","T","?","R","M","E","?","R","BOSS","M","?","M","?"],"items_purchased_type":["Card","Card","Card"],"build_version":"2020-12-22","purchased_purges":0,"victory":false,"max_hp_per_floor":[71,71,71,71,71,71,71,71,71,71,71,71,71,71,71,71,71,71,71,71,71,71],"relic_stats":{"Peace Pipe":0,"counters":[11,51],"Dead Branch":[44],"Snecko Eye":[38,33,33,40],"obtain_stats":[{"Peace Pipe":8,"Dead Branch":9,"Snecko Eye":17,"Cracked Core":0},{"Peace Pipe":4,"Dead Branch":4,"Snecko Eye":7,"Cracked Core":0},{"Peace Pipe":16,"Dead Branch":16,"Snecko Eye":34,"Cracked Core":0}]},"card_choices":[{"not_picked":["Madness","Forethought"],"picked":"Dramatic Entrance","floor":0},{"not_picked":["Rebound","Force Field"],"picked":"Conserve Battery","floor":1},{"not_picked":["Beam Cell","Self Repair"],"picked":"Hello World","floor":2},{"not_picked":["Doom and Gloom","Turbo"],"picked":"Hologram","floor":4},{"not_picked":["Amplify","Beam Cell"],"picked":"Coolheaded","floor":8},{"not_picked":["Sweeping Beam","Beam Cell","Loop"],"picked":"SKIP","floor":12},{"not_picked":["Gash","Glacier"],"picked":"Core Surge","floor":13},{"not_picked":["Meteor Strike","Multi-Cast"],"picked":"Echo Form","floor":16},{"not_picked":["Streamline","Ball Lightning"],"picked":"Leap","floor":18},{"not_picked":["Conserve Battery+1","Turbo","Steam"],"picked":"SKIP","floor":19},{"not_picked":["Barrage","FTL"],"picked":"Stack","floor":20}],"player_experience":3971549,"relics_obtained":[{"floor":8,"key":"Peace Pipe"},{"floor":9,"key":"Dead Branch"}],"event_choices":[{"damage_healed":0,"gold_gain":0,"player_choice":"Entered Light","damage_taken":21,"max_hp_gain":0,"max_hp_loss":0,"event_name":"Shining Light","floor":7,"gold_loss":0,"cards_upgraded":["Defend_B","Strike_B"]},{"cards_removed":["Strike_B"],"damage_healed":0,"gold_gain":0,"player_choice":"Card Removal","damage_taken":7,"max_hp_gain":0,"max_hp_loss":0,"event_name":"Golden Wing","floor":10,"gold_loss":0}],"is_beta":false,"boss_relics":[{"not_picked":["Runic Dome","Coffee Dripper"],"picked":"Snecko Eye"}],"items_purged_floors":[],"is_endless":false,"potions_floor_spawned":[2,4,12,13,16,18,19],"killed_by":"Shelled Parasite and Fungi","ascension_level":20}}