{"host":"kpyf5rnb72uwap8k","time":1611996446,"event":{"mods":["AchievementEnabler","BaseMod","Colored Map","Colored Powertips","DeckTracker","Minty Spire (QoL Compilation)","Permanent Neow","Quick Restart","StSLib","SuperFastMode"],"gold_per_floor":[109,109,124,4,14,14,14,14,37,69,69,104,104,104,104,199,199,214,164,15,25,39,39,39],"floor_reached":23,"language":"KOR","playtime":573,"items_purged":["Strike_B","Strike_B"],"score":207,"play_id":"a86d2c13-321a-4e02-9829-948da1e9588b","local_time":"20210130174726","is_ascension_mode":true,"campfire_choices":[{"data":"Streamline","floor":6.0,"key":"SMITH"},{"data":"Beam Cell","floor":8.0,"key":"SMITH"},{"floor":13.0,"key":"REST"},{"data":"Hologram","floor":15.0,"key":"SMITH"}],"circlet_count":0,"master_deck":["Strike_B","Strike_B","Defend_B","Defend_B","Defend_B","Defend_B","Zap","Dualcast","Gash","Leap","Beam Cell+1","Streamline+1","Hologram+1","Seek","Streamline","Conserve Battery","Conserve Battery+1","Coolheaded"],"relics":["Cracked Core","NeowsBlessing","Tiny Chest","Kunai","Pantograph","Omamori","SlaversCollar"],"acts_visited":["Exordium","TheCity"],"potions_floor_usage":[16,16],"damage_taken":[{"damage":0.0,"enemies":"2 Louse","floor":1.0,"turns":1.0},{"damage":0.0,"enemies":"Cultist","floor":3.0,"turns":1.0},{"damage":0.0,"enemies":"Small Slimes","floor":5.0,"turns":1.0},{"damage":12.0,"enemies":"Lagavulin","floor":10.0,"turns":5.0},{"damage":14.0,"enemies":"Gremlin Nob","floor":12.0,"turns":4.0},{"damage":38,"enemies":"Hexaghost","floor":16,"turns":8},{"damage":23,"enemies":"2 Thieves","floor":18,"turns":4},{"damage":4,"enemies":"Chosen","floor":21,"turns":4},{"damage":19,"enemies":"Shelled Parasite and Fungi","floor":22,"turns":6},{"damage":30,"enemies":"Gremlin Leader","floor":23,"turns":7}],"seed_played":"-9190955875870947822","potions_obtained":[{"floor":1.0,"key":"FearPotion"},{"floor":5.0,"key":"BlessingOfTheForge"},{"floor":16,"key":"PotionOfCapacity"},{"floor":21,"key":"Ancient Potion"},{"floor":22,"key":"PotionOfCapacity"}],"is_trial":false,"path_per_floor":["M","?","M","$","M","R","$","R","T","E","?","E","R","?","R","B",null,"M","?","$","M","M","E"],"character_chosen":"DEFECT","items_purchased":["Beam Cell","Conserve Battery"],"campfire_rested":1,"item_purchase_floors":[4,20],"current_hp_per_floor":[75,75,75,75,75,75,75,75,75,63,60,46,68,68,68,37,75,52,52,52,48,29,0,0],"gold":39,"neow_bonus":"THREE_ENEMY_KILL","is_daily":false,"chose_seed":false,"campfire_upgraded":3,"win_rate":0.0,"timestamp":1611996446,"path_taken":["M","?","M","$","?","R","$","R","T","E","?","E","R","?","R","BOSS","M","?","$","M","M","E"],"items_purchased_type":["Card","Card"],"build_version":"2020-12-22","purchased_purges":2,"victory":false,"max_hp_per_floor":[75,75,75,75,75,75,75,75,75,75,75,75,75,75,75,75,75,75,75,75,75,75,75,75],"card_choices":[{"not_picked":["Recycle","Go for the Eyes"],"picked":"Gash","floor":1.0},{"not_picked":["Tempest","Consume"],"picked":"Leap","floor":3.0},{"not_picked":["Compile Driver","Turbo"],"picked":"Streamline","floor":5.0},{"not_picked":["Barrage","BootSequence"],"picked":"Hologram","floor":10.0},{"not_picked":["Sweeping Beam","Self Repair"],"picked":"Seek","floor":12.0},{"not_picked":["Barrage+1","Fusion"],"picked":"Streamline","floor":18},{"not_picked":["Chaos","Defragment"],"picked":"Conserve Battery+1","floor":21},{"not_picked":["Reprogram","Redo"],"picked":"Coolheaded","floor":22}],"player_experience":243844,"relics_obtained":[{"floor":9.0,"key":"Tiny Chest"},{"floor":10.0,"key":"Kunai"},{"floor":12.0,"key":"Omamori"}],"event_choices":[{"damage_healed":0.0,"max_hp_gain":0.0,"max_hp_loss":0.0,"gold_gain":0.0,"event_name":"Wheel of Change","player_choice":"Full Heal","floor":2.0,"gold_loss":0.0,"damage_taken":0.0},{"damage_healed":0.0,"max_hp_gain":0.0,"max_hp_loss":0.0,"gold_gain":0.0,"event_name":"Scrap Ooze","player_choice":"Success","floor":11.0,"gold_loss":0.0,"damage_taken":3.0,"relics_obtained":["Pantograph"]},{"damage_healed":0.0,"max_hp_gain":0.0,"max_hp_loss":0.0,"gold_gain":0.0,"event_name":"Liars Game","player_choice":"Ignored","floor":14.0,"gold_loss":0.0,"damage_taken":0.0},{"damage_healed":0,"gold_gain":0,"player_choice":"Bet on Murderer","damage_taken":0,"max_hp_gain":0,"max_hp_loss":0,"event_name":"The Joust","floor":19,"gold_loss":50}],"is_beta":false,"boss_relics":[{"not_picked":["Fusion Hammer","Inserter"],"picked":"SlaversCollar"}],"items_purged_floors":[4,20],"is_endless":false,"potions_floor_spawned":[1,5,16,21,22],"killed_by":"Gremlin Leader","ascension_level":1}}