{"host":"yecadp3kwkksam5a","time":1611976541,"event":{"mods":["BaseMod","Minty Spire (QoL Compilation)","StSLib","SuperFastMode","The Cursed"],"gold_per_floor":[111,13,31,31,50,82,100,129,129,157,157,157,189,201,201,305,305,325,343,89,89,104,104,104],"floor_reached":23,"language":"KOR","playtime":1124,"items_purged":["Shame","Strike_R"],"score":354,"play_id":"b27dc464-99d0-4dbe-a12b-d0c2fc857807","local_time":"20210130121541","is_ascension_mode":true,"campfire_choices":[{"floor":12,"key":"REST"},{"data":"Armaments","floor":15,"key":"SMITH"}],"circlet_count":0,"master_deck":["AscendersBane","Strike_R","Strike_R","Strike_R","Defend_R","Defend_R","Defend_R","Defend_R","Bash","Armaments+1","Headbutt","Pommel Strike","Fiend Fire","Metallicize","Whirlwind","Thunderclap","Corruption","Feed","Dual Wield","Rage"],"relics":["Burning Blood","Du-Vu Doll","Eternal Feather","Bag of Preparation","Dream Catcher","Darkstone Periapt","Unceasing Top","SlaversCollar","OrangePellets"],"acts_visited":["Exordium","TheCity"],"potions_floor_usage":[7],"damage_taken":[{"damage":1,"enemies":"Cultist","floor":1,"turns":3},{"damage":6,"enemies":"Small Slimes","floor":3,"turns":5},{"damage":9,"enemies":"Jaw Worm","floor":5,"turns":4},{"damage":40,"enemies":"3 Sentries","floor":6,"turns":9},{"damage":10,"enemies":"Gremlin Gang","floor":7,"turns":5},{"damage":13,"enemies":"Gremlin Nob","floor":8,"turns":3},{"damage":19,"enemies":"3 Sentries","floor":10,"turns":4},{"damage":18,"enemies":"Gremlin Nob","floor":13,"turns":3},{"damage":0,"enemies":"Exordium Wildlife","floor":14,"turns":3},{"damage":42,"enemies":"Slime Boss","floor":16,"turns":10},{"damage":22,"enemies":"Shell Parasite","floor":18,"turns":12},{"damage":6,"enemies":"Spheric Guardian","floor":19,"turns":3},{"damage":34,"enemies":"Snecko","floor":22,"turns":6},{"damage":0,"enemies":"Book of Stabbing","floor":23,"turns":1}],"seed_played":"-4704511677877173816","potions_obtained":[{"floor":3,"key":"PowerPotion"},{"floor":6,"key":"BloodPotion"},{"floor":7,"key":"Weak Potion"}],"is_trial":false,"path_per_floor":["M","$","M","T","M","E","M","E","T","E","?","R","E","M","R","B",null,"M","M","$","?","M","E"],"character_chosen":"IRONCLAD","items_purchased":["Armaments","OrangePellets"],"campfire_rested":1,"item_purchase_floors":[2,20],"current_hp_per_floor":[77,77,77,77,74,40,52,45,45,32,32,65,53,59,68,32,68,56,56,56,48,20,20,20],"gold":104,"neow_bonus":"ONE_RARE_RELIC","is_daily":false,"chose_seed":false,"campfire_upgraded":1,"win_rate":0.0,"timestamp":1611976541,"path_taken":["M","$","M","?","M","E","M","E","T","E","?","R","E","?","R","BOSS","M","M","$","?","?","E"],"items_purchased_type":["Card","Relic"],"build_version":"2020-12-22","purchased_purges":2,"victory":false,"max_hp_per_floor":[80,80,80,80,80,80,80,80,80,80,80,80,80,80,80,80,80,84,84,84,84,84,84,84],"card_choices":[{"not_picked":["Warcry","Body Slam","Metallicize"],"picked":"SKIP","floor":1},{"not_picked":["Clash","Dual Wield"],"picked":"Headbutt","floor":3},{"not_picked":["Anger","Headbutt"],"picked":"Pommel Strike","floor":5},{"not_picked":["Reckless Charge","Blood for Blood"],"picked":"Fiend Fire","floor":6},{"not_picked":["Havoc","Burning Pact"],"picked":"Metallicize","floor":7},{"not_picked":["Twin Strike","Reckless Charge"],"picked":"Whirlwind","floor":8},{"not_picked":["Searing Blow","Cleave","Warcry"],"picked":"SKIP","floor":10},{"not_picked":["Whirlwind","Sentinel"],"picked":"Thunderclap","floor":12},{"not_picked":["Cleave","Power Through"],"picked":"Corruption","floor":13},{"not_picked":["Twin Strike","Clash","Anger"],"picked":"SKIP","floor":14},{"not_picked":["Juggernaut","Double Tap"],"picked":"Feed","floor":16},{"not_picked":["Fire Breathing+1","Heavy Blade","Warcry"],"picked":"SKIP","floor":18},{"not_picked":["Rampage","Body Slam+1"],"picked":"Dual Wield","floor":19},{"not_picked":["Anger","Hemokinesis","Rage"],"picked":"SKIP","floor":22},{"not_picked":["Anger","Hemokinesis"],"picked":"Rage","floor":22}],"player_experience":527073,"relics_obtained":[{"floor":4,"key":"Eternal Feather"},{"floor":6,"key":"Bag of Preparation"},{"floor":8,"key":"Dream Catcher"},{"floor":9,"key":"Darkstone Periapt"},{"floor":13,"key":"Unceasing Top"}],"event_choices":[{"cards_removed":["Strike_R"],"damage_healed":0,"gold_gain":0,"player_choice":"Offered Basic","damage_taken":0,"max_hp_gain":0,"max_hp_loss":0,"event_name":"Bonfire Elementals","floor":11,"gold_loss":0},{"damage_healed":0,"gold_gain":0,"player_choice":"Damaged","damage_taken":8,"max_hp_gain":0,"max_hp_loss":0,"event_name":"Wheel of Change","floor":21,"gold_loss":0}],"is_beta":false,"boss_relics":[{"not_picked":["Busted Crown","Black Blood"],"picked":"SlaversCollar"}],"items_purged_floors":[2,20],"is_endless":false,"potions_floor_spawned":[3,6,7,16,18],"killed_by":"Book of Stabbing","ascension_level":12}}