{"host":"vpaavrwbmey593fx","time":1611986157,"event":{"mods":["AchievementEnabler","BaseMod","Bestiary","Colored Map","Colored Powertips","DeckTracker","Minty Spire (QoL Compilation)","Relic Sorter"],"gold_per_floor":[115,45,57,75,75,75,88,88,156,169,169,207,54,89,89,89,89],"floor_reached":16,"language":"ENG","playtime":1092,"items_purged":["Injury"],"score":149,"play_id":"0afe2d5e-5cb0-441d-af7b-9c6ba49d1343","local_time":"20210129215557","is_ascension_mode":true,"campfire_choices":[{"data":"Bash","floor":6.0,"key":"SMITH"},{"data":"True Grit","floor":11.0,"key":"SMITH"},{"floor":15.0,"key":"REST"}],"circlet_count":0,"master_deck":["Strike_R","Strike_R+1","Strike_R+1","Strike_R","Defend_R","Defend_R","Defend_R","Defend_R","Bash+1","Pommel Strike","Feel No Pain","True Grit+1","Body Slam+1","Sentinel","Disarm","Power Through"],"relics":["Burning Blood","Golden Idol","Eternal Feather","Whetstone","Bottled Tornado"],"acts_visited":["Exordium"],"potions_floor_usage":[16],"damage_taken":[{"damage":1.0,"enemies":"Cultist","floor":1.0,"turns":4.0},{"damage":3.0,"enemies":"Jaw Worm","floor":3.0,"turns":4.0},{"damage":7.0,"enemies":"Small Slimes","floor":4.0,"turns":5.0},{"damage":36.0,"enemies":"Exordium Thugs","floor":7.0,"turns":7.0},{"damage":20.0,"enemies":"Looter","floor":10.0,"turns":4.0},{"damage":32.0,"enemies":"Gremlin Nob","floor":12.0,"turns":5.0},{"damage":13.0,"enemies":"3 Sentries","floor":14.0,"turns":10.0},{"damage":41,"enemies":"Hexaghost","floor":16,"turns":17}],"seed_played":"-5787644802134913971","potions_obtained":[{"floor":10.0,"key":"Energy Potion"},{"floor":12.0,"key":"SkillPotion"},{"floor":14.0,"key":"DuplicationPotion"}],"is_trial":false,"path_per_floor":["M","$","M","M","?","R","M","?","T","M","R","E","$","E","R","B"],"character_chosen":"IRONCLAD","items_purchased":["Feel No Pain","Disarm"],"campfire_rested":1,"item_purchase_floors":[2,13],"current_hp_per_floor":[77,77,80,79,79,79,49,49,49,35,41,15,15,8,41,0,0],"gold":89,"neow_bonus":"REMOVE_CARD","is_daily":false,"chose_seed":false,"campfire_upgraded":2,"win_rate":0.0,"timestamp":1611986157,"path_taken":["M","?","?","M","?","R","M","?","T","M","R","E","$","E","R","BOSS"],"items_purchased_type":["Card","Card"],"build_version":"2020-12-22","purchased_purges":1,"victory":false,"max_hp_per_floor":[80,80,80,80,80,80,80,80,80,80,80,80,80,80,80,80,80],"card_choices":[{"not_picked":["Inflame","Perfected Strike"],"picked":"Pommel Strike","floor":1.0},{"not_picked":["Ghostly Armor","Intimidate"],"picked":"True Grit","floor":3.0},{"not_picked":["Pummel","Armaments","Headbutt"],"picked":"SKIP","floor":4.0},{"not_picked":["Thunderclap","Uppercut"],"picked":"Body Slam","floor":7.0},{"not_picked":["Twin Strike","Burning Pact","True Grit"],"picked":"SKIP","floor":10.0},{"not_picked":["Fire Breathing","Body Slam"],"picked":"Sentinel","floor":12.0},{"not_picked":["Shrug It Off","Thunderclap"],"picked":"Power Through","floor":14.0}],"player_experience":292720,"relics_obtained":[{"floor":9.0,"key":"Eternal Feather"},{"floor":12.0,"key":"Whetstone"},{"floor":14.0,"key":"Bottled Tornado"}],"event_choices":[{"damage_healed":0.0,"max_hp_gain":0.0,"max_hp_loss":0.0,"gold_gain":0.0,"event_name":"Golden Idol","player_choice":"Take Wound","floor":5.0,"gold_loss":0.0,"damage_taken":0.0,"relics_obtained":["Golden Idol"],"cards_obtained":["Injury"]},{"damage_healed":0.0,"max_hp_gain":0.0,"max_hp_loss":0.0,"gold_gain":0.0,"event_name":"Accursed Blacksmith","player_choice":"Forge","floor":8.0,"gold_loss":0.0,"damage_taken":0.0,"cards_upgraded":["Body Slam"]}],"is_beta":false,"boss_relics":[],"items_purged_floors":[13],"is_endless":false,"potions_floor_spawned":[10,12,14],"killed_by":"Hexaghost","ascension_level":7}}