{"host":"gbbz8f5svnnpwo8d","time":1611967949,"event":{"mods":["AchievementEnabler","AlwaysNeverKeys","BaseMod","Bestiary","Better Altar","Better Match","Better Note","Better Sensory Stone","Better Silent Start","Better Skull","Better Third Choice","Better Vampires","Better-Laid Plans","BetterRewards","Block Reminder","Colored Map","Colored Powertips","Curses Come First","Dark Map","Displayed Cursed Tome","GifTheSpireLib","Minty Spire (QoL Compilation)","MonsterHotkey","Permanent Neow","Potion Indicator Mod","Quick Restart","Random Character Button","Rare Cards Sparkle","Relic Stats","Shop Mod","Spicy Shops","Spire Birthday Party","StSLib","Transform Curses"],"gold_per_floor":[116,116,26,26,47,47,62,62,89,112,135,159,46,46,46,171,171,190,190,241,166,186,186,205,224,224,108,108,233,233,83,83,202,202,222,245,245,245,245,245,261,261,307,25,25,63,396,410,410,410,410,410,40,74,74,74],"floor_reached":55,"language":"ENG","playtime":9411,"items_purged":[],"score":931,"play_id":"d2a02ecc-255d-4fed-9e5d-33eb7eacf98f","local_time":"20210129175229","is_ascension_mode":false,"campfire_choices":[{"floor":6.0,"key":"REST"},{"floor":8.0,"key":"REST"},{"floor":15.0,"key":"REST"},{"data":"Static Discharge","floor":23.0,"key":"SMITH"},{"data":"Consume","floor":28.0,"key":"SMITH"},{"data":"Barrage","floor":32.0,"key":"SMITH"},{"data":"Enlightenment","floor":40,"key":"SMITH"},{"data":"Seek","floor":42,"key":"SMITH"},{"data":"Undo","floor":45,"key":"SMITH"},{"data":"Zap","floor":49,"key":"SMITH"},{"data":"Creative AI","floor":52,"key":"SMITH"}],"circlet_count":0,"master_deck":["Strike_B+1","Strike_B+1","Defend_B","Defend_B","Zap+1","Dualcast","Enlightenment+1","Barrage+1","Ball Lightning","Cold Snap","Ball Lightning","Cold Snap","Consume+1","Ball Lightning","Turbo","Static Discharge+1","Creative AI+1","Undo+1","Steam+1","Static Discharge+1","Coolheaded+1","Seek+1","Skim","Reboot+1","Seek+1","Amplify+1","Finesse","Chill","Static Discharge","Mayhem"],"relics":["Cracked Core","Ice Cream","Mercury Hourglass","Runic Capacitor","Tiny Chest","Torii","MerchantsRug","Lantern","Gambling Chip","Happy Flower","Emotion Chip","DataDisk","Thread and Needle","Letter Opener","WingedGreaves","Busted Crown","Blood Vial","Cables","Ginger","Oddly Smooth Stone"],"acts_visited":["Exordium","TheCity","TheBeyond","TheEnding"],"potions_floor_usage":[41,50,54,55,55],"damage_taken":[{"damage":0.0,"enemies":"2 Louse","floor":1.0,"turns":1.0},{"damage":6.0,"enemies":"Jaw Worm","floor":5.0,"turns":2.0},{"damage":0.0,"enemies":"Cultist","floor":7.0,"turns":3.0},{"damage":0.0,"enemies":"Looter","floor":10.0,"turns":2.0},{"damage":9.0,"enemies":"Exordium Thugs","floor":11.0,"turns":4.0},{"damage":8.0,"enemies":"The Guardian","floor":16.0,"turns":7.0},{"damage":6.0,"enemies":"Spheric Guardian","floor":18.0,"turns":3.0},{"damage":7.0,"enemies":"2 Thieves","floor":22.0,"turns":3.0},{"damage":1.0,"enemies":"Centurion and Healer","floor":24.0,"turns":4.0},{"damage":6.0,"enemies":"3 Cultists","floor":25.0,"turns":4.0},{"damage":14.0,"enemies":"Colosseum Slavers","floor":29.0,"turns":3.0},{"damage":7.0,"enemies":"Colosseum Nobs","floor":29.0,"turns":3.0},{"damage":43.0,"enemies":"Collector","floor":33.0,"turns":7.0},{"damage":1.0,"enemies":"Orb Walker","floor":35.0,"turns":2.0},{"damage":0.0,"enemies":"3 Darklings","floor":36.0,"turns":4.0},{"damage":16,"enemies":"Maw","floor":41,"turns":6},{"damage":0,"enemies":"Giant Head","floor":46,"turns":8},{"damage":7,"enemies":"Jaw Worm Horde","floor":48,"turns":2},{"damage":30,"enemies":"Time Eater","floor":50,"turns":7},{"damage":4,"enemies":"Shield and Spear","floor":54,"turns":4},{"damage":92,"enemies":"The Heart","floor":55,"turns":6}],"seed_played":"5054825919663296545","potions_obtained":[{"floor":7.0,"key":"Swift Potion"},{"floor":16.0,"key":"SpeedPotion"},{"floor":22.0,"key":"BlessingOfTheForge"},{"floor":24.0,"key":"ColorlessPotion"},{"floor":33.0,"key":"LiquidMemories"},{"floor":41,"key":"Block Potion"},{"floor":48,"key":"Fruit Juice"}],"is_trial":false,"path_per_floor":["M","?","$","?","M","R","M","R","T","M","M","T","$","?","R","B",null,"M","?","T","?","M","R","M","M","T","$","R","?","T","$","R","B",null,"M","M","?","?","T","R","M","R","T","$","R","E","?","M","R","B",null,"R","$","E","B"],"character_chosen":"DEFECT","items_purchased":["Ice Cream","Mercury Hourglass","Runic Capacitor","Tiny Chest","Enlightenment","MerchantsRug","Cold Snap","Ball Lightning","Static Discharge","DataDisk","Lee\u0027s Waffle","Cables","Finesse","Static Discharge","ColorlessPotion","Mayhem","SkillPotion"],"campfire_rested":3,"item_purchase_floors":[0,0,0,0,0,0,3,3,13,27,31,44,44,53,53,53,53],"current_hp_per_floor":[28,10,10,10,4,26,26,48,48,48,39,39,39,36,58,50,75,69,69,69,69,62,62,61,55,55,55,55,34,34,82,82,39,82,81,81,81,81,88,88,72,72,72,72,72,74,74,69,69,41,89,89,89,85,0,0],"gold":74,"neow_bonus":"","is_daily":false,"chose_seed":false,"campfire_upgraded":8,"win_rate":0.0,"timestamp":1611967949,"path_taken":["M","?","$","?","?","R","M","R","T","M","M","?","?","?","R","BOSS","M","?","?","?","M","R","M","?","T","$","R","?","?","?","R","BOSS","M","M","?","?","?","R","M","R","T","$","R","E","?","?","R","BOSS","R","$","E","BOSS"],"items_purchased_type":["Relic","Relic","Relic","Relic","Card","Relic","Card","Card","Card","Relic","Relic","Relic","Card","Card","Potion","Card","Potion"],"build_version":"2020-12-22","purchased_purges":0,"victory":false,"max_hp_per_floor":[75,75,75,75,75,75,75,75,75,75,75,75,75,75,75,75,75,75,75,75,75,75,75,75,75,75,75,75,75,75,82,82,82,82,82,82,82,82,89,89,89,89,89,89,89,89,89,89,89,89,89,89,89,89,94,94],"relic_stats":{"Torii":48,"Happy Flower":[56],"counters":[125,559],"Letter Opener":[255],"Ginger":[3],"Mercury Hourglass":[326],"Cables":[31,27,4,0,0],"Blood Vial":28,"Emotion Chip":[78,71,7,0,0],"Busted Crown":48,"Gambling Chip":[51],"Tiny Chest":7,"obtain_stats":[{"Ice Cream":48,"Calipers":12,"Runic Capacitor":22,"Whetstone":54,"Ginger":46,"Bottled Tornado":45,"Boot":26,"Old Coin":46,"Blood Vial":26,"Lizard Tail":0,"HornCleat":23,"DollysMirror":0,"Strawberry":9,"Toxic Egg 2":2,"Girya":37,"MerchantsRug":37,"Pear":43,"Happy Flower":7,"Oddly Smooth Stone":54,"Eternal Feather":9,"Pen Nib":0,"Letter Opener":29,"Question Card":0,"Akabeko":12,"Cables":42,"SlaversCollar":17,"Bottled Flame":40,"Bronze Scales":54,"Symbiotic Virus":25,"Meat on the Bone":10,"Lantern":0,"Torii":0,"SacredBark":34,"StoneCalendar":36,"Bag of Preparation":30,"Empty Cage":34,"Cursed Key":17,"Ancient Tea Set":19,"Emotion Chip":0,"Nunchaku":9,"Dream Catcher":31,"Matryoshka":25,"Mummified Hand":3,"Gambling Chip":14,"Tiny Chest":3,"WingedGreaves":30,"Red Mask":38,"Cracked Core":0,"InkBottle":43,"Potion Belt":21,"Lee\u0027s Waffle":0,"Golden Idol":11,"Thread and Needle":9,"PreservedInsect":0,"Frozen Egg 2":9,"Nuclear Battery":17,"Mercury Hourglass":9,"Anchor":26,"DataDisk":53,"Busted Crown":34,"Ornamental Fan":0,"Bloody Idol":28,"Turnip":13,"Ectoplasm":17,"Art of War":26,"Bag of Marbles":8,"Bottled Lightning":53,"Toy Ornithopter":4},{"Ice Cream":30,"Calipers":53,"Runic Capacitor":66,"Whetstone":79,"Ginger":121,"Bottled Tornado":28,"Boot":44,"Old Coin":76,"Blood Vial":92,"Lizard Tail":80,"HornCleat":67,"DollysMirror":47,"Strawberry":85,"Toxic Egg 2":56,"Girya":27,"MerchantsRug":73,"Pear":100,"Happy Flower":4,"Oddly Smooth Stone":124,"Eternal Feather":4,"Pen Nib":47,"Letter Opener":116,"Question Card":55,"Akabeko":39,"Cables":74,"SlaversCollar":7,"Bottled Flame":99,"Bronze Scales":32,"Symbiotic Virus":68,"Meat on the Bone":5,"Lantern":55,"Torii":104,"SacredBark":71,"StoneCalendar":97,"Bag of Preparation":69,"Empty Cage":25,"Cursed Key":41,"Ancient Tea Set":89,"Emotion Chip":0,"Nunchaku":38,"Dream Catcher":95,"Matryoshka":44,"Mummified Hand":49,"Gambling Chip":109,"Tiny Chest":81,"WingedGreaves":116,"Red Mask":97,"Cracked Core":0,"InkBottle":27,"Potion Belt":42,"Lee\u0027s Waffle":33,"Golden Idol":5,"Thread and Needle":53,"PreservedInsect":0,"Frozen Egg 2":15,"Nuclear Battery":19,"Mercury Hourglass":58,"Anchor":68,"DataDisk":78,"Busted Crown":117,"Ornamental Fan":0,"Bloody Idol":23,"Turnip":54,"Ectoplasm":88,"Art of War":22,"Bag of Marbles":85,"Bottled Lightning":78,"Toy Ornithopter":35},{"Ice Cream":146,"Calipers":262,"Runic Capacitor":311,"Whetstone":390,"Ginger":540,"Bottled Tornado":134,"Boot":227,"Old Coin":364,"Blood Vial":432,"Lizard Tail":401,"HornCleat":318,"DollysMirror":243,"Strawberry":411,"Toxic Egg 2":274,"Girya":121,"MerchantsRug":349,"Pear":456,"Happy Flower":12,"Oddly Smooth Stone":553,"Eternal Feather":12,"Pen Nib":243,"Letter Opener":515,"Question Card":271,"Akabeko":195,"Cables":354,"SlaversCollar":26,"Bottled Flame":451,"Bronze Scales":170,"Symbiotic Virus":324,"Meat on the Bone":15,"Lantern":271,"Torii":477,"SacredBark":342,"StoneCalendar":446,"Bag of Preparation":329,"Empty Cage":106,"Cursed Key":211,"Ancient Tea Set":425,"Emotion Chip":0,"Nunchaku":192,"Dream Catcher":436,"Matryoshka":227,"Mummified Hand":248,"Gambling Chip":488,"Tiny Chest":403,"WingedGreaves":515,"Red Mask":446,"Cracked Core":0,"InkBottle":121,"Potion Belt":215,"Lee\u0027s Waffle":176,"Golden Idol":15,"Thread and Needle":262,"PreservedInsect":0,"Frozen Egg 2":51,"Nuclear Battery":66,"Mercury Hourglass":278,"Anchor":324,"DataDisk":382,"Busted Crown":521,"Ornamental Fan":0,"Bloody Idol":91,"Turnip":270,"Ectoplasm":423,"Art of War":85,"Bag of Marbles":411,"Bottled Lightning":382,"Toy Ornithopter":182}]},"card_choices":[{"not_picked":["Genetic Algorithm","Streamline"],"picked":"Ball Lightning","floor":1.0},{"not_picked":["FTL","Skim"],"picked":"Cold Snap","floor":5.0},{"not_picked":["Rebound","Turbo"],"picked":"Consume","floor":7.0},{"not_picked":["Leap","Heatsinks"],"picked":"Ball Lightning","floor":10.0},{"not_picked":["Rip and Tear","Biased Cognition"],"picked":"Turbo","floor":11.0},{"not_picked":["Fission","Reboot"],"picked":"Creative AI","floor":16.0},{"not_picked":["Ball Lightning+1","Gash"],"picked":"Undo","floor":18.0},{"not_picked":["Reprogram","Rebound"],"picked":"Steam+1","floor":22.0},{"not_picked":["Redo","Hello World"],"picked":"Static Discharge+1","floor":24.0},{"not_picked":["Turbo","Sweeping Beam","Streamline"],"picked":"SKIP","floor":25.0},{"not_picked":["Redo+1","Turbo"],"picked":"Coolheaded+1","floor":29.0},{"not_picked":["Multi-Cast","Reboot"],"picked":"Seek","floor":33.0},{"not_picked":["Scrape+1"],"picked":"SKIP","floor":35.0},{"not_picked":[],"picked":"Skim","floor":36.0},{"not_picked":[],"picked":"Reboot+1","floor":37},{"not_picked":[],"picked":"Seek+1","floor":37},{"not_picked":[],"picked":"Amplify+1","floor":37},{"not_picked":["Beam Cell+1"],"picked":"SKIP","floor":41},{"not_picked":[],"picked":"Chill","floor":46},{"not_picked":["Gash+1"],"picked":"SKIP","floor":48},{"not_picked":["Streamline+1"],"picked":"SKIP","floor":54}],"player_experience":3630431,"relics_obtained":[{"floor":9.0,"key":"Whetstone"},{"floor":12.0,"key":"Lantern"},{"floor":20.0,"key":"Happy Flower"},{"floor":26.0,"key":"Emotion Chip"},{"floor":29.0,"key":"Thread and Needle"},{"floor":29.0,"key":"Letter Opener"},{"floor":30.0,"key":"WingedGreaves"},{"floor":39,"key":"Strawberry"},{"floor":43,"key":"Blood Vial"},{"floor":46,"key":"Ginger"},{"floor":54,"key":"Oddly Smooth Stone"}],"event_choices":[{"damage_healed":0.0,"max_hp_gain":0.0,"max_hp_loss":0.0,"gold_gain":0.0,"event_name":"Golden Idol","player_choice":"Take Damage","floor":2.0,"gold_loss":0.0,"damage_taken":18.0,"relics_obtained":["Golden Idol"]},{"damage_healed":0.0,"max_hp_gain":0.0,"max_hp_loss":0.0,"gold_gain":0.0,"event_name":"FaceTrader","player_choice":"Leave","floor":4.0,"gold_loss":0.0,"damage_taken":0.0},{"damage_healed":0.0,"max_hp_gain":0.0,"max_hp_loss":0.0,"gold_gain":0.0,"event_name":"betterThird:BetterScrap","player_choice":"Relic ","floor":14.0,"gold_loss":0.0,"damage_taken":3.0,"cards_obtained":["Second Wind"]},{"cards_removed":["Defend_B"],"damage_healed":0.0,"max_hp_gain":0.0,"max_hp_loss":0.0,"gold_gain":0.0,"event_name":"betterNote:BetterNote","player_choice":"Give","floor":19.0,"gold_loss":0.0,"damage_taken":0.0,"cards_obtained":["Strike_R"]},{"cards_removed":["Defend_B"],"damage_healed":0.0,"max_hp_gain":0.0,"max_hp_loss":0.0,"gold_gain":0.0,"event_name":"Beggar","player_choice":"Gave Gold","floor":21.0,"gold_loss":75.0,"damage_taken":0.0},{"damage_healed":0.0,"max_hp_gain":0.0,"max_hp_loss":0.0,"gold_gain":0.0,"event_name":"Colosseum","player_choice":"Fight","floor":29.0,"gold_loss":0.0,"damage_taken":0.0},{"damage_healed":0.0,"max_hp_gain":0.0,"max_hp_loss":0.0,"gold_gain":0.0,"event_name":"Colosseum","player_choice":"Fought Nobs","floor":29.0,"gold_loss":0.0,"damage_taken":0.0},{"damage_healed":0,"gold_gain":0,"player_choice":"3","damage_taken":0,"max_hp_gain":0,"max_hp_loss":0,"event_name":"betterMatch:BetterMatch","floor":37,"gold_loss":0,"cards_obtained":["betterMatch:RareCard"]},{"cards_removed":["Defend_B"],"damage_healed":0,"gold_gain":0,"player_choice":"Offered Basic","damage_taken":0,"max_hp_gain":0,"max_hp_loss":0,"event_name":"Bonfire Elementals","floor":38,"gold_loss":0},{"damage_healed":0,"gold_gain":333,"player_choice":"Gave Idol","damage_taken":0,"max_hp_gain":0,"max_hp_loss":0,"event_name":"The Moai Head","floor":47,"relics_lost":["Golden Idol"],"gold_loss":0}],"is_beta":false,"boss_relics":[{"not_picked":["Ectoplasm","Philosopher\u0027s Stone"],"picked":"Empty Cage"},{"not_picked":["Tiny House","Pandora\u0027s Box"],"picked":"Busted Crown"}],"items_purged_floors":[],"is_endless":false,"potions_floor_spawned":[7,16,22,24,29,33,41,48],"killed_by":"The Heart","ascension_level":0}}