{"host":"ejd7fmryc2gtg4h9","time":1611965602,"event":{"mods":["AchievementEnabler","BaseMod","BetterRewards","Colored Map","Colored Powertips","Custom Start","Downfall","Hubris","Minty Spire (QoL Compilation)","Rare Cards Sparkle","StSLib"],"gold_per_floor":[99,111,21,21,21,39,39,39,50,61,61,74,74,87,104,199,199,199,217,23,23,36,36,36,36,89,101,101,54,54,65,80,182,182,82,82,97,24,40,40,40,60,60,60,79,95,95,112,126,126],"floor_reached":51,"language":"ENG","playtime":3228,"items_purged":["bronze:Strike","bronze:Defend"],"score":643,"play_id":"71f7af2c-cbba-425c-9a26-ef4616bcd812","local_time":"20210129191322","is_ascension_mode":false,"campfire_choices":[{"data":"bronze:Goto","floor":1,"key":"SMITH"},{"floor":8,"key":"RECALL"},{"data":"bronze:Frontload","floor":11,"key":"SMITH"},{"data":"bronze:Flail","floor":13,"key":"SMITH"},{"data":"bronze:Break","floor":18,"key":"SMITH"},{"data":"bronze:Repair","floor":28,"key":"SMITH"},{"data":"bronze:Branch","floor":30,"key":"SMITH"},{"data":"bronze:Virus","floor":35,"key":"SMITH"},{"data":"bronze:Repair","floor":40,"key":"SMITH"},{"data":"bronze:WhirlingStrike","floor":43,"key":"SMITH"},{"data":"bronze:ItsAFeature","floor":47,"key":"SMITH"}],"circlet_count":0,"master_deck":["bronze:Strike","bronze:Strike","bronze:Strike","bronze:Defend","bronze:Defend","bronze:Defend","bronze:Replicate+1","bronze:Goto+1","bronze:Turbo","bronze:Iterate+1","bronze:CloningBeam","bronze:Flail+1","bronze:Frontload+1","bronze:WhirlingStrike+1","bronze:DelayedSlice","bronze:Branch+1","bronze:Break+1","CurseOfTheBell","bronze:Turbo+1","bronze:Flail","bronze:ItsAFeature+1","bronze:GetLatest+1","bronze:ChildClass+1","bronze:Repair+1","bronze:Branch","bronze:DigitalCarnage","bronze:WildBeam","bronze:ChildClass+1","bronze:Virus+1","bronze:BronzeOrb","bronze:Repair+1","bronze:Repulsor+1","bronze:ChosenStrike","bronze:SpaghettiCode"],"relics":["bronze:BronzeCore","hubris:Metronome","Calling Bell","hubris:PeanutButter","hubris:GlazedTorus","downfall:RedIOU","MutagenicStrength","Orichalcum","Runic Pyramid","downfall:HeartBlessingBlue","hubris:Towel","bronze:CableSpool","hubris:Icosahedron"],"acts_visited":["Exordium","TheCity","TheBeyond"],"potions_floor_usage":[50],"damage_taken":[{"damage":1,"enemies":"Jaw Worm","floor":2,"turns":3},{"damage":0,"enemies":"downfall:FleeingMerchant","floor":3,"turns":4},{"damage":0,"enemies":"Cultist","floor":6,"turns":3},{"damage":0,"enemies":"Small Slimes","floor":9,"turns":3},{"damage":7,"enemies":"Blue Slaver","floor":10,"turns":3},{"damage":3,"enemies":"Exordium Wildlife","floor":12,"turns":3},{"damage":5,"enemies":"Exordium Thugs","floor":14,"turns":3},{"damage":2,"enemies":"Blue Slaver","floor":15,"turns":2},{"damage":18,"enemies":"IC_STATUS_ARCHETYPE","floor":16,"turns":5},{"damage":0,"enemies":"3 Byrds","floor":19,"turns":2},{"damage":13,"enemies":"downfall:FleeingMerchant","floor":20,"turns":4},{"damage":4,"enemies":"Shell Parasite","floor":22,"turns":3},{"damage":6,"enemies":"downfall:FleeingMerchant","floor":26,"turns":3},{"damage":0,"enemies":"Cultist and Chosen","floor":27,"turns":2},{"damage":0,"enemies":"Chosen and Byrds","floor":31,"turns":4},{"damage":0,"enemies":"Snake Plant","floor":32,"turns":2},{"damage":48,"enemies":"SI_MIRROR_ARCHETYPE","floor":33,"turns":10},{"damage":0,"enemies":"Orb Walker","floor":37,"turns":2},{"damage":0,"enemies":"3 Shapes","floor":39,"turns":1},{"damage":0,"enemies":"3 Darklings","floor":42,"turns":1},{"damage":14,"enemies":"Jaw Worm Horde","floor":45,"turns":2},{"damage":12,"enemies":"Writhing Mass","floor":46,"turns":4},{"damage":0,"enemies":"Transient","floor":48,"turns":5},{"damage":0,"enemies":"Jaw Worm Horde","floor":49,"turns":1},{"damage":51,"enemies":"DF_ARCHETYPE_ORBS","floor":50,"turns":4}],"seed_played":"6470677239499968368","potions_obtained":[{"floor":6,"key":"hexamod:SoulburnPotion"},{"floor":10,"key":"hexamod:SoulburnPotion"},{"floor":14,"key":"Energy Potion"},{"floor":22,"key":"AttackPotion"},{"floor":33,"key":"bronze:CleanCodePotion"}],"is_trial":false,"path_per_floor":["R","M","$","?","?","M","T","R","M","M","R","M","R","M","M","B",null,"R","M","$","?","M","?","T","?","$","M","R","$","R","M","M","B",null,"R","?","M","$","M","R","T","M","R","?","M","M","R","M","M","B",null],"character_chosen":"THE_AUTOMATON","items_purchased":["bronze:ItsAFeature","Orichalcum","bronze:Repair","bronze:Branch","bronze:WildBeam","bronze:Repair"],"campfire_rested":0,"item_purchase_floors":[20,26,26,26,29,38],"current_hp_per_floor":[77,76,76,76,76,76,76,76,76,69,69,66,66,61,59,41,77,77,77,64,64,60,60,60,60,54,61,61,61,61,71,71,33,77,87,87,87,87,87,87,87,87,87,87,73,71,71,87,87,36],"gold":126,"neow_bonus":"TEN_PERCENT_HP_BONUS","is_daily":false,"chose_seed":false,"campfire_upgraded":10,"win_rate":0.0,"timestamp":1611965602,"path_taken":["R","M","$","?","?","M","T","R","M","?","R","M","R","M","M","BOSS","R","M","$","?","M","?","T","?","$","?","R","?","R","M","M","BOSS","R","?","M","$","M","R","T","M","R","?","M","M","R","M","M","BOSS"],"items_purchased_type":["Card","Relic","Card","Card","Card","Card"],"build_version":"2020-12-22","purchased_purges":2,"victory":true,"max_hp_per_floor":[77,77,77,77,77,77,77,77,77,77,77,77,77,77,77,77,77,77,77,77,77,77,77,77,77,77,77,77,77,77,77,77,77,77,87,87,87,87,87,87,87,87,87,87,87,87,87,87,87,87],"card_choices":[{"not_picked":["bronze:OilSpill","bronze:WildBeam"],"picked":"bronze:Turbo","floor":2},{"not_picked":["bronze:OilSpill","bronze:Return"],"picked":"bronze:Iterate","floor":3},{"not_picked":["bronze:DarkDash","bronze:Turbo"],"picked":"bronze:CloningBeam","floor":6},{"not_picked":["bronze:DelayedGuard","bronze:Deprecate"],"picked":"bronze:Flail","floor":9},{"not_picked":["bronze:Backtrace","bronze:ForLoop"],"picked":"bronze:Frontload","floor":10},{"not_picked":["bronze:Frontload","bronze:Branch"],"picked":"bronze:WhirlingStrike","floor":12},{"not_picked":["bronze:NullPointer","bronze:Shell"],"picked":"bronze:DelayedSlice","floor":14},{"not_picked":["bronze:Repulsor","bronze:Iterate"],"picked":"bronze:Branch","floor":15},{"not_picked":["bronze:ThunderWave","bronze:HyperBeam"],"picked":"bronze:Break","floor":16},{"not_picked":["bronze:Shield","bronze:BitShift"],"picked":"bronze:Turbo+1","floor":19},{"not_picked":["bronze:Turbo","bronze:DigitalCarnage+1"],"picked":"bronze:Flail","floor":20},{"not_picked":["bronze:DelayedGuard","bronze:Iterate+1"],"picked":"bronze:GetLatest+1","floor":22},{"not_picked":["bronze:Invalidate+1","bronze:Deprecate"],"picked":"bronze:ChildClass+1","floor":26},{"not_picked":["bronze:Deprecate","bronze:WildBeam"],"picked":"bronze:DigitalCarnage","floor":27},{"not_picked":["bronze:Format","bronze:BugBarrage"],"picked":"bronze:ChildClass+1","floor":31},{"not_picked":["bronze:ForLoop+1","bronze:Overheat","bronze:BitShift"],"picked":"SKIP","floor":32},{"not_picked":["bronze:Break","bronze:CleanCode"],"picked":"bronze:Virus","floor":33},{"not_picked":["bronze:Fortify","bronze:Branch+1"],"picked":"bronze:BronzeOrb","floor":37},{"not_picked":["bronze:BugBarrage","bronze:Shield+1"],"picked":"bronze:Repulsor+1","floor":39},{"not_picked":["bronze:ItsAFeature","bronze:Backtrace"],"picked":"bronze:ChosenStrike","floor":42},{"not_picked":["bronze:BitShift","bronze:MaxOutput","bronze:Boost"],"picked":"SKIP","floor":45},{"not_picked":["bronze:Overheat","bronze:Branch","bronze:ForLoop"],"picked":"SKIP","floor":46},{"not_picked":["bronze:Invalidate+1","bronze:WhirlingStrike","bronze:Branch"],"picked":"SKIP","floor":48},{"not_picked":["bronze:Return","bronze:Iterate"],"picked":"bronze:SpaghettiCode","floor":49}],"player_experience":93229,"relics_obtained":[{"floor":7,"key":"hubris:Metronome"},{"floor":17,"key":"Art of War"},{"floor":17,"key":"hubris:PeanutButter"},{"floor":17,"key":"hubris:GlazedTorus"},{"floor":41,"key":"bronze:CableSpool"}],"event_choices":[{"damage_healed":0,"gold_gain":0,"player_choice":"Inject Mutagens","damage_taken":0,"relics_obtained":["MutagenicStrength"],"max_hp_gain":0,"max_hp_loss":0,"event_name":"Drug Dealer","floor":25,"gold_loss":0}],"is_beta":false,"boss_relics":[{"not_picked":["hubris:VirtuousBlindfold","hubris:TerracottaHorce"],"picked":"Calling Bell"},{"not_picked":["Cursed Key","Coffee Dripper"],"picked":"Runic Pyramid"}],"items_purged_floors":[3,20],"is_endless":false,"potions_floor_spawned":[6,10,14,15,22,27,33,42,45],"ascension_level":0}}