{"host":"m4qpn8a4h7jhbw2f","time":1611993932,"event":{"mods":["BaseMod","Colored Map","Colored Powertips","Minty Spire (QoL Compilation)","Rare Cards Sparkle","Relic Stats"],"gold_per_floor":[14,29,44,57,70,102,102,116,163,180,180,47,47,87,87,207,207,226,51,71,71,95,133,152,122,175,215,239,254,268,303,303,427,427,451,106,1105,1124,1149,1149,166,234,234,95,113,113,147,172,172,172],"floor_reached":51,"language":"ENG","playtime":5649,"items_purged":["Injury","Regret","Defend_R","Normality","Normality"],"score":863,"play_id":"15c4c8a7-aae2-40a0-a0c1-7c9183b92a1d","local_time":"20210130030532","is_ascension_mode":true,"campfire_choices":[{"data":"Wild Strike","floor":7,"key":"SMITH"},{"data":"Madness","floor":15,"key":"SMITH"},{"data":"Exhume","floor":32,"key":"SMITH"},{"data":"Double Tap","floor":40,"key":"SMITH"},{"floor":49,"key":"REST"}],"circlet_count":0,"master_deck":["Strike_R","Strike_R+1","Strike_R","Strike_R","Strike_R","Defend_R","Defend_R","Defend_R","Bash","Shockwave","Flex","Wild Strike+1","Armaments","Power Through","Spot Weakness","Blood for Blood+1","Dropkick","Madness+1","Rampage","Exhume+1","Armaments+1","Reaper","Flex","Flex","RitualDagger","Thunderclap+1","Wild Strike","Infernal Blade","Disarm+1","Double Tap+1","Perfected Strike","Flame Barrier","Exhume","CurseOfTheBell","Seeing Red","Seeing Red","Intimidate+1","Whirlwind","Thinking Ahead+1","Cleave","Trip+1","Double Tap+1","Dual Wield+1","Inflame"],"relics":["Burning Blood","Torii","Smiling Mask","Golden Idol","Oddly Smooth Stone","White Beast Statue","Black Star","Ancient Tea Set","Happy Flower","Orichalcum","MealTicket","Bronze Scales","HornCleat","Kunai","Calling Bell","Toy Ornithopter","Gremlin Horn","Ice Cream","ClockworkSouvenir","Whetstone","Bottled Lightning","Toxic Egg 2","Medical Kit","Gambling Chip","Pocketwatch","Darkstone Periapt","Vajra"],"acts_visited":["Exordium","TheCity","TheBeyond"],"potions_floor_usage":[6,14,22,23,23,23,24,25,27,27,30,31,31,33,38,38,45,45,47,48,50],"damage_taken":[{"damage":1,"enemies":"Cultist","floor":1,"turns":3},{"damage":0,"enemies":"2 Louse","floor":2,"turns":4},{"damage":3,"enemies":"Jaw Worm","floor":3,"turns":4},{"damage":12,"enemies":"2 Fungi Beasts","floor":4,"turns":3},{"damage":9,"enemies":"Blue Slaver","floor":5,"turns":5},{"damage":22,"enemies":"Lagavulin","floor":6,"turns":7},{"damage":8,"enemies":"Red Slaver","floor":8,"turns":3},{"damage":1,"enemies":"2 Fungi Beasts","floor":10,"turns":4},{"damage":14,"enemies":"3 Sentries","floor":14,"turns":6},{"damage":41,"enemies":"Hexaghost","floor":16,"turns":9},{"damage":44,"enemies":"Spheric Guardian","floor":18,"turns":6},{"damage":28,"enemies":"3 Byrds","floor":20,"turns":8},{"damage":12,"enemies":"Centurion and Healer","floor":22,"turns":8},{"damage":18,"enemies":"Book of Stabbing","floor":23,"turns":5},{"damage":6,"enemies":"Snake Plant","floor":24,"turns":7},{"damage":20,"enemies":"Slavers","floor":27,"turns":5},{"damage":2,"enemies":"Snecko","floor":28,"turns":4},{"damage":7,"enemies":"Centurion and Healer","floor":29,"turns":5},{"damage":2,"enemies":"Cultist and Chosen","floor":30,"turns":5},{"damage":57,"enemies":"Gremlin Leader","floor":31,"turns":6},{"damage":87,"enemies":"Champ","floor":33,"turns":13},{"damage":19,"enemies":"3 Shapes","floor":35,"turns":4},{"damage":18,"enemies":"3 Darklings","floor":38,"turns":9},{"damage":8,"enemies":"Spire Growth","floor":39,"turns":6},{"damage":8,"enemies":"2 Orb Walkers","floor":42,"turns":3},{"damage":33,"enemies":"Writhing Mass","floor":45,"turns":6},{"damage":59,"enemies":"Reptomancer","floor":47,"turns":5},{"damage":23,"enemies":"4 Shapes","floor":48,"turns":2},{"damage":22,"enemies":"Donu and Deca","floor":50,"turns":4}],"seed_played":"2335421817584059035","potions_obtained":[{"floor":1,"key":"PowerPotion"},{"floor":4,"key":"Fire Potion"},{"floor":6,"key":"SpeedPotion"},{"floor":10,"key":"FairyPotion"},{"floor":16,"key":"SpeedPotion"},{"floor":18,"key":"Block Potion"},{"floor":20,"key":"Energy Potion"},{"floor":22,"key":"EntropicBrew"},{"floor":23,"key":"Dexterity Potion"},{"floor":24,"key":"BloodPotion"},{"floor":25,"key":"SteroidPotion"},{"floor":25,"key":"HeartOfIron"},{"floor":27,"key":"Block Potion"},{"floor":28,"key":"Fire Potion"},{"floor":29,"key":"FearPotion"},{"floor":30,"key":"SpeedPotion"},{"floor":31,"key":"Regen Potion"},{"floor":33,"key":"BlessingOfTheForge"},{"floor":35,"key":"Weak Potion"},{"floor":38,"key":"PowerPotion"},{"floor":39,"key":"Regen Potion"},{"floor":42,"key":"Swift Potion"},{"floor":45,"key":"BlessingOfTheForge"},{"floor":47,"key":"Regen Potion"},{"floor":48,"key":"ColorlessPotion"}],"is_trial":false,"path_per_floor":["M","M","M","M","M","E","R","M","T","M","?","$","?","E","R","B",null,"M","$","M","?","M","E","M","?","T","E","M","M","M","E","R","B",null,"M","$","?","M","M","R","$","?","T","$","M","?","E","M","R","B",null],"character_chosen":"IRONCLAD","items_purchased":["Madness","Reaper","Flex","ClockworkSouvenir","Whetstone","Bottled Lightning","Toxic Egg 2","Medical Kit","Whirlwind","Thinking Ahead+1","Trip+1"],"campfire_rested":1,"item_purchase_floors":[12,19,19,36,36,41,41,41,41,41,44],"current_hp_per_floor":[96,96,96,90,87,71,71,69,69,74,74,74,74,66,66,31,96,58,58,57,51,57,45,45,64,64,50,54,53,94,61,61,10,96,83,96,96,91,95,95,96,94,94,96,79,79,31,19,47,36],"gold":172,"neow_bonus":"TWENTY_PERCENT_HP_BONUS","is_daily":false,"chose_seed":false,"campfire_upgraded":4,"win_rate":0.0,"timestamp":1611993932,"path_taken":["M","M","M","M","?","E","R","M","T","M","?","$","?","E","R","BOSS","M","$","M","?","M","E","M","?","T","E","?","M","M","E","R","BOSS","M","$","?","M","M","R","$","?","T","$","M","?","E","M","R","BOSS"],"items_purchased_type":["Card","Card","Card","Relic","Relic","Relic","Relic","Relic","Card","Card","Card"],"build_version":"2020-12-22","purchased_purges":5,"victory":true,"max_hp_per_floor":[96,96,96,96,96,96,96,96,96,96,96,96,96,96,96,96,96,96,96,96,96,96,96,96,96,96,96,96,96,96,96,96,96,96,96,96,96,96,96,96,96,96,96,96,96,96,96,96,96,96],"relic_stats":{"Darkstone Periapt":0,"Torii":82,"Happy Flower":[28],"Gremlin Horn":[17,17],"counters":[29,159],"Golden Idol":177,"Whetstone":["Blood for Blood","Strike_R"],"Orichalcum":[156],"Smiling Mask":375,"Medical Kit":[0],"Burning Blood":160,"Bronze Scales":[225],"Gambling Chip":[9],"MealTicket":16,"Black Star":4,"Kunai":[13],"obtain_stats":[{"Ice Cream":34,"Darkstone Periapt":47,"Torii":6,"Gremlin Horn":34,"Vajra":47,"Whetstone":36,"Smiling Mask":9,"Ancient Tea Set":23,"Burning Blood":0,"ClockworkSouvenir":36,"HornCleat":31,"Gambling Chip":42,"MealTicket":27,"Kunai":31,"Toxic Egg 2":41,"Happy Flower":23,"Golden Idol":11,"Oddly Smooth Stone":13,"Orichalcum":26,"Medical Kit":41,"White Beast Statue":14,"Calling Bell":34,"Bronze Scales":27,"Black Star":17,"Bottled Lightning":41,"Toy Ornithopter":34,"Pocketwatch":43},{"Ice Cream":21,"Darkstone Periapt":27,"Torii":6,"Gremlin Horn":21,"Vajra":27,"Whetstone":22,"Smiling Mask":7,"Ancient Tea Set":14,"Burning Blood":0,"ClockworkSouvenir":22,"HornCleat":20,"Gambling Chip":25,"MealTicket":16,"Kunai":20,"Toxic Egg 2":24,"Happy Flower":14,"Golden Idol":8,"Oddly Smooth Stone":8,"Orichalcum":15,"Medical Kit":24,"White Beast Statue":9,"Calling Bell":21,"Bronze Scales":16,"Black Star":10,"Bottled Lightning":24,"Toy Ornithopter":21,"Pocketwatch":25},{"Ice Cream":120,"Darkstone Periapt":153,"Torii":26,"Gremlin Horn":120,"Vajra":153,"Whetstone":124,"Smiling Mask":29,"Ancient Tea Set":75,"Burning Blood":0,"ClockworkSouvenir":124,"HornCleat":107,"Gambling Chip":142,"MealTicket":87,"Kunai":107,"Toxic Egg 2":139,"Happy Flower":75,"Golden Idol":33,"Oddly Smooth Stone":33,"Orichalcum":82,"Medical Kit":139,"White Beast Statue":39,"Calling Bell":120,"Bronze Scales":87,"Black Star":48,"Bottled Lightning":139,"Toy Ornithopter":120,"Pocketwatch":142}],"Toy Ornithopter":26,"Pocketwatch":[6]},"card_choices":[{"not_picked":["Reckless Charge","Shrug It Off"],"picked":"Shockwave","floor":1},{"not_picked":["Warcry","Carnage"],"picked":"Flex","floor":2},{"not_picked":["Disarm","Perfected Strike"],"picked":"Wild Strike","floor":3},{"not_picked":["Havoc","Sword Boomerang"],"picked":"Armaments","floor":4},{"not_picked":["Twin Strike","Shockwave"],"picked":"Power Through","floor":5},{"not_picked":["Rupture","Double Tap"],"picked":"Spot Weakness","floor":6},{"not_picked":["Armaments","Combust"],"picked":"Blood for Blood","floor":8},{"not_picked":["Blood for Blood","Headbutt"],"picked":"Dropkick","floor":10},{"not_picked":["Clothesline","Sword Boomerang"],"picked":"Rampage","floor":14},{"not_picked":["Double Tap","Corruption"],"picked":"Exhume","floor":16},{"not_picked":["Wild Strike+1","True Grit"],"picked":"Armaments+1","floor":18},{"not_picked":["True Grit","Headbutt+1"],"picked":"Flex","floor":20},{"not_picked":["True Grit","Headbutt"],"picked":"Thunderclap+1","floor":22},{"not_picked":["Sword Boomerang","Sever Soul","Clash"],"picked":"SKIP","floor":23},{"not_picked":["Headbutt","Feel No Pain"],"picked":"Wild Strike","floor":24},{"not_picked":["Clash","Sword Boomerang"],"picked":"Infernal Blade","floor":27},{"not_picked":["Shockwave","Havoc+1"],"picked":"Disarm+1","floor":28},{"not_picked":["Armaments","Entrench"],"picked":"Double Tap","floor":29},{"not_picked":["Armaments+1","Headbutt+1"],"picked":"Perfected Strike","floor":30},{"not_picked":["Clash","Perfected Strike"],"picked":"Flame Barrier","floor":31},{"not_picked":["Limit Break","Demon Form"],"picked":"Exhume","floor":33},{"not_picked":["Feel No Pain+1","Body Slam"],"picked":"Seeing Red","floor":35},{"not_picked":["Evolve+1","Feel No Pain+1"],"picked":"Seeing Red","floor":38},{"not_picked":["Body Slam+1","Twin Strike+1"],"picked":"Intimidate+1","floor":39},{"not_picked":["Rage+1","Sever Soul"],"picked":"Cleave","floor":42},{"not_picked":["Carnage+1","Heavy Blade","Sword Boomerang"],"picked":"SKIP","floor":45},{"not_picked":["Clash+1","Combust"],"picked":"Dual Wield+1","floor":47},{"not_picked":["Impervious+1","Perfected Strike"],"picked":"Inflame","floor":48}],"player_experience":154647,"relics_obtained":[{"floor":6,"key":"Torii"},{"floor":9,"key":"Smiling Mask"},{"floor":14,"key":"White Beast Statue"},{"floor":23,"key":"Ancient Tea Set"},{"floor":23,"key":"Happy Flower"},{"floor":26,"key":"Orichalcum"},{"floor":27,"key":"MealTicket"},{"floor":27,"key":"Bronze Scales"},{"floor":31,"key":"HornCleat"},{"floor":31,"key":"Kunai"},{"floor":34,"key":"Toy Ornithopter"},{"floor":34,"key":"Gremlin Horn"},{"floor":34,"key":"Ice Cream"},{"floor":42,"key":"Gambling Chip"},{"floor":43,"key":"Pocketwatch"},{"floor":47,"key":"Darkstone Periapt"},{"floor":47,"key":"Vajra"}],"event_choices":[{"damage_healed":0,"gold_gain":0,"player_choice":"Take Wound","damage_taken":0,"relics_obtained":["Golden Idol"],"max_hp_gain":0,"max_hp_loss":0,"event_name":"Golden Idol","floor":11,"gold_loss":0,"cards_obtained":["Injury"]},{"damage_healed":0,"gold_gain":0,"player_choice":"Box","damage_taken":0,"relics_obtained":["Oddly Smooth Stone"],"max_hp_gain":0,"max_hp_loss":0,"event_name":"Big Fish","floor":13,"gold_loss":0,"cards_obtained":["Regret"]},{"damage_healed":0,"gold_gain":0,"player_choice":"Joined the Cult","damage_taken":6,"max_hp_gain":0,"max_hp_loss":0,"event_name":"Nest","floor":21,"gold_loss":0,"cards_obtained":["RitualDagger"]},{"damage_healed":0,"gold_gain":0,"player_choice":"Bought 2 Potions","damage_taken":0,"max_hp_gain":0,"max_hp_loss":0,"event_name":"The Woman in Blue","floor":25,"gold_loss":0},{"damage_healed":0,"gold_gain":999,"player_choice":"Gold","damage_taken":0,"max_hp_gain":0,"max_hp_loss":0,"event_name":"MindBloom","floor":37,"gold_loss":0,"cards_obtained":["Normality","Normality"]},{"damage_healed":0,"gold_gain":0,"player_choice":"Fight","damage_taken":0,"max_hp_gain":0,"max_hp_loss":0,"event_name":"Mysterious Sphere","floor":42,"gold_loss":0},{"damage_healed":0,"gold_gain":0,"player_choice":"1 cards matched","damage_taken":0,"max_hp_gain":0,"max_hp_loss":0,"event_name":"Match and Keep!","floor":46,"gold_loss":0,"cards_obtained":["Double Tap"]}],"is_beta":false,"boss_relics":[{"not_picked":["Mark of Pain","Tiny House"],"picked":"Black Star"},{"not_picked":["Runic Dome","Philosopher\u0027s Stone"],"picked":"Calling Bell"}],"items_purged_floors":[12,19,36,41,44],"is_endless":false,"potions_floor_spawned":[1,4,6,10,16,18,20,22,23,24,27,28,29,30,31,33,35,38,39,42,45,47,48],"ascension_level":1}}