{"host":"6azrrw3tf7wb0f4b","time":1611992254,"event":{"mods":["BaseMod","DeckTracker","Minty Spire (QoL Compilation)","SuperFastMode"],"gold_per_floor":[110,126,141,141,141,168,59,89,163,163,111,123,123,139,139,239,239,250,103,118,130,144,144,144,164,190,202,228,240,269,300,312,324,324],"floor_reached":33,"language":"KOR","playtime":1739,"items_purged":["Strike_G","Strike_G"],"score":578,"play_id":"b2169a09-aa9b-4039-b2e3-ee4082304685","local_time":"20210130163734","is_ascension_mode":true,"campfire_choices":[{"data":"Cloak And Dagger","floor":10.0,"key":"SMITH"},{"data":"Accuracy","floor":15.0,"key":"SMITH"},{"data":"Acrobatics","floor":23,"key":"SMITH"},{"data":"Acrobatics","floor":27,"key":"SMITH"},{"floor":29,"key":"REST"},{"data":"Reflex","floor":32,"key":"SMITH"}],"circlet_count":0,"master_deck":["AscendersBane","Strike_G","Strike_G+1","Strike_G","Defend_G","Defend_G","Defend_G","Defend_G","Defend_G","Survivor","Neutralize+1","Cloak And Dagger+1","After Image","Acrobatics+1","Accuracy+1","Corpse Explosion","Backflip","Reflex+1","Poisoned Stab","Grand Finale","Setup","Acrobatics+1","Escape Plan","Crippling Poison","Burst","Tactician+1"],"relics":["Ring of the Snake","NeowsBlessing","Thread and Needle","Oddly Smooth Stone","InkBottle","Ninja Scroll","Sozu","MawBank"],"acts_visited":["Exordium","TheCity"],"potions_floor_usage":[22],"damage_taken":[{"damage":0.0,"enemies":"2 Louse","floor":1.0,"turns":1.0},{"damage":0.0,"enemies":"Jaw Worm","floor":2.0,"turns":1.0},{"damage":0.0,"enemies":"Cultist","floor":3.0,"turns":1.0},{"damage":21.0,"enemies":"Gremlin Nob","floor":6.0,"turns":5.0},{"damage":0.0,"enemies":"Lagavulin","floor":8.0,"turns":12.0},{"damage":7.0,"enemies":"Lots of Slimes","floor":12.0,"turns":3.0},{"damage":0.0,"enemies":"Exordium Wildlife","floor":14.0,"turns":5.0},{"damage":0.0,"enemies":"The Guardian","floor":16.0,"turns":11.0},{"damage":0,"enemies":"Chosen","floor":18,"turns":3},{"damage":15,"enemies":"3 Byrds","floor":20,"turns":3},{"damage":3,"enemies":"Snake Plant","floor":21,"turns":5},{"damage":0,"enemies":"Centurion and Healer","floor":22,"turns":4},{"damage":4,"enemies":"Chosen and Byrds","floor":25,"turns":8},{"damage":20,"enemies":"Sentry and Sphere","floor":28,"turns":6},{"damage":0,"enemies":"Shelled Parasite and Fungi","floor":30,"turns":6},{"damage":0,"enemies":"Snake Plant","floor":31,"turns":4},{"damage":43,"enemies":"Collector","floor":33,"turns":13}],"seed_played":"1030699260163843667","potions_obtained":[{"floor":2.0,"key":"DuplicationPotion"},{"floor":8.0,"key":"Regen Potion"},{"floor":12.0,"key":"Weak Potion"},{"floor":14.0,"key":"DistilledChaos"}],"is_trial":false,"path_per_floor":["M","M","M","?","?","E","$","E","T","R","$","M","$","M","R","B",null,"M","$","M","M","M","R","?","M","T","R","M","R","M","M","R","B"],"character_chosen":"THE_SILENT","items_purchased":["Accuracy","Backflip","Acrobatics"],"campfire_rested":1,"item_purchase_floors":[7,11,19],"current_hp_per_floor":[63,63,63,56,42,21,21,21,21,21,21,14,14,28,28,28,60,60,60,45,42,42,42,42,38,38,38,18,39,39,39,39,0,0],"gold":324,"neow_bonus":"THREE_ENEMY_KILL","is_daily":false,"chose_seed":false,"campfire_upgraded":5,"win_rate":0.0,"timestamp":1611992254,"path_taken":["M","M","M","?","?","E","$","E","T","R","?","?","?","M","R","BOSS","M","$","M","M","M","R","?","M","T","R","M","R","M","M","R","BOSS"],"items_purchased_type":["Card","Card","Card"],"build_version":"2020-12-22","purchased_purges":2,"victory":false,"max_hp_per_floor":[70,70,70,70,70,70,70,70,70,70,70,70,70,70,70,70,70,70,70,70,70,70,70,70,70,70,70,70,70,70,70,70,70,70],"card_choices":[{"not_picked":["Backflip","Prepared"],"picked":"Cloak And Dagger","floor":1.0},{"not_picked":["Deflect","PiercingWail"],"picked":"After Image","floor":2.0},{"not_picked":["Flechettes","Sucker Punch","Setup"],"picked":"SKIP","floor":3.0},{"not_picked":["Quick Slash","Deflect"],"picked":"Acrobatics","floor":6.0},{"not_picked":["Flying Knee","Outmaneuver"],"picked":"Corpse Explosion","floor":8.0},{"not_picked":["All Out Attack","Riddle With Holes"],"picked":"Reflex","floor":12.0},{"not_picked":["Dagger Spray","Poisoned Stab","Flying Knee"],"picked":"SKIP","floor":14.0},{"not_picked":["Dagger Spray","Flying Knee"],"picked":"Poisoned Stab","floor":14.0},{"not_picked":["Wraith Form v2","Envenom"],"picked":"Grand Finale","floor":16.0},{"not_picked":["Dodge and Roll","Dagger Spray"],"picked":"Setup","floor":18},{"not_picked":["Quick Slash","Deadly Poison","Bane"],"picked":"SKIP","floor":20},{"not_picked":["Flying Knee","Crippling Poison"],"picked":"Escape Plan","floor":21},{"not_picked":["Poisoned Stab","Acrobatics","Eviscerate"],"picked":"SKIP","floor":22},{"not_picked":["Quick Slash","Backflip","Dodge and Roll"],"picked":"SKIP","floor":25},{"not_picked":["Acrobatics","Distraction"],"picked":"Crippling Poison","floor":28},{"not_picked":["Deflect","Quick Slash"],"picked":"Burst","floor":30},{"not_picked":["Riddle With Holes","Caltrops"],"picked":"Tactician+1","floor":31}],"player_experience":737759,"relics_obtained":[{"floor":6.0,"key":"Oddly Smooth Stone"},{"floor":8.0,"key":"InkBottle"},{"floor":9.0,"key":"Ninja Scroll"},{"floor":26,"key":"MawBank"}],"event_choices":[{"damage_healed":0.0,"max_hp_gain":0.0,"max_hp_loss":0.0,"gold_gain":0.0,"event_name":"Scrap Ooze","player_choice":"Success","floor":4.0,"gold_loss":0.0,"damage_taken":7.0,"relics_obtained":["Thread and Needle"]},{"damage_healed":0.0,"max_hp_gain":0.0,"max_hp_loss":0.0,"gold_gain":0.0,"event_name":"Shining Light","player_choice":"Entered Light","floor":5.0,"gold_loss":0.0,"damage_taken":14.0,"cards_upgraded":["Neutralize","Strike_G"]},{"damage_healed":0,"gold_gain":0,"player_choice":"Ignored","damage_taken":0,"max_hp_gain":0,"max_hp_loss":0,"event_name":"Vampires","floor":24,"gold_loss":0}],"is_beta":false,"boss_relics":[{"not_picked":["Coffee Dripper","Busted Crown"],"picked":"Sozu"}],"items_purged_floors":[7,19],"is_endless":false,"potions_floor_spawned":[2,8,12,14,21,25,28],"killed_by":"Collector","ascension_level":12}}