{"host":"5fpb1gzflhq9886n","time":1611979271,"event":{"mods":["AchievementEnabler","BaseMod","Colored Map","Colored Powertips","Minty Spire (QoL Compilation)","Permanent Neow"],"gold_per_floor":[115,290,290,290,18,18,50,50,119,154,172,187,197,216,216,317,317,332,346,161,178,4,39,39,39,86,86,104,104,139,139,139,235,235,246,258,17,67,67,79,112,128,152,152,152,163,190,203,203,203,203],"floor_reached":50,"language":"ENG","playtime":2881,"items_purged":["Doubt","Strike_P"],"score":794,"play_id":"fb8275da-4654-4fe7-9fff-c5741ecbd696","local_time":"20210129230111","is_ascension_mode":true,"campfire_choices":[{"data":"MentalFortress","floor":6.0,"key":"SMITH"},{"floor":8.0,"key":"REST"},{"floor":15.0,"key":"REST"},{"floor":24.0,"key":"REST"},{"floor":27.0,"key":"REST"},{"floor":29.0,"key":"REST"},{"floor":32.0,"key":"REST"},{"floor":45.0,"key":"REST"},{"floor":49,"key":"RECALL"}],"circlet_count":0,"master_deck":["Strike_P","Strike_P","Strike_P","Defend_P","Defend_P+1","Defend_P","Eruption+1","Vigilance+1","FlurryOfBlows+1","MentalFortress+1","EmptyFist","FollowUp","Study","Brilliance+1","SashWhip+1","BowlingBash+1","Tantrum+1","DevaForm","FlurryOfBlows+1","Halt","Fasting2","ReachHeaven+1","Conclude+1","BattleHymn","Halt","FlyingSleeves+1","SashWhip+1","Vault","Ghostly","Ghostly","Ghostly","Ghostly","Ghostly+1","LessonLearned+1","Evaluate+1","FlurryOfBlows+1","Meditate","Evaluate+1","EmptyFist+1","Consecrate+1","Brilliance+1","Madness","Madness","Protect+1"],"relics":["PureWater","Membership Card","Sundial","Molten Egg 2","Smiling Mask","VioletLotus","Happy Flower","HornCleat","Juzu Bracelet","Pen Nib","Oddly Smooth Stone","Fusion Hammer","Strange Spoon","Ornamental Fan","FossilizedHelix","Calipers","Nunchaku"],"acts_visited":["Exordium","TheCity","TheBeyond"],"potions_floor_usage":[48],"damage_taken":[{"damage":0.0,"enemies":"2 Louse","floor":1.0,"turns":2.0},{"damage":20.0,"enemies":"3 Sentries","floor":7.0,"turns":9.0},{"damage":7.0,"enemies":"Lagavulin","floor":10.0,"turns":6.0},{"damage":0.0,"enemies":"Small Slimes","floor":11.0,"turns":3.0},{"damage":0.0,"enemies":"Cultist","floor":12.0,"turns":1.0},{"damage":3.0,"enemies":"Blue Slaver","floor":13.0,"turns":2.0},{"damage":0.0,"enemies":"Looter","floor":14.0,"turns":1.0},{"damage":0.0,"enemies":"Slime Boss","floor":16.0,"turns":3.0},{"damage":16.0,"enemies":"Spheric Guardian","floor":18.0,"turns":4.0},{"damage":0.0,"enemies":"3 Byrds","floor":19.0,"turns":3.0},{"damage":18.0,"enemies":"Centurion and Healer","floor":21.0,"turns":4.0},{"damage":30.0,"enemies":"Gremlin Leader","floor":23.0,"turns":5.0},{"damage":37.0,"enemies":"Shelled Parasite and Fungi","floor":28.0,"turns":5.0},{"damage":14.0,"enemies":"Book of Stabbing","floor":30.0,"turns":4.0},{"damage":12.0,"enemies":"Champ","floor":33.0,"turns":8.0},{"damage":3.0,"enemies":"3 Darklings","floor":35.0,"turns":5.0},{"damage":7.0,"enemies":"3 Shapes","floor":36.0,"turns":4.0},{"damage":0.0,"enemies":"Mind Bloom Boss Battle","floor":38.0,"turns":6.0},{"damage":0.0,"enemies":"Sphere and 2 Shapes","floor":40.0,"turns":5.0},{"damage":0.0,"enemies":"Giant Head","floor":41.0,"turns":7.0},{"damage":0.0,"enemies":"Maw","floor":42.0,"turns":7.0},{"damage":3.0,"enemies":"3 Darklings","floor":46.0,"turns":4.0},{"damage":0,"enemies":"Transient","floor":48,"turns":5},{"damage":29,"enemies":"Donu and Deca","floor":50,"turns":4}],"seed_played":"789872663336400942","potions_obtained":[{"floor":1.0,"key":"PowerPotion"},{"floor":10.0,"key":"Explosive Potion"},{"floor":11.0,"key":"BottledMiracle"},{"floor":12.0,"key":"SkillPotion"},{"floor":28.0,"key":"BottledMiracle"},{"floor":30.0,"key":"BottledMiracle"},{"floor":35.0,"key":"StancePotion"},{"floor":40.0,"key":"BlessingOfTheForge"},{"floor":46.0,"key":"Dexterity Potion"},{"floor":48,"key":"GamblersBrew"}],"is_trial":false,"path_per_floor":["M","?","?","?","$","R","E","R","T","E","M","M","M","M","R","B",null,"M","M","$","M","$","E","R","?","T","R","M","R","E","?","R","B",null,"M","M","$","?","?","M","E","M","T","?","R","M","T","M","R","B"],"character_chosen":"WATCHER","items_purchased":["Membership Card","MentalFortress","EmptyFist","Happy Flower","Fasting2","ReachHeaven+1","HornCleat","BattleHymn","Halt","Strange Spoon","Ornamental Fan","Meditate"],"campfire_rested":7,"item_purchase_floors":[5,5,5,20,20,20,22,22,22,37,37,37],"current_hp_per_floor":[72,72,58,58,58,58,38,59,59,52,52,52,49,49,70,70,72,56,56,56,38,38,8,29,23,23,44,7,28,14,14,24,12,30,27,20,20,20,20,20,20,20,20,15,25,22,22,22,22,0,0],"gold":203,"neow_bonus":"UPGRADE_CARD","is_daily":false,"chose_seed":false,"campfire_upgraded":1,"win_rate":0.0,"timestamp":1611979271,"path_taken":["M","?","?","?","$","R","E","R","T","E","M","M","M","M","R","BOSS","M","M","$","M","$","E","R","?","T","R","M","R","E","?","R","BOSS","M","M","$","?","?","M","E","M","T","?","R","M","?","M","R","BOSS"],"items_purchased_type":["Relic","Card","Card","Relic","Card","Card","Relic","Card","Card","Relic","Relic","Card"],"build_version":"2020-12-22","purchased_purges":2,"victory":false,"max_hp_per_floor":[72,72,72,72,72,72,72,72,72,72,72,72,72,72,72,72,72,72,72,72,72,72,72,72,72,72,72,72,72,72,36,36,36,36,36,36,36,36,36,36,36,36,36,36,36,36,36,36,36,36,36],"card_choices":[{"not_picked":["Fasting2","PathToVictory"],"picked":"FlurryOfBlows","floor":1.0},{"not_picked":["EmptyFist","Wireheading"],"picked":"FollowUp","floor":7.0},{"not_picked":["Protect","Nirvana"],"picked":"Study","floor":10.0},{"not_picked":["Nirvana","Sanctity"],"picked":"Brilliance+1","floor":11.0},{"not_picked":["Protect","Evaluate"],"picked":"SashWhip+1","floor":12.0},{"not_picked":["Swivel","Weave+1"],"picked":"BowlingBash+1","floor":13.0},{"not_picked":["CutThroughFate+1","FlyingSleeves+1"],"picked":"Tantrum+1","floor":14.0},{"not_picked":["Omniscience","Alpha"],"picked":"DevaForm","floor":16.0},{"not_picked":["CutThroughFate+1","CrushJoints+1"],"picked":"FlurryOfBlows+1","floor":18.0},{"not_picked":["Prostrate","Sanctity"],"picked":"Halt","floor":19.0},{"not_picked":["FlyingSleeves+1","Wireheading+1"],"picked":"Conclude+1","floor":21.0},{"not_picked":["EmptyBody","JustLucky+1"],"picked":"FlyingSleeves+1","floor":23.0},{"not_picked":["BowlingBash+1","SpiritShield"],"picked":"SashWhip+1","floor":28.0},{"not_picked":["ReachHeaven+1","BattleHymn"],"picked":"Vault","floor":30.0},{"not_picked":["Omniscience","Scrawl"],"picked":"LessonLearned+1","floor":33.0},{"not_picked":["Protect","ClearTheMind+1"],"picked":"Evaluate+1","floor":35.0},{"not_picked":["JustLucky+1","Prostrate"],"picked":"FlurryOfBlows+1","floor":36.0},{"not_picked":["EmptyFist+1","BowlingBash+1"],"picked":"Evaluate+1","floor":38.0},{"not_picked":["ForeignInfluence","ReachHeaven+1"],"picked":"Consecrate+1","floor":40.0},{"not_picked":["SashWhip+1","Crescendo"],"picked":"Brilliance+1","floor":41.0},{"not_picked":["PathToVictory+1","BowlingBash+1","CutThroughFate+1"],"picked":"SKIP","floor":42.0},{"not_picked":["ThirdEye","Halt"],"picked":"Protect+1","floor":46.0},{"not_picked":["Halt+1","Protect","Judgement"],"picked":"SKIP","floor":48}],"player_experience":779988,"relics_obtained":[{"floor":7.0,"key":"Sundial"},{"floor":9.0,"key":"Molten Egg 2"},{"floor":10.0,"key":"Smiling Mask"},{"floor":23.0,"key":"Juzu Bracelet"},{"floor":26.0,"key":"Pen Nib"},{"floor":30.0,"key":"Oddly Smooth Stone"},{"floor":38.0,"key":"FossilizedHelix"},{"floor":41.0,"key":"Calipers"},{"floor":47.0,"key":"Nunchaku"}],"event_choices":[{"damage_healed":0.0,"max_hp_gain":0.0,"max_hp_loss":0.0,"gold_gain":175.0,"event_name":"Liars Game","player_choice":"AGREE","floor":2.0,"gold_loss":0.0,"damage_taken":0.0,"cards_obtained":["Doubt"]},{"damage_healed":0.0,"max_hp_gain":0.0,"max_hp_loss":0.0,"gold_gain":0.0,"event_name":"Shining Light","player_choice":"Entered Light","floor":3.0,"gold_loss":0.0,"damage_taken":14.0,"cards_upgraded":["Vigilance","Defend_P"]},{"damage_healed":0.0,"max_hp_gain":0.0,"max_hp_loss":0.0,"gold_gain":0.0,"event_name":"Living Wall","player_choice":"Grow","floor":4.0,"gold_loss":0.0,"damage_taken":0.0,"cards_upgraded":["FlurryOfBlows"]},{"damage_healed":0.0,"max_hp_gain":0.0,"max_hp_loss":0.0,"gold_gain":0.0,"event_name":"Knowing Skull","player_choice":"","floor":25.0,"potions_obtained":[],"gold_loss":0.0,"damage_taken":6.0,"cards_obtained":[]},{"damage_healed":0.0,"max_hp_gain":0.0,"max_hp_loss":36.0,"gold_gain":0.0,"event_name":"Ghosts","player_choice":"Became a Ghost","floor":31.0,"gold_loss":0.0,"damage_taken":0.0,"cards_obtained":["Ghostly","Ghostly","Ghostly","Ghostly","Ghostly"]},{"damage_healed":0.0,"max_hp_gain":0.0,"max_hp_loss":0.0,"gold_gain":0.0,"event_name":"MindBloom","player_choice":"Fight","floor":38.0,"gold_loss":0.0,"damage_taken":0.0},{"damage_healed":0.0,"max_hp_gain":0.0,"max_hp_loss":0.0,"gold_gain":0.0,"cards_transformed":["Defend_P"],"event_name":"Transmorgrifier","player_choice":"Transformed","floor":39.0,"gold_loss":0.0,"damage_taken":0.0,"cards_obtained":["EmptyFist"]},{"damage_healed":0.0,"max_hp_gain":0.0,"max_hp_loss":0.0,"gold_gain":0.0,"event_name":"Winding Halls","player_choice":"Embrace Madness","floor":44.0,"gold_loss":0.0,"damage_taken":5.0,"cards_obtained":["Madness","Madness"]}],"is_beta":false,"boss_relics":[{"not_picked":["HolyWater","Tiny House"],"picked":"VioletLotus"},{"not_picked":["Velvet Choker","Snecko Eye"],"picked":"Fusion Hammer"}],"items_purged_floors":[5,20],"is_endless":false,"potions_floor_spawned":[1,10,11,12,16,18,28,30,35,40,46,48],"killed_by":"Donu and Deca","ascension_level":5}}