{"host":"tsm37ib3nbi21ovq","time":1611979888,"event":{"mods":["100% Spire Juice","Act Like it!","BaseMod","Gensokyo","Koishi","Minty Spire (QoL Compilation)","Prisma Mod","Reimu£®≤©¿ˆ¡È√Œ£©","Remilia£®¿Ÿ√◊¿Ú—«£©","Replay The Spire","StSLib","Yakumo Yukari mod"],"gold_per_floor":[111,126,91,91,91,101,101,101,101,115,115,127,127,201,201,218,218,313,313,327,338,259,329,347,347,401,413,450,462,474,525,575,638,650,760,772,802,825,837,111,142,192,230,230,280,355,106,106,106,106,106,116,116,116],"floor_reached":55,"language":"ZHS","playtime":5485,"items_purged":[],"score":901,"play_id":"0ad67ce6-0726-4dcb-8223-bbc8ca1a8e9f","local_time":"20210130121128","daily_mods":["SealedDeck","Hoarder","Vintage","Heirloom","DeadlyEvents"],"is_ascension_mode":false,"campfire_choices":[{"floor":15,"key":"DIG"},{"floor":17,"key":"DIG"},{"floor":25,"key":"REST"},{"floor":27,"key":"DIG"},{"floor":29,"key":"DIG"},{"floor":34,"key":"DIG"},{"floor":44,"key":"DIG"},{"floor":50,"key":"DIG"},{"floor":53,"key":"DIG"}],"circlet_count":0,"master_deck":["NightDance","NightDance","NightDance","FavorOfDestiny","FavorOfDestiny","FavorOfDestiny","RedRainbow","RedRainbow","RedRainbow","BloodHunter","BloodHunter+1","BloodAndWine","BloodAndWine","BloodAndWine","TwelveNightmare+1","TwelveNightmare","TwelveNightmare","BombardNight","BombardNight","BombardNight","ScarletImprint","ScarletImprint","UnstableMagic","UnstableMagic","UnstableMagic","Ultimatum","Ultimatum","Ultimatum","GlobalNightmare","GlobalNightmare","GlobalNightmare","HunterOfTheNight","HunterOfTheNight","BloodHunter","BloodHunter","BloodHunter","BloodRain","BloodRain","BloodRain","MillenniumVampire","MillenniumVampire","MillenniumVampire","BloodHunter+1","BloodHunter+1","HeartBreak","DemonKingCradle","DemonKingCradle","DemonKingCradle","BloodyMagicSquare","BloodyMagicSquare","BloodyMagicSquare","LeisurelyOfLord","LeisurelyOfLord","LeisurelyOfLord","ScarletCoffin","ScarletCoffin","ScarletCoffin","FitfulNightmare","FitfulNightmare","FitfulNightmare","Replay:BasicMightCard","Replay:BasicMightCard","Replay:BasicMightCard","CeilingFear","CeilingFear","CeilingFear","VampirishNight","VampirishNight","VampirishNight","BloodyHallows","BloodyHallows","BloodyHallows","BloodyHallows","BloodyHallows","BloodyHallows","VampireSweep","VampireSweep","VampireSweep","BloodHunter","BloodHunter","BloodHunter"],"relics":["ScarletHat","StoneCalendar","Replay:Accelerometer","Shovel","NeowsBlessing","Matryoshka","NeowsBlessing","Lantern","Replay:Ringing Soul","HornCleat","Bottled Lightning","NeowsBlessing","Gambling Chip","Replay:PocketPolymizer","Sundial","Strawberry","Black Star","Vajra","Gungnir","Bag of Preparation","Girya","InkBottle","MawBank","Replay:Rubber Ducky","Replay:Baseball","Ancient Tea Set","Onion Ring","Du-Vu Doll","Kunai","Pet Ghost","CrazyTorch:ReiMu","SlaversCollar","Mastiff:ReiMu","Boot","Medical Kit","Torii","Bag of Marbles","Akabeko","Art of War","ReplayFunnel","Blue Candle","Pondfish Scales","Blue Doll","Thread and Needle","Omamori","RuthlessExorcism:ReiMu","Gremlin Food","Potion Belt","Bottled Flame","NeowsBlessing","Replay:Wax Seal","Replay:Mystery Machine"],"acts_visited":["Exordium","Gensokyo:Gensokyoer","Gensokyo:Gensokyoest"],"potions_floor_usage":[26,35],"damage_taken":[{"damage":0,"enemies":"Cultist","floor":1,"turns":3},{"damage":0,"enemies":"2 Louse","floor":2,"turns":1},{"damage":0,"enemies":"Small Slimes","floor":6,"turns":1},{"damage":0,"enemies":"Red Slaver","floor":10,"turns":2},{"damage":0,"enemies":"3 Louse","floor":12,"turns":4},{"damage":2,"enemies":"Replay:BlueRogue","floor":14,"turns":1},{"damage":6,"enemies":"Blue Slaver","floor":16,"turns":5},{"damage":0,"enemies":"Hexaghost","floor":18,"turns":1},{"damage":0,"enemies":"Gensokyo:CosmicMonolith","floor":20,"turns":2},{"damage":9,"enemies":"Gensokyo:Chomper","floor":21,"turns":5},{"damage":33,"enemies":"Gensokyo:Wraith","floor":23,"turns":7},{"damage":31,"enemies":"Gensokyo:Slime_Group","floor":24,"turns":4},{"damage":5,"enemies":"Gensokyo:Reisen","floor":26,"turns":7},{"damage":0,"enemies":"Gensokyo:3_Gloops","floor":31,"turns":2},{"damage":17,"enemies":"Gensokyo:Chomper_and_Gloop","floor":32,"turns":7},{"damage":0,"enemies":"Gensokyo:Monolith_and_Dog","floor":33,"turns":5},{"damage":8,"enemies":"Gensokyo:Eternal_Rivals","floor":35,"turns":7},{"damage":0,"enemies":"Gensokyo:3_Boulders","floor":37,"turns":6},{"damage":0,"enemies":"Gensokyo:AncientGuardian","floor":38,"turns":3},{"damage":0,"enemies":"Gensokyo:SeedOfUnknown","floor":41,"turns":3},{"damage":0,"enemies":"Gensokyo:Kasen","floor":42,"turns":5},{"damage":7,"enemies":"Gensokyo:4_Bats","floor":43,"turns":7},{"damage":1,"enemies":"Gensokyo:Doremy","floor":46,"turns":5},{"damage":0,"enemies":"Gensokyo:3_Boulders","floor":52,"turns":1},{"damage":0,"enemies":"Gensokyo:Yuyuko","floor":54,"turns":1}],"seed_played":"-7432345369596001849","potions_obtained":[{"floor":1,"key":"Strength Potion"},{"floor":10,"key":"FearPotion"},{"floor":16,"key":"Elixir"},{"floor":31,"key":"Elixir"},{"floor":32,"key":"MagicPotion:ReiMu"},{"floor":35,"key":"Dexterity Potion"},{"floor":42,"key":"Ancient Potion"},{"floor":43,"key":"FairyPotion"},{"floor":43,"key":"CultistPotion"},{"floor":46,"key":"BlessingOfTheForge"},{"floor":52,"key":"Regen Potion"}],"is_trial":true,"path_per_floor":["M","M","$","?","WH","M","PTL","PTL","WH","M","T","M","WH","E","R","M","R","B",null,"M","M","$","M","M","R","E","R","T","R","?","M","M","M","R","B",null,"M","M","WH","$","M","E","M","R","T","E","$","PTL","PTL","R","WH","M","R","B",null],"character_chosen":"REMILIA","items_purchased":["Ultimatum","MillenniumVampire","FitfulNightmare","Medical Kit","Torii","Bag of Marbles","Replay:BasicMightCard","BloodyHallows","Potion Belt"],"campfire_rested":1,"item_purchase_floors":[3,22,40,40,40,40,40,47,47],"current_hp_per_floor":[75,75,75,75,75,75,75,75,75,75,75,75,75,76,76,76,86,89,91,91,87,90,64,35,68,73,76,76,79,79,84,69,74,77,112,112,112,112,123,126,126,129,123,126,126,132,135,135,135,138,138,138,141,141],"gold":116,"neow_bonus":"THREE_ENEMY_KILL","is_daily":false,"chose_seed":false,"campfire_upgraded":0,"win_rate":0.0,"timestamp":1611979888,"path_taken":["M","M","$","?","WH","M","PTL","PTL","WH","M","T","M","WH","E","R","M","R","BOSS","M","M","$","M","M","R","E","R","T","R","?","M","M","M","R","BOSS","M","M","WH","$","M","E","M","R","T","E","$","PTL","PTL","R","WH","M","R","BOSS"],"items_purchased_type":["Card","Card","Card","Relic","Relic","Relic","Card","Card","Relic"],"build_version":"2020-12-22","purchased_purges":0,"victory":true,"max_hp_per_floor":[75,75,75,75,75,75,75,75,75,75,75,75,75,78,78,78,88,91,91,91,91,94,97,97,100,100,103,103,106,106,106,106,106,109,112,112,112,112,123,126,126,129,129,132,132,132,135,135,135,138,138,138,141,141],"card_choices":[{"not_picked":["BombardNight","BadLadyScramble"],"picked":"GlobalNightmare","floor":10},{"not_picked":["NightDance","Stigmanizer","VampireKiss"],"picked":"SKIP","floor":12},{"not_picked":["UnderTheZenith","ScarletDevil"],"picked":"HunterOfTheNight","floor":14},{"not_picked":["ScarletImprint","BloodHunter","UnderTheZenith"],"picked":"SKIP","floor":16},{"not_picked":["ChaoticDestiny","HeartBreak"],"picked":"BloodRain","floor":18},{"not_picked":["BombardNight","VampireKiss"],"picked":"BloodHunter+1","floor":23},{"not_picked":["DevilSight","ScarletImprint","RedRainbow"],"picked":"SKIP","floor":26},{"not_picked":["EndlessAdversity","StarOfDavid","BlasphemousPunishment"],"picked":"SKIP","floor":31},{"not_picked":["HeartBreak","KillingBlow"],"picked":"ScarletCoffin","floor":35},{"not_picked":["StarOfDavid","FavorOfDestiny"],"picked":"CeilingFear","floor":42},{"not_picked":["StarOfDavid+1","Ultimatum","BloodHunter+1"],"picked":"SKIP","floor":46}],"player_experience":13114,"relics_obtained":[{"floor":1,"key":"Replay:Accelerometer"},{"floor":2,"key":"Shovel"},{"floor":6,"key":"Matryoshka"},{"floor":10,"key":"Lantern"},{"floor":11,"key":"Replay:Ringing Soul"},{"floor":11,"key":"HornCleat"},{"floor":12,"key":"Bottled Lightning"},{"floor":14,"key":"Gambling Chip"},{"floor":15,"key":"Replay:PocketPolymizer"},{"floor":16,"key":"Sundial"},{"floor":17,"key":"Strawberry"},{"floor":20,"key":"Vajra"},{"floor":21,"key":"Gungnir"},{"floor":23,"key":"Bag of Preparation"},{"floor":24,"key":"Girya"},{"floor":26,"key":"InkBottle"},{"floor":26,"key":"MawBank"},{"floor":27,"key":"Replay:Rubber Ducky"},{"floor":28,"key":"Replay:Baseball"},{"floor":28,"key":"Ancient Tea Set"},{"floor":29,"key":"Onion Ring"},{"floor":31,"key":"Du-Vu Doll"},{"floor":32,"key":"Kunai"},{"floor":33,"key":"Pet Ghost"},{"floor":34,"key":"CrazyTorch:ReiMu"},{"floor":37,"key":"Mastiff:ReiMu"},{"floor":38,"key":"Boot"},{"floor":41,"key":"Akabeko"},{"floor":41,"key":"Art of War"},{"floor":42,"key":"ReplayFunnel"},{"floor":42,"key":"Blue Candle"},{"floor":42,"key":"Pondfish Scales"},{"floor":43,"key":"Blue Doll"},{"floor":44,"key":"Thread and Needle"},{"floor":45,"key":"Omamori"},{"floor":46,"key":"RuthlessExorcism:ReiMu"},{"floor":46,"key":"Gremlin Food"},{"floor":50,"key":"Bottled Flame"},{"floor":52,"key":"Replay:Wax Seal"},{"floor":53,"key":"Replay:Mystery Machine"}],"event_choices":[{"damage_healed":0,"gold_gain":0,"player_choice":"Upgraded","damage_taken":0,"max_hp_gain":0,"max_hp_loss":0,"event_name":"Upgrade Shrine","floor":4,"gold_loss":0,"cards_upgraded":["TwelveNightmare"]}],"is_beta":false,"boss_relics":[{"not_picked":["Replay:Grab Bag","Calling Bell"],"picked":"Black Star"},{"not_picked":["Snecko Heart","Abe\u0027s Treasure"],"picked":"SlaversCollar"}],"items_purged_floors":[],"is_endless":false,"potions_floor_spawned":[10,16,31,32,33,35,43,46,52],"ascension_level":0}}