{"host":"kpyf5rnb72uwap8k","time":1611998726,"event":{"mods":["AchievementEnabler","BaseMod","Colored Map","Colored Powertips","DeckTracker","Minty Spire (QoL Compilation)","Permanent Neow","Quick Restart","StSLib","SuperFastMode"],"gold_per_floor":[111,57,68,81,81,108,128,146,170,170,203,203,232,248,248,353,353,365,290,340,358,370,370,398,411,411,440,440,453,470,483,483,578,578,590,259,269,282,300,334,348,373,398,413,413,425,476,476,476,476],"floor_reached":51,"language":"KOR","playtime":2004,"items_purged":["Strike_B","Strike_B"],"score":811,"play_id":"ccaa5166-ddd2-4fb9-a210-a458d7cc3440","local_time":"20210130182526","is_ascension_mode":true,"campfire_choices":[{"data":"Hologram","floor":10.0,"key":"SMITH"},{"data":"Conserve Battery","floor":12.0,"key":"SMITH"},{"floor":15.0,"key":"REST"},{"data":"Conserve Battery","floor":23.0,"key":"SMITH"},{"floor":28.0,"key":"REST"},{"data":"Skim","floor":32.0,"key":"SMITH"},{"floor":45.0,"key":"REST"},{"floor":49.0,"key":"REST"}],"circlet_count":0,"master_deck":["Strike_B","Strike_B","Defend_B","Defend_B","Defend_B","Defend_B","Zap","Dualcast","Ball Lightning","Hologram+1","Cold Snap","Conserve Battery+1","Self Repair","Skim+1","Conserve Battery+1","Electrodynamics","Hologram+1","Defragment+1","Capacitor+1","Double Energy+1","Chill+1"],"relics":["Cracked Core","Mercury Hourglass","Akabeko","Nunchaku","Oddly Smooth Stone","Sozu","InkBottle","Kunai","Juzu Bracelet","Fusion Hammer","Membership Card","Ancient Tea Set","Lantern","Lizard Tail","Vajra","Ice Cream","Bottled Lightning"],"acts_visited":["Exordium","TheCity","TheBeyond"],"potions_floor_usage":[50,50],"damage_taken":[{"damage":0.0,"enemies":"Small Slimes","floor":1.0,"turns":3.0},{"damage":0.0,"enemies":"Cultist","floor":3.0,"turns":3.0},{"damage":3.0,"enemies":"Jaw Worm","floor":4.0,"turns":3.0},{"damage":19.0,"enemies":"Gremlin Nob","floor":6.0,"turns":4.0},{"damage":1.0,"enemies":"Exordium Thugs","floor":7.0,"turns":4.0},{"damage":8.0,"enemies":"Red Slaver","floor":8.0,"turns":3.0},{"damage":11.0,"enemies":"3 Sentries","floor":11.0,"turns":6.0},{"damage":11.0,"enemies":"Gremlin Nob","floor":13.0,"turns":4.0},{"damage":3.0,"enemies":"Large Slime","floor":14.0,"turns":4.0},{"damage":21.0,"enemies":"The Guardian","floor":16.0,"turns":16.0},{"damage":8.0,"enemies":"Chosen","floor":18.0,"turns":5.0},{"damage":0.0,"enemies":"Shell Parasite","floor":21.0,"turns":4.0},{"damage":16.0,"enemies":"Shelled Parasite and Fungi","floor":22.0,"turns":9.0},{"damage":16.0,"enemies":"Slavers","floor":24.0,"turns":4.0},{"damage":3.0,"enemies":"Chosen and Byrds","floor":25.0,"turns":5.0},{"damage":21.0,"enemies":"Gremlin Leader","floor":27.0,"turns":8.0},{"damage":0.0,"enemies":"Centurion and Healer","floor":29.0,"turns":6.0},{"damage":0.0,"enemies":"Snecko","floor":30.0,"turns":6.0},{"damage":17.0,"enemies":"Chosen and Byrds","floor":31.0,"turns":5.0},{"damage":47.0,"enemies":"Collector","floor":33.0,"turns":10.0},{"damage":3.0,"enemies":"Orb Walker","floor":35.0,"turns":5.0},{"damage":0.0,"enemies":"3 Shapes","floor":37.0,"turns":3.0},{"damage":17.0,"enemies":"Jaw Worm Horde","floor":38.0,"turns":3.0},{"damage":25.0,"enemies":"Transient","floor":39.0,"turns":5.0},{"damage":2.0,"enemies":"Reptomancer","floor":40.0,"turns":7.0},{"damage":0.0,"enemies":"Sphere and 2 Shapes","floor":41.0,"turns":3.0},{"damage":21.0,"enemies":"Giant Head","floor":42.0,"turns":12.0},{"damage":9.0,"enemies":"3 Darklings","floor":44.0,"turns":4.0},{"damage":10.0,"enemies":"Transient","floor":46.0,"turns":5.0},{"damage":34.0,"enemies":"2 Orb Walkers","floor":47.0,"turns":6.0},{"damage":87,"enemies":"Time Eater","floor":50,"turns":14}],"seed_played":"-9179363567770418562","potions_obtained":[{"floor":4.0,"key":"SpeedPotion"},{"floor":7.0,"key":"Block Potion"},{"floor":8.0,"key":"FairyPotion"},{"floor":16.0,"key":"LiquidBronze"}],"is_trial":false,"path_per_floor":["M","$","M","M","?","E","M","M","T","R","E","R","E","M","R","B",null,"M","$","?","M","M","R","E","M","T","E","R","M","M","M","R","B",null,"M","$","M","M","M","E","M","E","T","M","R","M","?","T","R","B",null],"character_chosen":"DEFECT","items_purchased":["Cold Snap","Membership Card","Ancient Tea Set"],"campfire_rested":4,"item_purchase_floors":[2,36,36],"current_hp_per_floor":[75,75,75,72,72,53,59,58,58,58,54,54,50,54,75,54,75,74,74,74,75,66,66,57,54,54,40,62,69,75,65,65,18,75,75,75,75,58,40,45,52,38,38,36,58,55,28,28,50,38],"gold":476,"neow_bonus":"THREE_CARDS","is_daily":false,"chose_seed":false,"campfire_upgraded":4,"win_rate":0.0,"timestamp":1611998726,"path_taken":["M","$","M","M","?","E","M","M","T","R","E","R","E","M","R","BOSS","M","$","?","M","M","R","E","?","T","E","R","M","M","M","R","BOSS","M","$","M","M","M","E","M","E","T","M","R","M","?","?","R","BOSS"],"items_purchased_type":["Card","Relic","Relic"],"build_version":"2020-12-22","purchased_purges":2,"victory":true,"max_hp_per_floor":[75,75,75,75,75,75,75,75,75,75,75,75,75,75,75,75,75,75,75,75,75,75,75,75,75,75,75,75,75,75,75,75,75,75,75,75,75,75,75,75,75,75,75,75,75,75,75,75,75,75],"card_choices":[{"not_picked":["Reinforced Body","Barrage"],"picked":"Ball Lightning","floor":0.0},{"not_picked":["Compile Driver","Aggregate"],"picked":"Hologram","floor":1.0},{"not_picked":["Stack","Recycle"],"picked":"Conserve Battery","floor":3.0},{"not_picked":["Gash","Go for the Eyes","Sweeping Beam"],"picked":"SKIP","floor":4.0},{"not_picked":["Cold Snap","Darkness"],"picked":"Self Repair","floor":6.0},{"not_picked":["Core Surge","Turbo"],"picked":"Skim","floor":7.0},{"not_picked":["Sweeping Beam","Gash","Redo"],"picked":"SKIP","floor":8.0},{"not_picked":["Hello World","Stack"],"picked":"Conserve Battery","floor":11.0},{"not_picked":["Streamline","Sunder","Stack"],"picked":"SKIP","floor":13.0},{"not_picked":["Amplify","Darkness","Reprogram"],"picked":"SKIP","floor":14.0},{"not_picked":["Amplify","Meteor Strike"],"picked":"Electrodynamics","floor":16.0},{"not_picked":["Steam","Stack","Go for the Eyes"],"picked":"SKIP","floor":18.0},{"not_picked":["Conserve Battery","Fusion","Go for the Eyes"],"picked":"SKIP","floor":21.0},{"not_picked":["Rip and Tear","Genetic Algorithm"],"picked":"Hologram+1","floor":22.0},{"not_picked":["Core Surge","Aggregate"],"picked":"Defragment+1","floor":24.0},{"not_picked":["Go for the Eyes","Static Discharge+1","Compile Driver"],"picked":"SKIP","floor":25.0},{"not_picked":["Rebound","Sweeping Beam+1","Force Field+1"],"picked":"SKIP","floor":27.0},{"not_picked":["Go for the Eyes+1","Darkness","Blizzard"],"picked":"SKIP","floor":29.0},{"not_picked":["Redo","Cold Snap+1"],"picked":"Capacitor+1","floor":30.0},{"not_picked":["Hologram","Leap+1","Electrodynamics"],"picked":"SKIP","floor":31.0},{"not_picked":["Redo+1","Streamline","Coolheaded+1"],"picked":"SKIP","floor":35.0},{"not_picked":["Sunder","Sweeping Beam+1","Steam"],"picked":"SKIP","floor":37.0},{"not_picked":["Compile Driver+1","Go for the Eyes+1","Recycle+1"],"picked":"SKIP","floor":38.0},{"not_picked":["Chaos","Electrodynamics"],"picked":"Double Energy+1","floor":39.0},{"not_picked":["FTL","Redo","Loop+1"],"picked":"SKIP","floor":40.0},{"not_picked":["Capacitor+1","Blizzard","Gash+1"],"picked":"SKIP","floor":41.0},{"not_picked":["Recycle+1","Chaos","Hologram+1"],"picked":"SKIP","floor":42.0},{"not_picked":["Hello World+1","Reprogram+1","Self Repair+1"],"picked":"SKIP","floor":44.0},{"not_picked":["Sunder+1","Doom and Gloom"],"picked":"Chill+1","floor":46.0}],"player_experience":243844,"relics_obtained":[{"floor":6.0,"key":"Mercury Hourglass"},{"floor":9.0,"key":"Akabeko"},{"floor":11.0,"key":"Nunchaku"},{"floor":13.0,"key":"Oddly Smooth Stone"},{"floor":24.0,"key":"InkBottle"},{"floor":26.0,"key":"Kunai"},{"floor":27.0,"key":"Juzu Bracelet"},{"floor":40.0,"key":"Lantern"},{"floor":42.0,"key":"Lizard Tail"},{"floor":43.0,"key":"Vajra"},{"floor":47.0,"key":"Ice Cream"},{"floor":48.0,"key":"Bottled Lightning"}],"event_choices":[{"damage_healed":0.0,"max_hp_gain":0.0,"max_hp_loss":0.0,"gold_gain":0.0,"event_name":"Liars Game","player_choice":"Ignored","floor":5.0,"gold_loss":0.0,"damage_taken":0.0},{"damage_healed":0.0,"max_hp_gain":0.0,"max_hp_loss":0.0,"gold_gain":100.0,"event_name":"The Joust","player_choice":"Bet on Murderer","floor":20.0,"gold_loss":50.0,"damage_taken":0.0},{"damage_healed":0.0,"max_hp_gain":0.0,"max_hp_loss":0.0,"gold_gain":0.0,"event_name":"Mysterious Sphere","player_choice":"Fight","floor":47.0,"gold_loss":0.0,"damage_taken":0.0}],"is_beta":false,"boss_relics":[{"not_picked":["Snecko Eye","Coffee Dripper"],"picked":"Sozu"},{"not_picked":["Inserter","Calling Bell"],"picked":"Fusion Hammer"}],"items_purged_floors":[19,36],"is_endless":false,"potions_floor_spawned":[4,7,8,13,16,22,25,27,30,31,35,37,39,42,46],"ascension_level":1}}