{"host":"75zx7uhsgygk98v8","time":1611967844,"event":{"mods":["BaseMod","Colored Map","Colored Powertips","Downfall","Googly Eyes","Highlight Path","Minty Spire (QoL Compilation)","StSLib"],"gold_per_floor":[99,113,113,15,32,32,32,132,157,57,74,74,74,103,123,220,220,20,40,40,68,89,109,133,133,133,159,144,176,176,62,72,170,170,170,185,185,196,206,241,241,253,282,294,340,369,398,427,458,470,470,470],"floor_reached":50,"language":"ENG","playtime":3664,"items_purged":[],"score":709,"play_id":"88cc236e-5db6-4362-ad23-be1b652ca15e","local_time":"20210129185044","is_ascension_mode":true,"campfire_choices":[{"floor":1,"key":"RECALL"},{"data":"hexamod:ChargedBarrage","floor":6,"key":"SMITH"},{"data":"hexamod:BurningTouch","floor":10,"key":"SMITH"},{"floor":13,"key":"REST"},{"data":"hexamod:GhostOfSpirePresent","floor":18,"key":"SMITH"},{"data":"hexamod:SoulSteal","floor":26,"key":"SMITH"},{"data":"hexamod:RadiantFlame","floor":35,"key":"SMITH"},{"data":"hexamod:Incineration","floor":42,"key":"SMITH"}],"circlet_count":0,"master_deck":["hexamod:Defend","hexamod:Defend","hexamod:Defend","hexamod:Sear+1","hexamod:Float","hexamod:BurningTouch+1","hexamod:ChargedBarrage+1","Dramatic Entrance+1","hexamod:EtherealExpedition","hexamod:Hexaguard","hexamod:GhostOfSpirePast","hexamod:ParanormalForm+1","hexamod:GhostShield+1","hexamod:Rewind","hexamod:FlamesFromBeyond","hexamod:TimeOfNeed","hexamod:GhostOfSpirePresent+1","hexamod:SoulSteal+1","hexamod:GhostShield","hexamod:NightmareStrike+1","Bite","Bite","Bite","Bite","Bite","hexamod:DynamicBlow","hexamod:SearingWound+1","hexamod:NightmareStrike","hexamod:NightmareGuise","hexamod:Again","hexamod:RadiantFlame+1","hexamod:Incineration+1","hexamod:EmpoweredFlame","hexamod:GhostflameInferno+1","hexamod:RecurringNightmare+1","Parasite","hexamod:FlamesFromBeyond+1","hexamod:EmpoweredFlame","Parasite","hexamod:BurningTouch+1","hexamod:SpectersWail+1"],"relics":["hexamod:SpiritBrand","downfall:HeartBlessingRed","Anchor","Busted Crown","downfall:HeartBlessingGreen","downfall:HeartBlessingBlue","Nloth\u0027s Gift","hexamod:TheBrokenSeal","PreservedInsect","Thread and Needle","HornCleat","Toxic Egg 2","hexamod:IceCube","Bottled Tornado","MawBank","Orichalcum"],"acts_visited":["Exordium","TheCity","TheBeyond"],"potions_floor_usage":[14,21,23,48,50],"damage_taken":[{"damage":6,"enemies":"Jaw Worm","floor":2,"turns":4},{"damage":0,"enemies":"downfall:FleeingMerchant","floor":4,"turns":4},{"damage":6,"enemies":"Cultist","floor":5,"turns":3},{"damage":21,"enemies":"Lagavulin","floor":9,"turns":7},{"damage":0,"enemies":"2 Louse","floor":11,"turns":1},{"damage":20,"enemies":"Gremlin Nob","floor":14,"turns":5},{"damage":0,"enemies":"Red Slaver","floor":15,"turns":2},{"damage":17,"enemies":"WA_ARCHETYPE_RETAIN","floor":16,"turns":7},{"damage":0,"enemies":"3 Byrds","floor":19,"turns":4},{"damage":11,"enemies":"Chosen","floor":21,"turns":5},{"damage":21,"enemies":"Snake Plant","floor":22,"turns":5},{"damage":24,"enemies":"Cultist and Chosen","floor":23,"turns":7},{"damage":0,"enemies":"Book of Stabbing","floor":27,"turns":3},{"damage":6,"enemies":"downfall:FleeingMerchant","floor":28,"turns":4},{"damage":4,"enemies":"Slavers","floor":29,"turns":3},{"damage":0,"enemies":"downfall:FleeingMerchant","floor":31,"turns":4},{"damage":0,"enemies":"Centurion and Healer","floor":32,"turns":4},{"damage":16,"enemies":"SI_MIRROR_ARCHETYPE","floor":33,"turns":8},{"damage":9,"enemies":"3 Darklings","floor":36,"turns":4},{"damage":0,"enemies":"3 Shapes","floor":38,"turns":4},{"damage":2,"enemies":"Writhing Mass","floor":39,"turns":4},{"damage":19,"enemies":"Nemesis","floor":40,"turns":5},{"damage":19,"enemies":"Jaw Worm Horde","floor":43,"turns":3},{"damage":0,"enemies":"Giant Head","floor":45,"turns":5},{"damage":0,"enemies":"Spire Growth","floor":46,"turns":4},{"damage":17,"enemies":"Writhing Mass","floor":47,"turns":4},{"damage":17,"enemies":"Maw","floor":48,"turns":7},{"damage":0,"enemies":"Jaw Worm Horde","floor":49,"turns":4},{"damage":39,"enemies":"IC_BLOCK_ARCHETYPE","floor":50,"turns":3}],"seed_played":"6446391885218248485","potions_obtained":[{"floor":2,"key":"sneckomod:MuddlingPotion"},{"floor":4,"key":"sneckomod:MuddlingPotion"},{"floor":5,"key":"Block Potion"},{"floor":11,"key":"EssenceOfSteel"},{"floor":16,"key":"Dexterity Potion"},{"floor":19,"key":"Ancient Potion"},{"floor":21,"key":"Fruit Juice"},{"floor":22,"key":"BlessingOfTheForge"},{"floor":23,"key":"sneckomod:MuddlingPotion"},{"floor":27,"key":"Strength Potion"},{"floor":29,"key":"Guardian:BlockOnCardUsePotion"},{"floor":39,"key":"Regen Potion"},{"floor":40,"key":"SkillPotion"},{"floor":47,"key":"champ:CounterPotion"}],"is_trial":false,"path_per_floor":["R","M","?","$","M","R","T","?","E","R","M","?","R","E","M","B",null,"R","M","?","M","M","M","T","?","R","E","$","E","?","$","M","B",null,"R","M","?","M","M","E","T","R","M","?","E","M","M","M","M","B"],"character_chosen":"THE_SPIRIT","items_purchased":["Dramatic Entrance","hexamod:Again","Toxic Egg 2","hexamod:RadiantFlame","hexamod:Incineration"],"campfire_rested":1,"item_purchase_floors":[4,31,31,31,31],"current_hp_per_floor":[63,57,57,57,51,51,51,51,30,30,30,30,48,35,35,18,63,73,73,73,74,60,85,85,61,61,61,59,57,57,61,61,51,61,61,52,52,58,61,44,44,44,29,29,37,41,26,32,32,0,0,0],"gold":470,"neow_bonus":"TRANSFORM_TWO_CARDS","is_daily":false,"chose_seed":false,"campfire_upgraded":6,"win_rate":0.0,"timestamp":1611967844,"path_taken":["R","M","?","?","M","R","T","?","E","R","M","?","R","E","M","BOSS","R","M","?","?","M","M","T","?","R","E","$","E","?","$","M","BOSS","R","M","?","M","?","E","T","R","M","?","E","M","M","M","M","BOSS"],"items_purchased_type":["Card","Card","Relic","Card","Card"],"build_version":"2020-12-22","purchased_purges":0,"victory":false,"max_hp_per_floor":[63,63,63,63,63,63,63,63,63,63,63,63,63,63,63,63,63,73,73,73,78,78,88,88,61,61,61,61,61,61,61,61,61,61,61,61,61,61,61,61,61,61,61,61,61,61,61,61,61,61,61,61],"card_choices":[{"not_picked":["hexamod:SecondSeal","hexamod:FourthSeal"],"picked":"hexamod:SixthSeal","floor":2},{"not_picked":["hexamod:FastForward","hexamod:SpectralSpark"],"picked":"hexamod:BurningTouch","floor":2},{"not_picked":["hexamod:AdvancingGuard","hexamod:HauntingEcho"],"picked":"hexamod:ChargedBarrage","floor":4},{"not_picked":["hexamod:FourthSeal","hexamod:SixthSeal"],"picked":"hexamod:ThirdSeal","floor":5},{"not_picked":["hexamod:Firestarter","hexamod:GhostLash"],"picked":"hexamod:EtherealExpedition","floor":5},{"not_picked":["hexamod:Toasty","hexamod:GhostflameBarrier"],"picked":"hexamod:Hexaguard","floor":9},{"not_picked":["hexamod:SecondSeal","hexamod:FourthSeal"],"picked":"hexamod:FirstSeal","floor":9},{"not_picked":["hexamod:ShieldOfDarkness","hexamod:GhostLash"],"picked":"hexamod:GhostOfSpirePast","floor":9},{"not_picked":["hexamod:BurningTouch","hexamod:Firestarter"],"picked":"hexamod:ParanormalForm","floor":11},{"not_picked":["hexamod:ChargedBarrage","hexamod:HeatCrush"],"picked":"hexamod:GhostShield","floor":14},{"not_picked":["hexamod:GhostShield","hexamod:AdvancingGuard"],"picked":"hexamod:Rewind","floor":14},{"not_picked":["hexamod:NightmareStrike","hexamod:InspiringFlames"],"picked":"hexamod:FlamesFromBeyond","floor":15},{"not_picked":["hexamod:FlameSwitch","hexamod:ApocalypticArmor"],"picked":"hexamod:TimeOfNeed","floor":16},{"not_picked":["hexamod:TurnItUp","hexamod:UnlimitedPower"],"picked":"hexamod:GhostOfSpirePresent","floor":16},{"not_picked":["hexamod:SixthSeal","hexamod:ThirdSeal"],"picked":"hexamod:SecondSeal","floor":19},{"not_picked":[],"picked":"hexamod:SoulSteal","floor":19},{"not_picked":[],"picked":"hexamod:GhostShield","floor":21},{"not_picked":["hexamod:ShieldOfDarkness"],"picked":"SKIP","floor":21},{"not_picked":[],"picked":"hexamod:NightmareStrike+1","floor":22},{"not_picked":["hexamod:AdvancingGuard+1"],"picked":"SKIP","floor":22},{"not_picked":["hexamod:InspiringFlames"],"picked":"SKIP","floor":23},{"not_picked":[],"picked":"hexamod:DynamicBlow","floor":27},{"not_picked":[],"picked":"hexamod:SearingWound","floor":28},{"not_picked":[],"picked":"hexamod:NightmareStrike","floor":29},{"not_picked":[],"picked":"hexamod:NightmareGuise","floor":31},{"not_picked":[],"picked":"hexamod:EmpoweredFlame","floor":32},{"not_picked":[],"picked":"hexamod:GhostflameInferno+1","floor":33},{"not_picked":[],"picked":"hexamod:RecurringNightmare+1","floor":36},{"not_picked":["hexamod:RetreatToShadows+1"],"picked":"SKIP","floor":38},{"not_picked":[],"picked":"hexamod:FlamesFromBeyond+1","floor":39},{"not_picked":["hexamod:ShieldOfDarkness+1"],"picked":"SKIP","floor":40},{"not_picked":["hexamod:ThermalTransfer"],"picked":"SKIP","floor":43},{"not_picked":["hexamod:FlameSwitch+1"],"picked":"SKIP","floor":45},{"not_picked":[],"picked":"hexamod:EmpoweredFlame","floor":46},{"not_picked":[],"picked":"hexamod:BurningTouch+1","floor":47},{"not_picked":[],"picked":"hexamod:SpectersWail+1","floor":48},{"not_picked":["hexamod:HauntingEcho+1"],"picked":"SKIP","floor":49}],"player_experience":1276171,"relics_obtained":[{"floor":9,"key":"The Courier"},{"floor":14,"key":"Anchor"},{"floor":24,"key":"PreservedInsect"},{"floor":27,"key":"Thread and Needle"},{"floor":29,"key":"HornCleat"},{"floor":40,"key":"Bottled Tornado"},{"floor":41,"key":"MawBank"},{"floor":45,"key":"Orichalcum"}],"event_choices":[{"damage_healed":0,"gold_gain":0,"player_choice":"Became a vampire","damage_taken":0,"max_hp_gain":0,"max_hp_loss":27,"event_name":"Vampires","floor":25,"gold_loss":0,"cards_obtained":["Bite","Bite","Bite","Bite","Bite"]},{"damage_healed":0,"gold_gain":0,"player_choice":"Forge","damage_taken":0,"max_hp_gain":0,"max_hp_loss":0,"event_name":"Accursed Blacksmith","floor":30,"gold_loss":0,"cards_upgraded":["hexamod:SearingWound"]},{"damage_healed":0,"gold_gain":0,"player_choice":"Ignored","damage_taken":0,"max_hp_gain":0,"max_hp_loss":0,"event_name":"NoteForYourself","floor":37,"gold_loss":0}],"is_beta":false,"boss_relics":[{"not_picked":["Pandora\u0027s Box","Snecko Eye"],"picked":"Busted Crown"},{"not_picked":["Runic Dome","Empty Cage"],"picked":"hexamod:IceCube"}],"items_purged_floors":[],"is_endless":false,"potions_floor_spawned":[2,11,16,22,27,29,32,38,39,40,45,47],"killed_by":"IC_BLOCK_ARCHETYPE","ascension_level":1}}