{"host":"dprcptr190br6xbd","time":1611971261,"event":{"mods":["AchievementEnabler","BaseMod","Colored Map","Colored Powertips","Googly Eyes","Hubris","Minty Spire (QoL Compilation)","Permanent Neow","Quick Restart","Remilia??????","Replay The Spire","StSLib"],"gold_per_floor":[116,136,136,156,156,191,191,191,220,234,258,276,295,314,314,314],"floor_reached":15,"language":"ENG","playtime":614,"items_purged":[],"score":109,"play_id":"11df27ec-3f3d-401b-a560-fe244e7df43a","local_time":"20210129194741","is_ascension_mode":false,"campfire_choices":[],"circlet_count":0,"master_deck":["Strike_RM","Strike_RM+1","Strike_RM","Strike_RM","Defend_RM","Defend_RM","Defend_RM","Defend_RM","RedMoon","ScarletShoot","QueenOfMidnight+1","DiffusionOfMisfortune","NightDance","ScarletImprint","FitfulNightmare","EternalNight","BloodHunter","BloodHunter","VampireKiss","BloodHunter"],"relics":["ScarletHat","Ornamental Fan","hubris:SlimyHat","Ancient Tea Set"],"acts_visited":["Exordium"],"potions_floor_usage":[9,13,14,15],"damage_taken":[{"damage":1,"enemies":"Cultist","floor":1,"turns":4},{"damage":6,"enemies":"2 Louse","floor":2,"turns":3},{"damage":5,"enemies":"Jaw Worm","floor":4,"turns":3},{"damage":29,"enemies":"Lagavulin","floor":6,"turns":7},{"damage":4,"enemies":"3 Sentries","floor":9,"turns":5},{"damage":7,"enemies":"Blue Slaver","floor":10,"turns":2},{"damage":6,"enemies":"Exordium Thugs","floor":12,"turns":4},{"damage":4,"enemies":"Gremlin Gang","floor":13,"turns":3},{"damage":4,"enemies":"2 Fungi Beasts","floor":14,"turns":3},{"damage":5,"enemies":"Gremlin Nob","floor":15,"turns":2}],"seed_played":"-3922693303016418221","potions_obtained":[{"floor":1,"key":"SkillPotion"},{"floor":2,"key":"BlessingOfTheForge"},{"floor":4,"key":"Elixir"},{"floor":14,"key":"EssenceOfSteel"}],"is_trial":false,"path_per_floor":["M","M","?","M","?","E","PTL","PTL","E","M","T","M","M","M","E"],"character_chosen":"REMILIA","items_purchased":[],"campfire_rested":0,"item_purchase_floors":[],"current_hp_per_floor":[53,47,47,44,44,23,23,23,21,14,14,10,6,2,0,0],"gold":314,"neow_bonus":"THREE_RARE_CARDS","is_daily":false,"chose_seed":false,"campfire_upgraded":0,"win_rate":0.0,"timestamp":1611971261,"path_taken":["M","?","?","M","?","E","PTL","PTL","E","M","T","M","M","M","E"],"items_purchased_type":[],"build_version":"2020-12-22","purchased_purges":0,"victory":false,"max_hp_per_floor":[75,75,75,75,75,75,75,75,75,75,75,75,75,75,75,75],"card_choices":[{"not_picked":["BloodySeventeenLaser","ScarletCoffin"],"picked":"QueenOfMidnight","floor":0},{"not_picked":["BloodyMagicSquare","ReincarnationDial"],"picked":"DiffusionOfMisfortune","floor":1},{"not_picked":["BloodyMagicSquare","ScarletImprint"],"picked":"NightDance","floor":2},{"not_picked":["UltimateOffering","UnstableMagic"],"picked":"ScarletImprint","floor":4},{"not_picked":["BloodAndWine","SuperhumanBloodyKnife"],"picked":"FitfulNightmare","floor":6},{"not_picked":["UltimateOffering","DevilSight"],"picked":"EternalNight","floor":9},{"not_picked":["ScarletDevil","BombardNight"],"picked":"BloodHunter","floor":10},{"not_picked":["ScarletDevil","DiffusionOfMisfortune"],"picked":"BloodHunter","floor":12},{"not_picked":["UnderTheZenith","FavorOfDestiny"],"picked":"VampireKiss","floor":13},{"not_picked":["EquivalentExchange","Stigmanizer"],"picked":"BloodHunter","floor":14}],"player_experience":68320,"relics_obtained":[{"floor":6,"key":"Ornamental Fan"},{"floor":9,"key":"hubris:SlimyHat"},{"floor":11,"key":"Ancient Tea Set"}],"event_choices":[{"damage_healed":0,"gold_gain":0,"player_choice":"Grow","damage_taken":0,"max_hp_gain":0,"max_hp_loss":0,"event_name":"Living Wall","floor":5,"gold_loss":0,"cards_upgraded":["QueenOfMidnight"]}],"is_beta":false,"boss_relics":[],"items_purged_floors":[],"is_endless":false,"potions_floor_spawned":[1,2,4,14],"killed_by":"Gremlin Nob","ascension_level":0}}