{"host":"hpn0uxah5qjr7pa6","time":1611993744,"event":{"mods":["Act Like it!","BaseMod","BetterRewards","Colored Powertips","Conspire","Downfall","Hallownest","Hermit","Hubris","Infinite Spire","Minty Spire (QoL Compilation)","Quick Restart","Replay The Spire","StSLib","The Jungle"],"gold_per_floor":[99,109,123,123,134,119,166,166,196,196,206,219,61,61,72,176,176,176,192,20,20,20,20,20,32,43,56,56,56,56],"floor_reached":28,"language":"ENG","playtime":1303,"items_purged":[],"score":253,"play_id":"ec86440a-f1db-4795-a4c1-084117bef704","local_time":"20210130000224","is_ascension_mode":true,"campfire_choices":[{"data":"ReplayTheSpireMod:Faulty Equipment","floor":1,"key":"SMITH"},{"floor":8,"key":"REST"},{"floor":10,"key":"REST"}],"circlet_count":0,"master_deck":["bronze:Strike","bronze:Strike","bronze:Strike","bronze:Strike","bronze:Defend","bronze:Defend","bronze:Defend","bronze:Defend","bronze:DigitalCarnage+1","bronze:OilSpill","bronze:Repair","bronze:ChosenStrike","bronze:Optimize","bronze:WhirlingStrike+1"],"relics":["bronze:BronzeCore","infinitespire:Eraser","Strawberry","conspire:SlowCooker","hubris:EmptyBottle","hubris:MedicalManual"],"acts_visited":["Exordium","TheCity"],"potions_floor_usage":[6,6,6,6,9,13,16,26],"damage_taken":[{"damage":1,"enemies":"2 Louse","floor":2,"turns":3},{"damage":7,"enemies":"Small Slimes","floor":3,"turns":3},{"damage":0,"enemies":"Cultist","floor":5,"turns":2},{"damage":1,"enemies":"downfall:FleeingMerchant","floor":6,"turns":4},{"damage":17,"enemies":"Gremlin Nob","floor":9,"turns":3},{"damage":4,"enemies":"Red Slaver","floor":11,"turns":5},{"damage":16,"enemies":"Exordium Thugs","floor":12,"turns":7},{"damage":0,"enemies":"downfall:FleeingMerchant","floor":13,"turns":4},{"damage":0,"enemies":"2 Fungi Beasts","floor":15,"turns":2},{"damage":45,"enemies":"DF_ARCHETYPE_STREAMLINE","floor":16,"turns":9},{"damage":14,"enemies":"Shell Parasite","floor":19,"turns":3},{"damage":7,"enemies":"downfall:FleeingMerchant","floor":20,"turns":4},{"damage":22,"enemies":"3 Byrds","floor":25,"turns":5},{"damage":13,"enemies":"conspire:HollyBat","floor":26,"turns":5},{"damage":44,"enemies":"Centurion and Healer","floor":27,"turns":9},{"damage":21,"enemies":"Nightmare","floor":28,"turns":3}],"seed_played":"8739002134878857903","potions_obtained":[{"floor":2,"key":"BlessingOfTheForge"},{"floor":5,"key":"EntropicBrew"},{"floor":11,"key":"Guardian:BlockOnCardUsePotion"},{"floor":15,"key":"Energy Potion"},{"floor":22,"key":"bronze:CleanCodePotion"},{"floor":22,"key":"SneckoOil"},{"floor":22,"key":"Ancient Potion"},{"floor":27,"key":"Fire Potion"}],"is_trial":false,"path_per_floor":["R","M","M","?","M","$","T","R","E","R","M","M","$","?","M","B",null,"R","M","$","?","?","AVR","T","M","M","M","NM"],"character_chosen":"THE_AUTOMATON","items_purchased":["bronze:Repair","bronze:ChosenStrike","hubris:EmptyBottle"],"campfire_rested":2,"item_purchase_floors":[13,13,20],"current_hp_per_floor":[70,69,62,62,62,61,68,77,60,77,73,57,57,57,64,26,77,77,73,70,70,70,70,70,58,55,21,0,0,0],"gold":56,"neow_bonus":"TRANSFORM_TWO_CARDS","is_daily":false,"chose_seed":false,"campfire_upgraded":1,"win_rate":0.0,"timestamp":1611993744,"path_taken":["R","M","M","?","M","$","T","R","E","R","M","M","$","?","M","BOSS","R","M","$","?","?","AVR","T","?","M","M","NM"],"items_purchased_type":["Card","Card","Relic"],"build_version":"2020-12-22","purchased_purges":0,"victory":false,"max_hp_per_floor":[70,70,70,70,70,70,77,77,77,77,77,77,77,77,77,77,77,77,77,77,77,77,77,77,77,77,77,77,77,77],"card_choices":[{"not_picked":["bronze:WhirlingStrike","bronze:WildBeam"],"picked":"bronze:OilSpill","floor":2},{"not_picked":["bronze:Separator","bronze:Shell","bronze:MaxOutput"],"picked":"SKIP","floor":3},{"not_picked":["bronze:CloningBeam","bronze:Shell","bronze:Constructor"],"picked":"SKIP","floor":5},{"not_picked":["bronze:BurnOut","bronze:ChildClass","bronze:Invalidate"],"picked":"SKIP","floor":6},{"not_picked":["bronze:NullPointer","bronze:Return","bronze:Frontload"],"picked":"SKIP","floor":9},{"not_picked":["bronze:ItsAFeature","bronze:FineTuning","bronze:DarkDash"],"picked":"SKIP","floor":11},{"not_picked":["bronze:BuggyMess","bronze:FineTuning","bronze:WildBeam"],"picked":"SKIP","floor":12},{"not_picked":["bronze:Frontload","bronze:Refactor","bronze:TinkerersToolbox"],"picked":"SKIP","floor":13},{"not_picked":["bronze:Constructor","bronze:Turbo","bronze:CloningBeam"],"picked":"SKIP","floor":15},{"not_picked":["bronze:Deprecate","bronze:BronzeOrb"],"picked":"bronze:WhirlingStrike+1","floor":19},{"not_picked":["bronze:CutThrough+1","bronze:ShipIt","bronze:Iterate"],"picked":"SKIP","floor":20},{"not_picked":["bronze:Optimize+1","bronze:Refactor","bronze:ClassDefault"],"picked":"SKIP","floor":25},{"not_picked":["bronze:BuggyMess+1","bronze:Separator","bronze:InfiniteBeams"],"picked":"SKIP","floor":26},{"not_picked":["bronze:Separator","bronze:BuggyMess","bronze:Refactor"],"picked":"SKIP","floor":27}],"player_experience":128096,"relics_obtained":[{"floor":4,"key":"infinitespire:Eraser"},{"floor":7,"key":"Strawberry"},{"floor":9,"key":"Replay:Baseball"}],"event_choices":[],"is_beta":false,"boss_relics":[{"not_picked":["hubris:VirtuousBlindfold","SacredBark"],"picked":"conspire:SlowCooker"}],"items_purged_floors":[],"is_endless":false,"potions_floor_spawned":[2,5,11,15,27],"killed_by":"Nightmare","ascension_level":3}}