{"host":"4mwxwqvoirj3cq7x","time":1611985494,"event":{"mods":["BaseMod","KinomotoSakuraMod(Ä¾Ö®±¾Ó£)","Minty Spire (QoL Compilation)","StSLib"],"gold_per_floor":[116,177,191,47,66,99,160,160,160,160,160,170,170,197,197,270,270,289,304,318,318,73,73,102,102,129,129,154,154,154,172,172,246,246,263,281,281,301,301,301,332,32,32,57,68,83,93,109,109,109,109,109,49,77,77],"floor_reached":56,"language":"ZHS","playtime":2204,"items_purged":["ClowCardTheArrow+1"],"score":2109,"play_id":"43f4d20f-4f64-4d60-a272-cf51bf63df1b","local_time":"20210130134454","is_ascension_mode":true,"campfire_choices":[{"floor":8.0,"key":"REST"},{"data":"ClowCardTheFirey","floor":10.0,"key":"SMITH"},{"floor":13.0,"key":"REST"},{"data":"ClowCardTheMove","floor":15.0,"key":"SMITH"},{"data":"ClowCardTheWatery","floor":23.0,"key":"SMITH"},{"floor":27.0,"key":"DIG"},{"floor":30.0,"key":"DIG"},{"floor":32.0,"key":"RECALL"},{"data":"ClowCardTheChange","floor":40.0,"key":"SMITH"},{"data":"ClowCardTheWindy","floor":49.0,"key":"SMITH"},{"floor":52.0,"key":"DIG"}],"circlet_count":0,"master_deck":["SakuraCardTheFloat+","SakuraCardTheBubbles+","SakuraCardTheFight+","AscendersBane","ClowCardTheSword+1","ClowCardTheShield+1","SpellCardSeal","SpellCardRelease","ClowCardTheJump","ClowCardTheFirey+1","ClowCardTheFreeze","ClowCardTheMove+1","ClowCardTheChange+1","ClowCardTheWatery+1","SakuraCardTheLove+","ClowCardTheBig+1","ClowCardTheWindy+1"],"relics":["KSMOD_SealedBook","KSMOD_SealedWand","StrikeDummy","Darkstone Periapt","Regal Pillow","KSMOD_TeddyBear","The Courier","Black Star","Shovel","MutagenicStrength","KSMOD_GemBrooch","KSMOD_SwordJade","Lizard Tail","CaptainsWheel","Vajra","Molten Egg 2","Bronze Scales","Centennial Puzzle","Happy Flower","Sozu","Frozen Egg 2","Anchor","FossilizedHelix","KSMOD_TouyasBicycle","Oddly Smooth Stone","TungstenRod","Kunai","Art of War","Bottled Flame"],"acts_visited":["Exordium","TheCity","TheBeyond","TheEnding"],"potions_floor_usage":[],"damage_taken":[{"damage":8.0,"enemies":"Jaw Worm","floor":1.0,"turns":5.0},{"damage":0.0,"enemies":"Small Slimes","floor":3.0,"turns":4.0},{"damage":0.0,"enemies":"2 Louse","floor":5.0,"turns":2.0},{"damage":21.0,"enemies":"Lagavulin","floor":6.0,"turns":5.0},{"damage":7.0,"enemies":"Gremlin Nob","floor":7.0,"turns":3.0},{"damage":0.0,"enemies":"Looter","floor":12.0,"turns":1.0},{"damage":4.0,"enemies":"3 Sentries","floor":14.0,"turns":4.0},{"damage":17.0,"enemies":"The Guardian","floor":16.0,"turns":9.0},{"damage":3.0,"enemies":"2 Thieves","floor":18.0,"turns":3.0},{"damage":0.0,"enemies":"Chosen","floor":19.0,"turns":4.0},{"damage":0.0,"enemies":"Sentry and Sphere","floor":20.0,"turns":3.0},{"damage":0.0,"enemies":"Slavers","floor":24.0,"turns":1.0},{"damage":4.0,"enemies":"Book of Stabbing","floor":28.0,"turns":3.0},{"damage":0.0,"enemies":"Snake Plant","floor":31.0,"turns":1.0},{"damage":6.0,"enemies":"Champ","floor":33.0,"turns":5.0},{"damage":0.0,"enemies":"Orb Walker","floor":35.0,"turns":1.0},{"damage":1.0,"enemies":"3 Shapes","floor":36.0,"turns":6.0},{"damage":0.0,"enemies":"Jaw Worm Horde","floor":38.0,"turns":2.0},{"damage":0.0,"enemies":"Reptomancer","floor":41.0,"turns":4.0},{"damage":0.0,"enemies":"Mind Bloom Boss Battle","floor":44.0,"turns":3.0},{"damage":0.0,"enemies":"3 Darklings","floor":45.0,"turns":2.0},{"damage":0.0,"enemies":"Spire Growth","floor":46.0,"turns":3.0},{"damage":0.0,"enemies":"Writhing Mass","floor":47.0,"turns":3.0},{"damage":0.0,"enemies":"4 Shapes","floor":48.0,"turns":1.0},{"damage":8.0,"enemies":"Time Eater","floor":50.0,"turns":5.0},{"damage":0.0,"enemies":"Shield and Spear","floor":54.0,"turns":4.0},{"damage":5,"enemies":"The Heart","floor":55,"turns":8}],"seed_played":"1204522875884777812","potions_obtained":[{"floor":5.0,"key":"Explosive Potion"},{"floor":6.0,"key":"Dexterity Potion"},{"floor":18.0,"key":"Fire Potion"}],"is_trial":false,"path_per_floor":["M","?","M","$","M","E","?","R","T","R","?","M","R","E","R","B",null,"M","M","M","?","$","R","E","?","T","R","E","?","R","M","R","B",null,"M","M","?","M","?","R","E","$","T","?","M","M","M","M","R","B",null,"R","$","E","B",null],"character_chosen":"KINOMOTOSAKURA","items_purchased":["ClowCardTheBubbles","ClowCardTheFreeze","KSMOD_GemBrooch","KSMOD_SwordJade","ClowCardTheBig+1","KSMOD_TouyasBicycle","Oddly Smooth Stone"],"campfire_rested":2,"item_purchase_floors":[4,4,22,22,42,42,42],"current_hp_per_floor":[37,37,37,37,37,16,9,45,45,45,31,31,67,63,63,46,64,61,61,61,61,61,61,61,61,61,61,57,44,44,44,44,38,66,66,65,65,65,65,65,65,65,65,65,65,65,65,65,65,57,71,71,71,71,66],"gold":77,"neow_bonus":"THREE_RARE_CARDS","is_daily":false,"chose_seed":false,"campfire_upgraded":5,"win_rate":0.0,"timestamp":1611985494,"path_taken":["M","?","M","$","M","E","?","R","T","R","?","M","R","E","R","BOSS","M","M","M","?","$","R","E","?","T","R","E","?","R","M","R","BOSS","M","M","?","M","?","R","E","$","T","?","M","M","M","?","R","BOSS","R","$","E","BOSS"],"items_purchased_type":["Card","Card","Relic","Relic","Card","Relic","Relic"],"build_version":"2020-12-22","purchased_purges":1,"victory":true,"max_hp_per_floor":[70,70,70,70,70,70,70,70,70,70,70,70,70,70,70,70,70,70,70,70,70,70,70,70,70,70,70,70,75,75,75,75,75,75,75,75,75,75,75,75,75,75,75,75,75,75,75,75,75,75,75,75,75,75,75],"card_choices":[{"not_picked":["ClowCardTheThrough","ClowCardTheThunder"],"picked":"ClowCardTheCreate","floor":0.0},{"not_picked":["ClowCardTheLibra","ClowCardTheFirey"],"picked":"ClowCardTheJump","floor":1.0},{"not_picked":["ClowCardTheDream","ClowCardTheLoop"],"picked":"ClowCardTheFirey","floor":3.0},{"not_picked":["ClowCardTheSand","ClowCardTheIllusion","ClowCardTheShadow"],"picked":"SKIP","floor":5.0},{"not_picked":["ClowCardTheSleep","ClowCardThePower","ClowCardTheShot"],"picked":"SKIP","floor":6.0},{"not_picked":["ClowCardTheDream","ClowCardTheLittle"],"picked":"ClowCardTheFight","floor":7.0},{"not_picked":["ClowCardTheShadow","ClowCardTheSilent","ClowCardTheLittle"],"picked":"SKIP","floor":12.0},{"not_picked":["ClowCardTheSilent","ClowCardTheLibra"],"picked":"ClowCardTheMove","floor":14.0},{"not_picked":["ClowCardTheDark","ClowCardTheTwin"],"picked":"ClowCardTheCreate","floor":16.0},{"not_picked":["ClowCardTheMist","ClowCardTheMove","ClowCardTheLoop"],"picked":"SKIP","floor":18.0},{"not_picked":["ClowCardThePower","ClowCardTheLittle"],"picked":"ClowCardTheChange","floor":19.0},{"not_picked":["ClowCardTheStorm","ClowCardTheLock"],"picked":"ClowCardTheWatery","floor":20.0},{"not_picked":["ClowCardTheWatery","ClowCardTheMove","ClowCardTheSilent"],"picked":"SKIP","floor":24.0},{"not_picked":["ClowCardThePower+1","ClowCardTheDark","ClowCardTheWood"],"picked":"SKIP","floor":28.0},{"not_picked":["ClowCardThePower+1","ClowCardTheWood"],"picked":"ClowCardTheDark","floor":28.0},{"not_picked":["ClowCardTheSand+1","ClowCardTheShot+1","ClowCardTheBubbles+1"],"picked":"SKIP","floor":31.0},{"not_picked":["ClowCardTheFight+1","ClowCardTheReturn"],"picked":"ClowCardTheCreate","floor":33.0},{"not_picked":["ClowCardTheSand+1","ClowCardTheErase+1","ClowCardTheWave"],"picked":"SKIP","floor":35.0},{"not_picked":["ClowCardTheSilent","ClowCardTheShadow","ClowCardTheShot+1"],"picked":"SKIP","floor":36.0},{"not_picked":["ClowCardTheFreeze+1","ClowCardTheWatery","ClowCardTheFirey"],"picked":"SKIP","floor":38.0},{"not_picked":["ClowCardTheSand+1","ClowCardTheJump+1"],"picked":"ClowCardTheArrow+1","floor":41.0},{"not_picked":["ClowCardTheMaze","ClowCardTheSweet"],"picked":"ClowCardTheWindy","floor":44.0},{"not_picked":["ClowCardTheWood","ClowCardTheSong+1","ClowCardTheCloud"],"picked":"SKIP","floor":45.0},{"not_picked":["ClowCardTheRain","ClowCardTheCloud+1","ClowCardTheLoop+1"],"picked":"SKIP","floor":46.0},{"not_picked":["ClowCardTheBig+1","ClowCardTheDark+1","ClowCardTheLock"],"picked":"SKIP","floor":47.0},{"not_picked":["ClowCardTheChange","ClowCardTheStorm+1","ClowCardTheWatery"],"picked":"SKIP","floor":48.0},{"not_picked":["ClowCardTheMirror","ClowCardTheBig+1"],"picked":"ClowCardTheFloat+1","floor":54.0}],"player_experience":619391,"relics_obtained":[{"floor":1.0,"key":"StrikeDummy"},{"floor":6.0,"key":"Darkstone Periapt"},{"floor":9.0,"key":"KSMOD_TeddyBear"},{"floor":14.0,"key":"The Courier"},{"floor":19.0,"key":"Shovel"},{"floor":24.0,"key":"Lizard Tail"},{"floor":24.0,"key":"CaptainsWheel"},{"floor":26.0,"key":"Vajra"},{"floor":27.0,"key":"Molten Egg 2"},{"floor":28.0,"key":"Bronze Scales"},{"floor":28.0,"key":"Centennial Puzzle"},{"floor":30.0,"key":"Happy Flower"},{"floor":36.0,"key":"Frozen Egg 2"},{"floor":41.0,"key":"Anchor"},{"floor":41.0,"key":"FossilizedHelix"},{"floor":44.0,"key":"TungstenRod"},{"floor":52.0,"key":"Kunai"},{"floor":54.0,"key":"Art of War"},{"floor":54.0,"key":"Bottled Flame"}],"event_choices":[{"damage_healed":0.0,"max_hp_gain":0.0,"max_hp_loss":0.0,"gold_gain":61.0,"event_name":"Golden Wing","player_choice":"Gained Gold","floor":2.0,"gold_loss":0.0,"damage_taken":0.0},{"damage_healed":0.0,"max_hp_gain":0.0,"max_hp_loss":0.0,"gold_gain":0.0,"event_name":"Dead Adventurer","player_choice":"Searched \u00273\u0027 times","floor":7.0,"gold_loss":0.0,"damage_taken":0.0,"relics_obtained":["Regal Pillow"]},{"damage_healed":0.0,"max_hp_gain":0.0,"max_hp_loss":0.0,"gold_gain":0.0,"event_name":"Shining Light","player_choice":"Entered Light","floor":11.0,"gold_loss":0.0,"damage_taken":14.0,"cards_upgraded":["ClowCardTheBubbles","ClowCardTheShield"]},{"damage_healed":0.0,"max_hp_gain":0.0,"max_hp_loss":0.0,"gold_gain":0.0,"event_name":"Drug Dealer","player_choice":"Inject Mutagens","floor":21.0,"gold_loss":0.0,"damage_taken":0.0,"relics_obtained":["MutagenicStrength"]},{"damage_healed":0.0,"max_hp_gain":5.0,"max_hp_loss":0.0,"gold_gain":0.0,"event_name":"Forgotten Altar","player_choice":"Shed Blood","floor":29.0,"gold_loss":0.0,"damage_taken":18.0},{"cards_removed":["ClowCardTheDark"],"damage_healed":0.0,"max_hp_gain":0.0,"max_hp_loss":0.0,"gold_gain":0.0,"event_name":"Falling","player_choice":"Removed Power","floor":37.0,"gold_loss":0.0,"damage_taken":0.0},{"damage_healed":0.0,"max_hp_gain":0.0,"max_hp_loss":0.0,"gold_gain":0.0,"event_name":"Tomb of Lord Red Mask","player_choice":"Ignored","floor":39.0,"gold_loss":0.0,"damage_taken":0.0},{"damage_healed":0.0,"max_hp_gain":0.0,"max_hp_loss":0.0,"gold_gain":0.0,"event_name":"MindBloom","player_choice":"Fight","floor":44.0,"gold_loss":0.0,"damage_taken":0.0}],"is_beta":false,"boss_relics":[{"not_picked":["Runic Pyramid","Snecko Eye"],"picked":"Black Star"},{"not_picked":["Astrolabe","Philosopher\u0027s Stone"],"picked":"Sozu"}],"items_purged_floors":[53],"is_endless":false,"potions_floor_spawned":[5,6,7,18,19,28,36,38,44,46,47],"ascension_level":13}}