{"host":"ywif2ugnepgiw45s","time":1611966202,"event":{"mods":["Act Like it!","BaseMod","Better Skull","Downfall","Elementarium","GifTheSpireLib","Hermit","Lobotomy","Minty Spire (QoL Compilation)","READ ME - Guardian Mod","Shade Mod","Shop Mod","StSLib","The Cursed","The Exalted","The Jungle","The Servant 0.9.4"],"gold_per_floor":[99,119,129,129,146,180,180,199,3,3,35,54,154,189,203,298,298,198,213,213,213,227,260,283,83,116,116,26,56,7,39,52,147,147,147,158,178,196,6,37,37,37,37,49,76,76,76,76,91,91,91,126,50,50,50,50],"floor_reached":57,"language":"ENG","playtime":4303,"items_purged":["Strike_S","Defend_S"],"score":1540,"play_id":"b74b4559-e824-48e9-89f1-86be5c6675bb","local_time":"20210129192322","is_ascension_mode":true,"campfire_choices":[{"data":"Exchange","floor":1,"key":"SMITH"},{"floor":10,"key":"REST"},{"floor":18,"key":"RECALL"},{"data":"FloweringNight","floor":25,"key":"SMITH"},{"data":"PendulumOfEternity","floor":27,"key":"SMITH"},{"data":"SoulSculpture","floor":35,"key":"SMITH"},{"data":"expansioncontent:DashGenerateEvil","floor":43,"key":"SMITH"},{"data":"Luminosity","floor":47,"key":"SMITH"},{"floor":54,"key":"REST"}],"circlet_count":0,"master_deck":["Strike_S","Defend_S","Defend_S","Defend_S","KidneyShot","Exchange+1","KillingDoll","Potential","PendulumOfEternity+1","Hightail","BottledTime","BestPractice","SurpressingFire","Potential","Initiator","FloweringNight+1","TimeWarp","GearUp","Barrier+1","Luminosity+1","Advance+1","Sunlight","Defy+1","SoulSculpture+1","CurseOfTheBell","BottledTime+1","TheWorld+1","expansioncontent:DashGenerateEvil+1","SilverBlades+1","Solidify+1","Dilation+1"],"relics":["SplendidAttire","Blue Candle","Letter Opener","Anchor","Pan","Unceasing Top","Tiny Chest","downfall:HeartBlessingGreen","Bromod:ArcaneVictory","Gambling Chip","downfall:HeartBlessingBlue","downfall:HeartBlessingRed","Toxic Egg 2","Singing Bowl","Turnip","Calling Bell","Guardian:PocketSentry","PaperSwan","CaptainsWheel","Mercury Hourglass","Bromod:ArcaneDeflection","InkBottle","Incense Burner","Bromod:ArcaneGuardian","Mummified Hand","Art of War"],"acts_visited":["Exordium","TheCity","TheBeyond","TheEnding"],"potions_floor_usage":[12,16,22,55,55],"damage_taken":[{"damage":1,"enemies":"Cultist","floor":2,"turns":5},{"damage":0,"enemies":"Jaw Worm","floor":3,"turns":5},{"damage":0,"enemies":"Small Slimes","floor":5,"turns":3},{"damage":25,"enemies":"Lagavulin","floor":6,"turns":8},{"damage":0,"enemies":"3 Louse","floor":8,"turns":5},{"damage":0,"enemies":"downfall:FleeingMerchant","floor":9,"turns":4},{"damage":0,"enemies":"Gremlin Nob","floor":11,"turns":5},{"damage":5,"enemies":"Exordium Thugs","floor":12,"turns":5},{"damage":18,"enemies":"3 Sentries","floor":14,"turns":9},{"damage":0,"enemies":"Blue Slaver","floor":15,"turns":4},{"damage":24,"enemies":"DF_ARCHETYPE_STREAMLINE","floor":16,"turns":12},{"damage":0,"enemies":"3 Byrds","floor":19,"turns":3},{"damage":7,"enemies":"Sentry and Sphere","floor":22,"turns":5},{"damage":8,"enemies":"Gremlin Leader","floor":23,"turns":9},{"damage":18,"enemies":"Slavers","floor":26,"turns":4},{"damage":0,"enemies":"downfall:FleeingMerchant","floor":28,"turns":4},{"damage":11,"enemies":"Book of Stabbing","floor":29,"turns":5},{"damage":3,"enemies":"downfall:FleeingMerchant","floor":30,"turns":4},{"damage":0,"enemies":"Gremlin Leader","floor":31,"turns":5},{"damage":7,"enemies":"Snake Plant","floor":32,"turns":4},{"damage":0,"enemies":"WA_ARCHETYPE_CALM","floor":33,"turns":7},{"damage":0,"enemies":"Orb Walker","floor":36,"turns":1},{"damage":0,"enemies":"3 Shapes","floor":37,"turns":2},{"damage":0,"enemies":"3 Darklings","floor":38,"turns":5},{"damage":0,"enemies":"downfall:FleeingMerchant","floor":39,"turns":1},{"damage":0,"enemies":"Reptomancer","floor":40,"turns":5},{"damage":0,"enemies":"4 Shapes","floor":44,"turns":1},{"damage":0,"enemies":"Nemesis","floor":45,"turns":7},{"damage":0,"enemies":"Transient","floor":49,"turns":5},{"damage":19,"enemies":"SI_POISON_ARCHETYPE","floor":50,"turns":7},{"damage":35,"enemies":"downfall:CharBossMerchant","floor":52,"turns":11},{"damage":2,"enemies":"downfall:NeowBoss","floor":55,"turns":15},{"damage":37,"enemies":"downfall:NeowBossFinal","floor":56,"turns":10}],"seed_played":"-977488534051866817","potions_obtained":[{"floor":3,"key":"sneckomod:MuddlingPotion"},{"floor":8,"key":"LiquidBronze"},{"floor":11,"key":"SkillPotion"},{"floor":14,"key":"champ:CounterPotion"},{"floor":16,"key":"Ancient Potion"},{"floor":19,"key":"ColorlessPotion"},{"floor":26,"key":"Ancient Potion"},{"floor":32,"key":"SmokeBomb"}],"is_trial":false,"path_per_floor":["R","M","M","?","M","E","T","M","$","R","E","M","?","E","M","B",null,"R","M","?","T","M","E","T","R","E","R","$","E","$","E","M","B",null,"R","M","M","M","$","E","T","?","R","M","E","T","R","?","M","B",null,"E","$","R","B","B",null],"character_chosen":"THE_SERVANT","items_purchased":["Pan","SurpressingFire","Advance+1","expansioncontent:DashGenerateEvil","Mercury Hourglass","Dilation+1"],"campfire_rested":2,"item_purchase_floors":[9,9,30,39,39,53],"current_hp_per_floor":[65,64,64,59,59,34,34,34,34,53,53,48,48,30,30,6,65,65,65,65,65,59,60,60,70,54,54,54,46,43,48,41,42,77,77,77,79,79,81,83,83,83,83,85,85,85,85,85,87,68,87,53,53,79,80,44],"gold":50,"neow_bonus":"TRANSFORM_CARD","is_daily":false,"chose_seed":false,"campfire_upgraded":6,"win_rate":0.0,"timestamp":1611966202,"path_taken":["R","M","?","?","M","E","T","M","?","R","E","M","?","E","M","BOSS","R","M","?","?","M","E","T","R","E","R","$","E","$","E","M","BOSS","R","M","M","M","$","E","T","?","R","M","E","?","R","?","M","BOSS","E","$","R","BOSS","BOSS"],"items_purchased_type":["Relic","Card","Card","Card","Relic","Card"],"build_version":"2020-12-22","purchased_purges":2,"victory":true,"max_hp_per_floor":[65,65,65,65,65,65,65,65,65,65,65,65,65,65,65,65,65,65,65,65,65,65,65,65,75,75,75,75,77,77,77,77,77,77,77,77,79,79,81,83,83,83,83,85,85,85,85,85,87,87,87,87,87,87,87,87],"card_choices":[{"not_picked":["Starlight","Defy"],"picked":"Potential","floor":2},{"not_picked":["Unruled","FastForward","Alleviate"],"picked":"SKIP","floor":3},{"not_picked":["Gouge","FastForward"],"picked":"PendulumOfEternity","floor":5},{"not_picked":["FastForward","Deadline"],"picked":"Hightail","floor":6},{"not_picked":["DancingSilver","FastForward"],"picked":"BottledTime","floor":8},{"not_picked":["Moondial","TimeWarp"],"picked":"BestPractice","floor":9},{"not_picked":["Revamp","Spin","Shuttle"],"picked":"SKIP","floor":11},{"not_picked":["Revamp","FastForward"],"picked":"Potential","floor":12},{"not_picked":["BottledTime","Hightail"],"picked":"Initiator","floor":14},{"not_picked":["ShiftingGears","DancingSilver","Rewind"],"picked":"SKIP","floor":15},{"not_picked":["KillingDoll","Embodiment"],"picked":"FloweringNight","floor":16},{"not_picked":["Starlight","ShatteredReality+1"],"picked":"TimeWarp","floor":19},{"not_picked":["TimeWarp","ShatteredReality+1"],"picked":"GearUp","floor":22},{"not_picked":["Spin","Collapse","BestPractice"],"picked":"SKIP","floor":23},{"not_picked":["Shuttle+1","BestPractice"],"picked":"Barrier+1","floor":26},{"not_picked":["Potential","FastForward+1","Barrier+1"],"picked":"SKIP","floor":28},{"not_picked":["Snipe+1","Defy+1","TimeTheft+1"],"picked":"Singing Bowl","floor":29},{"not_picked":["TimeWarp","Orbit"],"picked":"Luminosity","floor":30},{"not_picked":["Ricochet","DancingSilver+1"],"picked":"Sunlight","floor":31},{"not_picked":["Ricochet","SpecialFormula+1"],"picked":"Defy+1","floor":32},{"not_picked":["Deny+1","LightFlow"],"picked":"SoulSculpture","floor":33},{"not_picked":["Rewind+1","Starlight+1"],"picked":"BottledTime+1","floor":36},{"not_picked":["Alleviate+1","ShatteredReality","Spin+1"],"picked":"Singing Bowl","floor":37},{"not_picked":["Rewind+1","DoubleEdge+1"],"picked":"TheWorld+1","floor":38},{"not_picked":["Alleviate+1","Ricochet+1","Rearm+1"],"picked":"Singing Bowl","floor":39},{"not_picked":["Rearm+1","WasteNot","Revamp+1"],"picked":"Singing Bowl","floor":40},{"not_picked":["Potential+1","Starlight+1","TimeTheft+1"],"picked":"Singing Bowl","floor":44},{"not_picked":["Snipe+1","Unruled+1"],"picked":"SilverBlades+1","floor":45},{"not_picked":["Spin","Rewind+1","Rearm+1"],"picked":"Singing Bowl","floor":49},{"not_picked":["ShatteredReality+1","Misdirection+1"],"picked":"Solidify+1","floor":52}],"player_experience":1769581,"relics_obtained":[{"floor":6,"key":"Letter Opener"},{"floor":7,"key":"Anchor"},{"floor":11,"key":"Unceasing Top"},{"floor":14,"key":"Tiny Chest"},{"floor":21,"key":"Bromod:ArcaneVictory"},{"floor":23,"key":"Gambling Chip"},{"floor":26,"key":"Toxic Egg 2"},{"floor":29,"key":"Singing Bowl"},{"floor":31,"key":"Turnip"},{"floor":34,"key":"Guardian:PocketSentry"},{"floor":34,"key":"PaperSwan"},{"floor":34,"key":"CaptainsWheel"},{"floor":40,"key":"Bromod:ArcaneDeflection"},{"floor":41,"key":"InkBottle"},{"floor":45,"key":"Incense Burner"},{"floor":46,"key":"Bromod:ArcaneGuardian"},{"floor":48,"key":"Mummified Hand"},{"floor":52,"key":"Art of War"}],"event_choices":[{"cards_removed":["Strike_S"],"damage_healed":0,"gold_gain":0,"player_choice":"Removed Attack","damage_taken":0,"max_hp_gain":0,"max_hp_loss":0,"event_name":"Falling","floor":42,"gold_loss":0}],"is_beta":false,"boss_relics":[{"not_picked":["MysterySword","Empty Cage"],"picked":"SplendidAttire"},{"not_picked":["Black Star","Astrolabe"],"picked":"Calling Bell"}],"items_purged_floors":[28,39],"is_endless":false,"potions_floor_spawned":[3,8,11,14,16,19,26,32,36,37],"ascension_level":1}}