{"host":"xenpv6dj5x1yxp66","time":1611972100,"event":{"mods":["AchievementEnabler","Aspiration","BaseMod","Better Altar","Better Sensory Stone","Better Skull","Better Third Choice","BetterRewards","Colored Map","Colored Powertips","Conspire","Downfall","Highlight Path","Hubris","Marisa????????","Minty Spire (QoL Compilation)","Quick Restart","READ ME - Guardian Mod","Replay The Spire","Shade Mod","StSLib","The Animator","The Bug Knight","The Construct","The Cursed","The Disciple","The Necromancer","The Runesmith","The Servant 0.9.4"],"gold_per_floor":[114,134,134,229,248,248,263,263,289,289,302,312,312,328,328,430,430,449,159,177,188,199,199,230,240,240,240,240,315,327,340,340,340,340],"floor_reached":33,"language":"ENG","playtime":1295,"items_purged":[],"score":263,"play_id":"a9cc4ceb-ddc0-45fb-8c16-d1973ee346c4","local_time":"20210130030140","is_ascension_mode":false,"campfire_choices":[{"data":"Skewer","floor":6,"key":"SMITH"},{"data":"Blade Dance","floor":8,"key":"SMITH"},{"data":"Neutralize","floor":10,"key":"SMITH"},{"floor":15,"key":"REST"},{"data":"Accuracy","floor":23,"key":"SMITH"},{"floor":27,"key":"REST"},{"data":"Infinite Blades","floor":32,"key":"SMITH"}],"circlet_count":0,"master_deck":["Strike_G","Strike_G","Strike_G","Strike_G","Strike_G","Defend_G","Defend_G","Defend_G","Defend_G","Defend_G","Survivor","Neutralize+1","Skewer+1","PiercingWail","Injury","Backstab+1","Infinite Blades+1","Dagger Spray+1","Blade Dance+1","Flying Knee+1","Accuracy+1","Unload+1","ReplayTheSpireMod:From All Sides+1","All Out Attack+1","Sucker Punch+1","Calculated Gamble+1"],"relics":["Ring of the Snake","aspiration:Nostalgia","m_TsuchinokoRing","Molten Egg 2","Lantern","hubris:Icosahedron","Snecko Eye","Strange Spoon","Boot","hubris:TenFootPole","Ninja Scroll","Vampiric Spirits"],"acts_visited":["Exordium","TheCity"],"potions_floor_usage":[24,24,33],"damage_taken":[{"damage":2,"enemies":"Jaw Worm","floor":1,"turns":8},{"damage":0,"enemies":"Small Slimes","floor":2,"turns":3},{"damage":0,"enemies":"2 Louse","floor":5,"turns":2},{"damage":0,"enemies":"Exordium Wildlife","floor":7,"turns":3},{"damage":0,"enemies":"Large Slime","floor":11,"turns":3},{"damage":0,"enemies":"2 Fungi Beasts","floor":12,"turns":2},{"damage":8,"enemies":"Exordium Thugs","floor":14,"turns":2},{"damage":19,"enemies":"Fading Forest","floor":16,"turns":11},{"damage":7,"enemies":"3 Byrds","floor":18,"turns":4},{"damage":0,"enemies":"Spheric Guardian","floor":20,"turns":1},{"damage":10,"enemies":"Snake Plant","floor":21,"turns":3},{"damage":17,"enemies":"3 Cultists","floor":22,"turns":5},{"damage":14,"enemies":"Book of Stabbing","floor":24,"turns":4},{"damage":0,"enemies":"Snecko","floor":25,"turns":2},{"damage":7,"enemies":"Centurion and Healer","floor":30,"turns":3},{"damage":25,"enemies":"Shelled Parasite and Fungi","floor":31,"turns":4},{"damage":54,"enemies":"hubris:MusketHawk","floor":33,"turns":6}],"seed_played":"883495518201114103","potions_obtained":[{"floor":5,"key":"GhostInAJar"},{"floor":12,"key":"Guardian:BlockOnCardUsePotion"},{"floor":14,"key":"Slimebound:ThreeZeroPotion"},{"floor":18,"key":"SpeedPotion"},{"floor":21,"key":"Regen Potion"},{"floor":24,"key":"Guardian:BlockOnCardUsePotion"}],"is_trial":false,"path_per_floor":["M","M","?","?","M","R","M","R","T","R","M","M","?","M","R","B",null,"M","$","M","M","M","R","E","M","T","R","?","?","M","M","R","B"],"character_chosen":"THE_SILENT","items_purchased":["Strange Spoon","Boot"],"campfire_rested":2,"item_purchase_floors":[19,19],"current_hp_per_floor":[68,68,68,40,40,40,40,40,40,40,40,40,40,32,53,44,70,63,63,63,53,36,36,34,34,34,55,55,52,56,39,39,0,0],"gold":340,"neow_bonus":"NOSTALGIA","is_daily":false,"chose_seed":false,"campfire_upgraded":5,"win_rate":0.0,"timestamp":1611972100,"path_taken":["M","M","?","?","M","R","M","R","T","R","M","M","?","?","R","BOSS","M","$","M","M","M","R","E","M","T","R","?","?","?","M","R","BOSS"],"items_purchased_type":["Relic","Relic"],"build_version":"2020-12-22","purchased_purges":0,"victory":false,"max_hp_per_floor":[70,70,70,70,70,70,70,70,70,70,70,70,70,70,70,70,70,70,70,70,70,70,70,70,70,70,70,70,70,70,70,70,70,70],"card_choices":[{"not_picked":["Flying Knee","PiercingWail"],"picked":"Skewer","floor":1},{"not_picked":["Bane","Sucker Punch"],"picked":"PiercingWail","floor":2},{"not_picked":["Underhanded Strike+1","Deflect"],"picked":"Backstab+1","floor":4},{"not_picked":["Heel Hook+1","Toxin Wave"],"picked":"Infinite Blades","floor":4},{"not_picked":["Calculated Gamble","Adrenaline"],"picked":"Dagger Spray+1","floor":4},{"not_picked":["Expertise","Prepared"],"picked":"Blade Dance","floor":5},{"not_picked":["hubris:TrickCloak","Bane+1"],"picked":"Flying Knee+1","floor":7},{"not_picked":["hubris:Sniper","Outmaneuver"],"picked":"Accuracy","floor":11},{"not_picked":["Setup","Eviscerate+1"],"picked":"Unload+1","floor":12},{"not_picked":["Hidden Blade","hubris:Sniper","Replay:Poison Smokescreen"],"picked":"SKIP","floor":14},{"not_picked":["Phantasmal Killer","Grand Finale+1"],"picked":"ReplayTheSpireMod:From All Sides+1","floor":16},{"not_picked":["Deadly Poison","Distraction","Bane+1"],"picked":"SKIP","floor":18},{"not_picked":["Underhanded Strike+1","Deflect+1"],"picked":"All Out Attack+1","floor":20},{"not_picked":["Poisoned Stab+1","ReplayTheSpireMod:The Works","ReplayTheSpireMod:Exploit Weakness+1"],"picked":"SKIP","floor":21},{"not_picked":["conspire:PoisonWeapons","Fluid Movement","PiercingWail+1"],"picked":"SKIP","floor":22},{"not_picked":["Blur","ReplayTheSpireMod:The Works","hubris:Sniper"],"picked":"SKIP","floor":24},{"not_picked":["Bouncing Flask","Hidden Blade"],"picked":"Sucker Punch+1","floor":25},{"not_picked":["Tactician+1","Hidden Blade","conspire:PoisonWeapons"],"picked":"SKIP","floor":30},{"not_picked":["Terror","Hidden Blade"],"picked":"Calculated Gamble+1","floor":31}],"player_experience":176438,"relics_obtained":[{"floor":9,"key":"Lantern"},{"floor":24,"key":"hubris:TenFootPole"},{"floor":26,"key":"Ninja Scroll"}],"event_choices":[{"damage_healed":0,"gold_gain":0,"player_choice":"Opened","damage_taken":0,"relics_obtained":["Vampiric Spirits"],"max_hp_gain":0,"max_hp_loss":0,"event_name":"The Mausoleum","floor":28,"gold_loss":0},{"damage_healed":0,"gold_gain":75,"player_choice":"Touch","damage_taken":7,"max_hp_gain":0,"max_hp_loss":0,"event_name":"FaceTrader","floor":29,"gold_loss":0}],"is_beta":false,"boss_relics":[{"not_picked":["conspire:SlowCooker","Replay:Drink Me"],"picked":"Snecko Eye"}],"items_purged_floors":[],"is_endless":false,"potions_floor_spawned":[5,12,14,18,21,24],"killed_by":"hubris:MusketHawk","ascension_level":0}}