{"host":"mnlj73t2ynwgq04b","time":1611981318,"event":{"mods":["100% Spire Juice","Act Like it!","AlwaysNeverKeys","BaseMod","BetterRewards","CapriCore","Colored Map","Colored Powertips","DeckTracker","FoggyMod","Gensokyo","GifTheSpireLib","Googly Eyes","GungeonMod","HexUI Lib","KinomotoSakuraMod(木之本樱)","Marisa（F雨　魔理沙）","Minty Spire (QoL Compilation)","MostiFishMod","Permanent Neow","Quick Restart","Rare Cards Sparkle","Red Circlet Mod","Shop Mod","Spicy Shops","StSLib","The Immortal","The Senshi","TheWitcher","Yakumo Yukari mod","noobMod","【功能Mod】混沌之环修复补丁","篝火指南"],"gold_per_floor":[121,121,6,26,26,54,65,65,90,90,118,144,24,24,24,129,129,147,147,147],"floor_reached":19,"language":"ZHS","playtime":1287,"items_purged":[],"score":223,"play_id":"fb57a52f-adbe-4078-888c-76ffe45d569f","local_time":"20210130123518","is_ascension_mode":false,"campfire_choices":[{"data":"Moonworks:IndiscriminateFireSupport","floor":8,"key":"SMITH"},{"data":"Moonworks:PlushieMaster","floor":10,"key":"SMITH"},{"data":"Moonworks:TreasureThief","floor":13,"key":"SMITH"},{"floor":15,"key":"REST"}],"circlet_count":0,"master_deck":["Moonworks:Ambush","Moonworks:IndiscriminateFireSupport+1","Moonworks:StiffCrystal","Moonworks:PlushieMaster+1","Moonworks:TreasureThief+1","Moonworks:HolyNight","Moonworks:AccelHyper","Moonworks:ReflectiveShell","Moonworks:CookingTime","Moonworks:StarBlastingFuse","Moonworks:ShieldCounter","Moonworks:SweetBattle","Moonworks:DevilHand","Moonworks:ImOnFire","Moonworks:Encore","Moonworks:BindingChains+1"],"relics":["Moonworks:BrokenBomb","Moonworks:Homemark","ice","DaveBox","MetatronsCube","SynthV:TestCard","Gensokyo:Mercy","DemoMod:GnawedKey","Gensokyo:CelestialsFlawlessClothing","DemoMod:PoisonVial","Bag of Marbles","Whetstone","Lantern","TungstenRod","Pandora\u0027s Box"],"acts_visited":["Gensokyo:Gensokyo","Gensokyo:Gensokyoer"],"potions_floor_usage":[],"damage_taken":[{"damage":1,"enemies":"Gensokyo:Gryphon","floor":1,"turns":3},{"damage":0,"enemies":"Gensokyo:2_Kodama","floor":4,"turns":1},{"damage":4,"enemies":"Gensokyo:Cirno","floor":6,"turns":5},{"damage":0,"enemies":"Gensokyo:Python","floor":7,"turns":3},{"damage":8,"enemies":"Gensokyo:Aya","floor":11,"turns":4},{"damage":0,"enemies":"Gensokyo:Reimu","floor":16,"turns":5},{"damage":3,"enemies":"Gensokyo:CosmicMonolith","floor":18,"turns":3},{"damage":0,"enemies":"Gensokyo:CosmicMonolith","floor":19,"turns":4}],"seed_played":"-1777743279308572820","potions_obtained":[{"floor":4,"key":"Strength Potion"},{"floor":7,"key":"SteroidPotion"},{"floor":18,"key":"Energy Potion"}],"is_trial":false,"path_per_floor":["M","?","$","M","?","E","M","R","T","R","E","T","R","T","R","B",null,"M","?"],"character_chosen":"THE_STARBREAKER","items_purchased":["DemoMod:GnawedKey"],"campfire_rested":1,"item_purchase_floors":[3],"current_hp_per_floor":[41,41,41,41,26,22,22,22,22,22,14,14,14,14,32,32,60,60,60,60],"gold":147,"neow_bonus":"TWO_FIFTY_GOLD","is_daily":false,"chose_seed":false,"campfire_upgraded":3,"win_rate":0.0,"timestamp":1611981318,"path_taken":["M","?","?","?","?","E","?","R","T","R","E","?","R","?","R","BOSS","M","?"],"items_purchased_type":["Relic"],"build_version":"2020-12-22","purchased_purges":0,"victory":false,"max_hp_per_floor":[60,60,60,60,60,60,60,60,60,60,60,60,60,60,60,60,60,60,60,60],"card_choices":[{"not_picked":["Moonworks:LulusLuckyEgg","Moonworks:SakisCookie"],"picked":"Moonworks:IndiscriminateFireSupport","floor":1},{"not_picked":["Moonworks:SakisCookie","Moonworks:BigMagnum","Moonworks:ImmovableObject","Moonworks:Assault"],"picked":"Moonworks:StiffCrystal","floor":4},{"not_picked":["Moonworks:IntelligenceOfficer","Moonworks:LulusLuckyEgg","Moonworks:CloudOfSeagulls","Moonworks:EvilSpyWorkPreparation"],"picked":"Moonworks:PlushieMaster","floor":6},{"not_picked":["Moonworks:MixPhenomenon","Moonworks:ScrambledEve","Moonworks:Dash","Moonworks:TacticalRetreat"],"picked":"Moonworks:TreasureThief","floor":7},{"not_picked":["Moonworks:SakisCookie","Moonworks:LuckyCharm","Moonworks:IntelligenceOfficer","Moonworks:BeyondHell"],"picked":"Moonworks:HolyNight","floor":11},{"not_picked":["Moonworks:Encore","Moonworks:RocketCannon","Moonworks:MetallicMonocoque","Moonworks:PlushieMaster"],"picked":"Moonworks:AccelHyper","floor":16},{"not_picked":["Moonworks:DeployBits","Moonworks:CloudOfSeagulls","Moonworks:LulusLuckyEgg+1","Moonworks:SakisCookie"],"picked":"Moonworks:BindingChains+1","floor":18}],"player_experience":48005,"relics_obtained":[{"floor":1,"key":"SynthV:TestCard"},{"floor":6,"key":"DemoMod:PoisonVial"},{"floor":9,"key":"Bag of Marbles"},{"floor":11,"key":"Whetstone"},{"floor":12,"key":"Lantern"},{"floor":14,"key":"TungstenRod"}],"event_choices":[],"is_beta":false,"boss_relics":[{"not_picked":["RhineFirstAidKit","Empty Cage"],"picked":"Pandora\u0027s Box"}],"items_purged_floors":[],"is_endless":false,"potions_floor_spawned":[4,7,18],"killed_by":"Gensokyo:CosmicMonolith","ascension_level":0}}