{"host":"ow66nzv2xecjoor3","time":1611990159,"event":{"mods":["BaseMod","Bestiary","Block Reminder","Colored Powertips","Curses Come First","Highlight Path","Keyboard Shortcuts","Minty Spire (QoL Compilation)","Permanent Neow","Relic Stats","StSLib","UnlockEverythingMod"],"gold_per_floor":[117,117,128,140,159,159,184,184,237,237,237,265,283,302,302,374,374,388,388,65,95,109,109,136,150,202,37,0,26,40,67,67,141,141,155,25,40,40,54,85,85,103,103,103,120,154,154,154,154,154,154],"floor_reached":50,"language":"ENG","playtime":3053,"items_purged":["Defend_P"],"score":1285,"play_id":"78a94b29-541b-4470-bfd1-fcd2be6ac16f","local_time":"20210130010239","is_ascension_mode":true,"campfire_choices":[{"data":"Consecrate","floor":6.0,"key":"SMITH"},{"data":"Wallop","floor":11.0,"key":"SMITH"},{"data":"Wireheading","floor":15.0,"key":"SMITH"},{"data":"Establishment","floor":23.0,"key":"SMITH"},{"data":"Wraith Form v2","floor":32.0,"key":"SMITH"},{"data":"BattleHymn","floor":41.0,"key":"SMITH"},{"data":"Panacea","floor":44.0,"key":"SMITH"},{"floor":47.0,"key":"RECALL"},{"data":"Wireheading","floor":49.0,"key":"SMITH"}],"circlet_count":0,"master_deck":["AscendersBane","Defend_P","Eruption","Vigilance","Establishment+1","Swivel","FlyingSleeves","Wallop+1","Consecrate+1","Perseverance","Wireheading+1","Blasphemy","Bite","Bite","Bite","Bite","Bite","WheelKick","Wireheading+1","Consecrate","Seeing Red","Wallop","Wraith Form v2+1","Panacea+1","Master of Strategy","Battle Trance","BattleHymn+1","PiercingWail","Secret Technique"],"relics":["PureWater","InkBottle","Potion Belt","Bird Faced Urn","Runic Pyramid","PrismaticShard","Red Mask","PreservedInsect","Bag of Preparation","Lantern","Damaru","Orichalcum","VioletLotus","Ginger","GoldenEye","Darkstone Periapt"],"acts_visited":["Exordium","TheCity","TheBeyond"],"potions_floor_usage":[50,50,50,50],"damage_taken":[{"damage":0.0,"enemies":"Jaw Worm","floor":1.0,"turns":6.0},{"damage":0.0,"enemies":"Cultist","floor":3.0,"turns":3.0},{"damage":7.0,"enemies":"2 Louse","floor":4.0,"turns":2.0},{"damage":21.0,"enemies":"Exordium Wildlife","floor":5.0,"turns":4.0},{"damage":3.0,"enemies":"Gremlin Nob","floor":7.0,"turns":3.0},{"damage":0.0,"enemies":"3 Sentries","floor":10.0,"turns":2.0},{"damage":1.0,"enemies":"Lagavulin","floor":12.0,"turns":6.0},{"damage":0.0,"enemies":"3 Louse","floor":13.0,"turns":3.0},{"damage":0.0,"enemies":"Blue Slaver","floor":14.0,"turns":4.0},{"damage":26.0,"enemies":"Slime Boss","floor":16.0,"turns":7.0},{"damage":11.0,"enemies":"2 Thieves","floor":18.0,"turns":3.0},{"damage":0.0,"enemies":"Masked Bandits","floor":21.0,"turns":2.0},{"damage":12.0,"enemies":"3 Byrds","floor":22.0,"turns":3.0},{"damage":36.0,"enemies":"Gremlin Leader","floor":24.0,"turns":6.0},{"damage":19.0,"enemies":"Centurion and Healer","floor":25.0,"turns":4.0},{"damage":2.0,"enemies":"Book of Stabbing","floor":29.0,"turns":2.0},{"damage":14.0,"enemies":"Snake Plant","floor":30.0,"turns":3.0},{"damage":0.0,"enemies":"Gremlin Leader","floor":31.0,"turns":4.0},{"damage":10.0,"enemies":"Automaton","floor":33.0,"turns":12.0},{"damage":0.0,"enemies":"Orb Walker","floor":35.0,"turns":2.0},{"damage":1.0,"enemies":"3 Shapes","floor":37.0,"turns":3.0},{"damage":1.0,"enemies":"Maw","floor":39.0,"turns":5.0},{"damage":17.0,"enemies":"Nemesis","floor":40.0,"turns":3.0},{"damage":8.0,"enemies":"Spire Growth","floor":42.0,"turns":3.0},{"damage":10.0,"enemies":"Jaw Worm Horde","floor":45.0,"turns":3.0},{"damage":0.0,"enemies":"Giant Head","floor":46.0,"turns":3.0},{"damage":84,"enemies":"Awakened One","floor":50,"turns":15}],"seed_played":"7818846923949486910","potions_obtained":[{"floor":4.0,"key":"FearPotion"},{"floor":7.0,"key":"SmokeBomb"},{"floor":14.0,"key":"ColorlessPotion"},{"floor":21.0,"key":"Regen Potion"},{"floor":22.0,"key":"Strength Potion"},{"floor":24.0,"key":"SpeedPotion"},{"floor":30.0,"key":"Weak Potion"},{"floor":37.0,"key":"Swift Potion"},{"floor":42.0,"key":"BottledMiracle"}],"is_trial":false,"path_per_floor":["M","?","M","M","M","R","E","?","T","E","R","E","M","M","R","B",null,"M","?","$","?","M","R","E","M","T","$","$","E","M","E","R","B",null,"M","$","M","?","M","E","R","M","T","R","M","E","R","?","R","B"],"character_chosen":"WATCHER","items_purchased":["PrismaticShard","WheelKick","Wireheading","Lantern","Wallop","FearPotion"],"campfire_rested":0,"item_purchase_floors":[20,20,20,27,28,36],"current_hp_per_floor":[61,61,61,54,33,33,30,35,35,35,35,34,34,36,36,16,59,50,50,50,51,45,45,37,32,32,32,32,40,38,51,51,51,51,51,51,51,51,51,42,42,48,48,48,49,51,51,51,51,0,0],"gold":154,"neow_bonus":"ONE_RANDOM_RARE_CARD","is_daily":false,"chose_seed":false,"campfire_upgraded":8,"win_rate":0.0,"timestamp":1611990159,"path_taken":["M","?","?","M","M","R","E","?","T","E","R","E","M","M","R","BOSS","M","?","$","?","M","R","E","M","T","?","$","E","M","E","R","BOSS","M","$","M","?","M","E","R","M","T","R","M","E","R","?","R","BOSS"],"items_purchased_type":["Relic","Card","Card","Relic","Card","Potion"],"build_version":"2020-12-22","purchased_purges":1,"victory":false,"max_hp_per_floor":[68,68,68,68,68,68,68,73,73,73,73,73,73,73,73,73,73,73,51,51,51,51,51,51,51,51,51,51,51,51,51,51,51,51,51,51,51,51,51,51,51,51,51,51,51,51,51,51,51,51,51],"relic_stats":{"Darkstone Periapt":0,"counters":[27,116],"Bird Faced Urn":[66],"PreservedInsect":270,"VioletLotus":[5],"Bag of Preparation":[24],"Ginger":[1],"Orichalcum":[72],"GoldenEye":[11],"obtain_stats":[{"Potion Belt":9,"Darkstone Periapt":48,"Lantern":27,"Damaru":29,"PreservedInsect":24,"Bag of Preparation":26,"Ginger":40,"Orichalcum":31,"PrismaticShard":20,"GoldenEye":46,"Bird Faced Urn":12,"VioletLotus":34,"Red Mask":21,"PureWater":0,"InkBottle":7,"Runic Pyramid":17},{"Potion Belt":5,"Darkstone Periapt":26,"Lantern":15,"Damaru":16,"PreservedInsect":14,"Bag of Preparation":15,"Ginger":23,"Orichalcum":18,"PrismaticShard":11,"GoldenEye":26,"Bird Faced Urn":7,"VioletLotus":19,"Red Mask":12,"PureWater":0,"InkBottle":5,"Runic Pyramid":10},{"Potion Belt":18,"Darkstone Periapt":101,"Lantern":58,"Damaru":60,"PreservedInsect":54,"Bag of Preparation":58,"Ginger":92,"Orichalcum":67,"PrismaticShard":43,"GoldenEye":101,"Bird Faced Urn":26,"VioletLotus":79,"Red Mask":45,"PureWater":0,"InkBottle":18,"Runic Pyramid":40}],"InkBottle":[44]},"card_choices":[{"not_picked":["ThirdEye","JustLucky"],"picked":"Swivel","floor":1.0},{"not_picked":["Perseverance","ClearTheMind"],"picked":"FlyingSleeves","floor":3.0},{"not_picked":["FearNoEvil","WreathOfFlame"],"picked":"Wallop","floor":4.0},{"not_picked":["Prostrate","EmptyBody"],"picked":"Consecrate","floor":5.0},{"not_picked":["SpiritShield","WindmillStrike"],"picked":"Perseverance","floor":7.0},{"not_picked":["Evaluate","Pray","SashWhip"],"picked":"SKIP","floor":12.0},{"not_picked":["ForeignInfluence","FlurryOfBlows"],"picked":"Crescendo","floor":13.0},{"not_picked":["JustLucky","ThirdEye"],"picked":"Wireheading","floor":14.0},{"not_picked":["DeusExMachina","Brilliance"],"picked":"Blasphemy","floor":16.0},{"not_picked":["Adaptation","BowlingBash","FlyingSleeves"],"picked":"SKIP","floor":18.0},{"not_picked":["Dodge and Roll","Steam"],"picked":"Consecrate","floor":21.0},{"not_picked":["ThirdEye","Flying Knee","Pray"],"picked":"SKIP","floor":22.0},{"not_picked":["Backflip+1","Coolheaded","Masterful Stab"],"picked":"SKIP","floor":24.0},{"not_picked":["Dagger Throw","Halt"],"picked":"Seeing Red","floor":25.0},{"not_picked":["Crippling Poison","Flying Knee"],"picked":"Wraith Form v2","floor":29.0},{"not_picked":["Go for the Eyes","Barrage"],"picked":"Panacea","floor":30.0},{"not_picked":["Mind Blast","Halt","InnerPeace+1"],"picked":"SKIP","floor":31.0},{"not_picked":["Mayhem","Thinking Ahead"],"picked":"Master of Strategy","floor":33.0},{"not_picked":["Cloak And Dagger","Distraction","Chill"],"picked":"SKIP","floor":35.0},{"not_picked":["Perfected Strike+1","FlyingSleeves","Quick Slash"],"picked":"SKIP","floor":37.0},{"not_picked":["PathToVictory","Study+1"],"picked":"Battle Trance","floor":39.0},{"not_picked":["CrushJoints","Infernal Blade"],"picked":"BattleHymn","floor":40.0},{"not_picked":["Streamline","Iron Wave+1"],"picked":"PiercingWail","floor":42.0},{"not_picked":["Sucker Punch","Infinite Blades+1","Blade Dance"],"picked":"SKIP","floor":45.0},{"not_picked":["PiercingWail","Acrobatics"],"picked":"Secret Technique","floor":46.0}],"player_experience":2764165,"relics_obtained":[{"floor":7.0,"key":"InkBottle"},{"floor":9.0,"key":"Potion Belt"},{"floor":12.0,"key":"Bird Faced Urn"},{"floor":21.0,"key":"Red Mask"},{"floor":24.0,"key":"PreservedInsect"},{"floor":26.0,"key":"Bag of Preparation"},{"floor":29.0,"key":"Damaru"},{"floor":31.0,"key":"Orichalcum"},{"floor":40.0,"key":"Ginger"},{"floor":46.0,"key":"GoldenEye"}],"event_choices":[{"cards_removed":["Defend_P"],"damage_healed":0.0,"max_hp_gain":0.0,"max_hp_loss":0.0,"gold_gain":0.0,"event_name":"Purifier","player_choice":"Purged","floor":2.0,"gold_loss":0.0,"damage_taken":0.0},{"damage_healed":0.0,"max_hp_gain":5.0,"max_hp_loss":0.0,"gold_gain":0.0,"event_name":"Big Fish","player_choice":"Donut","floor":8.0,"gold_loss":0.0,"damage_taken":0.0},{"damage_healed":0.0,"max_hp_gain":0.0,"max_hp_loss":22.0,"gold_gain":0.0,"event_name":"Vampires","player_choice":"Became a vampire","floor":19.0,"gold_loss":0.0,"damage_taken":0.0,"cards_obtained":["Bite","Bite","Bite","Bite","Bite"]},{"damage_healed":0.0,"max_hp_gain":0.0,"max_hp_loss":0.0,"gold_gain":0.0,"event_name":"Masked Bandits","player_choice":"Fought Bandits","floor":21.0,"gold_loss":0.0,"damage_taken":0.0},{"cards_removed":["Defend_P"],"damage_healed":0.0,"max_hp_gain":0.0,"max_hp_loss":0.0,"gold_gain":0.0,"event_name":"Falling","player_choice":"Removed Skill","floor":38.0,"gold_loss":0.0,"damage_taken":0.0},{"cards_removed":["Crescendo"],"damage_healed":0.0,"max_hp_gain":0.0,"max_hp_loss":0.0,"gold_gain":0.0,"event_name":"WeMeetAgain","player_choice":"Gave Card","floor":48.0,"gold_loss":0.0,"damage_taken":0.0,"relics_obtained":["Darkstone Periapt"]}],"is_beta":false,"boss_relics":[{"not_picked":["Fusion Hammer","Tiny House"],"picked":"Runic Pyramid"},{"not_picked":["Snecko Eye","Runic Dome"],"picked":"VioletLotus"}],"items_purged_floors":[36],"is_endless":false,"potions_floor_spawned":[4,7,14,21,22,24,30,37,42],"killed_by":"Awakened One","ascension_level":20}}