{"host":"c44ey07ufggfw2m8","time":1611987871,"event":{"mods":["2.2 Compatiblity","BaseMod","Colored Map","DeckTracker","Highlight Path","Keyboard Shortcuts","Minty Spire (QoL Compilation)","Permanent Neow","Quick Restart","StSLib","SuperFastMode","UnlockEverythingMod"],"gold_per_floor":[109,122,122,132,147,147,169,200,200,35,35,35,35,55,55,150,150,170,170,95,95,112,112,129,129,129,129,146,157,174,199,199,298,298,309,309,354,367,198,223,223,250,250,250,250,265,283,309,309,309],"floor_reached":51,"language":"KOR","playtime":1935,"items_purged":["Strike_G","Heel Hook"],"score":1387,"play_id":"0f57dced-5759-4808-805a-93430602287a","local_time":"20210130152431","is_ascension_mode":true,"campfire_choices":[{"data":"Venomology","floor":6.0,"key":"SMITH"},{"data":"Blade Dance","floor":11.0,"key":"SMITH"},{"data":"Accuracy","floor":13.0,"key":"SMITH"},{"data":"Footwork","floor":15.0,"key":"SMITH"},{"data":"Burst","floor":23,"key":"SMITH"},{"data":"Corpse Explosion","floor":25,"key":"SMITH"},{"data":"Masterful Stab","floor":27,"key":"SMITH"},{"data":"Cloak And Dagger","floor":32,"key":"SMITH"},{"data":"Tactician","floor":41,"key":"SMITH"},{"data":"Cloak And Dagger","floor":45,"key":"SMITH"},{"floor":49,"key":"REST"}],"circlet_count":0,"master_deck":["Defend_G","Defend_G","Defend_G","Defend_G","Defend_G","Survivor","Neutralize","Masterful Stab+1","Backflip","Venomology+1","Footwork+1","Infinite Blades","Blade Dance+1","Accuracy+1","Escape Plan","Corpse Explosion+1","Burst+1","Prepared+1","Acrobatics+1","Cloak And Dagger+1","After Image","Tactician+1","Blur","Reflex+1","Cloak And Dagger+1","Malaise","Calculated Gamble+1"],"relics":["Ring of the Snake","Art of War","Odd Mushroom","Pear","Incense Burner","WristBlade","Bottled Flame","Ginger","SlaversCollar","Ice Cream","Frozen Egg 2","Bag of Preparation","Question Card","Darkstone Periapt","Centennial Puzzle"],"acts_visited":["Exordium","TheCity","TheBeyond"],"potions_floor_usage":[22,30,31,33,37,38,40,42,46,47],"damage_taken":[{"damage":2.0,"enemies":"2 Louse","floor":1.0,"turns":4.0},{"damage":0.0,"enemies":"Jaw Worm","floor":2.0,"turns":4.0},{"damage":0.0,"enemies":"Cultist","floor":4.0,"turns":3.0},{"damage":0.0,"enemies":"Red Slaver","floor":5.0,"turns":4.0},{"damage":2.0,"enemies":"The Mushroom Lair","floor":7.0,"turns":4.0},{"damage":16.0,"enemies":"3 Sentries","floor":8.0,"turns":13.0},{"damage":0.0,"enemies":"Large Slime","floor":14.0,"turns":4.0},{"damage":0.0,"enemies":"The Guardian","floor":16.0,"turns":10.0},{"damage":0.0,"enemies":"Shell Parasite","floor":18.0,"turns":2.0},{"damage":5,"enemies":"2 Thieves","floor":22,"turns":4},{"damage":9,"enemies":"Centurion and Healer","floor":24,"turns":2},{"damage":0,"enemies":"3 Cultists","floor":28,"turns":1},{"damage":0,"enemies":"Cultist and Chosen","floor":29,"turns":3},{"damage":0,"enemies":"Snake Plant","floor":30,"turns":2},{"damage":0,"enemies":"Gremlin Leader","floor":31,"turns":4},{"damage":24,"enemies":"Automaton","floor":33,"turns":5},{"damage":3,"enemies":"Orb Walker","floor":35,"turns":2},{"damage":33,"enemies":"2 Orb Walkers","floor":37,"turns":3},{"damage":9,"enemies":"3 Shapes","floor":38,"turns":4},{"damage":0,"enemies":"Reptomancer","floor":40,"turns":5},{"damage":0,"enemies":"Nemesis","floor":42,"turns":5},{"damage":0,"enemies":"3 Darklings","floor":46,"turns":4},{"damage":0,"enemies":"Transient","floor":47,"turns":5},{"damage":0,"enemies":"Giant Head","floor":48,"turns":5},{"damage":11,"enemies":"Awakened One","floor":50,"turns":9}],"seed_played":"-8947355354946675558","potions_obtained":[{"floor":4.0,"key":"EntropicBrew"},{"floor":8.0,"key":"Strength Potion"},{"floor":16.0,"key":"FairyPotion"},{"floor":22,"key":"EntropicBrew"},{"floor":35,"key":"Strength Potion"},{"floor":48,"key":"FairyPotion"}],"is_trial":false,"path_per_floor":["M","M","?","M","M","R","?","E","T","$","R","?","R","M","R","B",null,"M","?","?","?","M","R","M","R","T","R","M","M","M","E","R","B",null,"M","?","?","M","$","E","R","E","T","T","R","M","M","E","R","B",null],"character_chosen":"THE_SILENT","items_purchased":["Blade Dance","Accuracy","Blur"],"campfire_rested":1,"item_purchase_floors":[10,10,39],"current_hp_per_floor":[61,61,66,66,66,66,64,58,58,58,58,51,51,51,51,51,77,77,77,77,77,72,72,63,63,63,63,63,63,63,63,63,39,74,71,71,38,29,29,29,29,29,29,29,29,29,29,29,54,43],"gold":309,"neow_bonus":"RANDOM_COMMON_RELIC","is_daily":false,"chose_seed":false,"campfire_upgraded":10,"win_rate":0.0,"timestamp":1611987871,"path_taken":["M","M","?","M","M","R","?","E","T","$","R","?","R","M","R","BOSS","M","?","?","?","M","R","M","R","T","R","?","M","M","E","R","BOSS","M","?","?","M","$","E","R","E","T","?","R","M","M","E","R","BOSS"],"items_purchased_type":["Card","Card","Card"],"build_version":"2020-12-22","purchased_purges":2,"victory":true,"max_hp_per_floor":[70,70,75,75,75,75,75,85,85,85,85,85,85,85,85,85,85,85,85,85,85,85,85,85,85,85,85,85,85,85,85,85,85,85,85,85,85,85,85,85,85,85,85,85,85,85,85,85,85,85],"card_choices":[{"not_picked":["Acrobatics","Poisoned Stab"],"picked":"Masterful Stab","floor":1.0},{"not_picked":["Prepared","Dodge and Roll"],"picked":"Backflip","floor":2.0},{"not_picked":["Distraction","PiercingWail"],"picked":"Venomology","floor":4.0},{"not_picked":["Backflip","Heel Hook"],"picked":"Deadly Poison","floor":5.0},{"not_picked":["Poisoned Stab","Blur"],"picked":"Footwork","floor":7.0},{"not_picked":["Underhanded Strike","Crippling Poison"],"picked":"Infinite Blades","floor":8.0},{"not_picked":["Backflip","Expertise"],"picked":"Escape Plan","floor":14.0},{"not_picked":["Tools of the Trade","Adrenaline"],"picked":"Corpse Explosion","floor":16.0},{"not_picked":["Skewer","Dodge and Roll","Flying Knee"],"picked":"SKIP","floor":18.0},{"not_picked":["Heel Hook","Riddle With Holes"],"picked":"Prepared+1","floor":22},{"not_picked":["Prepared","Deflect","Doppelganger"],"picked":"SKIP","floor":24},{"not_picked":["Leg Sweep","Slice"],"picked":"Acrobatics+1","floor":28},{"not_picked":["Escape Plan+1","Blur"],"picked":"Cloak And Dagger","floor":29},{"not_picked":["Dodge and Roll+1","Heel Hook","Choke"],"picked":"SKIP","floor":30},{"not_picked":["Flying Knee","Dagger Spray","Underhanded Strike"],"picked":"SKIP","floor":31},{"not_picked":["Grand Finale","Corpse Explosion"],"picked":"After Image","floor":33},{"not_picked":["Noxious Fumes","Infinite Blades","Outmaneuver"],"picked":"SKIP","floor":35},{"not_picked":["Infinite Blades","Sucker Punch"],"picked":"Tactician","floor":37},{"not_picked":["Outmaneuver+1","Bane+1","Acrobatics"],"picked":"SKIP","floor":38},{"not_picked":["Quick Slash","Dodge and Roll+1"],"picked":"Reflex+1","floor":40},{"not_picked":["Acrobatics+1","Prepared+1"],"picked":"Cloak And Dagger","floor":42},{"not_picked":["Bane","Noxious Fumes+1","Endless Agony"],"picked":"Malaise","floor":46},{"not_picked":["Dodge and Roll","Skewer+1","Expertise+1"],"picked":"Calculated Gamble+1","floor":47},{"not_picked":["Masterful Stab","Poisoned Stab","Setup","Dodge and Roll+1"],"picked":"SKIP","floor":48},{"not_picked":["Masterful Stab","Poisoned Stab","Setup","Dodge and Roll+1"],"picked":"SKIP","floor":48}],"player_experience":86828,"relics_obtained":[{"floor":7.0,"key":"Odd Mushroom"},{"floor":8.0,"key":"Pear"},{"floor":9.0,"key":"Incense Burner"},{"floor":26,"key":"Bottled Flame"},{"floor":31,"key":"Ginger"},{"floor":37,"key":"Ice Cream"},{"floor":40,"key":"Frozen Egg 2"},{"floor":42,"key":"Bag of Preparation"},{"floor":43,"key":"Question Card"},{"floor":44,"key":"Darkstone Periapt"},{"floor":48,"key":"Centennial Puzzle"}],"event_choices":[{"damage_healed":0.0,"max_hp_gain":5.0,"max_hp_loss":0.0,"gold_gain":0.0,"event_name":"Big Fish","player_choice":"Donut","floor":3.0,"gold_loss":0.0,"damage_taken":0.0},{"damage_healed":0.0,"max_hp_gain":0.0,"max_hp_loss":0.0,"gold_gain":0.0,"event_name":"Mushrooms","player_choice":"Fought Mushrooms","floor":7.0,"gold_loss":0.0,"damage_taken":0.0},{"cards_removed":["Strike_G"],"damage_healed":0.0,"max_hp_gain":0.0,"max_hp_loss":0.0,"gold_gain":0.0,"event_name":"Golden Wing","player_choice":"Card Removal","floor":12.0,"gold_loss":0.0,"damage_taken":7.0},{"damage_healed":0.0,"max_hp_gain":0.0,"max_hp_loss":0.0,"gold_gain":0.0,"cards_transformed":["Strike_G","Strike_G"],"event_name":"Drug Dealer","player_choice":"Became Test Subject","floor":19.0,"gold_loss":0.0,"damage_taken":0.0,"cards_obtained":["Burst","Heel Hook"]},{"cards_removed":["Strike_G"],"damage_healed":0.0,"max_hp_gain":0.0,"max_hp_loss":0.0,"gold_gain":0.0,"event_name":"Beggar","player_choice":"Gave Gold","floor":20.0,"gold_loss":75.0,"damage_taken":0.0},{"damage_healed":0.0,"max_hp_gain":0.0,"max_hp_loss":0.0,"gold_gain":0.0,"event_name":"Vampires","player_choice":"Ignored","floor":21.0,"gold_loss":0.0,"damage_taken":0.0},{"cards_removed":["Deadly Poison"],"damage_healed":0,"gold_gain":0,"player_choice":"Removed Skill","damage_taken":0,"max_hp_gain":0,"max_hp_loss":0,"event_name":"Falling","floor":36,"gold_loss":0},{"damage_healed":0,"gold_gain":0,"player_choice":"Fight","damage_taken":0,"max_hp_gain":0,"max_hp_loss":0,"event_name":"Mysterious Sphere","floor":37,"gold_loss":0}],"is_beta":false,"boss_relics":[{"not_picked":["Sozu","Empty Cage"],"picked":"WristBlade"},{"not_picked":["Snecko Eye","SacredBark"],"picked":"SlaversCollar"}],"items_purged_floors":[10,39],"is_endless":false,"potions_floor_spawned":[4,5,8,14,16,18,22,28,29,33,35,46,48],"ascension_level":9}}