{"host":"yn8qackkbxgt4nh1","time":1611972105,"event":{"mods":["BaseMod","Colored Map","Colored Powertips","DeckTracker","Minty Spire (QoL Compilation)","SuperFastMode"],"gold_per_floor":[119,135,147,147,72,116,116,131,202,202,227,227,227,258,258,354,354,375,375,217,132,162,162,210,210,210,210,226,251,131,174,174,281,281,305,333,347,365,41,91,91,131,156,191,191,223,273,75,75,75],"floor_reached":51,"language":"KOR","playtime":4243,"items_purged":["Strike_R","Strike_R+1","Defend_R+1"],"score":1496,"play_id":"dad3e4e5-6831-4ba7-8e82-e7ce0d7b623f","local_time":"20210130110145","is_ascension_mode":true,"campfire_choices":[{"data":"Feed","floor":7.0,"key":"SMITH"},{"data":"Bludgeon","floor":12.0,"key":"SMITH"},{"data":"Pommel Strike","floor":15.0,"key":"SMITH"},{"data":"Shrug It Off","floor":23.0,"key":"SMITH"},{"data":"Dark Embrace","floor":27.0,"key":"SMITH"},{"data":"Bash","floor":32.0,"key":"SMITH"},{"data":"Clothesline","floor":41,"key":"SMITH"},{"data":"Demon Form","floor":45,"key":"SMITH"},{"floor":49,"key":"RECALL"}],"circlet_count":0,"master_deck":["AscendersBane","Strike_R+1","Strike_R+1","Defend_R+1","Defend_R+1","Defend_R+1","Bash+1","Bludgeon+1","Clothesline+1","Pommel Strike+1","Feed+1","Shrug It Off+1","Shockwave+1","Entrench+1","Offering+1","Warcry+1","Shrug It Off+1","Dark Embrace+1","Seeing Red+1","Shrug It Off+1","Warcry+1","Offering+1","Battle Trance+1","Dual Wield+1","The Bomb+1","Sword Boomerang+1","Demon Form+1","True Grit+1","Double Tap+1","Seeing Red+1"],"relics":["Burning Blood","Golden Idol","Magic Flower","Toxic Egg 2","Odd Mushroom","Red Skull","Coffee Dripper","Enchiridion","CeramicFish","Tiny Chest","Darkstone Periapt","Meat on the Bone","Sozu","Omamori","Self Forming Clay","Bag of Preparation","Bird Faced Urn","Sundial","Ancient Tea Set"],"acts_visited":["Exordium","TheCity","TheBeyond"],"potions_floor_usage":[42],"damage_taken":[{"damage":0.0,"enemies":"Cultist","floor":1.0,"turns":2.0},{"damage":7.0,"enemies":"Jaw Worm","floor":2.0,"turns":3.0},{"damage":15.0,"enemies":"Small Slimes","floor":3.0,"turns":3.0},{"damage":15.0,"enemies":"3 Sentries","floor":6.0,"turns":5.0},{"damage":9.0,"enemies":"2 Fungi Beasts","floor":8.0,"turns":3.0},{"damage":22.0,"enemies":"The Mushroom Lair","floor":11.0,"turns":4.0},{"damage":8.0,"enemies":"Gremlin Nob","floor":14.0,"turns":3.0},{"damage":31.0,"enemies":"Hexaghost","floor":16.0,"turns":7.0},{"damage":48.0,"enemies":"Shell Parasite","floor":18.0,"turns":6.0},{"damage":6.0,"enemies":"3 Byrds","floor":22.0,"turns":4.0},{"damage":9.0,"enemies":"Slavers","floor":24.0,"turns":6.0},{"damage":8.0,"enemies":"Cultist and Chosen","floor":28.0,"turns":5.0},{"damage":2.0,"enemies":"Snecko","floor":29.0,"turns":5.0},{"damage":4.0,"enemies":"Book of Stabbing","floor":31.0,"turns":3.0},{"damage":55.0,"enemies":"Champ","floor":33.0,"turns":18.0},{"damage":6.0,"enemies":"3 Shapes","floor":35.0,"turns":3.0},{"damage":15.0,"enemies":"Orb Walker","floor":36.0,"turns":3.0},{"damage":12.0,"enemies":"4 Shapes","floor":37.0,"turns":5.0},{"damage":29,"enemies":"Sphere and 2 Shapes","floor":38,"turns":6},{"damage":34,"enemies":"Nemesis","floor":40,"turns":9},{"damage":17,"enemies":"Reptomancer","floor":42,"turns":5},{"damage":25,"enemies":"Nemesis","floor":44,"turns":7},{"damage":16,"enemies":"3 Darklings","floor":46,"turns":5},{"damage":16,"enemies":"Giant Head","floor":47,"turns":7},{"damage":22,"enemies":"Donu and Deca","floor":50,"turns":7}],"seed_played":"-3524472038709103403","potions_obtained":[{"floor":2.0,"key":"Explosive Potion"},{"floor":3.0,"key":"BlessingOfTheForge"},{"floor":6.0,"key":"PowerPotion"},{"floor":24.0,"key":"SpeedPotion"},{"floor":29.0,"key":"DuplicationPotion"},{"floor":31.0,"key":"Fire Potion"},{"floor":33.0,"key":"Strength Potion"}],"is_trial":false,"path_per_floor":["M","M","M","?","?","E","R","M","T","?","?","R","?","E","R","B",null,"M","?","$","?","M","R","E","?","T","R","M","M","$","E","R","B",null,"M","M","M","M","$","E","R","E","T","E","R","M","E","$","R","B",null],"character_chosen":"IRONCLAD","items_purchased":["Warcry+1","Block Potion","Shrug It Off+1","The Bomb+1","Seeing Red+1","Ancient Tea Set"],"campfire_rested":0,"item_purchase_floors":[20,20,30,39,48,48],"current_hp_per_floor":[74,73,64,38,38,29,29,35,35,40,33,33,33,34,34,12,69,36,15,15,15,24,24,30,30,30,30,37,50,50,61,61,33,92,101,101,104,96,96,95,95,87,87,95,95,103,111,111,111,107],"gold":75,"neow_bonus":"ONE_RANDOM_RARE_CARD","is_daily":false,"chose_seed":false,"campfire_upgraded":8,"win_rate":0.0,"timestamp":1611972105,"path_taken":["M","M","M","?","?","E","R","M","T","?","?","R","?","E","R","BOSS","M","?","$","?","?","R","E","?","T","R","M","M","$","E","R","BOSS","M","M","M","M","$","E","R","E","T","E","R","M","E","$","R","BOSS"],"items_purchased_type":["Card","Potion","Card","Card","Card","Relic"],"build_version":"2020-12-22","purchased_purges":3,"victory":true,"max_hp_per_floor":[75,75,75,75,75,75,75,79,79,84,88,88,88,88,88,88,88,92,92,92,92,96,96,100,100,100,100,104,108,108,112,112,112,112,116,120,124,132,132,136,136,136,136,140,140,144,148,148,148,148],"card_choices":[{"not_picked":["Reckless Charge","Thunderclap"],"picked":"Clothesline","floor":1.0},{"not_picked":["Anger","Thunderclap"],"picked":"Pommel Strike","floor":2.0},{"not_picked":["Clothesline","Anger","Sever Soul"],"picked":"SKIP","floor":3.0},{"not_picked":["Havoc","Reaper"],"picked":"Feed","floor":6.0},{"not_picked":["Blood for Blood","Entrench"],"picked":"Shrug It Off","floor":8.0},{"not_picked":["Rupture","Heavy Blade"],"picked":"Shockwave+1","floor":11.0},{"not_picked":["Clothesline","Feel No Pain"],"picked":"Entrench+1","floor":14.0},{"not_picked":["Corruption","Berserk"],"picked":"Offering+1","floor":16.0},{"not_picked":["Anger","Wild Strike","Clothesline+1"],"picked":"SKIP","floor":18.0},{"not_picked":["Spot Weakness+1","Clothesline"],"picked":"Shrug It Off+1","floor":22.0},{"not_picked":["Bludgeon","Clash"],"picked":"Dark Embrace","floor":24.0},{"not_picked":["Dual Wield+1","Sever Soul","Thunderclap"],"picked":"SKIP","floor":28.0},{"not_picked":["Clothesline","Pommel Strike"],"picked":"Seeing Red+1","floor":29.0},{"not_picked":["Headbutt","Pommel Strike"],"picked":"Warcry+1","floor":31.0},{"not_picked":["Berserk","Limit Break+1"],"picked":"Offering+1","floor":33.0},{"not_picked":["Carnage","Entrench+1"],"picked":"Battle Trance+1","floor":35.0},{"not_picked":["Whirlwind","Heavy Blade"],"picked":"Dual Wield+1","floor":36.0},{"not_picked":["Dark Embrace","Rampage","Wild Strike"],"picked":"SKIP","floor":37.0},{"not_picked":["True Grit+1","Power Through+1","Thunderclap"],"picked":"SKIP","floor":38},{"not_picked":["Hemokinesis","Flex+1"],"picked":"Sword Boomerang+1","floor":40},{"not_picked":["Sword Boomerang","Reckless Charge"],"picked":"Demon Form","floor":42},{"not_picked":["Inflame","Pommel Strike","Iron Wave+1"],"picked":"SKIP","floor":44},{"not_picked":["Havoc+1","Feel No Pain+1"],"picked":"True Grit+1","floor":46},{"not_picked":["Combust","Warcry+1"],"picked":"Double Tap+1","floor":47}],"player_experience":707780,"relics_obtained":[{"floor":6.0,"key":"Magic Flower"},{"floor":9.0,"key":"Toxic Egg 2"},{"floor":11.0,"key":"Odd Mushroom"},{"floor":14.0,"key":"Red Skull"},{"floor":19.0,"key":"Enchiridion"},{"floor":24.0,"key":"Tiny Chest"},{"floor":26.0,"key":"Darkstone Periapt"},{"floor":31.0,"key":"Meat on the Bone"},{"floor":40,"key":"Omamori"},{"floor":42,"key":"Self Forming Clay"},{"floor":43,"key":"Bag of Preparation"},{"floor":44,"key":"Bird Faced Urn"},{"floor":47,"key":"Sundial"}],"event_choices":[{"damage_healed":0.0,"max_hp_gain":0.0,"max_hp_loss":0.0,"gold_gain":0.0,"event_name":"Golden Idol","player_choice":"Take Damage","floor":4.0,"gold_loss":0.0,"damage_taken":26.0,"relics_obtained":["Golden Idol"]},{"cards_removed":["Strike_R"],"damage_healed":0.0,"max_hp_gain":0.0,"max_hp_loss":0.0,"gold_gain":0.0,"event_name":"The Cleric","player_choice":"Card Removal","floor":5.0,"gold_loss":75.0,"damage_taken":0.0},{"damage_healed":0.0,"max_hp_gain":5.0,"max_hp_loss":0.0,"gold_gain":0.0,"event_name":"Big Fish","player_choice":"Donut","floor":10.0,"gold_loss":0.0,"damage_taken":0.0},{"damage_healed":0.0,"max_hp_gain":0.0,"max_hp_loss":0.0,"gold_gain":0.0,"event_name":"Mushrooms","player_choice":"Fought Mushrooms","floor":11.0,"gold_loss":0.0,"damage_taken":0.0},{"damage_healed":0.0,"max_hp_gain":0.0,"max_hp_loss":0.0,"gold_gain":0.0,"event_name":"Match and Keep!","player_choice":"0 cards matched","floor":13.0,"gold_loss":0.0,"damage_taken":0.0,"cards_obtained":[]},{"damage_healed":0.0,"max_hp_gain":0.0,"max_hp_loss":0.0,"gold_gain":0.0,"event_name":"Cursed Tome","player_choice":"Obtained Book","floor":19.0,"gold_loss":0.0,"damage_taken":21.0},{"damage_healed":0.0,"max_hp_gain":0.0,"max_hp_loss":0.0,"gold_gain":0.0,"event_name":"Addict","player_choice":"Obtained Relic","floor":21.0,"gold_loss":85.0,"damage_taken":0.0,"relics_obtained":["CeramicFish"]},{"damage_healed":0.0,"max_hp_gain":0.0,"max_hp_loss":0.0,"gold_gain":0.0,"event_name":"Back to Basics","player_choice":"Simplicity","floor":25.0,"gold_loss":0.0,"damage_taken":0.0,"cards_upgraded":["Strike_R","Strike_R","Strike_R","Defend_R","Defend_R","Defend_R","Defend_R"]}],"is_beta":false,"boss_relics":[{"not_picked":["Fusion Hammer","Runic Cube"],"picked":"Coffee Dripper"},{"not_picked":["SlaversCollar","Velvet Choker"],"picked":"Sozu"}],"items_purged_floors":[20,30,39],"is_endless":false,"potions_floor_spawned":[2,3,6,24,29,31,33,36,38,46,47],"ascension_level":18}}