{"host":"141e8mu1xuvwtmt1","time":1611995389,"event":{"mods":["AchievementEnabler","BaseMod","BetterRewards","Colored Map","Colored Powertips","Downfall","Highlight Path","Minty Spire (QoL Compilation)","Replay The Spire","StSLib"],"gold_per_floor":[99,115,125,143,160,160,187,187,29,43,43,43,63,63,80,80,80,80],"floor_reached":16,"language":"ENG","playtime":1349,"items_purged":[],"score":94,"play_id":"1a68a967-4200-49f1-b1ff-dd992d22727a","local_time":"20210130092949","is_ascension_mode":false,"campfire_choices":[{"data":"Slimebound:CheckThePlaybook","floor":1,"key":"SMITH"},{"data":"Slimebound:Split","floor":6,"key":"SMITH"},{"floor":12,"key":"REST"}],"circlet_count":0,"master_deck":["Slimebound:Strike_Slimebound","Slimebound:Strike_Slimebound","Slimebound:Tackle","Slimebound:Defend_Slimebound","Slimebound:Defend_Slimebound","Slimebound:Defend_Slimebound","Slimebound:Defend_Slimebound","Slimebound:Split+1","Slimebound:CorrosiveSpit","Slimebound:CheckThePlaybook+1","Slimebound:SamplingLick","Slimebound:LeechingTouch","Slimebound:ForwardTackle","Slimebound:LivingWall","Slimebound:Replication","Slimebound:SplitMire","Slimebound:ProtectTheBoss","Slimebound:SplitAcid"],"relics":["Simple Rune","m_SlimeRing","Juzu Bracelet","FaceOfCleric"],"acts_visited":["Exordium"],"potions_floor_usage":[9],"damage_taken":[{"damage":0,"enemies":"2 Louse","floor":2,"turns":3},{"damage":0,"enemies":"Small Slimes","floor":3,"turns":2},{"damage":0,"enemies":"Cultist","floor":4,"turns":3},{"damage":15,"enemies":"Large Slime","floor":5,"turns":5},{"damage":25,"enemies":"downfall:FleeingMerchant","floor":9,"turns":4},{"damage":9,"enemies":"Exordium Wildlife","floor":10,"turns":4},{"damage":9,"enemies":"2 Fungi Beasts","floor":13,"turns":3},{"damage":0,"enemies":"Blue Slaver","floor":15,"turns":4},{"damage":41,"enemies":"WA_ARCHETYPE_RETAIN","floor":16,"turns":7}],"seed_played":"6313449696470229097","potions_obtained":[{"floor":3,"key":"Fire Potion"},{"floor":4,"key":"SpeedPotion"},{"floor":13,"key":"Elixir"}],"is_trial":false,"path_per_floor":["R","M","M","M","M","R","T","?","$","M","?","R","M","?","M","B"],"character_chosen":"SLIMEBOUND","items_purchased":["Juzu Bracelet"],"campfire_rested":1,"item_purchase_floors":[9],"current_hp_per_floor":[65,65,65,65,52,52,52,52,27,18,18,37,29,29,30,0,0,0],"gold":80,"neow_bonus":"ONE_RANDOM_RARE_CARD","is_daily":false,"chose_seed":false,"campfire_upgraded":2,"win_rate":0.0,"timestamp":1611995389,"path_taken":["R","M","M","M","M","R","T","?","$","M","?","R","M","?","M","BOSS"],"items_purchased_type":["Relic"],"build_version":"2020-12-22","purchased_purges":0,"victory":false,"max_hp_per_floor":[65,65,65,65,65,65,65,65,65,65,65,65,66,66,67,67,67,67],"card_choices":[{"not_picked":["Slimebound:SlimeSpikes","Slimebound:LivingWall"],"picked":"Slimebound:SamplingLick","floor":2},{"not_picked":["Slimebound:SlimeBrawl","Slimebound:GoopSpray"],"picked":"Slimebound:LeechingTouch","floor":3},{"not_picked":["Slimebound:RollThrough","Slimebound:DuplicatedForm"],"picked":"Slimebound:ForwardTackle","floor":4},{"not_picked":["Slimebound:RollThrough","Slimebound:ForwardTackle"],"picked":"Slimebound:LivingWall","floor":5},{"not_picked":["Slimebound:Schlurp","Slimebound:FlameTackle"],"picked":"Slimebound:Replication","floor":9},{"not_picked":["Slimebound:DisruptingSlam","Slimebound:HauntingLick"],"picked":"Slimebound:SplitMire","floor":10},{"not_picked":["Slimebound:LeechingTouch","Blade Dance"],"picked":"Slimebound:ProtectTheBoss","floor":13},{"not_picked":["Cloak And Dagger","Slimebound:Prepare"],"picked":"Slimebound:SplitAcid","floor":15}],"player_experience":215536,"relics_obtained":[{"floor":7,"key":"Simple Rune"}],"event_choices":[{"damage_healed":0,"gold_gain":0,"player_choice":"Trade","damage_taken":0,"relics_obtained":["FaceOfCleric"],"max_hp_gain":0,"max_hp_loss":0,"event_name":"FaceTrader","floor":11,"gold_loss":0}],"is_beta":false,"boss_relics":[],"items_purged_floors":[],"is_endless":false,"potions_floor_spawned":[3,4,13],"killed_by":"WA_ARCHETYPE_RETAIN","ascension_level":0}}