{"host":"9tzam4717zt8ei1o","time":1611982953,"event":{"mods":["BaseMod","Colored Map","Keyboard Shortcuts","Minty Spire (QoL Compilation)","Quick Restart","StSLib","SuperFastMode"],"gold_per_floor":[112,112,33,33,208,208,208,208,208,208,243,24,39,59,59,59,59],"floor_reached":16,"language":"KOR","playtime":232,"items_purged":["Doubt"],"score":163,"play_id":"cea22a01-fb1b-478b-bc56-f02c21452d6a","local_time":"20210130140233","is_ascension_mode":true,"campfire_choices":[{"data":"Footwork","floor":6,"key":"SMITH"},{"data":"Deadly Poison","floor":8,"key":"SMITH"},{"floor":10,"key":"REST"},{"data":"Flechettes","floor":15,"key":"SMITH"}],"circlet_count":0,"master_deck":["AscendersBane","Strike_G","Strike_G","Strike_G","Strike_G","Strike_G","Defend_G","Defend_G+1","Defend_G","Defend_G+1","Defend_G","Survivor","Neutralize","PiercingWail","Deadly Poison+1","Footwork+1","Calculated Gamble","Flechettes+1","Well Laid Plans","Tactician"],"relics":["Ring of the Snake","Golden Idol","Mercury Hourglass"],"acts_visited":["Exordium"],"potions_floor_usage":[11],"damage_taken":[{"damage":3,"enemies":"2 Louse","floor":1,"turns":4},{"damage":35,"enemies":"3 Sentries","floor":11,"turns":17},{"damage":0,"enemies":"Jaw Worm","floor":13,"turns":4},{"damage":0,"enemies":"Small Slimes","floor":14,"turns":2},{"damage":36,"enemies":"The Guardian","floor":16,"turns":2}],"seed_played":"-3584508801237633770","potions_obtained":[{"floor":1,"key":"EssenceOfSteel"},{"floor":13,"key":"DuplicationPotion"}],"is_trial":false,"path_per_floor":["M","?","$","?","?","R","?","R","T","R","E","$","M","M","R","B"],"character_chosen":"THE_SILENT","items_purchased":["Footwork","Flechettes","Well Laid Plans"],"campfire_rested":1,"item_purchase_floors":[3,12,12],"current_hp_per_floor":[56,40,40,45,45,45,31,31,31,52,17,17,17,17,17,0,0],"gold":59,"neow_bonus":"THREE_CARDS","is_daily":false,"chose_seed":false,"campfire_upgraded":3,"win_rate":0.0,"timestamp":1611982953,"path_taken":["M","?","$","?","?","R","?","R","T","R","E","$","M","M","R","BOSS"],"items_purchased_type":["Card","Card","Card"],"build_version":"2020-12-22","purchased_purges":1,"victory":false,"max_hp_per_floor":[66,66,66,71,71,71,71,71,71,71,71,71,71,71,71,71,71],"card_choices":[{"not_picked":["Distraction","Blur"],"picked":"PiercingWail","floor":0},{"not_picked":["Skewer","Cloak And Dagger"],"picked":"Deadly Poison","floor":1},{"not_picked":["Leg Sweep","Accuracy"],"picked":"Calculated Gamble","floor":11},{"not_picked":["Outmaneuver","Cloak And Dagger"],"picked":"Tactician","floor":13},{"not_picked":["Deflect","Dagger Spray","Tactician"],"picked":"SKIP","floor":14}],"player_experience":113022,"relics_obtained":[{"floor":11,"key":"Mercury Hourglass"}],"event_choices":[{"damage_healed":0,"gold_gain":0,"player_choice":"Take Damage","damage_taken":16,"relics_obtained":["Golden Idol"],"max_hp_gain":0,"max_hp_loss":0,"event_name":"Golden Idol","floor":2,"gold_loss":0},{"damage_healed":0,"gold_gain":0,"player_choice":"Donut","damage_taken":0,"max_hp_gain":5,"max_hp_loss":0,"event_name":"Big Fish","floor":4,"gold_loss":0},{"damage_healed":0,"gold_gain":175,"player_choice":"AGREE","damage_taken":0,"max_hp_gain":0,"max_hp_loss":0,"event_name":"Liars Game","floor":5,"gold_loss":0,"cards_obtained":["Doubt"]},{"damage_healed":0,"gold_gain":0,"player_choice":"Entered Light","damage_taken":14,"max_hp_gain":0,"max_hp_loss":0,"event_name":"Shining Light","floor":7,"gold_loss":0,"cards_upgraded":["Defend_G","Defend_G"]}],"is_beta":false,"boss_relics":[],"items_purged_floors":[12],"is_endless":false,"potions_floor_spawned":[1,13],"killed_by":"The Guardian","ascension_level":14}}