{"host":"6xsbn6ynqlzwllfm","time":1611987974,"event":{"mods":["2.2 Compatiblity","BaseMod","Bestiary","Colored Map","Colored Powertips","Curses Come First","Highlight Path","Keyboard Shortcuts","Minty Spire (QoL Compilation)","Relic Stats","Slay the Relics Exporter","StSLib","SuperFastMode"],"gold_per_floor":[109,123,88,88,104,119,148,148,148,64,97,117,149,166,166,243,243,263,282,294,313,273,300,300,318,342,373,392,392,421,431,431,503,503,516,283,334,350,350,350,376,392,440,114,143,163,177,191,191,191,191,191,46,81,81],"floor_reached":56,"language":"ENG","playtime":3115,"items_purged":["Strike_P","Defend_P"],"score":2332,"play_id":"7c2e765e-268d-433d-a39e-88d44bba7c1a","local_time":"20210130012614","is_ascension_mode":true,"campfire_choices":[{"data":"FlyingSleeves","floor":8.0,"key":"SMITH"},{"data":"Fasting2","floor":15.0,"key":"SMITH"},{"floor":24.0,"key":"REST"},{"floor":32.0,"key":"REST"},{"floor":40.0,"key":"RECALL"},{"floor":49.0,"key":"REST"},{"floor":52,"key":"REST"}],"circlet_count":0,"master_deck":["AscendersBane","Strike_P+1","Strike_P+1","Defend_P+1","Defend_P+1","Eruption+1","Vigilance+1","Consecrate+1","SashWhip+1","FlyingSleeves+1","BowlingBash+1","LessonLearned","Fasting2+1","CutThroughFate","JustLucky","FlurryOfBlows","Omniscience","DeceiveReality","ThirdEye","DeusExMachina+1","Study+1","EmptyBody+1","Worship+1","Wallop","RitualDagger+1","BattleHymn+1","Vault","ThirdEye+1","Omniscience+1","Worship","Wallop","ConjureBlade+1","Omniscience"],"relics":["PureWater","Turnip","Incense Burner","CaptainsWheel","White Beast Statue","Fusion Hammer","Damaru","Art of War","Sundial","Frozen Egg 2","SacredBark","DollysMirror","Gambling Chip","MealTicket","Regal Pillow","CloakClasp","Akabeko"],"acts_visited":["Exordium","TheCity","TheBeyond","TheEnding"],"potions_floor_usage":[50,50,55,55],"damage_taken":[{"damage":6.0,"enemies":"2 Louse","floor":1.0,"turns":2.0},{"damage":8.0,"enemies":"Jaw Worm","floor":2.0,"turns":5.0},{"damage":0.0,"enemies":"Cultist","floor":5.0,"turns":3.0},{"damage":2.0,"enemies":"Gremlin Gang","floor":6.0,"turns":4.0},{"damage":24.0,"enemies":"Gremlin Nob","floor":7.0,"turns":3.0},{"damage":32.0,"enemies":"3 Sentries","floor":11.0,"turns":5.0},{"damage":0.0,"enemies":"2 Fungi Beasts","floor":12.0,"turns":2.0},{"damage":8.0,"enemies":"Gremlin Nob","floor":13.0,"turns":5.0},{"damage":1.0,"enemies":"Exordium Thugs","floor":14.0,"turns":4.0},{"damage":0.0,"enemies":"Slime Boss","floor":16.0,"turns":7.0},{"damage":9.0,"enemies":"3 Byrds","floor":18.0,"turns":5.0},{"damage":0.0,"enemies":"2 Thieves","floor":19.0,"turns":3.0},{"damage":10.0,"enemies":"Snake Plant","floor":20.0,"turns":4.0},{"damage":1.0,"enemies":"Shelled Parasite and Fungi","floor":21.0,"turns":8.0},{"damage":12.0,"enemies":"Slavers","floor":23.0,"turns":6.0},{"damage":2.0,"enemies":"Centurion and Healer","floor":25.0,"turns":7.0},{"damage":0.0,"enemies":"Gremlin Leader","floor":27.0,"turns":6.0},{"damage":4.0,"enemies":"Cultist and Chosen","floor":28.0,"turns":5.0},{"damage":6.0,"enemies":"Slavers","floor":30.0,"turns":5.0},{"damage":1.0,"enemies":"Snecko","floor":31.0,"turns":6.0},{"damage":0.0,"enemies":"Collector","floor":33.0,"turns":7.0},{"damage":0.0,"enemies":"Orb Walker","floor":35.0,"turns":5.0},{"damage":3.0,"enemies":"2 Orb Walkers","floor":37.0,"turns":4.0},{"damage":0.0,"enemies":"3 Darklings","floor":38.0,"turns":5.0},{"damage":24.0,"enemies":"Nemesis","floor":41.0,"turns":3.0},{"damage":40.0,"enemies":"Transient","floor":42.0,"turns":6.0},{"damage":15.0,"enemies":"Reptomancer","floor":45.0,"turns":5.0},{"damage":0.0,"enemies":"Sphere and 2 Shapes","floor":46.0,"turns":4.0},{"damage":0.0,"enemies":"Writhing Mass","floor":47.0,"turns":2.0},{"damage":0.0,"enemies":"Jaw Worm Horde","floor":48.0,"turns":6.0},{"damage":8,"enemies":"Donu and Deca","floor":50,"turns":9},{"damage":0,"enemies":"Shield and Spear","floor":54,"turns":1},{"damage":66,"enemies":"The Heart","floor":55,"turns":9}],"seed_played":"-6677364348797542331","potions_obtained":[{"floor":5.0,"key":"Block Potion"},{"floor":11.0,"key":"SpeedPotion"},{"floor":13.0,"key":"EssenceOfSteel"},{"floor":14.0,"key":"DuplicationPotion"},{"floor":16.0,"key":"LiquidBronze"},{"floor":18.0,"key":"SneckoOil"},{"floor":19.0,"key":"LiquidMemories"},{"floor":20.0,"key":"SneckoOil"},{"floor":21.0,"key":"Weak Potion"},{"floor":22.0,"key":"Fruit Juice"},{"floor":22.0,"key":"BottledMiracle"},{"floor":22.0,"key":"Block Potion"},{"floor":23.0,"key":"Dexterity Potion"},{"floor":27.0,"key":"BlessingOfTheForge"},{"floor":28.0,"key":"EntropicBrew"},{"floor":30.0,"key":"BottledMiracle"},{"floor":31.0,"key":"DistilledChaos"},{"floor":33.0,"key":"Block Potion"},{"floor":35.0,"key":"DistilledChaos"},{"floor":37.0,"key":"DistilledChaos"},{"floor":38.0,"key":"Strength Potion"},{"floor":41.0,"key":"EntropicBrew"},{"floor":42.0,"key":"SkillPotion"},{"floor":45.0,"key":"SteroidPotion"},{"floor":46.0,"key":"LiquidMemories"},{"floor":48.0,"key":"LiquidBronze"},{"floor":54,"key":"Regen Potion"}],"is_trial":false,"path_per_floor":["M","M","?","?","M","M","E","R","T","$","E","M","E","M","R","B",null,"M","M","M","M","?","E","R","M","T","E","M","?","E","M","R","B",null,"M","$","?","M","?","R","E","M","T","$","E","M","M","M","R","B",null,"R","$","E","B",null],"character_chosen":"WATCHER","items_purchased":["LessonLearned","DollysMirror","SteroidPotion","Regal Pillow","Omniscience","PowerPotion"],"campfire_rested":4,"item_purchase_floors":[10,36,44,44,53,53],"current_hp_per_floor":[61,53,71,71,71,69,45,45,45,45,13,13,5,4,4,4,57,48,48,38,37,42,30,53,51,51,51,47,41,35,34,57,57,74,74,74,71,71,71,71,47,7,7,22,7,7,7,7,45,37,69,79,79,79,47],"gold":81,"neow_bonus":"TEN_PERCENT_HP_BONUS","is_daily":false,"chose_seed":false,"campfire_upgraded":2,"win_rate":0.0,"timestamp":1611987974,"path_taken":["M","M","?","?","?","M","E","R","T","$","E","?","E","M","R","BOSS","M","?","?","M","?","E","R","?","T","E","?","?","E","M","R","BOSS","M","$","?","M","?","R","E","M","T","$","E","M","M","M","R","BOSS","R","$","E","BOSS"],"items_purchased_type":["Card","Relic","Potion","Relic","Card","Potion"],"build_version":"2020-12-22","purchased_purges":2,"victory":true,"max_hp_per_floor":[74,74,74,74,74,74,74,74,74,74,74,74,74,74,74,74,74,74,74,74,74,79,79,79,79,79,79,79,79,79,79,79,79,79,79,79,79,79,79,79,79,79,79,79,79,79,79,79,79,79,79,79,79,79,79],"relic_stats":{"Regal Pillow":15,"counters":[33,161],"Sundial":[6],"Gambling Chip":[28],"MealTicket":15,"Turnip":[22],"Art of War":[11],"CloakClasp":[122],"obtain_stats":[{"Regal Pillow":44,"SacredBark":34,"Damaru":23,"Incense Burner":9,"CloakClasp":45,"Frozen Egg 2":30,"White Beast Statue":13,"Akabeko":54,"CaptainsWheel":11,"Sundial":27,"DollysMirror":36,"Gambling Chip":37,"MealTicket":41,"Turnip":7,"Fusion Hammer":17,"Art of War":26,"PureWater":0},{"Regal Pillow":26,"SacredBark":21,"Damaru":15,"Incense Burner":5,"CloakClasp":27,"Frozen Egg 2":19,"White Beast Statue":8,"Akabeko":32,"CaptainsWheel":6,"Sundial":17,"DollysMirror":22,"Gambling Chip":23,"MealTicket":25,"Turnip":5,"Fusion Hammer":10,"Art of War":16,"PureWater":0},{"Regal Pillow":125,"SacredBark":102,"Damaru":66,"Incense Burner":17,"CloakClasp":130,"Frozen Egg 2":89,"White Beast Statue":29,"Akabeko":152,"CaptainsWheel":22,"Sundial":79,"DollysMirror":107,"Gambling Chip":111,"MealTicket":119,"Turnip":17,"Fusion Hammer":40,"Art of War":73,"PureWater":0}]},"card_choices":[{"not_picked":["MentalFortress","CutThroughFate"],"picked":"Consecrate","floor":1.0},{"not_picked":["ThirdEye","WaveOfTheHand"],"picked":"SashWhip","floor":2.0},{"not_picked":["Weave","EmptyBody"],"picked":"FlyingSleeves","floor":5.0},{"not_picked":["Swivel","ThirdEye"],"picked":"BowlingBash","floor":6.0},{"not_picked":["CrushJoints","Indignation"],"picked":"Fasting2","floor":11.0},{"not_picked":["EmptyFist","Meditate"],"picked":"CutThroughFate","floor":12.0},{"not_picked":["Judgement","EmptyFist"],"picked":"JustLucky","floor":13.0},{"not_picked":["Evaluate","Vengeance"],"picked":"FlurryOfBlows","floor":14.0},{"not_picked":["Vault","DeusExMachina"],"picked":"Omniscience","floor":16.0},{"not_picked":["Study","WindmillStrike"],"picked":"DeceiveReality","floor":18.0},{"not_picked":["CutThroughFate","WaveOfTheHand"],"picked":"ThirdEye","floor":19.0},{"not_picked":["Protect","CrushJoints"],"picked":"DeusExMachina","floor":20.0},{"not_picked":["Indignation","InnerPeace"],"picked":"Study","floor":21.0},{"not_picked":["SignatureMove","Protect"],"picked":"EmptyBody+1","floor":23.0},{"not_picked":["PathToVictory","Halt"],"picked":"Worship","floor":25.0},{"not_picked":["CutThroughFate","Prostrate"],"picked":"Wallop","floor":27.0},{"not_picked":["Halt","Collect"],"picked":"BattleHymn+1","floor":30.0},{"not_picked":["Consecrate","Conclude","BowlingBash"],"picked":"SKIP","floor":31.0},{"not_picked":["Judgement","Brilliance"],"picked":"Vault","floor":33.0},{"not_picked":["Pray","Prostrate+1"],"picked":"ThirdEye+1","floor":35.0},{"not_picked":["WindmillStrike","PathToVictory"],"picked":"Worship","floor":37.0},{"not_picked":["ThirdEye","FlyingSleeves+1"],"picked":"Wallop","floor":41.0},{"not_picked":["Tantrum+1","Conclude","LikeWater+1"],"picked":"SKIP","floor":45.0},{"not_picked":["ClearTheMind","MentalFortress+1"],"picked":"ConjureBlade","floor":46.0}],"player_experience":1253097,"relics_obtained":[{"floor":7.0,"key":"Turnip"},{"floor":9.0,"key":"Incense Burner"},{"floor":11.0,"key":"CaptainsWheel"},{"floor":13.0,"key":"White Beast Statue"},{"floor":23.0,"key":"Damaru"},{"floor":26.0,"key":"Art of War"},{"floor":27.0,"key":"Sundial"},{"floor":30.0,"key":"Frozen Egg 2"},{"floor":37.0,"key":"Gambling Chip"},{"floor":41.0,"key":"MealTicket"},{"floor":45.0,"key":"CloakClasp"},{"floor":54,"key":"Akabeko"}],"event_choices":[{"damage_healed":18.0,"max_hp_gain":0.0,"max_hp_loss":0.0,"gold_gain":0.0,"event_name":"The Cleric","player_choice":"Healed","floor":3.0,"gold_loss":35.0,"damage_taken":0.0},{"cards_removed":["Strike_P"],"damage_healed":0.0,"max_hp_gain":0.0,"max_hp_loss":0.0,"gold_gain":0.0,"event_name":"Purifier","player_choice":"Purged","floor":4.0,"gold_loss":0.0,"damage_taken":0.0},{"damage_healed":0.0,"max_hp_gain":0.0,"max_hp_loss":0.0,"gold_gain":0.0,"event_name":"The Woman in Blue","player_choice":"Bought 3 Potions","floor":22.0,"gold_loss":0.0,"damage_taken":0.0},{"damage_healed":0.0,"max_hp_gain":0.0,"max_hp_loss":0.0,"gold_gain":0.0,"event_name":"Nest","player_choice":"Joined the Cult","floor":29.0,"gold_loss":0.0,"damage_taken":6.0,"cards_obtained":["RitualDagger"]},{"damage_healed":0.0,"max_hp_gain":0.0,"max_hp_loss":0.0,"gold_gain":0.0,"event_name":"Mysterious Sphere","player_choice":"Fight","floor":37.0,"gold_loss":0.0,"damage_taken":0.0},{"cards_removed":["Defend_P"],"damage_healed":0.0,"max_hp_gain":0.0,"max_hp_loss":0.0,"gold_gain":0.0,"event_name":"Purifier","player_choice":"Purged","floor":39.0,"gold_loss":0.0,"damage_taken":0.0}],"is_beta":false,"boss_relics":[{"not_picked":["SlaversCollar","VioletLotus"],"picked":"Fusion Hammer"},{"not_picked":["Philosopher\u0027s Stone","Tiny House"],"picked":"SacredBark"}],"items_purged_floors":[36,44],"is_endless":false,"potions_floor_spawned":[5,11,13,14,16,18,19,20,21,23,25,27,28,30,31,33,35,37,38,41,42,45,46,47,48,54],"ascension_level":16}}