{"host":"19tvufa8xx4wr4o1","time":1611967870,"event":{"mods":["AchievementEnabler","BaseMod","Better Sensory Stone","Better Third Choice","Highlight Path","Minty Spire (QoL Compilation)","Relic Stats","StSLib"],"gold_per_floor":[114,129,129,144,144,144,174,189,239,239,269,284,217,247,247,347,347,362,362,362,377,102,102,127,127,177,177,177,192,32,32,32,132,132,147,162,162,162,162,162,177,177,177,177,207,207,7,22,22,22],"floor_reached":51,"language":"ENG","playtime":1787,"items_purged":["Writhe","Shame"],"score":764,"play_id":"6d8f6d41-20df-460c-93a0-8fa19cb70d07","local_time":"20210129185110","daily_mods":["Specialized","Colorless Cards","Terminal"],"is_ascension_mode":false,"campfire_choices":[{"data":"Uppercut","floor":6,"key":"SMITH"},{"data":"Hemokinesis","floor":10,"key":"SMITH"},{"data":"Armaments","floor":15,"key":"SMITH"},{"data":"Double Tap","floor":23,"key":"SMITH"},{"data":"Rupture","floor":25,"key":"SMITH"},{"data":"Demon Form","floor":27,"key":"SMITH"},{"data":"Apotheosis","floor":32,"key":"SMITH"},{"data":"Clothesline","floor":40,"key":"SMITH"},{"data":"Panacea","floor":42,"key":"SMITH"},{"data":"Bash","floor":46,"key":"SMITH"},{"data":"Flame Barrier","floor":49,"key":"SMITH"}],"circlet_count":0,"master_deck":["Strike_R","Strike_R","Strike_R","Strike_R","Defend_R","Defend_R+1","Defend_R","Defend_R","Bash+1","Flame Barrier+1","Flame Barrier+1","Flame Barrier+1","Flame Barrier+1","Uppercut+1","Clothesline+1","Hemokinesis+1","Panacea+1","Armaments+1","Rupture+1","Demon Form+1","Double Tap+1","Necronomicurse","Apotheosis+1","Impatience+1","Decay","Burning Pact+1"],"relics":["Burning Blood","Potion Belt","Smiling Mask","Juzu Bracelet","HornCleat","Coffee Dripper","PreservedInsect","Necronomicon","Membership Card","Bronze Scales","Bag of Preparation","Strawberry","Lantern","Charon\u0027s Ashes","SacredBark","War Paint","Pear","Blue Candle"],"acts_visited":["Exordium","TheCity","TheBeyond"],"potions_floor_usage":[14,45,45,45,45,45,45,47,50,50,50,50,50],"damage_taken":[{"damage":1,"enemies":"Cultist","floor":1,"turns":4},{"damage":0,"enemies":"Jaw Worm","floor":2,"turns":4},{"damage":0,"enemies":"Small Slimes","floor":4,"turns":4},{"damage":8,"enemies":"3 Sentries","floor":7,"turns":10},{"damage":3,"enemies":"Exordium Wildlife","floor":8,"turns":5},{"damage":16,"enemies":"Lagavulin","floor":11,"turns":6},{"damage":4,"enemies":"Blue Slaver","floor":12,"turns":4},{"damage":2,"enemies":"Gremlin Nob","floor":14,"turns":3},{"damage":5,"enemies":"Hexaghost","floor":16,"turns":11},{"damage":0,"enemies":"3 Byrds","floor":18,"turns":2},{"damage":4,"enemies":"Shell Parasite","floor":21,"turns":3},{"damage":12,"enemies":"Cultist and Chosen","floor":29,"turns":5},{"damage":17,"enemies":"Champ","floor":33,"turns":9},{"damage":4,"enemies":"3 Shapes","floor":35,"turns":4},{"damage":8,"enemies":"3 Darklings","floor":36,"turns":4},{"damage":12,"enemies":"Maw","floor":41,"turns":7},{"damage":17,"enemies":"Reptomancer","floor":45,"turns":7},{"damage":7,"enemies":"Writhing Mass","floor":48,"turns":6},{"damage":22,"enemies":"Awakened One","floor":50,"turns":14}],"seed_played":"-828330817948855686","potions_obtained":[{"floor":2,"key":"AttackPotion"},{"floor":8,"key":"CultistPotion"},{"floor":11,"key":"EntropicBrew"},{"floor":12,"key":"SteroidPotion"},{"floor":18,"key":"SteroidPotion"},{"floor":21,"key":"Ancient Potion"},{"floor":45,"key":"SpeedPotion"}],"is_trial":false,"path_per_floor":["M","M","?","M","?","R","E","M","T","R","E","M","$","E","R","B",null,"M","?","?","M","$","R","T","R","T","R","?","M","$","?","R","B",null,"M","M","?","?","?","R","M","R","T","?","E","R","$","M","R","B",null],"character_chosen":"IRONCLAD","items_purchased":["Rupture","Membership Card","Bronze Scales","Apotheosis","Lantern","Blue Candle","SkillPotion"],"campfire_rested":0,"item_purchase_floors":[13,22,22,30,30,47,47],"current_hp_per_floor":[78,77,62,68,68,68,66,69,69,69,59,61,61,65,64,63,62,61,60,44,46,46,46,46,46,53,53,53,47,47,47,47,36,52,51,49,46,45,44,43,37,37,37,37,36,36,46,45,44,28],"gold":22,"neow_bonus":"","is_daily":true,"chose_seed":false,"campfire_upgraded":11,"win_rate":0.0,"timestamp":1611967870,"path_taken":["M","M","?","?","?","R","E","?","T","R","E","M","?","E","R","BOSS","M","?","?","M","?","R","?","R","T","R","?","M","?","?","R","BOSS","M","M","?","?","?","R","M","R","T","?","E","R","$","M","R","BOSS"],"items_purchased_type":["Card","Relic","Relic","Card","Relic","Relic","Potion"],"build_version":"2020-12-22","purchased_purges":2,"victory":true,"max_hp_per_floor":[78,77,76,75,74,73,72,71,70,69,68,67,66,65,64,63,62,61,60,59,58,57,56,55,54,60,59,58,57,56,55,54,53,52,51,50,46,45,44,43,42,41,40,39,48,47,46,45,44,43],"relic_stats":{"counters":[19,112],"Bronze Scales":[175],"Blue Candle":[3],"PreservedInsect":57,"Charon\u0027s Ashes":[81],"Juzu Bracelet":1,"Necronomicon":[28],"Bag of Preparation":[16],"War Paint":["Flame Barrier","Defend_R"],"Smiling Mask":-12,"obtain_stats":[{"Potion Belt":7,"Lantern":30,"Pear":45,"SacredBark":34,"Blue Candle":47,"PreservedInsect":19,"Charon\u0027s Ashes":31,"Juzu Bracelet":11,"Bag of Preparation":24,"War Paint":43,"Smiling Mask":9,"Burning Blood":0,"HornCleat":14,"Bronze Scales":22,"Strawberry":26,"Coffee Dripper":17,"Necronomicon":20,"Membership Card":22},{"Potion Belt":4,"Lantern":12,"Pear":17,"SacredBark":13,"Blue Candle":17,"PreservedInsect":10,"Charon\u0027s Ashes":12,"Juzu Bracelet":6,"Bag of Preparation":11,"War Paint":16,"Smiling Mask":5,"Burning Blood":0,"HornCleat":8,"Bronze Scales":11,"Strawberry":11,"Coffee Dripper":9,"Necronomicon":10,"Membership Card":11},{"Potion Belt":22,"Lantern":61,"Pear":92,"SacredBark":70,"Blue Candle":92,"PreservedInsect":53,"Charon\u0027s Ashes":61,"Juzu Bracelet":33,"Bag of Preparation":56,"War Paint":85,"Smiling Mask":27,"Burning Blood":0,"HornCleat":40,"Bronze Scales":56,"Strawberry":56,"Coffee Dripper":51,"Necronomicon":53,"Membership Card":56}],"Burning Blood":94},"card_choices":[{"not_picked":["Pommel Strike","Flex"],"picked":"Uppercut","floor":1},{"not_picked":["Pummel","Searing Blow"],"picked":"Clothesline","floor":2},{"not_picked":["Body Slam","Headbutt"],"picked":"Hemokinesis","floor":4},{"not_picked":["Thunderclap","Twin Strike"],"picked":"Panacea","floor":7},{"not_picked":["Headbutt","Flex","Mind Blast"],"picked":"SKIP","floor":8},{"not_picked":["Cleave","Panacea"],"picked":"Armaments","floor":11},{"not_picked":["Wild Strike","Ghostly Armor","Flash of Steel"],"picked":"SKIP","floor":12},{"not_picked":["Feel No Pain","Sword Boomerang"],"picked":"Demon Form","floor":14},{"not_picked":["Metamorphosis","Master of Strategy"],"picked":"Double Tap","floor":16},{"not_picked":["Inflame","Warcry","Clothesline"],"picked":"SKIP","floor":18},{"not_picked":["Clash","Searing Blow+1","Clothesline"],"picked":"SKIP","floor":21},{"not_picked":["Shrug It Off","Flex+1","Thunderclap"],"picked":"SKIP","floor":29},{"not_picked":["Body Slam","Warcry+1"],"picked":"Impatience+1","floor":35},{"not_picked":["Sword Boomerang","Havoc","Iron Wave+1"],"picked":"SKIP","floor":36},{"not_picked":["Wild Strike","Anger","Discovery"],"picked":"SKIP","floor":41},{"not_picked":["Dropkick+1","Combust"],"picked":"Burning Pact+1","floor":45},{"not_picked":["Havoc+1","Iron Wave+1","Enlightenment"],"picked":"SKIP","floor":48}],"player_experience":607906,"relics_obtained":[{"floor":7,"key":"Potion Belt"},{"floor":9,"key":"Smiling Mask"},{"floor":11,"key":"Juzu Bracelet"},{"floor":14,"key":"HornCleat"},{"floor":20,"key":"Necronomicon"},{"floor":24,"key":"Bag of Preparation"},{"floor":26,"key":"Strawberry"},{"floor":43,"key":"War Paint"},{"floor":45,"key":"Pear"}],"event_choices":[{"damage_healed":77,"gold_gain":0,"player_choice":"Upgrade","damage_taken":15,"max_hp_gain":0,"max_hp_loss":77,"event_name":"betterThird:BetterShining","floor":3,"gold_loss":0,"cards_upgraded":["Flame Barrier","Flame Barrier"]},{"cards_removed":["Flame Barrier"],"damage_healed":0,"gold_gain":0,"player_choice":"Purged","damage_taken":0,"max_hp_gain":0,"max_hp_loss":0,"event_name":"Purifier","floor":5,"gold_loss":0},{"damage_healed":0,"gold_gain":0,"player_choice":"Opened","damage_taken":0,"relics_obtained":["PreservedInsect"],"max_hp_gain":0,"max_hp_loss":0,"event_name":"The Mausoleum","floor":19,"gold_loss":0,"cards_obtained":["Writhe"]},{"damage_healed":0,"gold_gain":0,"player_choice":"Obtained Book","damage_taken":16,"max_hp_gain":0,"max_hp_loss":0,"event_name":"Cursed Tome","floor":20,"gold_loss":0},{"damage_healed":0,"gold_gain":0,"player_choice":"Ignored","damage_taken":0,"max_hp_gain":0,"max_hp_loss":0,"event_name":"Vampires","floor":28,"gold_loss":0},{"damage_healed":0,"gold_gain":0,"player_choice":"Stole Relic","damage_taken":0,"relics_obtained":["Charon\u0027s Ashes"],"max_hp_gain":0,"max_hp_loss":0,"event_name":"Addict","floor":31,"gold_loss":0,"cards_obtained":["Shame"]},{"damage_healed":0,"gold_gain":0,"player_choice":"Max HP","damage_taken":0,"max_hp_gain":0,"max_hp_loss":3,"event_name":"Winding Halls","floor":37,"gold_loss":0},{"damage_healed":0,"gold_gain":0,"player_choice":"Cursed","damage_taken":0,"max_hp_gain":0,"max_hp_loss":0,"event_name":"Wheel of Change","floor":38,"gold_loss":0,"cards_obtained":["Decay"]},{"damage_healed":0,"gold_gain":0,"player_choice":"Ignored","damage_taken":0,"max_hp_gain":0,"max_hp_loss":0,"event_name":"Tomb of Lord Red Mask","floor":39,"gold_loss":0},{"cards_removed":["Strike_R"],"damage_healed":0,"gold_gain":0,"player_choice":"Removed Attack","damage_taken":0,"max_hp_gain":0,"max_hp_loss":0,"event_name":"Falling","floor":44,"gold_loss":0}],"is_beta":false,"boss_relics":[{"not_picked":["Calling Bell","Runic Dome"],"picked":"Coffee Dripper"},{"not_picked":["Tiny House","Busted Crown"],"picked":"SacredBark"}],"items_purged_floors":[22,47],"is_endless":false,"potions_floor_spawned":[2,8,11,12,18,21,29,35,45],"ascension_level":0}}