{"host":"sygfylmorsvdndbx","time":1611991325,"event":{"mods":["AchievementEnabler","BaseMod","Highlight Path","Minty Spire (QoL Compilation)","Permanent Neow","Quick Restart","Relic Stats"],"gold_per_floor":[112,112,122,122,138,172,172,206,230,230,305,305,337,348,348,453,453,467,484,484,495,35,35,65,65,138,168,57,57,57,76,76,175,175,185,197,197,216,176,210,210,230,230,230,255,255,0,27,27,27,27,27,27,57,57],"floor_reached":56,"language":"ENG","playtime":5713,"items_purged":["Doubt"],"score":1920,"play_id":"09958de4-0651-4566-9724-6176cfc3102f","local_time":"20210130022205","is_ascension_mode":true,"campfire_choices":[{"data":"Flechettes","floor":7,"key":"SMITH"},{"data":"Crippling Poison","floor":10,"key":"SMITH"},{"data":"Dagger Spray","floor":15,"key":"SMITH"},{"data":"Adrenaline","floor":23,"key":"SMITH"},{"data":"Footwork","floor":25,"key":"SMITH"},{"data":"Footwork","floor":32,"key":"SMITH"},{"data":"Well Laid Plans","floor":41,"key":"SMITH"},{"data":"Terror","floor":44,"key":"SMITH"},{"data":"Malaise","floor":46,"key":"SMITH"},{"floor":49,"key":"RECALL"},{"data":"Caltrops","floor":52,"key":"SMITH"}],"circlet_count":0,"master_deck":["Strike_G","Defend_G+1","Defend_G","Defend_G","Defend_G","Defend_G","Survivor+1","Neutralize","Crippling Poison+1","Malaise+1","Flechettes+1","Dagger Spray+1","Endless Agony","Terror+1","Leg Sweep","Dodge and Roll","Caltrops+1","Adrenaline+1","CurseOfTheBell","Outmaneuver+1","PiercingWail","Blade Dance","Footwork+1","Footwork+1","Venomology","Blur","Well Laid Plans+1","Footwork","Corpse Explosion","Deflect+1","Blur","Footwork+1","Parasite","Skewer+1","Dash","Master of Strategy","Blur+1"],"relics":["Ring of the Snake","Dead Branch","Bronze Scales","Akabeko","Vajra","Anchor","Calling Bell","Oddly Smooth Stone","Shuriken","Ice Cream","Lee\u0027s Waffle","Bottled Lightning","Toy Ornithopter","Pantograph","Blood Vial","Cursed Key","Letter Opener","FossilizedHelix","Thread and Needle","White Beast Statue"],"acts_visited":["Exordium","TheCity","TheBeyond","TheEnding"],"potions_floor_usage":[6,8,27,33,33,35,40,42,50,55,55,55,55,55],"damage_taken":[{"damage":0,"enemies":"Cultist","floor":1,"turns":4},{"damage":1,"enemies":"Jaw Worm","floor":3,"turns":6},{"damage":2,"enemies":"2 Louse","floor":5,"turns":3},{"damage":0,"enemies":"Gremlin Nob","floor":6,"turns":2},{"damage":10,"enemies":"3 Sentries","floor":8,"turns":4},{"damage":10,"enemies":"Lagavulin","floor":13,"turns":4},{"damage":0,"enemies":"Exordium Thugs","floor":14,"turns":2},{"damage":12,"enemies":"Hexaghost","floor":16,"turns":6},{"damage":2,"enemies":"Spheric Guardian","floor":18,"turns":4},{"damage":1,"enemies":"2 Thieves","floor":19,"turns":2},{"damage":0,"enemies":"Cultist and Chosen","floor":21,"turns":3},{"damage":7,"enemies":"Book of Stabbing","floor":24,"turns":4},{"damage":1,"enemies":"Slavers","floor":27,"turns":3},{"damage":0,"enemies":"Centurion and Healer","floor":31,"turns":3},{"damage":25,"enemies":"Collector","floor":33,"turns":8},{"damage":0,"enemies":"3 Shapes","floor":35,"turns":4},{"damage":8,"enemies":"3 Darklings","floor":36,"turns":4},{"damage":0,"enemies":"Sphere and 2 Shapes","floor":38,"turns":1},{"damage":0,"enemies":"Reptomancer","floor":40,"turns":4},{"damage":6,"enemies":"Writhing Mass","floor":42,"turns":5},{"damage":0,"enemies":"Nemesis","floor":45,"turns":5},{"damage":0,"enemies":"Reptomancer","floor":48,"turns":5},{"damage":0,"enemies":"Donu and Deca","floor":50,"turns":6},{"damage":53,"enemies":"Shield and Spear","floor":54,"turns":5},{"damage":3,"enemies":"The Heart","floor":55,"turns":9}],"seed_played":"-7423621466204374566","potions_obtained":[{"floor":1,"key":"Ancient Potion"},{"floor":5,"key":"Fire Potion"},{"floor":6,"key":"CunningPotion"},{"floor":14,"key":"Ancient Potion"},{"floor":19,"key":"SteroidPotion"},{"floor":21,"key":"LiquidBronze"},{"floor":31,"key":"Weak Potion"},{"floor":33,"key":"BlessingOfTheForge"},{"floor":40,"key":"Explosive Potion"},{"floor":42,"key":"EntropicBrew"},{"floor":45,"key":"DuplicationPotion"}],"is_trial":false,"path_per_floor":["M","?","M","?","M","E","R","E","T","R","?","?","E","M","R","B",null,"M","M","?","M","$","R","E","R","T","E","$","?","?","M","R","B",null,"M","M","?","M","?","E","R","M","T","R","E","R","$","E","R","B",null,"R","$","E","B",null],"character_chosen":"THE_SILENT","items_purchased":["Lee\u0027s Waffle","Bottled Lightning","Footwork","Blur","Well Laid Plans","Master of Strategy"],"campfire_rested":0,"item_purchase_floors":[22,22,22,28,28,47],"current_hp_per_floor":[63,63,62,62,60,60,60,50,50,50,39,39,29,29,29,17,52,50,49,49,49,70,70,63,63,63,67,67,51,51,53,53,50,65,70,62,62,64,64,70,70,64,64,64,66,66,66,68,68,70,70,70,70,17,66],"gold":57,"neow_bonus":"ONE_RARE_RELIC","is_daily":false,"chose_seed":false,"campfire_upgraded":10,"win_rate":0.0,"timestamp":1611991325,"path_taken":["M","?","M","?","?","E","R","E","T","R","?","?","E","?","R","BOSS","M","M","?","M","?","R","E","R","T","E","?","?","?","M","R","BOSS","M","M","?","?","?","E","R","?","T","R","E","R","?","E","R","BOSS","R","$","E","BOSS"],"items_purchased_type":["Relic","Relic","Card","Card","Card","Card"],"build_version":"2020-12-22","purchased_purges":1,"victory":true,"max_hp_per_floor":[63,63,63,63,63,63,63,63,63,63,63,63,63,63,63,63,63,63,63,63,63,70,70,70,70,70,70,70,70,70,70,70,70,70,70,70,70,70,70,70,70,70,70,70,70,70,70,70,70,70,70,70,70,70,70],"relic_stats":{"Blood Vial":18,"Lee\u0027s Waffle":21,"counters":[25,106],"Shuriken":[32],"Dead Branch":[169],"Bronze Scales":[336],"Pantograph":40,"Letter Opener":[144],"Cursed Key":1,"obtain_stats":[{"Ice Cream":17,"Lee\u0027s Waffle":22,"Dead Branch":0,"Vajra":9,"Oddly Smooth Stone":17,"Thread and Needle":48,"Letter Opener":40,"Cursed Key":34,"Akabeko":8,"White Beast Statue":54,"Calling Bell":17,"Blood Vial":27,"Anchor":13,"Shuriken":17,"Bronze Scales":6,"Pantograph":26,"Bottled Lightning":22,"Toy Ornithopter":24,"FossilizedHelix":45,"Ring of the Snake":0},{"Ice Cream":8,"Lee\u0027s Waffle":11,"Dead Branch":0,"Vajra":5,"Oddly Smooth Stone":8,"Thread and Needle":22,"Letter Opener":19,"Cursed Key":15,"Akabeko":5,"White Beast Statue":24,"Calling Bell":8,"Blood Vial":13,"Anchor":6,"Shuriken":8,"Bronze Scales":4,"Pantograph":12,"Bottled Lightning":11,"Toy Ornithopter":12,"FossilizedHelix":21,"Ring of the Snake":0},{"Ice Cream":31,"Lee\u0027s Waffle":40,"Dead Branch":0,"Vajra":19,"Oddly Smooth Stone":31,"Thread and Needle":86,"Letter Opener":71,"Cursed Key":58,"Akabeko":19,"White Beast Statue":97,"Calling Bell":31,"Blood Vial":47,"Anchor":23,"Shuriken":31,"Bronze Scales":15,"Pantograph":44,"Bottled Lightning":40,"Toy Ornithopter":44,"FossilizedHelix":81,"Ring of the Snake":0}],"Toy Ornithopter":42,"Ring of the Snake":[51]},"card_choices":[{"not_picked":["Slice","Outmaneuver"],"picked":"Crippling Poison","floor":1},{"not_picked":["Dagger Throw","Slice"],"picked":"Flechettes","floor":3},{"not_picked":["Flying Knee","Poisoned Stab"],"picked":"Endless Agony","floor":5},{"not_picked":["Riddle With Holes","Flying Knee"],"picked":"Terror","floor":6},{"not_picked":["Acrobatics","Setup"],"picked":"Leg Sweep","floor":8},{"not_picked":["Dagger Throw","Prepared"],"picked":"Dodge and Roll","floor":13},{"not_picked":["Dagger Spray","Cloak And Dagger"],"picked":"Caltrops","floor":14},{"not_picked":["Bullet Time","Doppelganger"],"picked":"Adrenaline","floor":16},{"not_picked":["Slice","Prepared+1"],"picked":"Outmaneuver+1","floor":18},{"not_picked":["Dagger Throw","Choke+1"],"picked":"PiercingWail","floor":19},{"not_picked":["Quick Slash","Acrobatics"],"picked":"Blade Dance","floor":21},{"not_picked":["Bane","Dagger Spray"],"picked":"Footwork","floor":24},{"not_picked":["Backflip","Quick Slash+1"],"picked":"Venomology","floor":27},{"not_picked":["Poisoned Stab","Underhanded Strike"],"picked":"Footwork","floor":31},{"not_picked":["Unload","Venomology"],"picked":"Corpse Explosion","floor":33},{"not_picked":["Blade Dance+1","Dagger Throw"],"picked":"Deflect+1","floor":35},{"not_picked":["Flying Knee+1","Poisoned Stab","Reflex+1"],"picked":"SKIP","floor":36},{"not_picked":["All Out Attack","Terror"],"picked":"Blur","floor":38},{"not_picked":["Deadly Poison+1","Acrobatics"],"picked":"Footwork+1","floor":40},{"not_picked":["Reflex+1","Sucker Punch"],"picked":"Skewer+1","floor":42},{"not_picked":["Bane","Cloak And Dagger"],"picked":"Dash","floor":45},{"not_picked":["Underhanded Strike+1","Deadly Poison","Dagger Spray"],"picked":"SKIP","floor":48},{"not_picked":["Dagger Spray+1","Deflect+1"],"picked":"Blur+1","floor":54}],"player_experience":350456,"relics_obtained":[{"floor":6,"key":"Bronze Scales"},{"floor":8,"key":"Akabeko"},{"floor":9,"key":"Vajra"},{"floor":13,"key":"Anchor"},{"floor":17,"key":"Oddly Smooth Stone"},{"floor":17,"key":"Shuriken"},{"floor":17,"key":"Ice Cream"},{"floor":24,"key":"Toy Ornithopter"},{"floor":26,"key":"Pantograph"},{"floor":27,"key":"Blood Vial"},{"floor":40,"key":"Letter Opener"},{"floor":45,"key":"FossilizedHelix"},{"floor":48,"key":"Thread and Needle"},{"floor":54,"key":"White Beast Statue"}],"event_choices":[{"damage_healed":0,"gold_gain":0,"cards_transformed":["Strike_G"],"player_choice":"Change","damage_taken":0,"max_hp_gain":0,"max_hp_loss":0,"event_name":"Living Wall","floor":2,"gold_loss":0,"cards_obtained":["Malaise"]},{"damage_healed":0,"gold_gain":0,"cards_transformed":["Strike_G"],"player_choice":"Transformed","damage_taken":0,"max_hp_gain":0,"max_hp_loss":0,"event_name":"Transmorgrifier","floor":4,"gold_loss":0,"cards_obtained":["Dagger Spray"]},{"damage_healed":0,"gold_gain":75,"player_choice":"Gather Gold","damage_taken":11,"max_hp_gain":0,"max_hp_loss":0,"event_name":"World of Goop","floor":11,"gold_loss":0},{"cards_removed":["Strike_G"],"damage_healed":0,"gold_gain":0,"player_choice":"Purged","damage_taken":0,"max_hp_gain":0,"max_hp_loss":0,"event_name":"Purifier","floor":12,"gold_loss":0},{"damage_healed":0,"gold_gain":0,"player_choice":"Bought 0 Potions","damage_taken":0,"max_hp_gain":0,"max_hp_loss":0,"event_name":"The Woman in Blue","floor":20,"gold_loss":0},{"damage_healed":0,"gold_gain":0,"player_choice":"Obtained Book","damage_taken":16,"max_hp_gain":0,"max_hp_loss":0,"event_name":"Cursed Tome","floor":29,"gold_loss":0},{"cards_removed":["Strike_G"],"damage_healed":0,"gold_gain":0,"player_choice":"Offered Basic","damage_taken":0,"max_hp_gain":0,"max_hp_loss":0,"event_name":"Bonfire Elementals","floor":30,"gold_loss":0},{"damage_healed":0,"gold_gain":0,"player_choice":"Ignored","damage_taken":0,"max_hp_gain":0,"max_hp_loss":0,"event_name":"SecretPortal","floor":37,"gold_loss":0},{"damage_healed":0,"gold_gain":0,"player_choice":"Upgraded Two","damage_taken":0,"max_hp_gain":0,"max_hp_loss":0,"event_name":"Designer","floor":39,"gold_loss":40,"cards_upgraded":["Defend_G","Survivor"]}],"is_beta":false,"boss_relics":[{"not_picked":["Ring of the Serpent","WristBlade"],"picked":"Calling Bell"},{"not_picked":["Runic Dome","Empty Cage"],"picked":"Cursed Key"}],"items_purged_floors":[47],"is_endless":false,"potions_floor_spawned":[1,5,6,14,19,21,31,33,40,42,45,48],"ascension_level":8}}