{"host":"rkezzvf6da7mjjsm","time":1611978501,"event":{"mods":["BaseMod","Colored Map","Minty Spire (QoL Compilation)","Relic Stats","StSLib"],"gold_per_floor":[20,20,37,54,64,99,99,126,126,126,126,136,162,172,172,172,172],"floor_reached":16,"language":"ENG","playtime":675,"items_purged":[],"score":294,"play_id":"bf684c92-99ba-45ce-bf19-b564c941aa02","local_time":"20210130144821","is_ascension_mode":true,"campfire_choices":[{"floor":11,"key":"REST"},{"data":"Blade Dance","floor":15,"key":"SMITH"}],"circlet_count":0,"master_deck":["AscendersBane","Strike_G","Strike_G","Defend_G+1","Defend_G","Defend_G+1","Defend_G","Defend_G","Survivor","Neutralize","Flechettes+1","Slice","Noxious Fumes","Envenom","Endless Agony","Backflip","Blade Dance+1","Slice","Expertise","Backstab+1","Blade Dance"],"relics":["Ring of the Snake","Paper Crane","Molten Egg 2","Bottled Flame","War Paint"],"acts_visited":["Exordium"],"potions_floor_usage":[5,13],"damage_taken":[{"damage":2,"enemies":"Jaw Worm","floor":1,"turns":5},{"damage":6,"enemies":"2 Louse","floor":3,"turns":3},{"damage":1,"enemies":"Small Slimes","floor":4,"turns":4},{"damage":6,"enemies":"Exordium Thugs","floor":5,"turns":4},{"damage":39,"enemies":"Gremlin Nob","floor":6,"turns":4},{"damage":12,"enemies":"Lagavulin","floor":8,"turns":6},{"damage":3,"enemies":"Blue Slaver","floor":12,"turns":5},{"damage":0,"enemies":"3 Sentries","floor":13,"turns":8},{"damage":0,"enemies":"Looter","floor":14,"turns":1},{"damage":69,"enemies":"Slime Boss","floor":16,"turns":10}],"seed_played":"-7060101255862215531","potions_obtained":[{"floor":1,"key":"Fire Potion"},{"floor":8,"key":"FairyPotion"},{"floor":12,"key":"Swift Potion"}],"is_trial":false,"path_per_floor":["M","?","M","M","M","E","?","E","T","?","R","M","E","M","R","B"],"character_chosen":"THE_SILENT","items_purchased":[],"campfire_rested":1,"item_purchase_floors":[],"current_hp_per_floor":[57,57,51,50,44,5,27,15,15,15,34,31,31,31,31,0,0],"gold":172,"neow_bonus":"TRANSFORM_TWO_CARDS","is_daily":false,"chose_seed":false,"campfire_upgraded":1,"win_rate":0.0,"timestamp":1611978501,"path_taken":["M","?","M","M","M","E","?","E","T","?","R","?","E","M","R","BOSS"],"items_purchased_type":[],"build_version":"2020-12-22","purchased_purges":0,"victory":false,"max_hp_per_floor":[66,66,66,66,66,66,66,66,66,66,66,66,66,66,66,66,66],"relic_stats":{"counters":[10,50],"War Paint":["Defend_G","Defend_G"],"obtain_stats":[{"Bottled Flame":9,"Molten Egg 2":8,"Paper Crane":6,"War Paint":13,"Ring of the Snake":0},{"Bottled Flame":6,"Molten Egg 2":6,"Paper Crane":5,"War Paint":8,"Ring of the Snake":0},{"Bottled Flame":26,"Molten Egg 2":26,"Paper Crane":20,"War Paint":39,"Ring of the Snake":0}],"Ring of the Snake":[20]},"card_choices":[{"not_picked":["Slice","Blade Dance"],"picked":"Noxious Fumes","floor":1},{"not_picked":["Dodge and Roll","Backflip"],"picked":"Endless Agony","floor":3},{"not_picked":["Outmaneuver","Setup"],"picked":"Backflip","floor":4},{"not_picked":["Outmaneuver","Quick Slash"],"picked":"Blade Dance","floor":5},{"not_picked":["Setup","Dodge and Roll"],"picked":"Slice","floor":6},{"not_picked":["Eviscerate+1","Backflip"],"picked":"Expertise","floor":8},{"not_picked":["Blur","Flechettes+1"],"picked":"Backstab+1","floor":12},{"not_picked":["Noxious Fumes","Choke+1"],"picked":"Blade Dance","floor":13},{"not_picked":["Poisoned Stab+1","Predator+1","Flechettes+1"],"picked":"SKIP","floor":14}],"player_experience":643874,"relics_obtained":[{"floor":6,"key":"Paper Crane"},{"floor":8,"key":"Molten Egg 2"},{"floor":9,"key":"Bottled Flame"},{"floor":13,"key":"War Paint"}],"event_choices":[{"damage_healed":0,"gold_gain":0,"cards_transformed":["Strike_G"],"player_choice":"Change","damage_taken":0,"max_hp_gain":0,"max_hp_loss":0,"event_name":"Living Wall","floor":2,"gold_loss":0,"cards_obtained":["Envenom"]},{"damage_healed":22,"gold_gain":0,"player_choice":"Banana","damage_taken":0,"max_hp_gain":0,"max_hp_loss":0,"event_name":"Big Fish","floor":7,"gold_loss":0},{"damage_healed":0,"gold_gain":0,"player_choice":"Upgraded","damage_taken":0,"max_hp_gain":0,"max_hp_loss":0,"event_name":"Upgrade Shrine","floor":10,"gold_loss":0,"cards_upgraded":["Flechettes"]}],"is_beta":false,"boss_relics":[],"items_purged_floors":[],"is_endless":false,"potions_floor_spawned":[1,8,12],"killed_by":"Slime Boss","ascension_level":20}}