{"host":"ew66i0vuc7r9fnl7","time":1611985208,"event":{"mods":["Arknights The Spire","BaseMod","DeckTracker","Koishi","Minty Spire (QoL Compilation)","StSLib"],"gold_per_floor":[113,113,189,208,208,208,238,163,189,203,213,15,15,15,15,116,116,128,43,43,43,57,77,77,77,126,126,143,169,184,194,194,299,299,311,311,392,403,403,429,429,429,429,440,458,458,458],"floor_reached":46,"language":"KOR","playtime":1882,"items_purged":["ats:Defend"],"score":458,"play_id":"fa4de27a-c1bf-4906-9943-02e66e1722f4","local_time":"20210130144008","is_ascension_mode":false,"campfire_choices":[{"data":"ats:Closed Bolt Burst Fire","floor":6,"key":"SMITH"},{"data":"ats:Phantom","floor":13,"key":"SMITH"},{"data":"ats:Disruption Kick","floor":15,"key":"SMITH"},{"data":"ats:Wolf Pack","floor":24,"key":"SMITH"},{"data":"ats:Armor Crushing Shot","floor":27,"key":"SMITH"},{"floor":32,"key":"REST"},{"data":"ats:Hook Shot","floor":41,"key":"SMITH"}],"circlet_count":0,"master_deck":["ats:Strike G","ats:Armor Crushing Shot+1","ats:Defend","ats:Defend","ats:Defend","ats:Emotion Absorption+1","ats:Hook Shot+1","ats:Closed Bolt Burst Fire+1","ats:Rat Pack","ats:Phantom+1","ats:Disruption Kick+1","ats:Wolf Pack+1","ats:Hook Shot","ats:Shadow Raid+1","ats:Collapsing Strike","ats:Rat Pack"],"relics":["ats:Sanity","Odd Mushroom","Bronze Scales","SacredBark","Blood Vial","Anchor","ats:Originium","Vajra","Busted Crown","Toxic Egg 2","Matryoshka","Regal Pillow","ats:Rhine Circuitry","Meat on the Bone"],"acts_visited":["Exordium","TheCity","TheBeyond"],"potions_floor_usage":[16,33,33,40],"damage_taken":[{"damage":2,"enemies":"Small Slimes","floor":1,"turns":4},{"damage":4,"enemies":"Jaw Worm","floor":4,"turns":3},{"damage":18,"enemies":"The Mushroom Lair","floor":7,"turns":3},{"damage":0,"enemies":"2 Louse","floor":10,"turns":2},{"damage":5,"enemies":"Looter","floor":11,"turns":2},{"damage":25,"enemies":"Hexaghost","floor":16,"turns":11},{"damage":5,"enemies":"Chosen","floor":18,"turns":5},{"damage":0,"enemies":"3 Byrds","floor":22,"turns":5},{"damage":31,"enemies":"Centurion and Healer","floor":23,"turns":8},{"damage":6,"enemies":"Snake Plant","floor":28,"turns":4},{"damage":17,"enemies":"Book of Stabbing","floor":29,"turns":5},{"damage":2,"enemies":"3 Cultists","floor":30,"turns":7},{"damage":0,"enemies":"Sentry and Sphere","floor":31,"turns":4},{"damage":7,"enemies":"Automaton","floor":33,"turns":7},{"damage":0,"enemies":"3 Shapes","floor":35,"turns":4},{"damage":1,"enemies":"3 Darklings","floor":38,"turns":6},{"damage":6,"enemies":"Nemesis","floor":40,"turns":10},{"damage":13,"enemies":"Jaw Worm Horde","floor":44,"turns":6},{"damage":0,"enemies":"Transient","floor":45,"turns":5},{"damage":92,"enemies":"Giant Head","floor":46,"turns":10}],"seed_played":"-3170971242870499790","potions_obtained":[{"floor":7,"key":"DuplicationPotion"},{"floor":11,"key":"LiquidMemories"},{"floor":16,"key":"ats:Top Emergency Sanity Potion"},{"floor":18,"key":"EssenceOfSteel"},{"floor":33,"key":"Explosive Potion"},{"floor":40,"key":"LiquidBronze"}],"is_trial":false,"path_per_floor":["M","?","T","M","?","R","?","$","T","M","M","$","R","?","R","B",null,"M","?","$","?","M","M","R","$","T","R","M","E","M","M","R","B",null,"M","?","T","M","T","E","R","?","T","M","M","E"],"character_chosen":"DOCTOR_CLASS","items_purchased":["ats:Phantom","ats:Disruption Kick"],"campfire_rested":1,"item_purchase_floors":[12,12],"current_hp_per_floor":[70,75,75,71,71,71,53,53,53,53,48,48,48,33,33,8,77,72,72,72,72,74,45,45,45,45,45,41,26,26,28,51,46,77,77,77,77,76,76,71,71,71,71,60,62,0,0],"gold":458,"neow_bonus":"TRANSFORM_CARD","is_daily":false,"chose_seed":false,"campfire_upgraded":6,"win_rate":0.0,"timestamp":1611985208,"path_taken":["M","?","?","M","?","R","?","$","T","M","?","$","R","?","R","BOSS","M","?","$","?","M","M","R","?","T","R","M","E","?","M","R","BOSS","M","?","?","M","?","E","R","?","T","M","M","E"],"items_purchased_type":["Card","Card"],"build_version":"2020-12-22","purchased_purges":1,"victory":false,"max_hp_per_floor":[72,77,77,77,77,77,77,77,77,77,77,77,77,77,77,77,77,77,77,77,77,77,77,77,77,77,77,77,77,77,77,77,77,77,77,77,77,77,77,77,77,77,77,77,77,77,77],"card_choices":[{"not_picked":["ats:Automatic Cover","ats:Poison Spread"],"picked":"ats:Closed Bolt Burst Fire","floor":1},{"not_picked":["ats:Hammer On","ats:Very Hot Blade","ats:Blood Oath"],"picked":"SKIP","floor":4},{"not_picked":["ats:Thermite Blade","ats:Ignite","ats:Flexible Camouflage"],"picked":"SKIP","floor":10},{"not_picked":["ats:Literary Storm","ats:Leaping Hammer","ats:Overload"],"picked":"SKIP","floor":11},{"not_picked":["ats:Ambush","ats:Dogmatic Field"],"picked":"ats:Wolf Pack","floor":16},{"not_picked":["ats:Closed Bolt Burst Fire","ats:Absolute Focus","ats:Assault Order"],"picked":"SKIP","floor":18},{"not_picked":["ats:Closed Bolt Burst Fire","ats:Hook Shot","ats:Blood Oath"],"picked":"SKIP","floor":22},{"not_picked":["ats:Serious Mode","ats:Mental Burst"],"picked":"ats:Shadow Raid+1","floor":23},{"not_picked":["ats:Leaping Hammer","ats:Spore Proliferation+1","ats:Very Hot Blade"],"picked":"SKIP","floor":28},{"not_picked":["ats:Burning Ground","ats:Soul Rend","ats:Guard Mode"],"picked":"SKIP","floor":29},{"not_picked":["ats:Absolute Focus","ats:Cat Scratch","ats:Ignite"],"picked":"SKIP","floor":30},{"not_picked":["ats:Curse Doll","ats:Hammer On"],"picked":"ats:Collapsing Strike","floor":31},{"not_picked":["ats:Wolf Pack","ats:Soul Rend"],"picked":"ats:Rat Pack","floor":33},{"not_picked":["ats:Consecutive Shot Auto"],"picked":"SKIP","floor":35},{"not_picked":["ats:Poison Spread+1"],"picked":"SKIP","floor":38},{"not_picked":["ats:Leaping Hammer"],"picked":"SKIP","floor":40},{"not_picked":["ats:Absolute Focus+1"],"picked":"SKIP","floor":44},{"not_picked":["ats:Leaping Hammer"],"picked":"SKIP","floor":45}],"player_experience":628648,"relics_obtained":[{"floor":7,"key":"Odd Mushroom"},{"floor":9,"key":"Bronze Scales"},{"floor":26,"key":"Anchor"},{"floor":29,"key":"ats:Originium"},{"floor":29,"key":"Vajra"},{"floor":37,"key":"Toxic Egg 2"},{"floor":39,"key":"Matryoshka"},{"floor":40,"key":"ats:Originium"},{"floor":40,"key":"Regal Pillow"},{"floor":43,"key":"ats:Rhine Circuitry"},{"floor":43,"key":"Meat on the Bone"}],"event_choices":[{"damage_healed":0,"gold_gain":0,"player_choice":"Donut","damage_taken":0,"max_hp_gain":5,"max_hp_loss":0,"event_name":"Big Fish","floor":2,"gold_loss":0},{"damage_healed":0,"gold_gain":0,"cards_transformed":["ats:Strike S"],"player_choice":"Change","damage_taken":0,"max_hp_gain":0,"max_hp_loss":0,"event_name":"Living Wall","floor":5,"gold_loss":0,"cards_obtained":["ats:Rat Pack"]},{"damage_healed":0,"gold_gain":0,"player_choice":"Fought Mushrooms","damage_taken":0,"max_hp_gain":0,"max_hp_loss":0,"event_name":"Mushrooms","floor":7,"gold_loss":0},{"damage_healed":0,"gold_gain":0,"player_choice":"Entered Light","damage_taken":15,"max_hp_gain":0,"max_hp_loss":0,"event_name":"Shining Light","floor":14,"gold_loss":0,"cards_upgraded":["ats:Strike C","ats:Emotion Absorption"]},{"damage_healed":0,"gold_gain":0,"player_choice":"Obtained Relic","damage_taken":0,"relics_obtained":["Blood Vial"],"max_hp_gain":0,"max_hp_loss":0,"event_name":"Addict","floor":19,"gold_loss":85},{"damage_healed":0,"gold_gain":0,"player_choice":"Read","damage_taken":0,"max_hp_gain":0,"max_hp_loss":0,"event_name":"The Library","floor":21,"gold_loss":0,"cards_obtained":["ats:Hook Shot"]},{"damage_healed":0,"gold_gain":0,"player_choice":"Memory 1","damage_taken":0,"max_hp_gain":0,"max_hp_loss":0,"event_name":"SensoryStone","floor":36,"gold_loss":0},{"cards_removed":["ats:Strike C"],"damage_healed":0,"gold_gain":0,"player_choice":"Removed Attack","damage_taken":0,"max_hp_gain":0,"max_hp_loss":0,"event_name":"Falling","floor":42,"gold_loss":0}],"is_beta":false,"boss_relics":[{"not_picked":["SlaversCollar","Sozu"],"picked":"SacredBark"},{"not_picked":["Philosopher\u0027s Stone","Velvet Choker"],"picked":"Busted Crown"}],"items_purged_floors":[8],"is_endless":false,"potions_floor_spawned":[7,11,16,18,22,31,33,40],"killed_by":"Giant Head","ascension_level":0}}