{"host":"zsnmfqgcm92hlreo","time":1611973740,"event":{"mods":["AchievementEnabler","BaseMod","Bestiary","Block Reminder","Colored Powertips","Minty Spire (QoL Compilation)","Permanent Neow","Quick Restart","Relic Stats","Weighted Paths"],"gold_per_floor":[117,133,150,150,169,200,200,226,250,250,250],"floor_reached":10,"language":"ENG","playtime":413,"items_purged":[],"score":156,"play_id":"81d1e979-8754-413b-8603-cb44094ac012","local_time":"20210129202900","is_ascension_mode":true,"campfire_choices":[{"data":"Cloak And Dagger","floor":7.0,"key":"SMITH"}],"circlet_count":0,"master_deck":["AscendersBane","Strike_G","Strike_G","Defend_G","Defend_G","Defend_G","Defend_G","Defend_G","Survivor","Neutralize","Escape Plan+1","Skewer+1","Dagger Spray+1","Cloak And Dagger+1","Dodge and Roll","Noxious Fumes+1"],"relics":["Astrolabe","Frozen Egg 2","Strawberry","Blood Vial"],"acts_visited":["Exordium"],"potions_floor_usage":[10],"damage_taken":[{"damage":0.0,"enemies":"Small Slimes","floor":1.0,"turns":2.0},{"damage":0.0,"enemies":"Jaw Worm","floor":2.0,"turns":2.0},{"damage":0.0,"enemies":"2 Louse","floor":3.0,"turns":2.0},{"damage":1.0,"enemies":"Exordium Thugs","floor":5.0,"turns":4.0},{"damage":6.0,"enemies":"Lagavulin","floor":6.0,"turns":5.0},{"damage":50,"enemies":"Gremlin Nob","floor":8,"turns":5},{"damage":27,"enemies":"Lagavulin","floor":10,"turns":5}],"seed_played":"6009790820671354835","potions_obtained":[{"floor":3.0,"key":"Energy Potion"},{"floor":5.0,"key":"SteroidPotion"},{"floor":8,"key":"Poison Potion"}],"is_trial":false,"path_per_floor":["M","M","M","$","M","E","R","E","T","E"],"character_chosen":"THE_SILENT","items_purchased":[],"campfire_rested":0,"item_purchase_floors":[],"current_hp_per_floor":[59,59,59,59,58,52,52,9,9,0,0],"gold":250,"neow_bonus":"BOSS_RELIC","is_daily":false,"chose_seed":false,"campfire_upgraded":1,"win_rate":0.0,"timestamp":1611973740,"path_taken":["M","M","M","$","M","E","R","E","T","E"],"items_purchased_type":[],"build_version":"2020-12-22","purchased_purges":0,"victory":false,"max_hp_per_floor":[66,66,66,66,66,66,66,73,73,73,73],"relic_stats":{"Blood Vial":2,"counters":[7,25],"Astrolabe":["Escape Plan","Skewer","Dagger Spray"],"obtain_stats":[{"Blood Vial":9,"Astrolabe":0,"Strawberry":8,"Frozen Egg 2":6,"Ring of the Snake":0},{"Blood Vial":6,"Astrolabe":0,"Strawberry":6,"Frozen Egg 2":5,"Ring of the Snake":0},{"Blood Vial":20,"Astrolabe":0,"Strawberry":20,"Frozen Egg 2":15,"Ring of the Snake":0}]},"card_choices":[{"not_picked":["Deadly Poison","Reflex","Dagger Throw"],"picked":"SKIP","floor":1.0},{"not_picked":["Poisoned Stab","Sucker Punch","All Out Attack"],"picked":"SKIP","floor":2.0},{"not_picked":["Terror","Blade Dance"],"picked":"Cloak And Dagger","floor":3.0},{"not_picked":["Poisoned Stab","Dagger Throw"],"picked":"Dodge and Roll","floor":5.0},{"not_picked":["Flying Knee","Quick Slash","Bouncing Flask"],"picked":"SKIP","floor":6.0},{"not_picked":["Flechettes","Terror"],"picked":"Noxious Fumes+1","floor":8}],"player_experience":947142,"relics_obtained":[{"floor":6.0,"key":"Frozen Egg 2"},{"floor":8,"key":"Strawberry"},{"floor":9,"key":"Blood Vial"}],"event_choices":[],"is_beta":false,"boss_relics":[],"items_purged_floors":[],"is_endless":false,"potions_floor_spawned":[3,5,8],"killed_by":"Lagavulin","ascension_level":20}}