{"host":"5p9hybygolzp0efr","time":1611987295,"event":{"mods":["AchievementEnabler","BaseMod","Bestiary","Colored Map","Minty Spire (QoL Compilation)","Permanent Neow","Relic Stats","StSLib"],"gold_per_floor":[19,32,42,42,59,85,104,204,204,214,214,245,245,279,279,379,379,395,239,256,256,256,256,289,307,334,366,366,366,106,21,21,121,121,141,157,176,176,194,222,222,222],"floor_reached":41,"language":"ENG","playtime":1276,"items_purged":[],"score":683,"play_id":"cd9de8aa-7a5e-49cd-b8a3-d492067d3cc0","local_time":"20210130141455","is_ascension_mode":true,"campfire_choices":[{"floor":11,"key":"RECALL"},{"floor":13,"key":"REST"},{"floor":15,"key":"REST"},{"data":"Writhe","floor":23,"key":"PURGE"},{"data":"CutThroughFate","floor":32,"key":"SMITH"}],"circlet_count":0,"master_deck":["PathToVictory+1","PathToVictory+1","Defend_P+1","CutThroughFate+1","PathToVictory"],"relics":["PureWater","Calipers","Oddly Smooth Stone","Eternal Feather","Juzu Bracelet","Turnip","Coffee Dripper","MealTicket","Peace Pipe","Yang","Strawberry","StoneCalendar","Bronze Scales","Dream Catcher","Black Star","Letter Opener","Ornamental Fan","CeramicFish"],"acts_visited":["Exordium","TheCity","TheBeyond"],"potions_floor_usage":[24],"damage_taken":[{"damage":0,"enemies":"Cultist","floor":1,"turns":1},{"damage":0,"enemies":"Small Slimes","floor":2,"turns":2},{"damage":0,"enemies":"2 Louse","floor":3,"turns":2},{"damage":0,"enemies":"Large Slime","floor":5,"turns":1},{"damage":6,"enemies":"Lagavulin","floor":6,"turns":5},{"damage":0,"enemies":"Red Slaver","floor":7,"turns":2},{"damage":0,"enemies":"Exordium Thugs","floor":10,"turns":2},{"damage":14,"enemies":"3 Sentries","floor":12,"turns":5},{"damage":0,"enemies":"Lagavulin","floor":14,"turns":2},{"damage":1,"enemies":"The Guardian","floor":16,"turns":3},{"damage":0,"enemies":"Chosen","floor":18,"turns":2},{"damage":4,"enemies":"2 Thieves","floor":20,"turns":2},{"damage":13,"enemies":"Gremlin Leader","floor":24,"turns":3},{"damage":0,"enemies":"Snecko","floor":25,"turns":2},{"damage":20,"enemies":"Slavers","floor":27,"turns":4},{"damage":19,"enemies":"Collector","floor":33,"turns":3},{"damage":0,"enemies":"3 Shapes","floor":35,"turns":2},{"damage":0,"enemies":"Orb Walker","floor":36,"turns":2},{"damage":2,"enemies":"Jaw Worm Horde","floor":37,"turns":2},{"damage":21,"enemies":"Maw","floor":39,"turns":3},{"damage":38,"enemies":"Nemesis","floor":40,"turns":3},{"damage":18,"enemies":"2 Orb Walkers","floor":41,"turns":1}],"seed_played":"5138222921581687999","potions_obtained":[{"floor":5,"key":"BlessingOfTheForge"},{"floor":7,"key":"Strength Potion"},{"floor":10,"key":"AttackPotion"}],"is_trial":false,"path_per_floor":["M","M","M","$","M","E","M","?","T","M","R","E","R","E","R","B",null,"M","$","M","?","?","R","E","M","T","E","?","?","$","?","R","B",null,"M","M","M","?","M","E","?"],"character_chosen":"WATCHER","items_purchased":["MealTicket","CutThroughFate","Bronze Scales","Energy Potion"],"campfire_rested":2,"item_purchase_floors":[19,30,30,30],"current_hp_per_floor":[65,65,65,65,65,59,59,59,59,59,62,48,72,72,72,71,72,72,72,68,55,55,58,45,45,52,32,32,29,44,44,47,28,70,70,70,68,68,47,9,0,0],"gold":222,"neow_bonus":"ONE_RARE_RELIC","is_daily":false,"chose_seed":false,"campfire_upgraded":1,"win_rate":0.0,"timestamp":1611987295,"path_taken":["M","M","M","$","M","E","M","?","T","?","R","E","R","E","R","BOSS","M","$","M","?","?","R","E","M","T","E","?","?","$","?","R","BOSS","M","M","M","?","M","E","?"],"items_purchased_type":["Relic","Card","Relic","Potion"],"build_version":"2020-12-22","purchased_purges":0,"victory":false,"max_hp_per_floor":[72,72,72,72,72,72,72,72,72,72,72,72,72,72,72,72,72,72,72,72,77,77,77,77,77,84,84,84,84,84,84,84,84,84,84,84,84,84,84,84,84,84],"relic_stats":{"counters":[22,54],"CeramicFish":0,"Eternal Feather":12,"Yang":[14],"StoneCalendar":[0],"Juzu Bracelet":2,"Letter Opener":[26],"Peace Pipe":1,"Dream Catcher":0,"Ornamental Fan":[0],"Bronze Scales":[28],"MealTicket":15,"Turnip":[3],"Black Star":1,"obtain_stats":[{"Calipers":0,"CeramicFish":40,"Oddly Smooth Stone":6,"Eternal Feather":9,"Yang":24,"StoneCalendar":27,"Juzu Bracelet":12,"Letter Opener":38,"Peace Pipe":22,"Dream Catcher":31,"Ornamental Fan":40,"Strawberry":26,"Bronze Scales":30,"Molten Egg 2":0,"MealTicket":19,"Turnip":14,"Coffee Dripper":17,"Black Star":34,"PureWater":0,"Toxic Egg 2":0},{"Calipers":0,"CeramicFish":21,"Oddly Smooth Stone":5,"Eternal Feather":6,"Yang":13,"StoneCalendar":15,"Juzu Bracelet":8,"Letter Opener":19,"Peace Pipe":12,"Dream Catcher":15,"Ornamental Fan":21,"Strawberry":14,"Bronze Scales":15,"Molten Egg 2":0,"MealTicket":11,"Turnip":9,"Coffee Dripper":10,"Black Star":16,"PureWater":0,"Toxic Egg 2":0},{"Calipers":0,"CeramicFish":53,"Oddly Smooth Stone":11,"Eternal Feather":13,"Yang":32,"StoneCalendar":38,"Juzu Bracelet":20,"Letter Opener":47,"Peace Pipe":29,"Dream Catcher":38,"Ornamental Fan":53,"Strawberry":34,"Bronze Scales":38,"Molten Egg 2":0,"MealTicket":27,"Turnip":22,"Coffee Dripper":25,"Black Star":41,"PureWater":0,"Toxic Egg 2":0}]},"card_choices":[{"not_picked":["CutThroughFate","FlurryOfBlows","Indignation"],"picked":"SKIP","floor":1},{"not_picked":["Halt","Protect","Ragnarok"],"picked":"SKIP","floor":2},{"not_picked":["MentalFortress","ForeignInfluence","Sanctity"],"picked":"SKIP","floor":3},{"not_picked":["FollowUp","Indignation","EmptyBody"],"picked":"SKIP","floor":5},{"not_picked":["EmptyFist","Sanctity","DeceiveReality"],"picked":"SKIP","floor":6},{"not_picked":["Vengeance","Protect","Scrawl"],"picked":"SKIP","floor":7},{"not_picked":["FlyingSleeves","DeceiveReality","Halt"],"picked":"SKIP","floor":10},{"not_picked":["Crescendo","Pray","Halt"],"picked":"SKIP","floor":12},{"not_picked":["Swivel","Sanctity","SandsOfTime"],"picked":"SKIP","floor":14},{"not_picked":["Consecrate","SashWhip","Indignation"],"picked":"SKIP","floor":18},{"not_picked":["TalkToTheHand","Wireheading","Halt"],"picked":"SKIP","floor":20},{"not_picked":["BattleHymn+1","WindmillStrike","EmptyBody"],"picked":"SKIP","floor":24},{"not_picked":["BattleHymn+1","WindmillStrike","EmptyBody"],"picked":"SKIP","floor":24},{"not_picked":["EmptyFist","Crescendo+1","EmptyBody"],"picked":"SKIP","floor":25},{"not_picked":["Conclude","ReachHeaven","Weave"],"picked":"SKIP","floor":27},{"not_picked":["Consecrate","EmptyFist","Study+1"],"picked":"SKIP","floor":35},{"not_picked":["Protect+1","EmptyBody+1","Prostrate"],"picked":"SKIP","floor":36},{"not_picked":["Prostrate+1","EmptyMind","TalkToTheHand+1"],"picked":"SKIP","floor":37},{"not_picked":["EmptyBody+1","Prostrate"],"picked":"PathToVictory","floor":39},{"not_picked":["EmptyMind+1","Protect","Pray+1"],"picked":"SKIP","floor":40}],"player_experience":569143,"relics_obtained":[{"floor":6,"key":"Oddly Smooth Stone"},{"floor":9,"key":"Eternal Feather"},{"floor":12,"key":"Juzu Bracelet"},{"floor":14,"key":"Turnip"},{"floor":24,"key":"Yang"},{"floor":26,"key":"Strawberry"},{"floor":27,"key":"StoneCalendar"},{"floor":40,"key":"Ornamental Fan"},{"floor":40,"key":"CeramicFish"}],"event_choices":[{"damage_healed":0,"gold_gain":100,"player_choice":"Pray","damage_taken":0,"max_hp_gain":0,"max_hp_loss":0,"event_name":"Golden Shrine","floor":8,"gold_loss":0},{"damage_healed":0,"gold_gain":0,"player_choice":"Shed Blood","damage_taken":18,"max_hp_gain":5,"max_hp_loss":0,"event_name":"Forgotten Altar","floor":21,"gold_loss":0},{"damage_healed":0,"gold_gain":0,"player_choice":"Opened","damage_taken":0,"relics_obtained":["Peace Pipe"],"max_hp_gain":0,"max_hp_loss":0,"event_name":"The Mausoleum","floor":22,"gold_loss":0,"cards_obtained":["Writhe"]},{"cards_removed":["Defend_P"],"damage_healed":0,"gold_gain":0,"player_choice":"Offered Basic","damage_taken":0,"max_hp_gain":0,"max_hp_loss":0,"event_name":"Bonfire Elementals","floor":28,"gold_loss":0},{"damage_healed":0,"gold_gain":0,"player_choice":"Punched","damage_taken":3,"max_hp_gain":0,"max_hp_loss":0,"event_name":"Designer","floor":29,"gold_loss":0},{"damage_healed":0,"gold_gain":0,"player_choice":"Obtained Relic","damage_taken":0,"relics_obtained":["Dream Catcher"],"max_hp_gain":0,"max_hp_loss":0,"event_name":"Addict","floor":31,"gold_loss":85},{"damage_healed":0,"gold_gain":0,"player_choice":"Gave Potion","damage_taken":0,"relics_obtained":["Letter Opener"],"max_hp_gain":0,"max_hp_loss":0,"event_name":"WeMeetAgain","floor":38,"gold_loss":0},{"damage_healed":0,"gold_gain":0,"player_choice":"Fight","damage_taken":0,"max_hp_gain":0,"max_hp_loss":0,"event_name":"Mysterious Sphere","floor":41,"gold_loss":0}],"is_beta":false,"boss_relics":[{"not_picked":["Empty Cage","Pandora\u0027s Box"],"picked":"Coffee Dripper"},{"not_picked":["Tiny House","Astrolabe"],"picked":"Black Star"}],"items_purged_floors":[],"is_endless":false,"potions_floor_spawned":[5,7,10,12,20,35,37],"killed_by":"2 Orb Walkers","ascension_level":7}}