{"host":"l84l8xigz5v5foa2","time":1611982937,"event":{"mods":["2.2 Compatiblity","AchievementEnabler","BaseMod","Better Note","Better Vampires","Card Filter","Colored Map","DeckTracker","Downfall","Gremlin Skip","Highlight Path","Keyboard Shortcuts","Minty Spire (QoL Compilation)","Permanent Neow","Quick Restart","Relic Filter","Relic Stats","StSLib","SuperFastMode","Transform Curses","Unknown Chances"],"gold_per_floor":[116,129,54,54,65,65,93,107,189,189,219,231,40,40,40,112,112,122,122,142,17,27,27,60,60,60,60,71,97,97,124,124,198,198,215,215,234,234,245,258,293,293,293,293,293,319,319,319,319,319,319,319],"floor_reached":50,"language":"ENG","playtime":2341,"items_purged":["Normality","Pain","hexamod:Strike"],"score":1207,"play_id":"4ffb503d-520b-408a-919e-d27ec6413505","local_time":"20210130140217","is_ascension_mode":true,"campfire_choices":[{"data":"hexamod:RainOfEmbers","floor":6.0,"key":"SMITH"},{"data":"hexamod:Float","floor":10.0,"key":"SMITH"},{"data":"Madness","floor":15.0,"key":"SMITH"},{"data":"hexamod:FastForward","floor":23.0,"key":"SMITH"},{"floor":25.0,"key":"REST"},{"data":"hexamod:InspiringFlames","floor":27.0,"key":"SMITH"},{"data":"hexamod:SwordOfDarkness","floor":30.0,"key":"SMITH"},{"data":"hexamod:WildfireWeapon","floor":32.0,"key":"SMITH"},{"floor":45.0,"key":"REST"},{"data":"hexamod:ApocalypticArmor","floor":47.0,"key":"SMITH"},{"floor":49.0,"key":"RECALL"}],"circlet_count":0,"master_deck":["AscendersBane","hexamod:Strike","hexamod:Strike","hexamod:Strike","hexamod:Defend","hexamod:Defend","hexamod:Defend","hexamod:Defend","hexamod:Sear","hexamod:Float+1","hexamod:InspiringFlames+1","hexamod:NightmareStrike","hexamod:SwordOfDarkness+1","hexamod:GhostShield","hexamod:StepThrough","hexamod:RainOfEmbers+1","hexamod:ShieldOfDarkness","hexamod:FirstSeal","hexamod:NightmareGuise","hexamod:FastForward+1","Madness+1","hexamod:Toasty+1","hexamod:FourthSeal","hexamod:ForkedFlame+1","hexamod:HeatCrush+1","hexamod:WildfireWeapon+1","hexamod:ApocalypticArmor+1","hexamod:RetreatToShadows+1","hexamod:ThirdSeal","hexamod:SpectersWail+1","Flash of Steel+1","Apotheosis","Madness","hexamod:NightmareGuise+1","hexamod:TimeWarp+1","hexamod:GhostOfSpirePast+1","hexamod:AdvancingGuard","hexamod:RetreatToShadows"],"relics":["hexamod:SpiritBrand","Prayer Wheel","WarpedTongs","Pantograph","Molten Egg 2","Nunchaku","InkBottle","Philosopher\u0027s Stone","Regal Pillow","Sundial","Juzu Bracelet","Bottled Lightning","expansioncontent:StudyCardRelic","Torii","bronze:DecasWashers","Eternal Feather"],"acts_visited":["Exordium","TheCity","TheBeyond"],"potions_floor_usage":[],"damage_taken":[{"damage":0.0,"enemies":"Small Slimes","floor":1.0,"turns":3.0},{"damage":1.0,"enemies":"Cultist","floor":2.0,"turns":3.0},{"damage":9.0,"enemies":"Jaw Worm","floor":5.0,"turns":4.0},{"damage":0.0,"enemies":"Gremlin Nob","floor":7.0,"turns":2.0},{"damage":7.0,"enemies":"Lots of Slimes","floor":8.0,"turns":5.0},{"damage":9.0,"enemies":"Lagavulin","floor":11.0,"turns":5.0},{"damage":1.0,"enemies":"Red Slaver","floor":12.0,"turns":4.0},{"damage":13.0,"enemies":"Slime Boss","floor":16.0,"turns":9.0},{"damage":0.0,"enemies":"Chosen","floor":18.0,"turns":3.0},{"damage":13.0,"enemies":"2 Thieves","floor":20.0,"turns":4.0},{"damage":31.0,"enemies":"Shelled Parasite and Fungi","floor":22.0,"turns":6.0},{"damage":48.0,"enemies":"Slavers","floor":24.0,"turns":6.0},{"damage":3.0,"enemies":"Snecko","floor":28.0,"turns":5.0},{"damage":20.0,"enemies":"Book of Stabbing","floor":29.0,"turns":5.0},{"damage":22.0,"enemies":"Gremlin Leader","floor":31.0,"turns":7.0},{"damage":25.0,"enemies":"Champ","floor":33.0,"turns":8.0},{"damage":7.0,"enemies":"Orb Walker","floor":35.0,"turns":3.0},{"damage":1.0,"enemies":"3 Shapes","floor":37.0,"turns":5.0},{"damage":10.0,"enemies":"Writhing Mass","floor":39.0,"turns":7.0},{"damage":53.0,"enemies":"Transient","floor":40.0,"turns":6.0},{"damage":6.0,"enemies":"Reptomancer","floor":41.0,"turns":3.0},{"damage":10.0,"enemies":"Giant Head","floor":46.0,"turns":8.0},{"damage":81,"enemies":"Awakened One","floor":50,"turns":9}],"seed_played":"9180926368318222439","potions_obtained":[{"floor":2.0,"key":"GamblersBrew"},{"floor":5.0,"key":"AttackPotion"},{"floor":11.0,"key":"AttackPotion"},{"floor":18.0,"key":"DistilledChaos"},{"floor":19.0,"key":"LiquidMemories"},{"floor":20.0,"key":"FairyPotion"},{"floor":22.0,"key":"EssenceOfSteel"},{"floor":24.0,"key":"EssenceOfSteel"},{"floor":28.0,"key":"Fruit Juice"},{"floor":28.0,"key":"SkillPotion"},{"floor":29.0,"key":"Fire Potion"},{"floor":31.0,"key":"hexamod:DoubleChargePotion"},{"floor":31.0,"key":"Swift Potion"},{"floor":33.0,"key":"FairyPotion"},{"floor":39.0,"key":"SneckoOil"},{"floor":40.0,"key":"hexamod:EctoCoolerPotion"},{"floor":41.0,"key":"Weak Potion"},{"floor":41.0,"key":"hexamod:DoubleChargePotion"},{"floor":46.0,"key":"LiquidMemories"}],"is_trial":false,"path_per_floor":["M","M","$","?","M","R","E","M","T","R","E","M","$","T","R","B",null,"M","?","M","$","M","R","E","R","T","R","M","E","R","E","R","B",null,"M","?","M","?","M","M","E","?","T","T","R","E","R","?","R","B"],"character_chosen":"THE_SPIRIT","items_purchased":["Madness"],"campfire_rested":2,"item_purchase_floors":[13],"current_hp_per_floor":[57,56,56,56,47,47,47,40,40,40,38,44,44,44,44,57,62,62,62,56,56,32,32,9,42,42,42,51,31,31,9,9,16,55,48,48,47,37,34,27,21,21,21,21,56,53,68,68,68,0,0,0],"gold":319,"neow_bonus":"ONE_RARE_RELIC","is_daily":false,"chose_seed":false,"campfire_upgraded":8,"win_rate":0.0,"timestamp":1611982937,"path_taken":["M","M","$","?","M","R","E","M","T","R","E","?","$","?","R","BOSS","M","?","?","?","M","R","E","R","T","R","M","E","R","E","R","BOSS","M","?","M","?","M","M","E","?","T","?","R","E","R","?","R","BOSS"],"items_purchased_type":["Card"],"build_version":"2020-12-22","purchased_purges":3,"victory":false,"max_hp_per_floor":[63,63,63,63,63,63,63,63,63,63,63,63,63,63,63,63,63,63,63,63,63,63,63,63,63,63,63,68,68,68,68,68,68,68,68,68,68,68,68,68,68,68,68,68,68,68,68,68,68,68,68,68],"relic_stats":{"Nunchaku":[15],"Regal Pillow":30,"Torii":6,"counters":[23,120],"Sundial":[4],"Pantograph":44,"Prayer Wheel":13,"Eternal Feather":15,"Juzu Bracelet":1,"obtain_stats":[{"Regal Pillow":24,"Torii":41,"bronze:DecasWashers":44,"Eternal Feather":46,"Juzu Bracelet":29,"expansioncontent:StudyCardRelic":34,"WarpedTongs":4,"Nunchaku":11,"Sundial":26,"Pantograph":7,"Prayer Wheel":0,"Molten Egg 2":9,"Philosopher\u0027s Stone":17,"Bottled Lightning":31,"hexamod:SpiritBrand":0,"InkBottle":14},{"Regal Pillow":12,"Torii":21,"bronze:DecasWashers":21,"Eternal Feather":22,"Juzu Bracelet":14,"expansioncontent:StudyCardRelic":16,"WarpedTongs":2,"Nunchaku":6,"Sundial":12,"Pantograph":4,"Prayer Wheel":0,"Molten Egg 2":5,"Philosopher\u0027s Stone":8,"Bottled Lightning":15,"hexamod:SpiritBrand":0,"InkBottle":7},{"Regal Pillow":54,"Torii":103,"bronze:DecasWashers":103,"Eternal Feather":111,"Juzu Bracelet":64,"expansioncontent:StudyCardRelic":79,"WarpedTongs":6,"Nunchaku":22,"Sundial":54,"Pantograph":12,"Prayer Wheel":0,"Molten Egg 2":17,"Philosopher\u0027s Stone":35,"Bottled Lightning":71,"hexamod:SpiritBrand":0,"InkBottle":26}],"InkBottle":[36],"WarpedTongs":[94]},"card_choices":[{"not_picked":["hexamod:GhostShield","hexamod:SuperheatedStrike"],"picked":"hexamod:InspiringFlames","floor":1.0},{"not_picked":["hexamod:HeatMetal","hexamod:CatchUp"],"picked":"hexamod:NightmareStrike","floor":1.0},{"not_picked":["hexamod:ShieldOfDarkness","hexamod:GhostflameInferno"],"picked":"hexamod:SwordOfDarkness","floor":2.0},{"not_picked":["hexamod:ThermalTransfer","hexamod:GhostLash"],"picked":"hexamod:GhostShield","floor":2.0},{"not_picked":["hexamod:HauntingEcho","hexamod:InspiringFlames"],"picked":"hexamod:StepThrough","floor":5.0},{"not_picked":["hexamod:PhantomFireball","hexamod:ShieldOfDarkness"],"picked":"hexamod:RainOfEmbers","floor":5.0},{"not_picked":["hexamod:RetreatToShadows","hexamod:ThermalTransfer"],"picked":"hexamod:ShieldOfDarkness","floor":7.0},{"not_picked":["hexamod:GhostflameBarrier","hexamod:PhantomCloak"],"picked":"hexamod:FirstSeal","floor":8.0},{"not_picked":["hexamod:SwordOfDarkness","hexamod:ShieldOfDarkness"],"picked":"hexamod:AdvancingGuard","floor":8.0},{"not_picked":["hexamod:BurningTouch","hexamod:InspiringFlames"],"picked":"hexamod:NightmareGuise","floor":11.0},{"not_picked":["hexamod:RadiantFlame","hexamod:BurningTouch"],"picked":"hexamod:FastForward","floor":12.0},{"not_picked":["hexamod:FlamesFromBeyond","hexamod:NightmareStrike+1","hexamod:SuperheatedStrike+1"],"picked":"SKIP","floor":12.0},{"not_picked":["hexamod:FlameSwitch","hexamod:GhostflameInferno"],"picked":"hexamod:Toasty+1","floor":16.0},{"not_picked":["hexamod:BacktrackSmack+1","hexamod:HeatMetal+1"],"picked":"hexamod:FourthSeal","floor":18.0},{"not_picked":["hexamod:SwordOfDarkness+1","hexamod:FirstSeal","hexamod:GhostShield"],"picked":"SKIP","floor":18.0},{"not_picked":["hexamod:HeatMetal+1","hexamod:Again"],"picked":"hexamod:ForkedFlame+1","floor":20.0},{"not_picked":["hexamod:NightmareStrike+1","hexamod:EmpoweredFlame","hexamod:DynamicBlow+1"],"picked":"SKIP","floor":20.0},{"not_picked":["hexamod:AdvancingGuard","hexamod:HauntingEcho+1","hexamod:ShieldOfDarkness"],"picked":"SKIP","floor":22.0},{"not_picked":["hexamod:AdvancingGuard","hexamod:GhostflameBarrier","hexamod:PhantomCloak"],"picked":"SKIP","floor":22.0},{"not_picked":["hexamod:NightmareGuise","hexamod:DynamicBlow+1"],"picked":"hexamod:HeatCrush+1","floor":24.0},{"not_picked":["hexamod:BurningTouch","hexamod:GhostShield","hexamod:InspiringFlames"],"picked":"SKIP","floor":28.0},{"not_picked":["hexamod:SuperheatedStrike+1","hexamod:InspiringFlames","hexamod:BacktrackSmack+1"],"picked":"SKIP","floor":28.0},{"not_picked":["hexamod:FastForward","hexamod:ShieldOfDarkness","hexamod:GhostLash+1"],"picked":"SKIP","floor":29.0},{"not_picked":["hexamod:SecondSeal","hexamod:CatchUp"],"picked":"hexamod:WildfireWeapon","floor":31.0},{"not_picked":["hexamod:SearingWound","hexamod:WildfireWeapon"],"picked":"hexamod:ApocalypticArmor","floor":33.0},{"not_picked":["hexamod:ThermalTransfer+1","hexamod:GhostShield"],"picked":"hexamod:RetreatToShadows+1","floor":35.0},{"not_picked":["hexamod:NightmareStrike+1","hexamod:ShieldOfDarkness","hexamod:HeatCrush+1"],"picked":"SKIP","floor":35.0},{"not_picked":["hexamod:ThermalTransfer+1","hexamod:ThirdSeal"],"picked":"hexamod:SpectersWail+1","floor":37.0},{"not_picked":["hexamod:BurningTouch+1","hexamod:RadiantFlame","hexamod:ShieldOfDarkness"],"picked":"SKIP","floor":37.0},{"not_picked":["hexamod:Hexaguard","hexamod:HauntingEcho+1","hexamod:BacktrackSmack+1"],"picked":"SKIP","floor":37.0},{"not_picked":["Madness","Jack Of All Trades"],"picked":"Flash of Steel+1","floor":38.0},{"not_picked":["Master of Strategy","Impatience"],"picked":"Apotheosis","floor":38.0},{"not_picked":["Apotheosis","Mayhem"],"picked":"Madness","floor":38.0},{"not_picked":["hexamod:EmpoweredFlame","hexamod:CatchUp"],"picked":"hexamod:NightmareGuise+1","floor":39.0},{"not_picked":["hexamod:Haunt","hexamod:HeatMetal+1","hexamod:ThermalTransfer+1"],"picked":"SKIP","floor":39.0},{"not_picked":["hexamod:PhantomCloak","hexamod:RainOfEmbers+1","hexamod:BurningTouch"],"picked":"SKIP","floor":39.0},{"not_picked":["hexamod:StepThrough+1","hexamod:NecessarySacrifice+1"],"picked":"hexamod:TimeWarp+1","floor":40.0},{"not_picked":["hexamod:SuperheatedStrike+1","hexamod:ThirdSeal"],"picked":"hexamod:GhostOfSpirePast+1","floor":40.0},{"not_picked":["hexamod:SwordOfDarkness+1","hexamod:Haunt"],"picked":"hexamod:AdvancingGuard","floor":40.0},{"not_picked":["hexamod:ExtraCrispy","hexamod:ThermalTransfer+1","hexamod:SoulSteal"],"picked":"SKIP","floor":41.0},{"not_picked":["hexamod:NightmareStrike+1","hexamod:HauntingEcho+1"],"picked":"hexamod:RetreatToShadows","floor":46.0}],"player_experience":3506721,"relics_obtained":[{"floor":7.0,"key":"Pantograph"},{"floor":9.0,"key":"Molten Egg 2"},{"floor":11.0,"key":"Nunchaku"},{"floor":14.0,"key":"InkBottle"},{"floor":24.0,"key":"Regal Pillow"},{"floor":26.0,"key":"Sundial"},{"floor":29.0,"key":"Juzu Bracelet"},{"floor":31.0,"key":"Bottled Lightning"},{"floor":41.0,"key":"Torii"},{"floor":44.0,"key":"bronze:DecasWashers"},{"floor":46.0,"key":"Eternal Feather"}],"event_choices":[{"damage_healed":0.0,"max_hp_gain":0.0,"max_hp_loss":0.0,"gold_gain":0.0,"event_name":"Accursed Blacksmith","player_choice":"Rummage","floor":4.0,"gold_loss":0.0,"damage_taken":0.0,"relics_obtained":["WarpedTongs"],"cards_obtained":["Pain"]},{"damage_healed":0.0,"max_hp_gain":0.0,"max_hp_loss":0.0,"gold_gain":0.0,"event_name":"Lab","player_choice":"Got Potions","floor":19.0,"gold_loss":0.0,"damage_taken":0.0},{"damage_healed":0.0,"max_hp_gain":0.0,"max_hp_loss":0.0,"gold_gain":0.0,"event_name":"SensoryStone","player_choice":"Memory 3","floor":38.0,"gold_loss":0.0,"damage_taken":10.0},{"damage_healed":0.0,"max_hp_gain":0.0,"max_hp_loss":0.0,"gold_gain":0.0,"event_name":"The Moai Head","player_choice":"Ignored","floor":42.0,"gold_loss":0.0,"damage_taken":0.0},{"damage_healed":0.0,"max_hp_gain":0.0,"max_hp_loss":0.0,"gold_gain":0.0,"event_name":"Tomb of Lord Red Mask","player_choice":"Ignored","floor":48.0,"gold_loss":0.0,"damage_taken":0.0}],"is_beta":false,"boss_relics":[{"not_picked":["Calling Bell","Busted Crown"],"picked":"Philosopher\u0027s Stone"},{"not_picked":["sneckomod:SneckoTalon","SacredBark"],"picked":"expansioncontent:StudyCardRelic"}],"items_purged_floors":[3,13,21],"is_endless":false,"potions_floor_spawned":[2,5,11,18,20,28,31,39,41],"killed_by":"Awakened One","ascension_level":20}}