{"host":"2i1rjl87isetstuj","time":1611990329,"event":{"mods":["BaseMod","Better Vampires","Challenge The Spire","Lobotomy","LobotomyExtend","Marked Mod","Minty Spire (QoL Compilation)","Quick Restart","Shop Mod","StSLib","Waifu the Spire","óô»ðÖ¸ÄÏ"],"gold_per_floor":[113,123,53,66,76,76,76],"floor_reached":6,"language":"ZHS","playtime":280,"items_purged":[],"score":40,"play_id":"6438f972-970d-4318-a58f-550567d6284e","local_time":"20210130150529","is_ascension_mode":true,"campfire_choices":[],"circlet_count":0,"master_deck":["Strike_R","Strike_R","Strike_R","Strike_R","Strike_R","Defend_R","Defend_R","Defend_R","Defend_R","Bash","BigBird","Twin Strike","DreamingCurrent","Ghostly Armor","Rupture","CrumblingArmor","Twin Strike","SingingMachine","Thunderclap"],"relics":["Burning Blood","CogitoBucket","LetterFromLob"],"acts_visited":["Exordium"],"potions_floor_usage":[],"damage_taken":[{"damage":1,"enemies":"Cultist","floor":1,"turns":3},{"damage":10,"enemies":"2 Louse","floor":2,"turns":3},{"damage":35,"enemies":"Small Slimes","floor":4,"turns":4},{"damage":41,"enemies":"Red Slaver","floor":5,"turns":3},{"damage":66,"enemies":"3 Sentries","floor":6,"turns":8}],"seed_played":"1884037526730071469","potions_obtained":[{"floor":4,"key":"LiquidBronze"},{"floor":5,"key":"SteroidPotion"}],"is_trial":false,"path_per_floor":["M","M","$","M","M","E"],"character_chosen":"IRONCLAD","items_purchased":["Rupture"],"campfire_rested":0,"item_purchase_floors":[3],"current_hp_per_floor":[80,76,76,53,18,0,0],"gold":76,"neow_bonus":"","is_daily":false,"chose_seed":false,"campfire_upgraded":0,"win_rate":0.0,"timestamp":1611990329,"path_taken":["M","M","$","?","M","E"],"items_purchased_type":["Card"],"build_version":"2020-12-22","purchased_purges":0,"victory":false,"max_hp_per_floor":[80,80,80,80,80,80,80],"card_choices":[{"not_picked":["FairyFestival","CherryBlossoms"],"picked":"BigBird","floor":1},{"not_picked":["Cleave","Shrug It Off"],"picked":"Twin Strike","floor":1},{"not_picked":["Murderer","PunishingBird","CrumblingArmor"],"picked":"Singing Bowl","floor":2},{"not_picked":["FieryBird","VoidDream"],"picked":"DreamingCurrent","floor":2},{"not_picked":["Wild Strike","Headbutt"],"picked":"Ghostly Armor","floor":2},{"not_picked":["MHz","Murderer"],"picked":"CrumblingArmor","floor":4},{"not_picked":["Feel No Pain","Perfected Strike"],"picked":"Twin Strike","floor":4},{"not_picked":["UniverseFragment","CherryBlossoms","MeatLantern"],"picked":"Singing Bowl","floor":5},{"not_picked":["SpiderBud","Murderer"],"picked":"SingingMachine","floor":5},{"not_picked":["Dropkick","Uppercut"],"picked":"Thunderclap","floor":5}],"player_experience":115937,"relics_obtained":[{"floor":1,"key":"LetterFromLob"}],"event_choices":[],"is_beta":false,"boss_relics":[],"items_purged_floors":[],"is_endless":false,"potions_floor_spawned":[4,5],"killed_by":"3 Sentries","ascension_level":1}}