{"host":"0buepsujecqpt684","time":1611994788,"event":{"mods":["AchievementEnabler","AlwaysNeverKeys","BaseMod","Bestiary","Better Altar","Better Match","Better Note","Better Sensory Stone","Better Skull","Better Third Choice","Better-Laid Plans","Dota2Spire","Downfall","GifTheSpireLib","GungeonMod","Hyrulean Relics","Ironclad Rager","Minty Spire (QoL Compilation)","Reliquary","Spicy Shops","StSLib","The Wild Card","Treasure Hunter"],"gold_per_floor":[114,126,126,126,151,151,196,1,27,27,51,81,81,93,105,273,285,348,360,360],"floor_reached":19,"language":"ENG","playtime":1219,"items_purged":[],"score":205,"play_id":"5137ecbe-7d47-49c5-9970-db29a425e800","local_time":"20210130031948","is_ascension_mode":false,"campfire_choices":[{"data":"Zap","floor":6,"key":"SMITH"},{"data":"Storm","floor":10,"key":"SMITH"},{"floor":15,"key":"REST"}],"circlet_count":0,"master_deck":["Zap+1","Dualcast","ICR:ProbingStrike+1","ICR:ProbingStrike","ICR:ProbingStrike","ICR:ProbingStrike+1","ICR:AutoDefend","ICR:AutoDefend","ICR:AutoDefend","ICR:AutoDefend","Heatsinks","CurseOfTheBell","CurseOfTheBell","Storm+1","Creative AI"],"relics":["Cracked Core","downfall:ExtraCursedBell","Dota2Spire:HandOfMidas","DemoMod:ChaffGrenade","Dota2Spire:DivineRapier","Golden Idol","reliquary:Buckler","DemoMod:GnawedKey","Orichalcum","MawBank","Sozu"],"acts_visited":["Exordium","TheCity"],"potions_floor_usage":[16,18],"damage_taken":[{"damage":2,"enemies":"Cultist","floor":1,"turns":4},{"damage":7,"enemies":"Small Slimes","floor":2,"turns":4},{"damage":0,"enemies":"Jaw Worm","floor":7,"turns":1},{"damage":18,"enemies":"Exordium Wildlife","floor":11,"turns":2},{"damage":0,"enemies":"Slime Boss","floor":16,"turns":6},{"damage":18,"enemies":"Shell Parasite","floor":18,"turns":5},{"damage":51,"enemies":"3 Byrds","floor":19,"turns":3}],"seed_played":"7784556863923286607","potions_obtained":[{"floor":1,"key":"FocusPotion"},{"floor":2,"key":"champ:CounterPotion"},{"floor":7,"key":"Block Potion"}],"is_trial":false,"path_per_floor":["M","M","?","?","T","R","M","$","T","R","M","?","?","$","R","B",null,"M","M"],"character_chosen":"DEFECT","items_purchased":["Storm","DemoMod:GnawedKey"],"campfire_rested":1,"item_purchase_floors":[8,8],"current_hp_per_floor":[73,66,66,66,66,66,66,66,66,66,48,48,36,36,56,56,69,51,0,0],"gold":360,"neow_bonus":"DEFECT_WARDEN","is_daily":false,"chose_seed":false,"campfire_upgraded":2,"win_rate":0.0,"timestamp":1611994788,"path_taken":["M","M","?","?","?","R","M","$","T","R","?","?","?","?","R","BOSS","M","M"],"items_purchased_type":["Card","Relic"],"build_version":"2020-12-22","purchased_purges":0,"victory":false,"max_hp_per_floor":[75,75,75,69,69,69,69,69,69,69,69,69,69,69,69,69,69,69,69,69],"card_choices":[{"not_picked":["Sunder","White Noise"],"picked":"Heatsinks","floor":1},{"not_picked":["Steam","Aggregate","Reprogram"],"picked":"SKIP","floor":2},{"not_picked":["TH:DeckOfManyThings","TH:CopperCoins"],"picked":"SKIP","floor":5},{"not_picked":["Rip and Tear","Hologram","Scrape"],"picked":"SKIP","floor":7},{"not_picked":["TH:Mimic","TH:CursedSword"],"picked":"SKIP","floor":9},{"not_picked":["Genetic Algorithm","Beam Cell","Hologram"],"picked":"SKIP","floor":11},{"not_picked":["Echo Form","Amplify"],"picked":"Creative AI","floor":16},{"not_picked":["Beam Cell","Go for the Eyes+1","Leap"],"picked":"SKIP","floor":18}],"player_experience":281203,"relics_obtained":[{"floor":3,"key":"Dota2Spire:HandOfMidas"},{"floor":3,"key":"DemoMod:ChaffGrenade"},{"floor":3,"key":"Dota2Spire:DivineRapier"},{"floor":5,"key":"reliquary:Buckler"},{"floor":9,"key":"Orichalcum"}],"event_choices":[{"damage_healed":0,"gold_gain":0,"player_choice":"Lose Max HP","damage_taken":0,"relics_obtained":["Golden Idol"],"max_hp_gain":0,"max_hp_loss":6,"event_name":"Golden Idol","floor":4,"gold_loss":0},{"damage_healed":0,"gold_gain":30,"player_choice":"Searched \u00271\u0027 times","damage_taken":0,"max_hp_gain":0,"max_hp_loss":0,"event_name":"Dead Adventurer","floor":12,"gold_loss":0},{"damage_healed":0,"gold_gain":0,"player_choice":"Relic ","damage_taken":12,"max_hp_gain":0,"max_hp_loss":0,"event_name":"betterThird:BetterScrap","floor":13,"gold_loss":0,"cards_obtained":["Reflex"]}],"is_beta":false,"boss_relics":[{"not_picked":["Fusion Hammer","Dota2Spire:Bloodstone"],"picked":"Sozu"}],"items_purged_floors":[],"is_endless":false,"potions_floor_spawned":[1,2,7],"killed_by":"3 Byrds","ascension_level":0}}