{"host":"yy8mitdds7tg9c5m","time":1611971129,"event":{"mods":["Act Like it!","AlwaysNeverKeys","BaseMod","Better Note","Duelist Mod","GifTheSpireLib","Minty Spire (QoL Compilation)","Permanent Neow","Quick Restart","StSLib","egg"],"gold_per_floor":[142,317,332,257,268,294,294,327,353,353,410,428,428,445,445,546,546,560,560,610,626,626,626,651,651,677,711,611,624,347,357,357,456,456,467,512,522,540,257,257,284,284,308,320,382,410,72,84,84,84,84,84,84,110,110],"floor_reached":56,"language":"ENG","playtime":8794,"items_purged":["Doubt","theDuelist:Sparks","theDuelist:CastleWalls"],"score":1473,"play_id":"ba1ecb46-6c48-4bbe-aad0-0f7b9658a41d","local_time":"20210129214528","is_ascension_mode":false,"campfire_choices":[{"floor":7,"key":"REST"},{"data":"theDuelist:Solidarity","floor":10,"key":"SMITH"},{"data":"theDuelist:HarpieFeather","floor":15,"key":"SMITH"},{"data":"theDuelist:TwinHeadedFire","floor":23,"key":"SMITH"},{"data":"theDuelist:MirageDragon","floor":25,"key":"SMITH"},{"data":"theDuelist:BusterBlader","floor":32,"key":"SMITH"},{"data":"Apotheosis","floor":40,"key":"SMITH"},{"data":"theDuelist:DragonMastery","floor":44,"key":"SMITH"},{"data":"theDuelist:ArmageddonDragonEmp","floor":49,"key":"SMITH"},{"data":"theDuelist:Freezadon","floor":52,"key":"SMITH"}],"circlet_count":0,"master_deck":["theDuelist:DragonMastery+1","theDuelist:LesserDragon+1","theDuelist:TyrantWing+1","theDuelist:YamataDragon+1","Finesse","theDuelist:Freezadon+1","theDuelist:BusterBlader+1","theDuelist:BabyDragon+1","theDuelist:CaveDragon+1","theDuelist:AmuletDragon+1","theDuelist:DragonZombie+1","theDuelist:VolcanicEruption+1","theDuelist:CaveDragon+1","theDuelist:MirageDragon+1","theDuelist:LesserDragon+1","theDuelist:HarpieFeather+1","theDuelist:TwinHeadedFire+1","Apotheosis+1","theDuelist:LavaDragon+1","theDuelist:TailSwipe","theDuelist:ArmageddonDragonEmp+1","theDuelist:WaterDragon+1"],"relics":["theDuelist:MillenniumPuzzle","theDuelist:CardPoolRelic","theDuelist:CardPoolBasicRelic","theDuelist:BoosterPackPoolRelic","theDuelist:CardPoolAddRelic","theDuelist:CardPoolMinusRelic","theDuelist:CardPoolSaveRelic","theDuelist:CardPoolOptionsRelic","Bronze Scales","Anchor","Pen Nib","Bottled Flame","Black Star","theDuelist:DuelistOrichalcum","Bird Faced Urn","theDuelist:DragonRelicB","Unceasing Top","theDuelist:DragonBurnRelic","Shuriken","Happy Flower","Strawberry","theDuelist:GoldenScale","Bag of Marbles","Astrolabe","Mango","StoneCalendar","theDuelist:ElectricToken","Magic Flower","Omamori","MawBank","theDuelist:BoosterPackMonsterEgg","Torii","Pear","Boot"],"acts_visited":["Exordium","TheCity","TheBeyond","TheEnding"],"potions_floor_usage":[16,16,27,36,38],"damage_taken":[{"damage":0,"enemies":"Jaw Worm","floor":1,"turns":1},{"damage":0,"enemies":"Small Slimes","floor":3,"turns":3},{"damage":0,"enemies":"2 Louse","floor":5,"turns":3},{"damage":27,"enemies":"3 Sentries","floor":6,"turns":10},{"damage":0,"enemies":"Lagavulin","floor":8,"turns":5},{"damage":9,"enemies":"Large Slime","floor":12,"turns":5},{"damage":0,"enemies":"Exordium Wildlife","floor":14,"turns":3},{"damage":0,"enemies":"Hexaghost","floor":16,"turns":6},{"damage":9,"enemies":"Chosen","floor":18,"turns":5},{"damage":16,"enemies":"Chosen","floor":20,"turns":12},{"damage":0,"enemies":"2 Thieves","floor":21,"turns":3},{"damage":5,"enemies":"Book of Stabbing","floor":24,"turns":5},{"damage":8,"enemies":"Slavers","floor":27,"turns":4},{"damage":0,"enemies":"Snake Plant","floor":29,"turns":2},{"damage":0,"enemies":"Cultist and Chosen","floor":31,"turns":5},{"damage":3,"enemies":"Automaton","floor":33,"turns":4},{"damage":0,"enemies":"3 Darklings","floor":35,"turns":4},{"damage":0,"enemies":"3 Darklings","floor":36,"turns":4},{"damage":0,"enemies":"Orb Walker","floor":37,"turns":2},{"damage":9,"enemies":"Spire Growth","floor":38,"turns":4},{"damage":2,"enemies":"Reptomancer","floor":41,"turns":5},{"damage":0,"enemies":"Mind Bloom Boss Battle","floor":45,"turns":3},{"damage":10,"enemies":"Sphere and 2 Shapes","floor":46,"turns":3},{"damage":0,"enemies":"Jaw Worm Horde","floor":48,"turns":3},{"damage":0,"enemies":"Time Eater","floor":50,"turns":4},{"damage":0,"enemies":"Shield and Spear","floor":54,"turns":2},{"damage":7,"enemies":"The Heart","floor":55,"turns":5}],"seed_played":"1631204643174609162","potions_obtained":[{"floor":1,"key":"theDuelist:BurningPotion"},{"floor":3,"key":"theDuelist:VoidBottle"},{"floor":12,"key":"theDuelist:StunPotion"},{"floor":21,"key":"Strength Potion"},{"floor":24,"key":"theDuelist:LavaBottle"},{"floor":29,"key":"theDuelist:StunPotion"},{"floor":35,"key":"theDuelist:DebuffArmorPotion"},{"floor":36,"key":"Block Potion"},{"floor":41,"key":"AttackPotion"},{"floor":46,"key":"theDuelist:DragonOrbBottle"}],"is_trial":false,"path_per_floor":["M","?","M","$","M","E","R","E","T","R","?","M","T","M","R","B",null,"M","?","?","M","?","R","E","R","T","E","$","M","$","M","R","B",null,"M","?","M","M","$","R","E","?","T","R","?","M","$","M","R","B",null,"R","$","E","B",null],"character_chosen":"THE_DUELIST","items_purchased":["Bag of Marbles","Apotheosis","Finesse","theDuelist:Freezadon","Torii"],"campfire_rested":1,"item_purchase_floors":[30,39,39,47,47],"current_hp_per_floor":[56,56,56,56,56,29,53,53,53,53,53,44,44,44,44,44,80,71,71,55,57,57,57,54,54,54,55,55,59,59,63,63,62,87,87,101,101,94,94,94,94,94,94,94,100,91,91,91,91,94,101,101,101,111,104],"gold":110,"neow_bonus":"RANDOM_COLORLESS_2","is_daily":false,"chose_seed":false,"campfire_upgraded":9,"win_rate":0.0,"timestamp":1611971128,"path_taken":["M","?","M","$","M","E","R","E","T","R","?","M","?","M","R","BOSS","M","?","?","M","?","R","E","R","T","E","$","M","?","M","R","BOSS","M","?","M","M","$","R","E","?","T","R","?","M","$","M","R","BOSS","R","$","E","BOSS"],"items_purchased_type":["Relic","Card","Card","Card","Relic"],"build_version":"2020-12-22","purchased_purges":3,"victory":true,"max_hp_per_floor":[80,80,80,80,80,80,80,80,80,80,80,80,80,80,80,80,80,80,80,80,80,80,80,80,80,80,87,87,87,87,87,87,87,87,87,101,101,101,101,101,101,101,101,101,101,101,101,101,101,101,101,101,101,111,111],"card_choices":[{"not_picked":["Secret Technique","theDuelist:OrbMetronome"],"picked":"theDuelist:Solidarity","floor":0},{"not_picked":["theDuelist:CyberDragon","theDuelist:SuperStridentBlaze","theDuelist:FrostflameDragon","theDuelist:CyberRevsystem","theDuelist:Babycerasaurus"],"picked":"SKIP","floor":1},{"not_picked":["theDuelist:CyberEndDragon","theDuelist:RedRisingDragon","theDuelist:Hydrogeddon","theDuelist:CyberEmergency"],"picked":"theDuelist:UltraEvolutionPill","floor":3},{"not_picked":["theDuelist:MaskedDragon","theDuelist:RedRisingDragon","theDuelist:SphereChaos","theDuelist:BackgroundDragon"],"picked":"theDuelist:LavaDragon","floor":5},{"not_picked":["theDuelist:StardustDragon","theDuelist:SeismicShockwave","theDuelist:Scapegoat","theDuelist:BlueDuston"],"picked":"theDuelist:WaterDragon","floor":6},{"not_picked":["theDuelist:RainbowOverdragon","theDuelist:BigEye","theDuelist:BlueBloodedOni","theDuelist:GoldenApples"],"picked":"theDuelist:HarpieFeather","floor":8},{"not_picked":["theDuelist:Beatraptor","theDuelist:CyberEndDragon","theDuelist:BlackStego","theDuelist:BlackBrutdrago"],"picked":"theDuelist:TwinHeadedFire","floor":12},{"not_picked":["theDuelist:ViceDragon","theDuelist:TwinBarrelDragon","theDuelist:Pyrorex","theDuelist:CyberDinosaur"],"picked":"theDuelist:BusterBlader","floor":14},{"not_picked":["theDuelist:SurvivalFittest","theDuelist:QueenDragunDjinn","theDuelist:CyberDragonInfinity","theDuelist:ArmedProtectorDragon"],"picked":"theDuelist:ArmageddonDragonEmp","floor":16},{"not_picked":["theDuelist:WhiteHornDragon+1","theDuelist:GalaxySoldier+1","theDuelist:Berserking+1","theDuelist:DragonTreasure+1"],"picked":"theDuelist:TyrantWing+1","floor":18},{"not_picked":["theDuelist:BusterBlader","theDuelist:BabyDragon+1","theDuelist:CyberDinosaur","theDuelist:SpiralSpearStrike"],"picked":"theDuelist:MirageDragon","floor":20},{"not_picked":["theDuelist:VolcanicEruption","theDuelist:ScrapIronScarecrow","theDuelist:DragonCaptureJar","theDuelist:DefenseDraw+1","theDuelist:ArtifactSanctum"],"picked":"SKIP","floor":21},{"not_picked":["theDuelist:WhiteNightDragon","theDuelist:ExploderDragonwing+1","theDuelist:DragonShield","theDuelist:BeserkDragon","theDuelist:AmuletDragon+1"],"picked":"SKIP","floor":24},{"not_picked":["theDuelist:MirageDragon","theDuelist:CurseDragon","theDuelist:CoralDragon","theDuelist:AquaDolphin+1","theDuelist:AmuletDragon"],"picked":"SKIP","floor":27},{"not_picked":["theDuelist:BlackStego","theDuelist:BlackPtera","theDuelist:LordD+1","theDuelist:Duoterion","theDuelist:ExploderDragon"],"picked":"SKIP","floor":29},{"not_picked":["theDuelist:GiantRex+1","theDuelist:BlackStego","theDuelist:BarrelDragon","theDuelist:MadSwordBeast+1","theDuelist:MadFlameKaiju"],"picked":"SKIP","floor":31},{"not_picked":["theDuelist:TailSwipe","theDuelist:LostWorld+1","theDuelist:BlueDuston","theDuelist:ArmageddonDragonEmp"],"picked":"theDuelist:DragonMastery","floor":33},{"not_picked":["theDuelist:MythicWaterDragon","theDuelist:MetalDragon+1","theDuelist:GravityLash+1"],"picked":"SKIP","floor":35},{"not_picked":["theDuelist:YamataDragon","theDuelist:AncientGearGadjiltron+1","theDuelist:CyberDragonDrei","theDuelist:CaveDragon+1","theDuelist:CyberDragonNachster"],"picked":"SKIP","floor":37},{"not_picked":["theDuelist:RainbowOverdragon","theDuelist:ReinforcementsArmy+1","theDuelist:BlueBloodedOni","theDuelist:ShardGreed+1","theDuelist:GreyGreedOni"],"picked":"SKIP","floor":38},{"not_picked":["theDuelist:TrihornedDragon+1","theDuelist:MadFlameKaiju+1","theDuelist:GiantRex+1","theDuelist:MadSwordBeast","theDuelist:BarrelDragon+1"],"picked":"SKIP","floor":41},{"not_picked":["theDuelist:StampingDestruction+1","theDuelist:DragonShield","theDuelist:ClawHermos","theDuelist:LostWorld"],"picked":"theDuelist:TailSwipe","floor":46},{"not_picked":["theDuelist:MadFlameKaiju+1","theDuelist:BlackStego+1","theDuelist:BarrelDragon+1","theDuelist:TrihornedDragon+1","theDuelist:MadSwordBeast+1"],"picked":"SKIP","floor":48},{"not_picked":["theDuelist:MadFlameKaiju+1","theDuelist:BlackTyranno+1","theDuelist:BlackStego+1","theDuelist:GiantRex+1","theDuelist:BarrelDragon+1"],"picked":"SKIP","floor":54}],"player_experience":289314,"relics_obtained":[{"floor":6,"key":"Bronze Scales"},{"floor":8,"key":"Anchor"},{"floor":9,"key":"Pen Nib"},{"floor":13,"key":"Bottled Flame"},{"floor":20,"key":"Bird Faced Urn"},{"floor":20,"key":"theDuelist:DragonRelicB"},{"floor":20,"key":"Unceasing Top"},{"floor":24,"key":"theDuelist:DragonBurnRelic"},{"floor":24,"key":"Shuriken"},{"floor":26,"key":"Happy Flower"},{"floor":27,"key":"Strawberry"},{"floor":27,"key":"theDuelist:GoldenScale"},{"floor":36,"key":"Mango"},{"floor":36,"key":"StoneCalendar"},{"floor":36,"key":"theDuelist:ElectricToken"},{"floor":41,"key":"Magic Flower"},{"floor":41,"key":"Omamori"},{"floor":43,"key":"MawBank"},{"floor":45,"key":"theDuelist:BoosterPackMonsterEgg"},{"floor":54,"key":"Pear"},{"floor":54,"key":"Boot"}],"event_choices":[{"damage_healed":0,"gold_gain":175,"player_choice":"AGREE","damage_taken":0,"max_hp_gain":0,"max_hp_loss":0,"event_name":"Liars Game","floor":2,"gold_loss":0,"cards_obtained":["Doubt"]},{"damage_healed":0,"gold_gain":57,"player_choice":"Gained Gold","damage_taken":0,"max_hp_gain":0,"max_hp_loss":0,"event_name":"Golden Wing","floor":11,"gold_loss":0},{"damage_healed":0,"gold_gain":0,"player_choice":"Gave Potion","damage_taken":0,"relics_obtained":["theDuelist:DuelistOrichalcum"],"max_hp_gain":0,"max_hp_loss":0,"event_name":"WeMeetAgain","floor":19,"gold_loss":0},{"damage_healed":0,"gold_gain":0,"player_choice":"Fight","duelist":true,"damage_taken":0,"max_hp_gain":0,"max_hp_loss":0,"event_name":"Battle City","floor":20,"gold_loss":0},{"damage_healed":0,"gold_gain":0,"player_choice":"Ignored","damage_taken":0,"max_hp_gain":0,"max_hp_loss":0,"event_name":"betterNote:BetterNote","floor":22,"gold_loss":0,"cards_obtained":["Berserk"]},{"damage_healed":0,"gold_gain":0,"player_choice":"Fight","duelist":true,"damage_taken":0,"max_hp_gain":0,"max_hp_loss":0,"event_name":"Battle City","floor":36,"gold_loss":0},{"damage_healed":0,"gold_gain":0,"player_choice":"Leave","duelist":true,"damage_taken":0,"max_hp_gain":0,"max_hp_loss":0,"event_name":"Tomb of the Nameless","floor":42,"gold_loss":0},{"damage_healed":0,"gold_gain":0,"player_choice":"Fight","damage_taken":0,"max_hp_gain":0,"max_hp_loss":0,"event_name":"MindBloom","floor":45,"gold_loss":0}],"is_beta":false,"boss_relics":[{"not_picked":["Tiny House","Runic Cube"],"picked":"Black Star"},{"not_picked":["Runic Pyramid","Velvet Choker"],"picked":"Astrolabe"}],"items_purged_floors":[4,28,30],"is_endless":false,"potions_floor_spawned":[1,3,12,21,24,29,35,36,41,46],"ascension_level":0}}