{"host":"6xsbn6ynqlzwllfm","time":1611988205,"event":{"mods":["2.2 Compatiblity","BaseMod","Bestiary","Colored Map","Colored Powertips","Curses Come First","Highlight Path","Keyboard Shortcuts","Minty Spire (QoL Compilation)","Relic Stats","Slay the Relics Exporter","StSLib","SuperFastMode"],"gold_per_floor":[117,16,29,104,115,143,143,143,143],"floor_reached":8,"language":"ENG","playtime":209,"items_purged":["Strike_P"],"score":104,"play_id":"4ca358e2-3bdd-4c6d-bcfa-d746f5603381","local_time":"20210130013005","is_ascension_mode":true,"campfire_choices":[{"data":"Conclude","floor":7,"key":"SMITH"}],"circlet_count":0,"master_deck":["AscendersBane","Strike_P","Strike_P","Strike_P","Defend_P","Defend_P+1","Defend_P+1","Defend_P","Eruption","Vigilance","CrushJoints","Consecrate","Conclude+1","FearNoEvil"],"relics":["PureWater","War Paint","Eternal Feather"],"acts_visited":["Exordium"],"potions_floor_usage":[],"damage_taken":[{"damage":0,"enemies":"Jaw Worm","floor":1,"turns":5},{"damage":4,"enemies":"Small Slimes","floor":3,"turns":3},{"damage":7,"enemies":"2 Louse","floor":5,"turns":2},{"damage":19,"enemies":"3 Sentries","floor":6,"turns":3},{"damage":27,"enemies":"Gremlin Nob","floor":8,"turns":2}],"seed_played":"-2236434975045901578","potions_obtained":[{"floor":3,"key":"BottledMiracle"}],"is_trial":false,"path_per_floor":["M","$","M","?","M","E","R","E"],"character_chosen":"WATCHER","items_purchased":["Consecrate"],"campfire_rested":0,"item_purchase_floors":[2],"current_hp_per_floor":[61,61,57,46,39,20,26,0,0],"gold":143,"neow_bonus":"RANDOM_COMMON_RELIC","is_daily":false,"chose_seed":false,"campfire_upgraded":1,"win_rate":0.0,"timestamp":1611988205,"path_taken":["M","$","M","?","M","E","R","E"],"items_purchased_type":["Card"],"build_version":"2020-12-22","purchased_purges":1,"victory":false,"max_hp_per_floor":[68,68,68,68,68,68,68,68,68],"relic_stats":{"counters":[5,15],"Eternal Feather":6,"War Paint":["Defend_P","Defend_P"],"obtain_stats":[{"Eternal Feather":6,"PureWater":0,"War Paint":0},{"Eternal Feather":4,"PureWater":0,"War Paint":0},{"Eternal Feather":13,"PureWater":0,"War Paint":0}]},"card_choices":[{"not_picked":["EmptyBody","CutThroughFate"],"picked":"CrushJoints","floor":1},{"not_picked":["Vengeance","EmptyBody"],"picked":"Conclude","floor":3},{"not_picked":["CrushJoints","SashWhip"],"picked":"FearNoEvil","floor":6}],"player_experience":1256212,"relics_obtained":[{"floor":6,"key":"Eternal Feather"}],"event_choices":[{"damage_healed":0,"gold_gain":75,"player_choice":"Gather Gold","damage_taken":11,"max_hp_gain":0,"max_hp_loss":0,"event_name":"World of Goop","floor":4,"gold_loss":0}],"is_beta":false,"boss_relics":[],"items_purged_floors":[2],"is_endless":false,"potions_floor_spawned":[3],"killed_by":"Gremlin Nob","ascension_level":17}}