{"host":"ihp6kf8pnegdur9i","time":1611983578,"event":{"mods":["Act Like it!","BaseMod","Conspire","Gensokyo","GifTheSpireLib","Hallownest","Marisa£®ÏF”Í°°ƒß¿Ì…≥£©","Minty Spire (QoL Compilation)","Pale of the Ancients","Replay The Spire","StSLib","The Servant 0.9.4","Youmu£®ªÍ∆«—˝√Œ£©"],"gold_per_floor":[118,118,136,136,136,136,163,180,205,205,234,234,234,234,234,338,338,357,357,357],"floor_reached":19,"language":"ZHS","playtime":1646,"items_purged":[],"score":227,"play_id":"03151828-05fa-4697-9dbb-71c0c3e47787","local_time":"20210130131258","is_ascension_mode":true,"campfire_choices":[{"data":"6A","floor":6,"key":"SMITH"},{"data":"PowerUp","floor":12,"key":"SMITH"},{"floor":15,"key":"REST"}],"circlet_count":0,"master_deck":["Strike_MRS","Strike_MRS","Strike_MRS","Defend_MRS+1","Defend_MRS","Defend_MRS+1","MasterSpark","UpSweep","AlicesGift+1","6A+1","PowerUp+1","MillisecondPulsars","EarthLightRay"],"relics":["MiniHakkero","Gensokyo:CelestialsFlawlessClothing","War Paint","Juzu Bracelet","Ring of Peace","Ring of Fangs","Shuriken","conspire:SeveredTorchhead"],"acts_visited":["Gensokyo:Gensokyo","Gensokyo:Gensokyoer"],"potions_floor_usage":[7,16],"damage_taken":[{"damage":4,"enemies":"Gensokyo:Gryphon","floor":1,"turns":4},{"damage":9,"enemies":"Gensokyo:2_Kodama","floor":3,"turns":3},{"damage":23,"enemies":"Gensokyo:Cirno","floor":7,"turns":6},{"damage":0,"enemies":"Gensokyo:Python","floor":8,"turns":3},{"damage":51,"enemies":"Gensokyo:Aya","floor":11,"turns":10},{"damage":36,"enemies":"Gensokyo:Yukari","floor":16,"turns":6},{"damage":15,"enemies":"Gensokyo:Chomper","floor":18,"turns":4},{"damage":14,"enemies":"Gensokyo:3_Dogs","floor":19,"turns":3}],"seed_played":"864358199441199471","potions_obtained":[{"floor":1,"key":"LifebloodPotion"},{"floor":3,"key":"Fire Potion"},{"floor":7,"key":"Elixir"},{"floor":11,"key":"SkillPotion"}],"is_trial":false,"path_per_floor":["M","?","M","?","$","R","E","M","T","?","E","R","?","?","R","B",null,"M","M"],"character_chosen":"MARISA","items_purchased":[],"campfire_rested":1,"item_purchase_floors":[],"current_hp_per_floor":[71,71,62,42,42,42,19,19,19,19,55,55,55,39,63,27,68,53,43,43],"gold":357,"neow_bonus":"TEN_PERCENT_HP_BONUS","is_daily":false,"chose_seed":false,"campfire_upgraded":2,"win_rate":0.0,"timestamp":1611983578,"path_taken":["M","?","?","?","$","R","E","M","T","?","E","R","?","?","R","BOSS","M","M"],"items_purchased_type":[],"build_version":"2020-12-22","purchased_purges":0,"victory":false,"max_hp_per_floor":[82,82,82,82,82,82,82,82,82,82,82,82,82,82,82,82,82,82,82,82],"card_choices":[{"not_picked":["EventHorizon","WitchOfGreed","ManaConvection"],"picked":"SKIP","floor":1},{"not_picked":["FairyDestructionRay","DarkMatter"],"picked":"6A","floor":3},{"not_picked":["ChargeUpSpray","AsteroidBelt"],"picked":"PowerUp","floor":7},{"not_picked":["MagicAbsorber","ManaConvection","PulseMagic"],"picked":"SKIP","floor":8},{"not_picked":["UnstableBomb","GrandCross","EarthLightRay"],"picked":"SKIP","floor":11},{"not_picked":["SatelliteIllusion","BinaryStars"],"picked":"MillisecondPulsars","floor":16},{"not_picked":["ShootTheMoon","WitchOfGreed"],"picked":"EarthLightRay","floor":18}],"player_experience":247028,"relics_obtained":[{"floor":7,"key":"War Paint"},{"floor":9,"key":"Juzu Bracelet"},{"floor":10,"key":"Ring of Peace"},{"floor":10,"key":"Ring of Fangs"},{"floor":11,"key":"Shuriken"}],"event_choices":[],"is_beta":false,"boss_relics":[{"not_picked":["Black Star","Kintsugi"],"picked":"conspire:SeveredTorchhead"}],"items_purged_floors":[],"is_endless":false,"potions_floor_spawned":[1,3,7,11],"killed_by":"Gensokyo:3_Dogs","ascension_level":7}}