{"host":"phy652c7lim9lcu2","time":1611980351,"event":{"mods":["BaseMod","BetterRewards","Colored Powertips","Downfall","Googly Eyes","Hubris","Minty Spire (QoL Compilation)","Relic Stats","Spicy Shops","StSLib","everything is the same but u backflip on backflip"],"gold_per_floor":[113,83,99,119,139,139,171,171,171,182,31,47,75,91,91,186,186,203,18,18,18,28,28,56,68,95,95,95],"floor_reached":27,"language":"ENG","playtime":2165,"items_purged":["Regret","Defend_B","Strike_B","Strike_B"],"score":355,"play_id":"7e7600c0-f0ef-4407-894f-8122987dbb31","local_time":"20210130141911","is_ascension_mode":true,"campfire_choices":[{"data":"Dualcast","floor":6,"key":"SMITH"},{"data":"Redo","floor":8,"key":"SMITH"},{"data":"Loop","floor":15,"key":"SMITH"},{"data":"Coolheaded","floor":23,"key":"SMITH"}],"circlet_count":0,"master_deck":["Strike_B","Strike_B","Defend_B","Defend_B","Defend_B","Zap","Dualcast+1","Melter","Chill","Redo+1","Conserve Battery","Ball Lightning","Loop+1","Coolheaded+1","Cold Snap","Ball Lightning","hubris:SpecializedCircuitry","Machine Learning","Glacier"],"relics":["Cracked Core","Membership Card","hubris:RGBLights","TungstenRod","Nunchaku","Happy Flower","Coffee Dripper","ClockworkSouvenir","Enchiridion","Bag of Preparation","Potion Belt"],"acts_visited":["Exordium","TheCity"],"potions_floor_usage":[7,22,24,24,25,25,27],"damage_taken":[{"damage":1,"enemies":"Jaw Worm","floor":1,"turns":4},{"damage":0,"enemies":"Cultist","floor":3,"turns":3},{"damage":0,"enemies":"2 Louse","floor":4,"turns":3},{"damage":0,"enemies":"Exordium Wildlife","floor":5,"turns":3},{"damage":9,"enemies":"3 Sentries","floor":7,"turns":6},{"damage":11,"enemies":"Large Slime","floor":10,"turns":5},{"damage":3,"enemies":"Lots of Slimes","floor":12,"turns":3},{"damage":8,"enemies":"Lagavulin","floor":13,"turns":5},{"damage":1,"enemies":"Looter","floor":14,"turns":3},{"damage":15,"enemies":"Hexaghost","floor":16,"turns":9},{"damage":0,"enemies":"Spheric Guardian","floor":18,"turns":1},{"damage":10,"enemies":"Chosen","floor":22,"turns":3},{"damage":43,"enemies":"Slavers","floor":24,"turns":32},{"damage":1,"enemies":"Snake Plant","floor":25,"turns":4},{"damage":2,"enemies":"Book of Stabbing","floor":27,"turns":5}],"seed_played":"7242277573752627858","potions_obtained":[{"floor":1,"key":"Dexterity Potion"},{"floor":2,"key":"FocusPotion"},{"floor":2,"key":"sneckomod:MuddlingPotion"},{"floor":5,"key":"Regen Potion"},{"floor":7,"key":"sneckomod:MuddlingPotion"},{"floor":14,"key":"Fire Potion"},{"floor":22,"key":"GamblersBrew"},{"floor":24,"key":"ColorlessPotion"},{"floor":25,"key":"champ:CounterPotion"}],"is_trial":false,"path_per_floor":["M","?","M","M","M","R","E","R","T","M","$","M","E","M","R","B",null,"M","$","?","?","M","R","E","M","T","E"],"character_chosen":"DEFECT","items_purchased":["Membership Card","hubris:RGBLights","Melter","TungstenRod","Loop","ClockworkSouvenir","Machine Learning"],"campfire_rested":0,"item_purchase_floors":[0,0,0,0,11,19,19],"current_hp_per_floor":[59,59,59,59,59,59,50,50,50,39,39,36,28,27,27,12,59,59,59,59,47,46,46,3,2,2,0,0],"gold":95,"neow_bonus":"","is_daily":false,"chose_seed":false,"campfire_upgraded":4,"win_rate":0.0,"timestamp":1611980351,"path_taken":["M","?","M","M","M","R","E","R","T","M","$","?","E","M","R","BOSS","M","$","?","?","M","R","E","M","T","E"],"items_purchased_type":["Relic","Relic","Card","Relic","Card","Relic","Card"],"build_version":"2020-12-22","purchased_purges":4,"victory":false,"max_hp_per_floor":[75,75,75,75,75,75,75,75,75,75,75,75,75,75,75,75,75,75,75,75,75,75,75,75,75,75,75,75],"relic_stats":{"Nunchaku":[9],"Happy Flower":[19],"counters":[47,220],"Bag of Preparation":[4],"obtain_stats":[{"Enchiridion":21,"Runic Capacitor":0,"Juzu Bracelet":6,"Bag of Preparation":24,"hubris:EmptyBottle":12,"Smiling Mask":14,"ClockworkSouvenir":19,"Centennial Puzzle":8,"Nunchaku":7,"Strawberry":6,"Gambling Chip":21,"downfall:ExtraCursedKey":13,"Red Mask":0,"Chemical X":0,"Toxic Egg 2":11,"Cracked Core":0,"hubris:RGBLights":0,"Potion Belt":26,"Happy Flower":13,"Astrolabe":17,"PreservedInsect":0,"Pen Nib":26,"Orichalcum":0,"hubris:Towel":22,"hubris:PeanutButter":9,"Coffee Dripper":17,"Membership Card":4,"hubris:CrackedHourglass":17,"TungstenRod":0},{"Enchiridion":43,"Runic Capacitor":5,"Juzu Bracelet":10,"Bag of Preparation":45,"hubris:EmptyBottle":24,"Smiling Mask":12,"ClockworkSouvenir":43,"Centennial Puzzle":22,"Nunchaku":37,"Strawberry":20,"Gambling Chip":29,"downfall:ExtraCursedKey":12,"Red Mask":0,"Chemical X":0,"Toxic Egg 2":24,"Cracked Core":0,"hubris:RGBLights":32,"Potion Belt":46,"Happy Flower":40,"Astrolabe":14,"PreservedInsect":0,"Pen Nib":31,"Orichalcum":14,"hubris:Towel":29,"hubris:PeanutButter":11,"Coffee Dripper":42,"Membership Card":8,"hubris:CrackedHourglass":27,"TungstenRod":0},{"Enchiridion":176,"Runic Capacitor":13,"Juzu Bracelet":34,"Bag of Preparation":211,"hubris:EmptyBottle":86,"Smiling Mask":43,"ClockworkSouvenir":176,"Centennial Puzzle":80,"Nunchaku":150,"Strawberry":73,"Gambling Chip":115,"downfall:ExtraCursedKey":43,"Red Mask":0,"Chemical X":0,"Toxic Egg 2":86,"Cracked Core":0,"hubris:RGBLights":131,"Potion Belt":215,"Happy Flower":163,"Astrolabe":56,"PreservedInsect":0,"Pen Nib":122,"Orichalcum":56,"hubris:Towel":115,"hubris:PeanutButter":38,"Coffee Dripper":175,"Membership Card":24,"hubris:CrackedHourglass":107,"TungstenRod":0}],"TungstenRod":31},"card_choices":[{"not_picked":["Turbo","Leap","Tempest"],"picked":"SKIP","floor":1},{"not_picked":["Scrape","Blizzard"],"picked":"Chill","floor":3},{"not_picked":["Force Field","FTL","Chaos"],"picked":"SKIP","floor":4},{"not_picked":["Steam","Scrape"],"picked":"Redo","floor":5},{"not_picked":["Hologram","Creative AI"],"picked":"Conserve Battery","floor":7},{"not_picked":["Rebound","Gash"],"picked":"Ball Lightning","floor":10},{"not_picked":["Cold Snap","Tempest"],"picked":"Coolheaded","floor":12},{"not_picked":["Streamline","BootSequence"],"picked":"Cold Snap","floor":13},{"not_picked":["Rebound","Barrage"],"picked":"Ball Lightning","floor":14},{"not_picked":["Electrodynamics","Hyperbeam"],"picked":"hubris:SpecializedCircuitry","floor":16},{"not_picked":["Barrage","Stack","Hologram"],"picked":"SKIP","floor":18},{"not_picked":["Barrage+1","hubris:DoWhile","Hologram"],"picked":"SKIP","floor":22},{"not_picked":["Rip and Tear+1","Streamline","Steam"],"picked":"SKIP","floor":24},{"not_picked":["Reinforced Body+1","Beam Cell"],"picked":"Glacier","floor":25}],"player_experience":280390,"relics_obtained":[{"floor":7,"key":"Nunchaku"},{"floor":13,"key":"Happy Flower"},{"floor":21,"key":"Enchiridion"},{"floor":24,"key":"Bag of Preparation"},{"floor":26,"key":"Potion Belt"}],"event_choices":[{"damage_healed":0,"gold_gain":0,"player_choice":"Bought 2 Potions","damage_taken":0,"max_hp_gain":0,"max_hp_loss":0,"event_name":"The Woman in Blue","floor":2,"gold_loss":0},{"damage_healed":0,"gold_gain":0,"player_choice":"Ignored","damage_taken":0,"max_hp_gain":0,"max_hp_loss":0,"event_name":"Vampires","floor":20,"gold_loss":0},{"damage_healed":0,"gold_gain":0,"player_choice":"Obtained Book","damage_taken":16,"max_hp_gain":0,"max_hp_loss":0,"event_name":"Cursed Tome","floor":21,"gold_loss":0}],"is_beta":false,"boss_relics":[{"not_picked":["Pandora\u0027s Box","Runic Pyramid"],"picked":"Coffee Dripper"}],"items_purged_floors":[0,11,11,19],"is_endless":false,"potions_floor_spawned":[1,5,7,14,16,22,24,25],"killed_by":"Book of Stabbing","ascension_level":9}}