{"host":"aj7el8l5kufbk20z","time":1611997799,"event":{"mods":["AchievementEnabler","BaseMod","Colored Map","Colored Powertips","Curses Come First","Highlight Path","Minty Spire (QoL Compilation)","Permanent Neow","Poor People Problems","Quick Restart","Rare Cards Sparkle","Relic Stats","StSLib","SuperFastMode","Waifu the Spire"],"gold_per_floor":[109,184,194,214,666,697,697,729,754,774,792,652,670,699,699,770,770,788,216,236,249,249,249,282,666,666,666,696,696,727,741,741,812,812,832,370,418,418,434,468,479,479,479,512,532,564,564,577,577,577,577,577,577,32,61,61],"floor_reached":57,"language":"ZHS","playtime":3766,"items_purged":["Strike_G","Strike_G","Strike_G","Defend_G","Defend_G"],"score":3015,"play_id":"44e9e551-e8cc-4531-80c1-0fb727286159","local_time":"20210130170958","is_ascension_mode":true,"campfire_choices":[{"data":"Accuracy","floor":7.0,"key":"SMITH"},{"floor":15.0,"key":"RECALL"},{"data":"After Image","floor":23.0,"key":"SMITH"},{"data":"Envenom","floor":27.0,"key":"SMITH"},{"data":"Blade Dance","floor":32.0,"key":"SMITH"},{"data":"Footwork","floor":42.0,"key":"SMITH"},{"data":"Catalyst","floor":47.0,"key":"SMITH"},{"data":"Deadly Poison","floor":49.0,"key":"SMITH"},{"data":"Cloak And Dagger","floor":53.0,"key":"SMITH"}],"circlet_count":0,"master_deck":["AscendersBane","Strike_G+1","Strike_G+1","Defend_G+1","Defend_G+1","Survivor","Neutralize","Accuracy+1","Blade Dance+1","Blade Dance","Blur","Tactician","Prepared","Dodge and Roll","Adrenaline","Terror","After Image+1","Crippling Poison+1","Deadly Poison","Blade Dance+1","Envenom+1","PiercingWail","Deadly Poison+1","Footwork+1","Flash of Steel","Catalyst+1","Infinite Blades","Cloak And Dagger+1","Footwork","Backflip+1","PiercingWail"],"relics":["Black Star","Ancient Tea Set","CaptainsWheel","Lantern","War Paint","Tiny Chest","Gremlin Horn","Oddly Smooth Stone","Bronze Scales","Blue Candle","Anchor","WristBlade","Question Card","Bag of Preparation","Art of War","Potion Belt","ClockworkSouvenir","Boot","Eternal Feather","Singing Bowl","Whetstone","Matryoshka","Smiling Mask","SlaversCollar","Orichalcum","Toy Ornithopter","Strawberry","Snake Skull","Centennial Puzzle","Vajra","Nunchaku","Shuriken","Pen Nib","Omamori","Gambling Chip","Akabeko","Akabeko","Orrery","Bag of Marbles","Bottled Lightning"],"acts_visited":["Exordium","TheCity","TheBeyond","TheEnding"],"potions_floor_usage":[56,56,56,56,56,56,56,56],"damage_taken":[{"damage":23.0,"enemies":"Jaw Worm","floor":1.0,"turns":9.0},{"damage":0.0,"enemies":"2 Louse","floor":3.0,"turns":3.0},{"damage":7.0,"enemies":"Cultist","floor":4.0,"turns":6.0},{"damage":57.0,"enemies":"3 Sentries","floor":6.0,"turns":13.0},{"damage":12.0,"enemies":"Lagavulin","floor":8.0,"turns":5.0},{"damage":4.0,"enemies":"Exordium Wildlife","floor":10.0,"turns":3.0},{"damage":0.0,"enemies":"Blue Slaver","floor":11.0,"turns":4.0},{"damage":0.0,"enemies":"2 Fungi Beasts","floor":13.0,"turns":3.0},{"damage":54.0,"enemies":"Gremlin Nob","floor":14.0,"turns":5.0},{"damage":71.0,"enemies":"Slime Boss","floor":16.0,"turns":14.0},{"damage":4.0,"enemies":"Chosen","floor":18.0,"turns":7.0},{"damage":0.0,"enemies":"Shell Parasite","floor":20.0,"turns":2.0},{"damage":0.0,"enemies":"Sentry and Sphere","floor":21.0,"turns":4.0},{"damage":0.0,"enemies":"Slavers","floor":24.0,"turns":2.0},{"damage":0.0,"enemies":"Book of Stabbing","floor":28.0,"turns":4.0},{"damage":1.0,"enemies":"Gremlin Leader","floor":30.0,"turns":3.0},{"damage":0.0,"enemies":"3 Cultists","floor":31.0,"turns":3.0},{"damage":12.0,"enemies":"Champ","floor":33.0,"turns":8.0},{"damage":0.0,"enemies":"3 Darklings","floor":35.0,"turns":2.0},{"damage":0.0,"enemies":"Orb Walker","floor":39.0,"turns":4.0},{"damage":0.0,"enemies":"Giant Head","floor":40.0,"turns":5.0},{"damage":0.0,"enemies":"Sphere and 2 Shapes","floor":41.0,"turns":4.0},{"damage":4.0,"enemies":"Nemesis","floor":44.0,"turns":3.0},{"damage":17.0,"enemies":"Transient","floor":45.0,"turns":6.0},{"damage":19.0,"enemies":"Giant Head","floor":46.0,"turns":5.0},{"damage":0.0,"enemies":"3 Darklings","floor":48.0,"turns":3.0},{"damage":72.0,"enemies":"Time Eater","floor":50.0,"turns":8.0},{"damage":3.0,"enemies":"Donu and Deca","floor":51.0,"turns":6.0},{"damage":27.0,"enemies":"Shield and Spear","floor":55.0,"turns":5.0},{"damage":69,"enemies":"The Heart","floor":56,"turns":6}],"seed_played":"9145778383840604334","potions_obtained":[{"floor":4.0,"key":"DuplicationPotion"},{"floor":10.0,"key":"Weak Potion"},{"floor":13.0,"key":"Poison Potion"},{"floor":16.0,"key":"CunningPotion"},{"floor":18.0,"key":"PowerPotion"},{"floor":20.0,"key":"Fruit Juice"},{"floor":28.0,"key":"SpeedPotion"},{"floor":33.0,"key":"EssenceOfSteel"},{"floor":35.0,"key":"Block Potion"},{"floor":40.0,"key":"Block Potion"},{"floor":41.0,"key":"EntropicBrew"},{"floor":45.0,"key":"EntropicBrew"}],"is_trial":false,"path_per_floor":["M","?","M","M","$","E","R","E","T","M","M","?","M","E","R","B",null,"M","$","M","M","?","R","E","$","T","R","E","?","E","M","R","B",null,"M","$","T","?","M","E","M","R","T","E","M","E","R","M","R","B","B",null,"R","$","E","B",null],"character_chosen":"THE_SILENT","items_purchased":["Ancient Tea Set","CaptainsWheel","Blade Dance","Question Card","Bag of Preparation","Deadly Poison","Explosive Potion","ClockworkSouvenir","Boot","Orichalcum","Toy Ornithopter","Footwork","Akabeko","Akabeko","Orrery"],"campfire_rested":0,"item_purchase_floors":[5,5,5,19,19,19,25,25,25,36,36,36,54,54,54],"current_hp_per_floor":[36,66,66,59,59,46,46,34,34,66,66,66,66,57,57,53,63,59,59,64,64,64,64,64,64,64,71,71,71,72,72,73,63,72,74,74,81,81,83,83,85,88,88,84,69,50,65,67,82,10,89,91,92,96,98,44],"gold":61,"neow_bonus":"BOSS_RELIC","is_daily":false,"chose_seed":false,"campfire_upgraded":8,"win_rate":0.0,"timestamp":1611997798,"path_taken":["M","?","M","M","$","E","R","E","T","M","M","?","M","E","R","BOSS","M","$","M","M","?","R","E","$","T","R","E","?","E","M","R","BOSS","M","$","?","?","M","E","M","R","T","E","M","E","R","M","R","BOSS","BOSS","R","$","E","BOSS"],"items_purchased_type":["Relic","Relic","Card","Relic","Relic","Card","Potion","Relic","Relic","Relic","Relic","Card","Relic","Relic","Relic"],"build_version":"2020-12-22","purchased_purges":5,"victory":true,"max_hp_per_floor":[66,66,66,66,66,66,66,66,66,66,66,66,66,66,66,66,66,66,66,71,71,71,71,71,71,71,71,71,71,73,73,73,75,75,77,77,84,84,86,86,88,88,88,88,90,90,90,92,92,92,92,92,92,96,98,98],"relic_stats":{"Gremlin Horn":[20,20],"Singing Bowl":20,"counters":[30,155],"Blue Candle":[0],"Eternal Feather":42,"Snake Skull":[150],"Pen Nib":[15],"Bag of Preparation":[38],"Whetstone":["Strike_G","Strike_G"],"War Paint":["Defend_G","Defend_G"],"Orichalcum":[18],"Question Card":22,"Boot":[7],"Smiling Mask":225,"Centennial Puzzle":[21],"Nunchaku":[16],"Shuriken":[40],"Bronze Scales":[385],"Gambling Chip":[18],"Tiny Chest":1,"Black Star":10,"Art of War":[8],"obtain_stats":[{"Lantern":6,"Gremlin Horn":8,"Singing Bowl":28,"Vajra":40,"Snake Skull":37,"Bag of Preparation":19,"Whetstone":28,"Ancient Tea Set":5,"Boot":25,"Smiling Mask":30,"ClockworkSouvenir":25,"Centennial Puzzle":40,"Nunchaku":43,"Matryoshka":30,"WristBlade":17,"Strawberry":37,"Gambling Chip":46,"Tiny Chest":8,"Ring of the Snake":0,"Potion Belt":24,"Blue Candle":14,"Oddly Smooth Stone":9,"Eternal Feather":26,"Pen Nib":44,"Omamori":46,"War Paint":6,"Orichalcum":36,"Question Card":19,"Akabeko":54,"SlaversCollar":34,"CaptainsWheel":5,"Anchor":14,"Shuriken":44,"Bronze Scales":12,"Orrery":54,"Black Star":0,"Art of War":24,"Bag of Marbles":55,"Bottled Lightning":55,"Toy Ornithopter":36},{"Lantern":4,"Gremlin Horn":5,"Singing Bowl":15,"Vajra":21,"Snake Skull":19,"Bag of Preparation":11,"Whetstone":15,"Ancient Tea Set":3,"Boot":14,"Smiling Mask":16,"ClockworkSouvenir":14,"Centennial Puzzle":21,"Nunchaku":22,"Matryoshka":16,"WristBlade":10,"Strawberry":19,"Gambling Chip":25,"Tiny Chest":5,"Ring of the Snake":0,"Potion Belt":14,"Blue Candle":9,"Oddly Smooth Stone":5,"Eternal Feather":14,"Pen Nib":23,"Omamori":25,"War Paint":4,"Orichalcum":19,"Question Card":11,"Akabeko":28,"SlaversCollar":18,"CaptainsWheel":3,"Anchor":9,"Shuriken":23,"Bronze Scales":7,"Orrery":28,"Black Star":0,"Art of War":14,"Bag of Marbles":29,"Bottled Lightning":29,"Toy Ornithopter":19},{"Lantern":31,"Gremlin Horn":36,"Singing Bowl":84,"Vajra":109,"Snake Skull":100,"Bag of Preparation":72,"Whetstone":84,"Ancient Tea Set":18,"Boot":80,"Smiling Mask":87,"ClockworkSouvenir":80,"Centennial Puzzle":109,"Nunchaku":113,"Matryoshka":87,"WristBlade":65,"Strawberry":100,"Gambling Chip":127,"Tiny Chest":36,"Ring of the Snake":0,"Potion Belt":80,"Blue Candle":51,"Oddly Smooth Stone":36,"Eternal Feather":80,"Pen Nib":116,"Omamori":127,"War Paint":31,"Orichalcum":100,"Question Card":72,"Akabeko":144,"SlaversCollar":98,"CaptainsWheel":18,"Anchor":51,"Shuriken":116,"Bronze Scales":43,"Orrery":144,"Black Star":0,"Art of War":80,"Bag of Marbles":149,"Bottled Lightning":149,"Toy Ornithopter":100}],"Toy Ornithopter":20},"card_choices":[{"not_picked":["Sucker Punch","Expertise"],"picked":"Accuracy","floor":1.0},{"not_picked":["Distraction","Slice","Concentrate"],"picked":"SKIP","floor":3.0},{"not_picked":["Dagger Throw","Flying Knee"],"picked":"Blade Dance","floor":4.0},{"not_picked":["Bane","Corpse Explosion"],"picked":"Blur","floor":6.0},{"not_picked":["Underhanded Strike","Deadly Poison"],"picked":"Tactician","floor":8.0},{"not_picked":["Bane","Concentrate"],"picked":"Prepared","floor":10.0},{"not_picked":["Choke","Quick Slash"],"picked":"Dodge and Roll","floor":11.0},{"not_picked":["Poisoned Stab","Deadly Poison"],"picked":"Adrenaline","floor":13.0},{"not_picked":["Eviscerate","Dodge and Roll"],"picked":"Terror","floor":14.0},{"not_picked":["Unload","Die Die Die"],"picked":"After Image","floor":16.0},{"not_picked":["Outmaneuver","Flying Knee"],"picked":"Crippling Poison+1","floor":18.0},{"not_picked":["Outmaneuver","Predator","Prepared+1","Poisoned Stab+1"],"picked":"SKIP","floor":20.0},{"not_picked":["Dagger Throw","Eviscerate","Underhanded Strike+1"],"picked":"Blade Dance+1","floor":21.0},{"not_picked":["Prepared","Poisoned Stab","Sucker Punch"],"picked":"Envenom","floor":24.0},{"not_picked":["Setup+1","Sucker Punch+1","Deflect"],"picked":"PiercingWail","floor":28.0},{"not_picked":["Distraction","Dodge and Roll","Doppelganger","Choke"],"picked":"Singing Bowl","floor":30.0},{"not_picked":["Slice","Outmaneuver","Underhanded Strike"],"picked":"Deadly Poison","floor":31.0},{"not_picked":["Tools of the Trade","Die Die Die","Night Terror","Storm of Steel"],"picked":"Singing Bowl","floor":33.0},{"not_picked":["Dodge and Roll","Skewer","Predator","Sucker Punch"],"picked":"Singing Bowl","floor":35.0},{"not_picked":["HandOfGreed","Swift Strike","Magnetism"],"picked":"Flash of Steel","floor":38.0},{"not_picked":["Heel Hook","Outmaneuver","Tactician+1","PiercingWail+1"],"picked":"Singing Bowl","floor":39.0},{"not_picked":["Bouncing Flask","Bane+1","Expertise+1"],"picked":"Catalyst","floor":40.0},{"not_picked":["Dagger Throw+1","Sucker Punch+1","Deflect","Caltrops"],"picked":"Singing Bowl","floor":41.0},{"not_picked":["Malaise","Deflect+1","Backflip"],"picked":"Infinite Blades","floor":44.0},{"not_picked":["Tactician","Underhanded Strike","Sucker Punch","Dagger Throw"],"picked":"Singing Bowl","floor":45.0},{"not_picked":["Sucker Punch","Dodge and Roll","PiercingWail"],"picked":"Cloak And Dagger","floor":46.0},{"not_picked":["Flechettes","Bane","Flying Knee","Slice"],"picked":"Singing Bowl","floor":48.0},{"not_picked":["Dodge and Roll","Blur","Outmaneuver"],"picked":"Footwork","floor":54.0},{"not_picked":["Die Die Die","Deflect","Backstab","Catalyst+1"],"picked":"Singing Bowl","floor":54.0},{"not_picked":["Crippling Poison","Blade Dance","Catalyst"],"picked":"Backflip+1","floor":54.0},{"not_picked":["Blade Dance","Deflect","Slice"],"picked":"PiercingWail","floor":54.0},{"not_picked":["Deflect","Underhanded Strike+1","Skewer","Poisoned Stab"],"picked":"Singing Bowl","floor":54.0},{"not_picked":["Bane","Dash","Expertise+1","Quick Slash"],"picked":"Singing Bowl","floor":55.0}],"player_experience":317113,"relics_obtained":[{"floor":6.0,"key":"Lantern"},{"floor":6.0,"key":"War Paint"},{"floor":8.0,"key":"Tiny Chest"},{"floor":8.0,"key":"Gremlin Horn"},{"floor":9.0,"key":"Oddly Smooth Stone"},{"floor":14.0,"key":"Blue Candle"},{"floor":14.0,"key":"Anchor"},{"floor":24.0,"key":"Art of War"},{"floor":24.0,"key":"Potion Belt"},{"floor":26.0,"key":"Eternal Feather"},{"floor":28.0,"key":"Singing Bowl"},{"floor":28.0,"key":"Whetstone"},{"floor":30.0,"key":"Matryoshka"},{"floor":30.0,"key":"Smiling Mask"},{"floor":37.0,"key":"Strawberry"},{"floor":37.0,"key":"Snake Skull"},{"floor":40.0,"key":"Centennial Puzzle"},{"floor":40.0,"key":"Vajra"},{"floor":43.0,"key":"Nunchaku"},{"floor":44.0,"key":"Shuriken"},{"floor":44.0,"key":"Pen Nib"},{"floor":46.0,"key":"Omamori"},{"floor":46.0,"key":"Gambling Chip"},{"floor":55.0,"key":"Bag of Marbles"},{"floor":55.0,"key":"Bottled Lightning"}],"event_choices":[{"damage_healed":0.0,"max_hp_gain":0.0,"max_hp_loss":0.0,"gold_gain":75.0,"event_name":"World of Goop","player_choice":"Gather Gold","floor":2.0,"gold_loss":0.0,"damage_taken":11.0},{"damage_healed":0.0,"max_hp_gain":0.0,"max_hp_loss":0.0,"gold_gain":0.0,"event_name":"WeMeetAgain","player_choice":"Paid Gold","floor":12.0,"gold_loss":140.0,"damage_taken":0.0,"relics_obtained":["Bronze Scales"]},{"damage_healed":0.0,"max_hp_gain":0.0,"max_hp_loss":0.0,"gold_gain":0.0,"event_name":"Ghosts","player_choice":"Ignored","floor":22.0,"gold_loss":0.0,"damage_taken":0.0},{"cards_removed":["Defend_G"],"damage_healed":0.0,"max_hp_gain":0.0,"max_hp_loss":0.0,"gold_gain":0.0,"event_name":"Back to Basics","player_choice":"Elegance","floor":29.0,"gold_loss":0.0,"damage_taken":0.0},{"damage_healed":0.0,"max_hp_gain":0.0,"max_hp_loss":0.0,"gold_gain":0.0,"event_name":"SensoryStone","player_choice":"Memory 1","floor":38.0,"gold_loss":0.0,"damage_taken":0.0}],"is_beta":false,"boss_relics":[{"not_picked":["SacredBark","Coffee Dripper"],"picked":"WristBlade"},{"not_picked":["Tiny House","Astrolabe"],"picked":"SlaversCollar"}],"items_purged_floors":[5,19,25,36,54],"is_endless":false,"potions_floor_spawned":[4,10,13,16,18,20,28,33,35,40,41,45],"ascension_level":20}}