{"host":"gobyjzz6xbwq9f9i","time":1611971006,"event":{"mods":["AchievementEnabler","BaseMod","Bestiary","Colored Map","Minty Spire (QoL Compilation)","Relic Stats"],"gold_per_floor":[110,121,140,153,153,181,181,206,232,232,251,251,103,114,114,216,216,227,244,254,9,24,24,53,53,131,131,131],"floor_reached":27,"language":"ENG","playtime":1145,"items_purged":[],"score":405,"play_id":"3985254a-9eeb-407a-abbb-53f2abb2a0c7","local_time":"20210129174326","is_ascension_mode":true,"campfire_choices":[{"floor":7.0,"key":"REST"},{"data":"Eruption","floor":12,"key":"SMITH"},{"data":"TalkToTheHand","floor":15,"key":"SMITH"},{"floor":23,"key":"REST"},{"data":"TalkToTheHand","floor":25,"key":"SMITH"}],"circlet_count":0,"master_deck":["AscendersBane","Eruption+1","Vigilance","Protect","JustLucky","FlyingSleeves","EmptyFist","Tantrum","CutThroughFate","CutThroughFate","TalkToTheHand+1","Fasting2","ReachHeaven","DevaForm","MentalFortress","WreathOfFlame","JustLucky","Protect","DeceiveReality","Collect","EmptyFist","WheelKick","Meditate","ThirdEye+1","TalkToTheHand+1","FlurryOfBlows","InnerPeace+1","MentalFortress"],"relics":["PureWater","Gambling Chip","Omamori","Ancient Tea Set","Dream Catcher","Pandora\u0027s Box","Eternal Feather","Vajra","Matryoshka"],"acts_visited":["Exordium","TheCity"],"potions_floor_usage":[8,20,22,27],"damage_taken":[{"damage":0.0,"enemies":"Small Slimes","floor":1.0,"turns":6.0},{"damage":2.0,"enemies":"2 Louse","floor":2.0,"turns":3.0},{"damage":0.0,"enemies":"Cultist","floor":3.0,"turns":3.0},{"damage":3.0,"enemies":"3 Louse","floor":4.0,"turns":4.0},{"damage":18.0,"enemies":"3 Sentries","floor":6.0,"turns":9.0},{"damage":0,"enemies":"Gremlin Nob","floor":8,"turns":2},{"damage":0,"enemies":"Blue Slaver","floor":11,"turns":4},{"damage":0,"enemies":"Looter","floor":14,"turns":4},{"damage":9,"enemies":"Hexaghost","floor":16,"turns":5},{"damage":0,"enemies":"Spheric Guardian","floor":18,"turns":2},{"damage":26,"enemies":"2 Thieves","floor":19,"turns":4},{"damage":21,"enemies":"Snake Plant","floor":20,"turns":6},{"damage":4,"enemies":"Shelled Parasite and Fungi","floor":22,"turns":4},{"damage":31,"enemies":"Book of Stabbing","floor":24,"turns":5},{"damage":42,"enemies":"Slavers","floor":27,"turns":2}],"seed_played":"-6108860374164145023","potions_obtained":[{"floor":1.0,"key":"Block Potion"},{"floor":3.0,"key":"Strength Potion"},{"floor":6.0,"key":"AttackPotion"},{"floor":11,"key":"ColorlessPotion"},{"floor":19,"key":"BottledMiracle"},{"floor":20,"key":"Fruit Juice"}],"is_trial":false,"path_per_floor":["M","M","M","M","?","E","R","E","T","?","M","R","$","M","R","B",null,"M","M","M","$","M","R","E","R","T","E"],"character_chosen":"WATCHER","items_purchased":["TalkToTheHand","Fasting2","Eternal Feather"],"campfire_rested":2,"item_purchase_floors":[13,13,21],"current_hp_per_floor":[47,45,45,42,28,10,31,31,31,31,31,31,31,31,31,22,60,60,34,18,18,14,52,21,36,36,0,0],"gold":131,"neow_bonus":"ONE_RARE_RELIC","is_daily":false,"chose_seed":false,"campfire_upgraded":3,"win_rate":0.0,"timestamp":1611971006,"path_taken":["M","M","M","M","?","E","R","E","T","?","M","R","$","?","R","BOSS","M","M","M","$","M","R","E","R","T","E"],"items_purchased_type":["Card","Card","Relic"],"build_version":"2020-12-22","purchased_purges":0,"victory":false,"max_hp_per_floor":[72,72,72,72,72,72,72,72,72,72,72,72,72,72,72,72,72,72,72,77,77,77,77,77,77,77,77,77],"relic_stats":{"Dream Catcher":1,"counters":[15,63],"Gambling Chip":[43],"Pandora\u0027s Box":["MentalFortress","WreathOfFlame","JustLucky","Protect","DeceiveReality","Collect","EmptyFist","WheelKick"],"Eternal Feather":30,"obtain_stats":[{"Dream Catcher":9,"Matryoshka":26,"Gambling Chip":0,"Vajra":24,"Pandora\u0027s Box":17,"Eternal Feather":21,"Omamori":6,"PureWater":0,"Ancient Tea Set":8},{"Dream Catcher":6,"Matryoshka":14,"Gambling Chip":0,"Vajra":14,"Pandora\u0027s Box":9,"Eternal Feather":12,"Omamori":5,"PureWater":0,"Ancient Tea Set":6},{"Dream Catcher":27,"Matryoshka":61,"Gambling Chip":0,"Vajra":61,"Pandora\u0027s Box":40,"Eternal Feather":52,"Omamori":25,"PureWater":0,"Ancient Tea Set":27}]},"card_choices":[{"not_picked":["MentalFortress","JustLucky"],"picked":"Protect","floor":1.0},{"not_picked":["Adaptation","Worship"],"picked":"JustLucky","floor":2.0},{"not_picked":["SashWhip","Study"],"picked":"FlyingSleeves","floor":3.0},{"not_picked":["Study","ClearTheMind"],"picked":"EmptyFist","floor":4.0},{"not_picked":["Consecrate","WreathOfFlame"],"picked":"Tantrum","floor":6.0},{"not_picked":["Blasphemy","EmptyBody"],"picked":"CutThroughFate","floor":8},{"not_picked":["BowlingBash","Indignation"],"picked":"CutThroughFate","floor":11},{"not_picked":["EmptyFist","FlyingSleeves"],"picked":"ReachHeaven","floor":14},{"not_picked":["Omniscience","DeusExMachina"],"picked":"DevaForm","floor":16},{"not_picked":["FlyingSleeves","SashWhip"],"picked":"Meditate","floor":18},{"not_picked":["Prostrate","Crescendo"],"picked":"ThirdEye+1","floor":19},{"not_picked":["FollowUp","JustLucky"],"picked":"TalkToTheHand","floor":20},{"not_picked":["EmptyFist","Fasting2"],"picked":"FlurryOfBlows","floor":22},{"not_picked":["Protect","SashWhip"],"picked":"InnerPeace+1","floor":23},{"not_picked":["FollowUp","LikeWater"],"picked":"MentalFortress","floor":24}],"player_experience":1208020,"relics_obtained":[{"floor":6.0,"key":"Omamori"},{"floor":8,"key":"Ancient Tea Set"},{"floor":9,"key":"Dream Catcher"},{"floor":24,"key":"Vajra"},{"floor":26,"key":"Matryoshka"}],"event_choices":[{"damage_healed":0.0,"max_hp_gain":0.0,"max_hp_loss":0.0,"gold_gain":0.0,"event_name":"Shining Light","player_choice":"Entered Light","floor":5.0,"gold_loss":0.0,"damage_taken":14.0,"cards_upgraded":["Defend_P","Defend_P"]},{"damage_healed":0,"gold_gain":0,"player_choice":"Ignored","damage_taken":0,"max_hp_gain":0,"max_hp_loss":0,"event_name":"NoteForYourself","floor":10,"gold_loss":0}],"is_beta":false,"boss_relics":[{"not_picked":["Tiny House","Sozu"],"picked":"Pandora\u0027s Box"}],"items_purged_floors":[],"is_endless":false,"potions_floor_spawned":[1,3,6,11,19,20],"killed_by":"Slavers","ascension_level":10}}