{"host":"gaqyve1328ta0etl","time":1611968221,"event":{"mods":["BaseMod","Colored Map","Colored Powertips","Googly Eyes","Minty Spire (QoL Compilation)","Shop Mod","StSLib","SuperFastMode","The Hierophant","The Runesmith"],"gold_per_floor":[109,109,124,124,124,124,138,138,138,138,63,77,8,24,24,127,127,141,141,156,56,71,102,102,102,102,102,114,42,6,22,22,22,22],"floor_reached":33,"language":"ENG","playtime":925,"items_purged":["Strike_G","Defend_G"],"score":395,"play_id":"6310154f-9705-4999-be46-9b7c17fc7007","local_time":"20210129165701","is_ascension_mode":true,"campfire_choices":[{"data":"Neutralize","floor":6,"key":"SMITH"},{"data":"Dagger Spray","floor":8,"key":"SMITH"},{"data":"Slice","floor":10,"key":"SMITH"},{"data":"Glass Knife","floor":15,"key":"SMITH"},{"floor":27,"key":"REST"},{"data":"Adrenaline","floor":32,"key":"SMITH"}],"circlet_count":0,"master_deck":["AscendersBane","Defend_G","Defend_G","Defend_G","Defend_G","Survivor","Neutralize+1","Slice+1","Dagger Spray+1","All Out Attack","Footwork","Glass Knife+1","Adrenaline+1","Footwork","Noxious Fumes"],"relics":["Ring of the Snake","Question Card","HoveringKite","Oddly Smooth Stone","InkBottle","Vajra"],"acts_visited":["Exordium","TheCity"],"potions_floor_usage":[23,23],"damage_taken":[{"damage":0,"enemies":"2 Louse","floor":1,"turns":6},{"damage":5,"enemies":"Jaw Worm","floor":3,"turns":9},{"damage":0,"enemies":"Small Slimes","floor":7,"turns":4},{"damage":0,"enemies":"Blue Slaver","floor":12,"turns":4},{"damage":0,"enemies":"3 Louse","floor":14,"turns":1},{"damage":4,"enemies":"The Guardian","floor":16,"turns":17},{"damage":0,"enemies":"3 Byrds","floor":18,"turns":3},{"damage":0,"enemies":"Chosen","floor":20,"turns":4},{"damage":10,"enemies":"3 Cultists","floor":22,"turns":4},{"damage":6,"enemies":"Gremlin Leader","floor":23,"turns":9},{"damage":4,"enemies":"Shelled Parasite and Fungi","floor":28,"turns":6},{"damage":5,"enemies":"Snecko","floor":31,"turns":5},{"damage":72,"enemies":"Champ","floor":33,"turns":12}],"seed_played":"-1755690093195216084","potions_obtained":[{"floor":1,"key":"GamblersBrew"},{"floor":7,"key":"Energy Potion"},{"floor":20,"key":"SkillPotion"}],"is_trial":false,"path_per_floor":["M","?","M","?","?","R","M","R","T","R","$","M","$","M","R","B",null,"M","?","M","$","M","E","$","?","T","R","M","?","$","M","R","B"],"character_chosen":"THE_SILENT","items_purchased":["Footwork","Noxious Fumes"],"campfire_rested":1,"item_purchase_floors":[13,30],"current_hp_per_floor":[63,56,51,51,56,56,56,56,56,56,56,56,56,56,56,52,64,64,58,58,58,48,42,42,42,42,62,58,58,58,53,53,0,0],"gold":22,"neow_bonus":"REMOVE_TWO","is_daily":false,"chose_seed":false,"campfire_upgraded":5,"win_rate":0.0,"timestamp":1611968221,"path_taken":["M","?","M","?","?","R","M","R","T","R","?","M","$","M","R","BOSS","M","?","M","$","?","E","?","?","T","R","M","?","$","M","R","BOSS"],"items_purchased_type":["Card","Card"],"build_version":"2020-12-22","purchased_purges":2,"victory":false,"max_hp_per_floor":[63,63,63,63,68,68,68,68,68,68,68,68,68,68,68,68,68,68,68,68,68,68,68,68,68,68,68,68,68,68,68,68,68,68],"card_choices":[{"not_picked":["Dodge and Roll","Acrobatics"],"picked":"Slice","floor":1},{"not_picked":["Endless Agony","Sucker Punch"],"picked":"Dagger Spray","floor":3},{"not_picked":["Reflex","Cloak And Dagger","Prepared"],"picked":"SKIP","floor":7},{"not_picked":["Prepared","Deadly Poison","Quick Slash"],"picked":"All Out Attack","floor":12},{"not_picked":["Backflip","Accuracy","Sucker Punch"],"picked":"Glass Knife","floor":14},{"not_picked":["Storm of Steel","After Image","Night Terror"],"picked":"Adrenaline","floor":16},{"not_picked":["Eviscerate","Quick Slash","Tactician+1","Masterful Stab"],"picked":"SKIP","floor":18},{"not_picked":["Dash","Dodge and Roll","Finisher","Flechettes"],"picked":"SKIP","floor":20},{"not_picked":["Endless Agony","Bane+1","Crippling Poison"],"picked":"Footwork","floor":22},{"not_picked":["Poisoned Stab","Bane","Masterful Stab+1","Skewer"],"picked":"SKIP","floor":23},{"not_picked":["Prepared+1","Flying Knee","Blade Dance","Sucker Punch"],"picked":"SKIP","floor":28},{"not_picked":["Expertise+1","Deadly Poison","Bane","Acrobatics"],"picked":"SKIP","floor":31}],"player_experience":2055707,"relics_obtained":[{"floor":9,"key":"Question Card"},{"floor":23,"key":"Oddly Smooth Stone"},{"floor":26,"key":"InkBottle"}],"event_choices":[{"cards_removed":["Strike_G"],"damage_healed":0,"gold_gain":0,"player_choice":"Card Removal","damage_taken":7,"max_hp_gain":0,"max_hp_loss":0,"event_name":"Golden Wing","floor":2,"gold_loss":0},{"cards_removed":["Strike_G"],"damage_healed":0,"gold_gain":0,"player_choice":"Forget","damage_taken":0,"max_hp_gain":0,"max_hp_loss":0,"event_name":"Living Wall","floor":4,"gold_loss":0},{"damage_healed":0,"gold_gain":0,"player_choice":"Donut","damage_taken":0,"max_hp_gain":5,"max_hp_loss":0,"event_name":"Big Fish","floor":5,"gold_loss":0},{"damage_healed":0,"gold_gain":0,"player_choice":"","damage_taken":6,"max_hp_gain":0,"max_hp_loss":0,"event_name":"Knowing Skull","floor":19,"potions_obtained":[],"gold_loss":0,"cards_obtained":[]},{"damage_healed":0,"gold_gain":0,"player_choice":"Ignored","damage_taken":0,"max_hp_gain":0,"max_hp_loss":0,"event_name":"Vampires","floor":25,"gold_loss":0},{"damage_healed":0,"gold_gain":0,"player_choice":"Paid Gold","damage_taken":0,"relics_obtained":["Vajra"],"max_hp_gain":0,"max_hp_loss":0,"event_name":"WeMeetAgain","floor":29,"gold_loss":72}],"is_beta":false,"boss_relics":[{"not_picked":["Velvet Choker","Astrolabe"],"picked":"HoveringKite"}],"items_purged_floors":[11,21],"is_endless":false,"potions_floor_spawned":[1,7,14,18,20],"killed_by":"Champ","ascension_level":11}}