{"host":"sp1f3sybb350mzsh","time":1611996157,"event":{"mods":["AchievementEnabler","BaseMod","Bestiary","Colored Map","Colored Powertips","Filter the Spire","Minty Spire (QoL Compilation)","Puzzle Mod","Relic Stats","StSLib"],"gold_per_floor":[219,239,87,98,116,144,158,169,193,143,218,232,232,259,259,356,356,374,358,233,332,332,332],"floor_reached":22,"language":"ENG","playtime":962,"items_purged":["Strike_B"],"score":198,"play_id":"dda3ee18-e2fd-4e6c-bd23-5df18b218c37","local_time":"20210130024237","is_ascension_mode":false,"campfire_choices":[{"data":"Loop","floor":13,"key":"SMITH"},{"floor":15,"key":"REST"}],"circlet_count":0,"master_deck":["Strike_B","Strike_B","Defend_B+1","Defend_B+1","Defend_B","Defend_B","Zap","Dualcast","Beam Cell","Auto Shields","Hello World","Cold Snap","Leap","Sweeping Beam","Compile Driver","Storm","Loop+1","Glacier","Self Repair","Chaos","Stack","Machine Learning","Capacitor","Tempest","Blizzard"],"relics":["Cracked Core","Orrery","The Courier","Boot","War Paint","Runic Pyramid"],"acts_visited":["Exordium","TheCity"],"potions_floor_usage":[12,14,14],"damage_taken":[{"damage":5.0,"enemies":"Small Slimes","floor":1.0,"turns":4.0},{"damage":1.0,"enemies":"Cultist","floor":2.0,"turns":3.0},{"damage":0.0,"enemies":"2 Louse","floor":4.0,"turns":2.0},{"damage":7.0,"enemies":"2 Fungi Beasts","floor":5.0,"turns":3.0},{"damage":25,"enemies":"3 Sentries","floor":6,"turns":6},{"damage":0,"enemies":"Exordium Thugs","floor":7,"turns":5},{"damage":9,"enemies":"Blue Slaver","floor":8,"turns":4},{"damage":8,"enemies":"Lots of Slimes","floor":12,"turns":5},{"damage":17,"enemies":"Gremlin Nob","floor":14,"turns":4},{"damage":36,"enemies":"The Guardian","floor":16,"turns":14},{"damage":10,"enemies":"Chosen","floor":18,"turns":5},{"damage":15,"enemies":"2 Thieves","floor":19,"turns":4},{"damage":18,"enemies":"Snake Plant","floor":22,"turns":3}],"seed_played":"-6461861292715937877","potions_obtained":[{"floor":1.0,"key":"EssenceOfSteel"},{"floor":5.0,"key":"FearPotion"},{"floor":8,"key":"DuplicationPotion"},{"floor":14,"key":"ColorlessPotion"},{"floor":16,"key":"SteroidPotion"},{"floor":18,"key":"Explosive Potion"}],"is_trial":false,"path_per_floor":["M","M","$","M","M","E","M","M","T","?","?","M","R","E","R","B",null,"M","M","$","?","M"],"character_chosen":"DEFECT","items_purchased":["Orrery","Blizzard"],"campfire_rested":1,"item_purchase_floors":[3,20],"current_hp_per_floor":[70,69,69,69,62,37,37,35,35,35,28,27,27,17,39,10,75,72,64,64,64,46,46],"gold":332,"neow_bonus":"HUNDRED_GOLD","is_daily":false,"chose_seed":false,"campfire_upgraded":1,"win_rate":0.0,"timestamp":1611996157,"path_taken":["M","M","$","M","M","E","M","M","T","?","?","?","R","E","R","BOSS","M","M","$","?","M"],"items_purchased_type":["Relic","Card"],"build_version":"2020-12-22","purchased_purges":1,"victory":false,"max_hp_per_floor":[75,75,75,75,75,75,75,75,75,75,75,75,75,75,75,75,75,75,75,75,75,75,75],"relic_stats":{"counters":[13,61],"War Paint":["Defend_B","Defend_B"],"Boot":[33],"obtain_stats":[{"Orrery":3,"The Courier":6,"War Paint":14,"Cracked Core":0,"Boot":9,"Runic Pyramid":17},{"Orrery":2,"The Courier":5,"War Paint":9,"Cracked Core":0,"Boot":7,"Runic Pyramid":10},{"Orrery":7,"The Courier":18,"War Paint":36,"Cracked Core":0,"Boot":27,"Runic Pyramid":50}]},"card_choices":[{"not_picked":["Recycle","Aggregate"],"picked":"Beam Cell","floor":1.0},{"not_picked":["Turbo","Blizzard"],"picked":"Auto Shields","floor":2.0},{"not_picked":["Lockon","Doom and Gloom"],"picked":"Hello World","floor":3.0},{"not_picked":["Barrage","Redo"],"picked":"Cold Snap","floor":3.0},{"not_picked":["Go for the Eyes","Turbo"],"picked":"Leap","floor":3.0},{"not_picked":["Beam Cell","Fusion"],"picked":"Sweeping Beam","floor":3.0},{"not_picked":["Leap","Sweeping Beam"],"picked":"Compile Driver","floor":3.0},{"not_picked":["Undo","Go for the Eyes"],"picked":"Storm","floor":4.0},{"not_picked":["Chaos","Steam"],"picked":"Loop","floor":5.0},{"not_picked":["Ball Lightning","Barrage"],"picked":"Glacier","floor":6},{"not_picked":["Scrape","Heatsinks"],"picked":"Self Repair","floor":7},{"not_picked":["Double Energy","Chill"],"picked":"Chaos","floor":8},{"not_picked":["Leap","Hello World","Double Energy"],"picked":"SKIP","floor":12},{"not_picked":["Tempest","Cold Snap"],"picked":"Stack","floor":14},{"not_picked":["Multi-Cast","Reboot"],"picked":"Machine Learning","floor":16},{"not_picked":["Glacier+1","Rebound"],"picked":"Capacitor","floor":18},{"not_picked":["Redo","Genetic Algorithm"],"picked":"Tempest","floor":19}],"player_experience":144939,"relics_obtained":[{"floor":6,"key":"The Courier"},{"floor":9,"key":"Boot"},{"floor":14,"key":"War Paint"}],"event_choices":[{"cards_removed":["Strike_B"],"damage_healed":0,"gold_gain":0,"player_choice":"Card Removal","damage_taken":0,"max_hp_gain":0,"max_hp_loss":0,"event_name":"The Cleric","floor":10,"gold_loss":50},{"damage_healed":0,"gold_gain":75,"player_choice":"Touch","damage_taken":7,"max_hp_gain":0,"max_hp_loss":0,"event_name":"FaceTrader","floor":11,"gold_loss":0},{"damage_healed":0,"gold_gain":99,"player_choice":"Stole From Cult","damage_taken":0,"max_hp_gain":0,"max_hp_loss":0,"event_name":"Nest","floor":21,"gold_loss":0}],"is_beta":false,"boss_relics":[{"not_picked":["SacredBark","Nuclear Battery"],"picked":"Runic Pyramid"}],"items_purged_floors":[20],"is_endless":false,"potions_floor_spawned":[1,5,8,14,16,18],"killed_by":"Snake Plant","ascension_level":0}}