{"host":"vlqejv0notyktumz","time":1611967095,"event":{"mods":["AchievementEnabler","BaseMod","Colored Map","Colored Powertips","Downfall","Googly Eyes","Minty Spire (QoL Compilation)","StSLib"],"gold_per_floor":[117,128,128,146,31,31,31,31,31,66,84,84,98,108,108,208,208,223,31,50,50,50],"floor_reached":21,"language":"ENG","playtime":540,"items_purged":["Strike_B"],"score":262,"play_id":"84d89646-88a4-4c8d-bfbe-34e081effa72","local_time":"20210129183815","is_ascension_mode":true,"campfire_choices":[{"data":"Redo","floor":6,"key":"SMITH"},{"data":"White Noise","floor":8,"key":"SMITH"},{"data":"Tempest","floor":15,"key":"SMITH"}],"circlet_count":0,"master_deck":["Strike_B","Strike_B","Strike_B","Defend_B","Defend_B","Defend_B","Defend_B","Zap+1","Dualcast","Steam","Redo+1","Reinforced Body","White Noise+1","Parasite","Chill","Sweeping Beam","Tempest+1","Echo Form","Leap"],"relics":["Cracked Core","Bag of Marbles","Akabeko","Velvet Choker","Ancient Tea Set"],"acts_visited":["Exordium","TheCity"],"potions_floor_usage":[10,10,16,20],"damage_taken":[{"damage":0,"enemies":"Small Slimes","floor":1,"turns":3},{"damage":1,"enemies":"2 Louse","floor":2,"turns":2},{"damage":7,"enemies":"Jaw Worm","floor":4,"turns":3},{"damage":8,"enemies":"Lagavulin","floor":10,"turns":5},{"damage":6,"enemies":"Blue Slaver","floor":11,"turns":4},{"damage":0,"enemies":"Large Slime","floor":13,"turns":7},{"damage":0,"enemies":"2 Fungi Beasts","floor":14,"turns":1},{"damage":4,"enemies":"The Guardian","floor":16,"turns":12},{"damage":0,"enemies":"Spheric Guardian","floor":18,"turns":3},{"damage":32,"enemies":"3 Byrds","floor":20,"turns":6},{"damage":42,"enemies":"Cultist and Chosen","floor":21,"turns":7}],"seed_played":"-6766641286114694997","potions_obtained":[{"floor":1,"key":"Block Potion"},{"floor":4,"key":"hexamod:SoulburnPotion"},{"floor":13,"key":"CultistPotion"},{"floor":14,"key":"Slimebound:ThreeZeroPotion"},{"floor":18,"key":"SteroidPotion"}],"is_trial":false,"path_per_floor":["M","M","?","M","$","R","?","R","T","E","M","$","M","M","R","B",null,"M","$","M","M"],"character_chosen":"DEFECT","items_purchased":["White Noise","Ancient Tea Set","Leap"],"campfire_rested":0,"item_purchase_floors":[5,19,19],"current_hp_per_floor":[68,67,67,60,60,60,75,75,75,67,61,61,61,61,61,57,71,71,71,39,0,0],"gold":50,"neow_bonus":"UPGRADE_CARD","is_daily":false,"chose_seed":false,"campfire_upgraded":3,"win_rate":0.0,"timestamp":1611967095,"path_taken":["M","M","?","M","$","R","?","R","T","E","M","$","M","M","R","BOSS","M","$","M","M"],"items_purchased_type":["Card","Relic","Card"],"build_version":"2020-12-22","purchased_purges":1,"victory":false,"max_hp_per_floor":[75,75,75,75,75,75,75,75,75,75,75,75,75,75,75,75,75,75,75,75,75,75],"card_choices":[{"not_picked":["Reprogram","Barrage"],"picked":"Steam","floor":1},{"not_picked":["Coolheaded","Gash"],"picked":"Redo","floor":2},{"not_picked":["Barrage","Undo"],"picked":"Reinforced Body","floor":4},{"not_picked":["Reinforced Body","Leap"],"picked":"Chill","floor":10},{"not_picked":["Steam","Barrage"],"picked":"Sweeping Beam","floor":11},{"not_picked":["Steam","Beam Cell","Cold Snap"],"picked":"SKIP","floor":13},{"not_picked":["Coolheaded","Cold Snap"],"picked":"Tempest","floor":14},{"not_picked":["Machine Learning","Seek"],"picked":"Echo Form","floor":16},{"not_picked":["Turbo","Cold Snap","Coolheaded"],"picked":"SKIP","floor":18},{"not_picked":["Lockon+1","Barrage","Hologram"],"picked":"SKIP","floor":20}],"player_experience":373511,"relics_obtained":[{"floor":9,"key":"Bag of Marbles"},{"floor":10,"key":"Akabeko"}],"event_choices":[{"damage_healed":0,"gold_gain":0,"player_choice":"Ignored","damage_taken":0,"max_hp_gain":0,"max_hp_loss":0,"event_name":"Liars Game","floor":3,"gold_loss":0},{"damage_healed":18,"gold_gain":0,"player_choice":"Healed and dodged fight","damage_taken":0,"max_hp_gain":0,"max_hp_loss":0,"event_name":"Mushrooms","floor":7,"gold_loss":0,"cards_obtained":["Parasite"]}],"is_beta":false,"boss_relics":[{"not_picked":["Coffee Dripper","Tiny House"],"picked":"Velvet Choker"}],"items_purged_floors":[5],"is_endless":false,"potions_floor_spawned":[1,4,13,14,18],"killed_by":"Cultist and Chosen","ascension_level":9}}