{"host":"08t08ld674si40tv","time":1611978891,"event":{"mods":["AchievementEnabler","BaseMod","Colored Map","Minty Spire (QoL Compilation)","StSLib","SuperFastMode"],"gold_per_floor":[110,110,110,127,22,22,22,40,65,65,92,103,163,197,197,197,197],"floor_reached":16,"language":"KOR","playtime":382,"items_purged":[],"score":205,"play_id":"85c8ab53-af46-4e53-baa8-8a4ddc8b2a05","local_time":"20210130125451","is_ascension_mode":true,"campfire_choices":[{"data":"Zap","floor":6,"key":"SMITH"},{"data":"Fission","floor":10,"key":"SMITH"},{"data":"White Noise","floor":15,"key":"SMITH"}],"circlet_count":0,"master_deck":["AscendersBane","Strike_B","Strike_B","Strike_B","Defend_B","Defend_B","Defend_B","Zap+1","Dualcast","Fission+1","Auto Shields","Seek","Coolheaded","Capacitor","White Noise+1","Electrodynamics","Cold Snap"],"relics":["Cracked Core","Happy Flower","Torii","Orichalcum","Peace Pipe","DataDisk"],"acts_visited":["Exordium"],"potions_floor_usage":[13,14],"damage_taken":[{"damage":6,"enemies":"Cultist","floor":1,"turns":3},{"damage":0,"enemies":"Small Slimes","floor":4,"turns":4},{"damage":2,"enemies":"Jaw Worm","floor":8,"turns":5},{"damage":8,"enemies":"Lagavulin","floor":11,"turns":7},{"damage":1,"enemies":"Blue Slaver","floor":12,"turns":3},{"damage":0,"enemies":"3 Sentries","floor":13,"turns":4},{"damage":21,"enemies":"Gremlin Nob","floor":14,"turns":4},{"damage":27,"enemies":"Hexaghost","floor":16,"turns":14}],"seed_played":"-8944946301666357226","potions_obtained":[{"floor":11,"key":"EssenceOfSteel"},{"floor":12,"key":"Dexterity Potion"},{"floor":13,"key":"FearPotion"}],"is_trial":false,"path_per_floor":["M","?","?","M","$","R","?","M","T","R","E","M","?","E","R","B"],"character_chosen":"DEFECT","items_purchased":["Coolheaded","Capacitor"],"campfire_rested":0,"item_purchase_floors":[5,5],"current_hp_per_floor":[58,51,51,51,51,51,56,54,54,54,46,45,45,24,24,0,0],"gold":197,"neow_bonus":"ONE_RANDOM_RARE_CARD","is_daily":false,"chose_seed":false,"campfire_upgraded":3,"win_rate":0.0,"timestamp":1611978891,"path_taken":["M","?","?","M","$","R","?","?","T","R","E","M","?","E","R","BOSS"],"items_purchased_type":["Card","Card"],"build_version":"2020-12-22","purchased_purges":0,"victory":false,"max_hp_per_floor":[71,71,71,71,71,71,76,76,76,76,76,76,76,76,76,76,76],"card_choices":[{"not_picked":["Redo","Scrape"],"picked":"Auto Shields","floor":1},{"not_picked":["Gash","Steam","Beam Cell"],"picked":"SKIP","floor":4},{"not_picked":["Sweeping Beam","Go for the Eyes"],"picked":"White Noise","floor":8},{"not_picked":["Double Energy","Rainbow"],"picked":"Electrodynamics","floor":11},{"not_picked":["Streamline","Steam Power","Chaos"],"picked":"SKIP","floor":12},{"not_picked":["Leap","Barrage"],"picked":"Cold Snap","floor":14}],"player_experience":267768,"relics_obtained":[{"floor":9,"key":"Happy Flower"},{"floor":11,"key":"Torii"},{"floor":13,"key":"Orichalcum"},{"floor":14,"key":"Peace Pipe"}],"event_choices":[{"cards_removed":["Defend_B"],"damage_healed":0,"gold_gain":0,"player_choice":"Card Removal","damage_taken":7,"max_hp_gain":0,"max_hp_loss":0,"event_name":"Golden Wing","floor":2,"gold_loss":0},{"damage_healed":0,"gold_gain":0,"cards_transformed":["Strike_B"],"player_choice":"Change","damage_taken":0,"max_hp_gain":0,"max_hp_loss":0,"event_name":"Living Wall","floor":3,"gold_loss":0,"cards_obtained":["Seek"]},{"damage_healed":0,"gold_gain":0,"player_choice":"Donut","damage_taken":0,"max_hp_gain":5,"max_hp_loss":0,"event_name":"Big Fish","floor":7,"gold_loss":0},{"damage_healed":0,"gold_gain":0,"player_choice":"Searched \u00272\u0027 times","damage_taken":0,"max_hp_gain":0,"max_hp_loss":0,"event_name":"Dead Adventurer","floor":13,"gold_loss":0}],"is_beta":false,"boss_relics":[],"items_purged_floors":[],"is_endless":false,"potions_floor_spawned":[11,12,13],"killed_by":"Hexaghost","ascension_level":18}}