{"host":"gafwejejal4v72m6","time":1611989583,"event":{"mods":["AchievementEnabler","Aspiration","BaseMod","BetterRewards","Clockwork Mod","Conspire","Hermit","Hubris","Infinite Spire","Minty Spire (QoL Compilation)","Rare Cards Sparkle","Reliquary","Shop Mod","StS++","StSLib","The Animator","The Necromancer"],"gold_per_floor":[113,145,167,167,167,198,198,228,251,275,350,425,425,461,461,461,461],"floor_reached":16,"language":"RUS","playtime":2536,"items_purged":[],"score":160,"play_id":"39714aa5-079b-4c98-a572-6402c78574a2","local_time":"20210130135303","is_ascension_mode":false,"campfire_choices":[{"floor":7.0,"key":"REST"},{"floor":13.0,"key":"REST"},{"floor":15.0,"key":"REST"}],"circlet_count":0,"master_deck":["animator:Strike_Konosuba","animator:Defend_Konosuba","animator:Strike","animator:Strike","animator:Strike","animator:Defend","animator:Defend","animator:Defend","animator:Kazuma","animator:Aqua","animator:IchigoKurosaki","animator:PandorasActor","animator:Megumin+5","animator:Yoichi+1","animator:Yuuichirou","animator:Mikaela","animator:Yuuichirou","animator:Shigure"],"relics":["animator:LivingPicture","animator:TheMissingPiece","animator:PurgingStone","Golden Idol","reliquary:Boomerang","animator:WizardHat"],"acts_visited":["Exordium"],"potions_floor_usage":[],"damage_taken":[{"damage":1.0,"enemies":"2 Louse","floor":1.0,"turns":3.0},{"damage":5.0,"enemies":"Cultist","floor":2.0,"turns":6.0},{"damage":5.0,"enemies":"Small Slimes","floor":3.0,"turns":4.0},{"damage":25.0,"enemies":"3 Sentries","floor":6.0,"turns":12.0},{"damage":0.0,"enemies":"3 Louse","floor":8.0,"turns":1.0},{"damage":2.0,"enemies":"Exordium Thugs","floor":10.0,"turns":5.0},{"damage":34.0,"enemies":"Lagavulin","floor":14.0,"turns":8.0},{"damage":38,"enemies":"The Guardian","floor":16,"turns":7}],"seed_played":"-4788721670906337779","potions_obtained":[{"floor":6.0,"key":"AttackPotion"},{"floor":8.0,"key":"Swift Potion"}],"is_trial":false,"path_per_floor":["M","M","M","?","?","E","R","M","T","M","?","?","R","E","R","B"],"character_chosen":"THE_ANIMATOR","items_purchased":["animator:IchigoKurosaki"],"campfire_rested":3,"item_purchase_floors":[0],"current_hp_per_floor":[61,58,55,39,39,17,37,37,37,37,26,20,40,9,29,0,0],"gold":461,"neow_bonus":"","is_daily":false,"chose_seed":false,"campfire_upgraded":0,"win_rate":0.0,"timestamp":1611989583,"path_taken":["M","M","M","?","?","E","R","M","T","?","?","?","R","E","R","BOSS"],"items_purchased_type":["Card"],"build_version":"2020-12-22","purchased_purges":0,"victory":false,"max_hp_per_floor":[66,66,66,66,66,67,67,67,67,67,67,67,67,68,68,68,68],"card_choices":[{"not_picked":["animator:Add","animator:LeleiLaLalena"],"picked":"animator:PandorasActor","floor":1.0},{"not_picked":["animator:Kuribayashi","animator:Arpeggio"],"picked":"animator:Megumin","floor":2.0},{"not_picked":["animator:Pride","animator:Guy"],"picked":"animator:Yoichi","floor":3.0},{"not_picked":["animator:HiiragiShinya","animator:Shinoa"],"picked":"animator:Yuuichirou","floor":6.0},{"not_picked":["animator:ShinjiMatou","animator:Fredrika"],"picked":"animator:Mikaela","floor":8.0},{"not_picked":["animator:Fredrika","animator:Sloth"],"picked":"animator:Yuuichirou","floor":10.0},{"not_picked":["animator:Ciel","animator:TukaLunaMarceau"],"picked":"animator:Shigure","floor":14.0}],"player_experience":135502,"relics_obtained":[{"floor":6.0,"key":"reliquary:Boomerang"},{"floor":14.0,"key":"animator:WizardHat"}],"event_choices":[{"damage_healed":0.0,"max_hp_gain":0.0,"max_hp_loss":0.0,"gold_gain":0.0,"event_name":"Golden Idol","player_choice":"Take Damage","floor":4.0,"gold_loss":0.0,"damage_taken":16.0,"relics_obtained":["Golden Idol"]},{"damage_healed":0.0,"max_hp_gain":0.0,"max_hp_loss":0.0,"gold_gain":0.0,"event_name":"Accursed Blacksmith","player_choice":"Forge","floor":5.0,"gold_loss":0.0,"damage_taken":0.0,"cards_upgraded":["animator:Yoichi"]},{"damage_healed":0.0,"max_hp_gain":0.0,"max_hp_loss":0.0,"gold_gain":75.0,"event_name":"World of Goop","player_choice":"Gather Gold","floor":11.0,"gold_loss":0.0,"damage_taken":11.0},{"damage_healed":0.0,"max_hp_gain":0.0,"max_hp_loss":0.0,"gold_gain":75.0,"event_name":"FaceTrader","player_choice":"Touch","floor":12.0,"gold_loss":0.0,"damage_taken":6.0}],"is_beta":false,"boss_relics":[],"items_purged_floors":[],"is_endless":false,"potions_floor_spawned":[6,8],"killed_by":"The Guardian","ascension_level":0}}