{"host":"usru02jcpe2a942d","time":1611985042,"event":{"mods":["Act Like it!","BaseMod","Colored Powertips","GifTheSpireLib","Highlight Path","Hubris","Infinite Spire","Jedi Mod","Minty Spire (QoL Compilation)","MostiFishMod","Quick Restart","Relic Stats","RumiaBox-露米娅的神秘盒子","StSLib","The Jungle","noobMod","【遗物卡牌】REMEMod","篝火指南"],"gold_per_floor":[111,129,144,69,69,104,119,69,69,69,82,108,108,108,108,209,209,228,228,228,32,32,58,58,86,86,104,104,116,116,128,128,227,277,288,306,59,140,156,156,4,20,20,20,320,277,277,277,54,54],"floor_reached":51,"language":"ZHS","playtime":1506,"items_purged":["Strike_R","jedi:bloodyhammer+1","Strike_R","Strike_R"],"score":1245,"play_id":"8015af93-7976-4ec5-8832-05ea889857d8","local_time":"20210130133722","is_ascension_mode":false,"campfire_choices":[{"data":"Heavy Blade","floor":13.0,"key":"SMITH"},{"data":"MostiFishMod:DarkDeal","floor":15.0,"key":"SMITH"},{"data":"Warcry","floor":20.0,"key":"SMITH"},{"data":"jedi:bloodyhammer","floor":24.0,"key":"SMITH"},{"data":"REME_PuzzleBox","floor":28.0,"key":"SMITH"},{"data":"Inflame","floor":30.0,"key":"SMITH"},{"data":"Cleave","floor":32,"key":"SMITH"},{"data":"MostiFishMod:Overload","floor":40,"key":"SMITH"}],"circlet_count":0,"master_deck":["Strike_R+1","Defend_R","Defend_R+1","Defend_R","Defend_R+1","Bash+1","MostiFishMod:Overload+1","Cleave+1","MostiFishMod:DarkDeal+1","Heavy Blade+1","infinitespire:Collect+1","Inflame+1","MostiFishMod:OrdinaryWorld+1","REME_PuzzleBox+1","MostiFishMod:KnuckleDown+1","hubris:DuctTapeCard","Seeing Red+1"],"relics":["Burning Blood","DaveBox","ice","REME_ComplimentaryCards","JellyFishMachine","jedi:arcanewood","SynthV:TestCard","DianDianMeat","MagicDraw1","REME_PuzzleBoxRelic","hubris:Icosahedron","RhineCircuit","Red Skull","Strawberry","Matryoshka","Tiny House","War Paint","hubris:ChampionShield","infinitespire:Eraser","Civilization","Toy Ornithopter","hubris:DuctTape","Akabeko","hubris:NiceRug","Molten Egg 2","REME_LimitBreaker","MetatronsCube","Potion Belt","Omamori","jedi:ominousloannote","Membership Card","Vajra"],"acts_visited":["Exordium","Exordium","TheBeyond"],"potions_floor_usage":[45,45,50,50],"damage_taken":[{"damage":7.0,"enemies":"Jaw Worm","floor":1.0,"turns":3.0},{"damage":0.0,"enemies":"2 Louse","floor":2.0,"turns":1.0},{"damage":0.0,"enemies":"Cultist","floor":3.0,"turns":3.0},{"damage":20.0,"enemies":"3 Sentries","floor":6.0,"turns":5.0},{"damage":0.0,"enemies":"Looter","floor":7.0,"turns":1.0},{"damage":2.0,"enemies":"Exordium Thugs","floor":11.0,"turns":2.0},{"damage":0.0,"enemies":"Lagavulin","floor":12.0,"turns":1.0},{"damage":2.0,"enemies":"Slime Boss","floor":16.0,"turns":1.0},{"damage":7.0,"enemies":"theJungle:GiantWrat","floor":18.0,"turns":2.0},{"damage":7.0,"enemies":"theJungle:2_Phrogs","floor":23.0,"turns":2.0},{"damage":10.0,"enemies":"theJungle:Cassacara","floor":25.0,"turns":2.0},{"damage":12.0,"enemies":"theJungle:Flameango_and_Byrd","floor":27.0,"turns":2.0},{"damage":8.0,"enemies":"theJungle:SlimyTreeVines","floor":29.0,"turns":1.0},{"damage":3,"enemies":"theJungle:2_Snecko_Cultists","floor":31,"turns":2},{"damage":2,"enemies":"theJungle:QueenSpyder","floor":33,"turns":1},{"damage":8,"enemies":"3 Shapes","floor":35,"turns":2},{"damage":0,"enemies":"3 Darklings","floor":36,"turns":1},{"damage":2,"enemies":"Jaw Worm Horde","floor":39,"turns":2},{"damage":24,"enemies":"Maw","floor":42,"turns":3},{"damage":8,"enemies":"hubris:Merchant","floor":45,"turns":2},{"damage":3,"enemies":"Transient","floor":47,"turns":1},{"damage":3,"enemies":"4 Shapes","floor":48,"turns":1},{"damage":0,"enemies":"Time Eater","floor":50,"turns":2}],"seed_played":"6873616882914188644","potions_obtained":[{"floor":3.0,"key":"EssenceOfSteel"},{"floor":7.0,"key":"Dexterity Potion"},{"floor":11.0,"key":"FearPotion"},{"floor":18.0,"key":"REME_GoldPotion"},{"floor":23.0,"key":"Weak Potion"},{"floor":35,"key":"ElixirPotion"},{"floor":45,"key":"Ancient Potion"},{"floor":45,"key":"EntropicBrew"},{"floor":47,"key":"jedi:holywater"},{"floor":48,"key":"Dexterity Potion"}],"is_trial":false,"path_per_floor":["M","M","M","$","?","E","M","?","T","?","M","E","R","?","R","B",null,"M","?","R","$","?","E","R","E","T","M","R","M","R","M","R","B",null,"M","M","R","T","M","R","$","M","T","AVR","$","R","M","M","R","B",null],"character_chosen":"IRONCLAD","items_purchased":["REME_PuzzleBox","War Paint","Civilization","Potion Belt","Omamori","jedi:ominousloannote","Membership Card","Vajra"],"campfire_rested":0,"item_purchase_floors":[21,37,41,46,46,46,49,49],"current_hp_per_floor":[79,80,80,80,80,69,77,77,77,60,70,81,81,81,81,93,107,108,108,108,115,115,124,124,131,131,129,129,127,127,132,132,147,157,155,157,157,157,157,157,157,143,153,153,166,166,186,197,197,206],"gold":54,"neow_bonus":"RANDOM_COMMON_RELIC","is_daily":false,"chose_seed":false,"campfire_upgraded":8,"win_rate":0.0,"timestamp":1611985042,"path_taken":["M","M","M","$","?","E","?","?","T","?","M","E","R","?","R","BOSS","M","?","?","$","?","E","R","E","T","?","R","?","R","M","R","BOSS","M","?","?","?","M","R","?","M","T","AVR","?","R","M","M","R","BOSS"],"items_purchased_type":["Card","Relic","Relic","Relic","Relic","Relic","Relic","Relic"],"build_version":"2020-12-22","purchased_purges":4,"victory":true,"max_hp_per_floor":[80,80,80,80,80,83,85,85,85,88,94,99,99,99,99,107,107,109,109,109,116,116,126,126,135,135,139,139,139,139,141,141,152,157,157,157,157,157,157,157,157,161,171,171,176,176,193,201,201,206],"relic_stats":{"counters":[23,43],"War Paint":["Defend_R","REME_Scribble"],"obtain_stats":[{"Tiny House":34,"DaveBox":0,"Vajra":49,"ice":0,"Burning Blood":0,"MagicDraw1":9,"Civilization":41,"hubris:Icosahedron":14,"Matryoshka":26,"Strawberry":25,"hubris:ChampionShield":38,"infinitespire:Eraser":38,"Red Skull":23,"DianDianMeat":6,"Potion Belt":46,"hubris:DuctTape":43,"JellyFishMachine":0,"Omamori":46,"War Paint":37,"REME_LimitBreaker":45,"Akabeko":44,"RhineCircuit":17,"SynthV:TestCard":1,"jedi:ominousloannote":46,"Molten Egg 2":45,"Membership Card":49,"REME_PuzzleBoxRelic":12,"jedi:arcanewood":0,"Toy Ornithopter":43,"REME_ComplimentaryCards":0,"hubris:NiceRug":45,"MetatronsCube":45},{"Tiny House":15,"DaveBox":0,"Vajra":22,"ice":0,"Burning Blood":0,"MagicDraw1":5,"Civilization":18,"hubris:Icosahedron":7,"Matryoshka":11,"Strawberry":11,"hubris:ChampionShield":17,"infinitespire:Eraser":17,"Red Skull":10,"DianDianMeat":4,"Potion Belt":20,"hubris:DuctTape":19,"JellyFishMachine":0,"Omamori":20,"War Paint":17,"REME_LimitBreaker":20,"Akabeko":19,"RhineCircuit":8,"SynthV:TestCard":1,"jedi:ominousloannote":20,"Molten Egg 2":20,"Membership Card":22,"REME_PuzzleBoxRelic":7,"jedi:arcanewood":0,"Toy Ornithopter":19,"REME_ComplimentaryCards":0,"hubris:NiceRug":20,"MetatronsCube":20},{"Tiny House":29,"DaveBox":0,"Vajra":41,"ice":0,"Burning Blood":0,"MagicDraw1":13,"Civilization":34,"hubris:Icosahedron":16,"Matryoshka":23,"Strawberry":23,"hubris:ChampionShield":32,"infinitespire:Eraser":32,"Red Skull":21,"DianDianMeat":12,"Potion Belt":39,"hubris:DuctTape":37,"JellyFishMachine":0,"Omamori":39,"War Paint":32,"REME_LimitBreaker":39,"Akabeko":37,"RhineCircuit":17,"SynthV:TestCard":3,"jedi:ominousloannote":39,"Molten Egg 2":39,"Membership Card":41,"REME_PuzzleBoxRelic":16,"jedi:arcanewood":0,"Toy Ornithopter":37,"REME_ComplimentaryCards":0,"hubris:NiceRug":39,"MetatronsCube":39}],"Burning Blood":113,"Toy Ornithopter":14},"card_choices":[{"not_picked":["Bloodletting","Havoc","Twin Strike"],"picked":"SKIP","floor":1.0},{"not_picked":["Anger","Wild Strike","Pommel Strike","Combust"],"picked":"Cleave","floor":2.0},{"not_picked":["Sword Boomerang","Spot Weakness","REME_FearOfPain","Searing Blow","True Grit"],"picked":"SKIP","floor":3.0},{"not_picked":["Battle Trance","Pommel Strike","Clothesline","MostiFishMod:HellRitual"],"picked":"MostiFishMod:DarkDeal","floor":6.0},{"not_picked":["Iron Wave","Headbutt","Twin Strike","Body Slam"],"picked":"Heavy Blade","floor":7.0},{"not_picked":["infinitespire:DeathsTouch","hubris:Fate"],"picked":"infinitespire:Collect","floor":10.0},{"not_picked":["Spot Weakness","Entrench","Burning Pact","Dropkick"],"picked":"Inflame","floor":11.0},{"not_picked":["Whirlwind","Headbutt","Clothesline","Flex"],"picked":"Warcry","floor":12.0},{"not_picked":["Impervious","MostiFishMod:ChineseTea","Double Tap","Feed"],"picked":"MostiFishMod:OrdinaryWorld","floor":16.0},{"not_picked":["Heavy Blade","Shrug It Off","Warcry","Sentinel+1","REME_FearOfPain+1"],"picked":"SKIP","floor":18.0},{"not_picked":["Evolve","Clothesline","Iron Wave","True Grit"],"picked":"jedi:bloodyhammer","floor":23.0},{"not_picked":["REME_SingleHolding","Headbutt","Clothesline","Warcry+1","hubris:ReadiedAction"],"picked":"SKIP","floor":25.0},{"not_picked":["REME_Cut","Entrench","Headbutt+1","Perfected Strike","REME_Scribble"],"picked":"SKIP","floor":27.0},{"not_picked":["Shrug It Off","Havoc+1","Body Slam+1","REME_FearOfPain","infinitespire:OneForAll"],"picked":"SKIP","floor":29.0},{"not_picked":["Iron Wave","Sword Boomerang","Clash","Havoc","Cleave+1"],"picked":"SKIP","floor":31},{"not_picked":["MostiFishMod:Mania","Limit Break","jedi:strikingstrike","Bludgeon"],"picked":"MostiFishMod:KnuckleDown","floor":33},{"not_picked":["Anger","Dropkick","Warcry+1","Iron Wave","True Grit+1"],"picked":"SKIP","floor":35},{"not_picked":["Rupture+1","Rampage","Flex","hubris:ReadiedAction","Dark Embrace+1"],"picked":"SKIP","floor":36},{"not_picked":["Body Slam+1","hubris:StunningStrike","Dropkick+1","Perfected Strike","Havoc"],"picked":"SKIP","floor":39},{"not_picked":["Warcry","Havoc+1","Cleave+1","Anger","Headbutt"],"picked":"SKIP","floor":42},{"not_picked":["REME_TheLastStrike+1"],"picked":"SKIP","floor":45},{"not_picked":["Carnage+1"],"picked":"SKIP","floor":45},{"not_picked":["jedi:fear"],"picked":"SKIP","floor":45},{"not_picked":["hubris:ReadiedAction"],"picked":"SKIP","floor":45},{"not_picked":["Evolve"],"picked":"SKIP","floor":45},{"not_picked":["Dark Shackles"],"picked":"SKIP","floor":45},{"not_picked":["MostiFishMod:Awakening"],"picked":"SKIP","floor":45},{"not_picked":["Perfected Strike+1","Sentinel+1","Wild Strike+1","Cleave+1"],"picked":"Seeing Red+1","floor":47},{"not_picked":["Thunderclap+1","Metallicize+1","Cleave+1","True Grit+1","Clothesline+1"],"picked":"SKIP","floor":48}],"player_experience":232590,"relics_obtained":[{"floor":1.0,"key":"SynthV:TestCard"},{"floor":6.0,"key":"DianDianMeat"},{"floor":9.0,"key":"MagicDraw1"},{"floor":12.0,"key":"REME_PuzzleBoxRelic"},{"floor":23.0,"key":"Red Skull"},{"floor":25.0,"key":"Strawberry"},{"floor":26.0,"key":"Matryoshka"},{"floor":38,"key":"hubris:ChampionShield"},{"floor":38,"key":"infinitespire:Eraser"},{"floor":43,"key":"Toy Ornithopter"},{"floor":43,"key":"hubris:DuctTape"},{"floor":45,"key":"Molten Egg 2"},{"floor":45,"key":"REME_LimitBreaker"},{"floor":45,"key":"MetatronsCube"}],"event_choices":[{"cards_removed":["Strike_R"],"damage_healed":0.0,"max_hp_gain":0.0,"max_hp_loss":0.0,"gold_gain":0.0,"event_name":"The Cleric","player_choice":"Card Removal","floor":8.0,"gold_loss":50.0,"damage_taken":0.0},{"damage_healed":0.0,"max_hp_gain":0.0,"max_hp_loss":0.0,"gold_gain":0.0,"event_name":"Accursed Blacksmith","player_choice":"Forge","floor":19.0,"gold_loss":0.0,"damage_taken":0.0,"cards_upgraded":["infinitespire:Collect"]},{"damage_healed":0.0,"max_hp_gain":0.0,"max_hp_loss":0.0,"gold_gain":0.0,"event_name":"NoteForYourself","player_choice":"Ignored","floor":22.0,"gold_loss":0.0,"damage_taken":0.0}],"is_beta":false,"boss_relics":[{"not_picked":["EasyGame_NEW","Black Blood"],"picked":"RhineCircuit"},{"not_picked":["Cursed Key","infinitespire:Cupcake"],"picked":"Tiny House"}],"items_purged_floors":[4,37,44,46],"is_endless":false,"potions_floor_spawned":[3,7,11,18,23,33,35,47,48],"ascension_level":0}}