{"host":"4mwxwqvoirj3cq7x","time":1611991838,"event":{"mods":["BaseMod","KinomotoSakuraMod(Ä¾Ö®±¾Ó£)","Minty Spire (QoL Compilation)","StSLib"],"gold_per_floor":[112,122,47,63,63,63,94,107,107,107,118,18,51,51,51,126,126,136,11,11,24,24,24,34,34,34,34,34,34,34,84,84,157,157,175,187,202,212,56,56,56],"floor_reached":40,"language":"ZHS","playtime":1405,"items_purged":["Injury","ClowCardTheShield","ClowCardTheSword"],"score":712,"play_id":"47b2972f-3f3f-405f-88a1-d2e14b3c50f0","local_time":"20210130153038","is_ascension_mode":true,"campfire_choices":[{"data":"ClowCardTheThunder","floor":6.0,"key":"SMITH"},{"floor":10.0,"key":"REST"},{"data":"ClowCardTheLock","floor":15.0,"key":"SMITH"},{"data":"ClowCardTheLight","floor":23.0,"key":"SMITH"},{"data":"ClowCardTheVoice","floor":25.0,"key":"SMITH"},{"data":"ClowCardTheShield","floor":29.0,"key":"SMITH"},{"data":"ClowCardTheShield","floor":32.0,"key":"SMITH"}],"circlet_count":0,"master_deck":["SakuraCardTheSword+","SakuraCardTheThunder+","AscendersBane","ClowCardTheShield+1","ClowCardTheShield+1","SpellCardSeal+1","ClowCardTheLock+1","ClowCardTheVoice+1","ClowCardTheLight+1","ClowCardThePower+1","ClowCardTheSleep+1","ClowCardTheLock+1","ClowCardTheChange"],"relics":["KSMOD_SealedBook","KSMOD_StarWand","Incense Burner","Bottled Flame","Question Card","Pantograph","Astrolabe","Bag of Marbles","Blood Vial"],"acts_visited":["Exordium","TheCity","TheBeyond"],"potions_floor_usage":[40],"damage_taken":[{"damage":1.0,"enemies":"Cultist","floor":1.0,"turns":3.0},{"damage":3.0,"enemies":"2 Louse","floor":2.0,"turns":2.0},{"damage":12.0,"enemies":"Jaw Worm","floor":4.0,"turns":3.0},{"damage":18.0,"enemies":"Lagavulin","floor":7.0,"turns":5.0},{"damage":11.0,"enemies":"Lots of Slimes","floor":8.0,"turns":5.0},{"damage":6.0,"enemies":"Exordium Wildlife","floor":11.0,"turns":5.0},{"damage":6.0,"enemies":"3 Sentries","floor":13.0,"turns":9.0},{"damage":24.0,"enemies":"The Guardian","floor":16.0,"turns":8.0},{"damage":0.0,"enemies":"Chosen","floor":18.0,"turns":4.0},{"damage":0.0,"enemies":"2 Thieves","floor":21.0,"turns":2.0},{"damage":24.0,"enemies":"Snake Plant","floor":24.0,"turns":2.0},{"damage":53.0,"enemies":"Automaton","floor":33.0,"turns":7.0},{"damage":5.0,"enemies":"Orb Walker","floor":35.0,"turns":3.0},{"damage":24.0,"enemies":"3 Shapes","floor":36.0,"turns":5.0},{"damage":0.0,"enemies":"Transient","floor":37.0,"turns":5.0},{"damage":7.0,"enemies":"Writhing Mass","floor":38.0,"turns":3.0},{"damage":29,"enemies":"Reptomancer","floor":40,"turns":3}],"seed_played":"858697585098843581","potions_obtained":[{"floor":8.0,"key":"SpeedPotion"},{"floor":11.0,"key":"Energy Potion"},{"floor":13.0,"key":"AttackPotion"},{"floor":33.0,"key":"PowerPotion"},{"floor":35.0,"key":"Weak Potion"}],"is_trial":false,"path_per_floor":["M","M","$","M","?","R","E","M","T","R","M","$","E","?","R","B",null,"M","$","?","M","$","R","M","R","T","?","$","R","?","T","R","B",null,"M","M","M","M","$","E"],"character_chosen":"KINOMOTOSAKURA","items_purchased":["Blood Vial"],"campfire_rested":1,"item_purchase_floors":[39],"current_hp_per_floor":[58,55,55,43,30,30,12,1,1,20,14,14,8,65,65,41,59,59,59,59,59,59,59,35,35,35,35,35,35,35,35,35,7,51,46,22,22,15,15,0,0],"gold":56,"neow_bonus":"THREE_RARE_CARDS","is_daily":false,"chose_seed":false,"campfire_upgraded":6,"win_rate":0.0,"timestamp":1611991838,"path_taken":["M","?","$","M","?","R","E","M","T","R","M","$","E","?","R","BOSS","M","?","?","?","?","R","M","R","T","?","$","R","?","?","R","BOSS","M","M","?","M","$","E"],"items_purchased_type":["Relic"],"build_version":"2020-12-22","purchased_purges":3,"victory":false,"max_hp_per_floor":[65,65,65,65,65,65,65,65,65,65,65,65,65,65,65,65,65,65,65,65,65,65,65,65,65,65,65,65,65,65,65,65,65,65,65,65,65,65,65,65,65],"card_choices":[{"not_picked":["ClowCardTheLight","ClowCardTheThrough"],"picked":"ClowCardTheThunder","floor":0.0},{"not_picked":["ClowCardTheMaze","ClowCardTheSand","ClowCardTheLibra"],"picked":"SKIP","floor":1.0},{"not_picked":["ClowCardTheSand","ClowCardTheSilent"],"picked":"ClowCardTheLock","floor":2.0},{"not_picked":["ClowCardTheSand","ClowCardTheDream","ClowCardTheLock"],"picked":"SKIP","floor":4.0},{"not_picked":["ClowCardTheRain","ClowCardTheWood"],"picked":"ClowCardTheVoice","floor":7.0},{"not_picked":["ClowCardTheChange","ClowCardTheMirror","ClowCardTheShot"],"picked":"SKIP","floor":8.0},{"not_picked":["ClowCardTheShadow","ClowCardTheMirror","ClowCardTheJump"],"picked":"SKIP","floor":11.0},{"not_picked":["ClowCardTheSnow","ClowCardTheLock"],"picked":"ClowCardTheLittle","floor":13.0},{"not_picked":["ClowCardTheReturn","ClowCardTheFight","ClowCardTheTime"],"picked":"ClowCardTheLight","floor":16.0},{"not_picked":["ClowCardTheFloat","ClowCardTheArrow","ClowCardTheJump+1","ClowCardTheWave"],"picked":"SKIP","floor":18.0},{"not_picked":["ClowCardTheSnow","ClowCardTheArrow","ClowCardTheFloat","ClowCardTheErase"],"picked":"SKIP","floor":21.0},{"not_picked":["ClowCardTheBubbles","ClowCardTheCloud","ClowCardTheLibra","ClowCardTheMist"],"picked":"SKIP","floor":24.0},{"not_picked":["ClowCardTheTwin","ClowCardTheTime","ClowCardTheThunder"],"picked":"ClowCardTheCreate","floor":33.0},{"not_picked":["ClowCardTheJump","ClowCardTheShot","ClowCardTheLock","ClowCardTheFirey+1"],"picked":"SKIP","floor":35.0},{"not_picked":["ClowCardTheFirey","ClowCardTheBig+1","ClowCardTheStorm","ClowCardTheMirror+1"],"picked":"SKIP","floor":36.0},{"not_picked":["ClowCardTheDream+1","ClowCardTheMirror","ClowCardTheMaze","ClowCardTheSand"],"picked":"SKIP","floor":37.0},{"not_picked":["ClowCardTheMist","ClowCardTheThunder","ClowCardTheSweet"],"picked":"ClowCardTheChange","floor":38.0}],"player_experience":621595,"relics_obtained":[{"floor":7.0,"key":"Incense Burner"},{"floor":9.0,"key":"Bottled Flame"},{"floor":13.0,"key":"Question Card"},{"floor":26.0,"key":"Pantograph"},{"floor":36.0,"key":"Bag of Marbles"}],"event_choices":[{"damage_healed":0.0,"max_hp_gain":0.0,"max_hp_loss":0.0,"gold_gain":0.0,"event_name":"Shining Light","player_choice":"Entered Light","floor":5.0,"gold_loss":0.0,"damage_taken":13.0,"cards_upgraded":["ClowCardTheSword","SpellCardSeal"]},{"cards_removed":["ClowCardTheLittle"],"damage_healed":57.0,"max_hp_gain":0.0,"max_hp_loss":0.0,"gold_gain":0.0,"event_name":"Bonfire Elementals","player_choice":"Offered Uncommon","floor":14.0,"gold_loss":0.0,"damage_taken":0.0},{"cards_removed":["ClowCardTheSword"],"damage_healed":0.0,"max_hp_gain":0.0,"max_hp_loss":0.0,"gold_gain":0.0,"event_name":"Purifier","player_choice":"Purged","floor":20.0,"gold_loss":0.0,"damage_taken":0.0},{"damage_healed":0.0,"max_hp_gain":0.0,"max_hp_loss":0.0,"gold_gain":0.0,"event_name":"Ghosts","player_choice":"Ignored","floor":30.0,"gold_loss":0.0,"damage_taken":0.0}],"is_beta":false,"boss_relics":[{"not_picked":["Runic Dome","Runic Pyramid"],"picked":"KSMOD_StarWand"},{"not_picked":["Velvet Choker","Philosopher\u0027s Stone"],"picked":"Astrolabe"}],"items_purged_floors":[3,12,19],"is_endless":false,"potions_floor_spawned":[8,11,13,33,35,36],"killed_by":"Reptomancer","ascension_level":14}}