{"host":"3wgbc8rrx8r5g476","time":1611970252,"event":{"mods":["2.2 Compatiblity","Act Like it!","BaseMod","Better Note","Colored Powertips","Dota2Spire","Downfall","Evolution","Friendly Minions","Hubris","Infinite Spire","Minty Spire (QoL Compilation)","Shade Mod","Shop Mod","StSLib","The Death Knight","The Druid","The Marked","TheFirefly","Trackpad","Uncapped","Wandering Minibosses"],"gold_per_floor":[118,134,134,152,168,203,203,237,237,237,199,233,233,244,244,345,345,355,355,97,97,117,117,150,126,151,151,151,151,151,151],"floor_reached":30,"language":"ENG","playtime":1399,"items_purged":[],"score":352,"play_id":"0be2c9fb-47bd-4cc2-851d-9f24c7e9dfb5","local_time":"20210130023052","is_ascension_mode":true,"campfire_choices":[{"data":"Armaments","floor":7.0,"key":"SMITH"},{"data":"Feed","floor":10.0,"key":"SMITH"},{"data":"Searing Blow","floor":15.0,"key":"SMITH"},{"floor":23.0,"key":"REST"},{"data":"DeathKnight:Hysteria","floor":29.0,"key":"SMITH"}],"circlet_count":0,"master_deck":["Strike_R","Strike_R","Strike_R","Strike_R","Strike_R","Defend_R","Defend_R","Defend_R","Defend_R","Bash","Cleave","Armaments+1","Sword Boomerang","Warcry","Metallicize","Feed+1","Searing Blow+2","Reaper","DeathKnight:Hysteria+1","Shrug It Off"],"relics":["Burning Blood","EVO:Axolotl","Dota2Spire:EchoSabre","Dota2Spire:UrnOfShadows","hubris:DisguiseKit","Paper Frog","trackpad:BottledAnger","hubris:TerracottaHorce","Question Card","Potion Belt","trackpad:SappingStone","Smiling Mask","hubris:RunicObelisk"],"acts_visited":["Exordium","TheCity"],"potions_floor_usage":[30],"damage_taken":[{"damage":8.0,"enemies":"Small Slimes","floor":1.0,"turns":4.0},{"damage":3.0,"enemies":"2 Louse","floor":2.0,"turns":2.0},{"damage":1.0,"enemies":"Cultist","floor":4.0,"turns":3.0},{"damage":18.0,"enemies":"Exordium Thugs","floor":5.0,"turns":4.0},{"damage":35.0,"enemies":"3 Sentries","floor":6.0,"turns":9.0},{"damage":24.0,"enemies":"Lagavulin","floor":8.0,"turns":9.0},{"damage":16.0,"enemies":"Gremlin Nob","floor":12.0,"turns":3.0},{"damage":4.0,"enemies":"3 Louse","floor":14.0,"turns":4.0},{"damage":39.0,"enemies":"Hexaghost","floor":16.0,"turns":10.0},{"damage":24.0,"enemies":"Spheric Guardian","floor":18.0,"turns":5.0},{"damage":21.0,"enemies":"Shell Parasite","floor":22.0,"turns":6.0},{"damage":61.0,"enemies":"Book of Stabbing","floor":24.0,"turns":6.0},{"damage":20.0,"enemies":"Slavers","floor":27.0,"turns":2.0},{"damage":34,"enemies":"Centurion and Healer","floor":30,"turns":3}],"seed_played":"357905936233297244","potions_obtained":[{"floor":1.0,"key":"Strength Potion"},{"floor":4.0,"key":"Fruit Juice"},{"floor":8.0,"key":"sneckomod:MuddlingPotion"},{"floor":12.0,"key":"SmokeBomb"},{"floor":14.0,"key":"Swift Potion"},{"floor":24.0,"key":"FearPotion"}],"is_trial":false,"path_per_floor":["M","M","?","M","M","E","R","E","T","R","$","E","?","M","R","B",null,"M","?","$","?","M","R","E","$","T","E","AVR","R","M"],"character_chosen":"IRONCLAD","items_purchased":["Searing Blow","Question Card","Shrug It Off"],"campfire_rested":1,"item_purchase_floors":[11,20,25],"current_hp_per_floor":[78,80,80,85,73,44,44,32,32,32,32,22,22,28,28,7,69,54,37,37,37,35,64,12,12,12,13,13,13,0,0],"gold":151,"neow_bonus":"RANDOM_COMMON_RELIC","is_daily":false,"chose_seed":false,"campfire_upgraded":4,"win_rate":0.0,"timestamp":1611970252,"path_taken":["M","M","?","M","M","E","R","E","T","R","$","E","?","M","R","BOSS","M","?","$","?","M","R","E","$","T","E","AVR","R","?"],"items_purchased_type":["Card","Relic","Card"],"build_version":"2020-12-22","purchased_purges":0,"victory":false,"max_hp_per_floor":[80,80,80,85,85,85,85,85,85,85,85,85,85,89,89,89,89,89,94,94,94,98,98,98,98,98,98,98,98,102,102],"card_choices":[{"not_picked":["Headbutt","Flame Barrier"],"picked":"Cleave","floor":1.0},{"not_picked":["Shockwave","Body Slam"],"picked":"Armaments","floor":2.0},{"not_picked":["Second Wind","Pummel"],"picked":"Sword Boomerang","floor":4.0},{"not_picked":["True Grit","Perfected Strike"],"picked":"Warcry","floor":5.0},{"not_picked":["Clothesline","Hemokinesis"],"picked":"Metallicize","floor":6.0},{"not_picked":["True Grit","Wild Strike"],"picked":"Feed","floor":8.0},{"not_picked":["Body Slam","Havoc","Pummel","DeathKnight:PillarOfFrost"],"picked":"SKIP","floor":12.0},{"not_picked":["Perfected Strike","Armaments","Warcry","Anger","DeathKnight:DeathAndDecay"],"picked":"SKIP","floor":14.0},{"not_picked":["Double Tap","Barricade","Anger","DeathKnight:UnholyExperiment"],"picked":"Reaper","floor":16.0},{"not_picked":["Dark Embrace","Carnage","Anger","Anger","DeathKnight:Rot"],"picked":"SKIP","floor":18.0},{"not_picked":["Havoc","Armaments","hubris:ReadiedAction","Second Wind+1","Anger"],"picked":"DeathKnight:Hysteria","floor":22.0},{"not_picked":["Seeing Red","Second Wind","Warcry","Bloodletting","Anger","DeathKnight:RunicCorruption"],"picked":"SKIP","floor":24.0}],"player_experience":510584,"relics_obtained":[{"floor":6.0,"key":"Dota2Spire:UrnOfShadows"},{"floor":8.0,"key":"hubris:DisguiseKit"},{"floor":9.0,"key":"Paper Frog"},{"floor":12.0,"key":"trackpad:BottledAnger"},{"floor":24.0,"key":"Potion Belt"},{"floor":26.0,"key":"trackpad:SappingStone"}],"event_choices":[{"damage_healed":0.0,"max_hp_gain":0.0,"max_hp_loss":0.0,"gold_gain":0.0,"event_name":"Shining Light","player_choice":"Ignored","floor":13.0,"gold_loss":0.0,"damage_taken":0.0},{"damage_healed":0.0,"max_hp_gain":5.0,"max_hp_loss":0.0,"gold_gain":0.0,"event_name":"Forgotten Altar","player_choice":"Shed Blood","floor":19.0,"gold_loss":0.0,"damage_taken":22.0},{"damage_healed":0.0,"max_hp_gain":0.0,"max_hp_loss":0.0,"gold_gain":0.0,"event_name":"Upgrade Shrine","player_choice":"Upgraded","floor":21.0,"gold_loss":0.0,"damage_taken":0.0,"cards_upgraded":["Searing Blow"]}],"is_beta":false,"boss_relics":[{"not_picked":["trackpad:StolenKidneys","Busted Crown"],"picked":"hubris:TerracottaHorce"}],"items_purged_floors":[],"is_endless":false,"potions_floor_spawned":[1,4,8,12,14,24,27],"killed_by":"Centurion and Healer","ascension_level":3}}