{"host":"xkmvu47k9fdstweo","time":1611987664,"event":{"mods":["BaseMod","Colored Map","Conspire","HololiveMod","Hubris","Minty Spire (QoL Compilation)","Quick Restart","Shop Mod","StSLib"],"gold_per_floor":[81,97,97,13,33,65,65,96,121,154,154,154,164,194,194,294,294,309,57,57,76,93,121,131,156,156,156,173,221,94,126,126,225,225,239,35,72,72,72,107,134,170,194,221,221,245,10,10,10,16],"floor_reached":51,"language":"ENG","playtime":1556,"items_purged":["Hololive_Strike"],"score":1573,"play_id":"2f6c7fc3-2f6f-4dab-b6fe-39b64c618d8f","local_time":"20210130012104","is_ascension_mode":true,"campfire_choices":[{"data":"Hololive_CocoNews","floor":12,"key":"SMITH"},{"data":"Hololive_CallHoshimachiSuisei","floor":15,"key":"SMITH"},{"floor":27,"key":"RECALL"},{"floor":32,"key":"REST"},{"floor":49,"key":"REST"}],"circlet_count":0,"master_deck":["Hololive_Strike","Hololive_Defend","Hololive_Defend","Hololive_Sequa","Hololive_CallDoris+1","Hololive_CallAmaneKanata","Hololive_CallMoonaHoshinova","Hololive_CallShirakamiFubuki","Hololive_CallKiryuuCoco","Hololive_HuntDinosaur","Hololive_CallAkiRosenthal+1","Hololive_CocoNews+1","Hololive_CallHoshimachiSuisei+1","Hololive_Psychosis","Hololive_CandyCastle","Hololive_CallTokinoSora","Hololive_Psychosis","Hololive_CocoNews","Hololive_StarCraft","Hololive_CallNekomataOkayu","Hololive_CandyCastle","Hololive_CocoNews+1","Hololive_CallAkiRosenthal+1","Hololive_CallTokoyamiTowa","Hololive_CallMinatoAqua+1","Hololive_CallAmaneKanata","Hololive_CallInugamiKorone","Hololive_LuckPotion+1","Hololive_RevenueBasedLive","Hololive_CallSpadeEcho","Hololive_CallSpadeEcho","Hololive_DurableLive","Hololive_CallFriendA+1","Hololive_FlyingPonyTail","Hololive_Psychosis+1","Hololive_Thief","Hololive_CallDoris+1","Hololive_CallDoris","Hololive_FlyingPonyTail","Hololive_CandyCastle"],"relics":["Hololive_TheStar","Pocketwatch","Toy Ornithopter","Art of War","HornCleat","hubris:OldNail","Fusion Hammer","ClockworkSouvenir","Bottled Tornado","Whetstone","Juzu Bracelet","Anchor","Sozu","conspire:TreasureMap","conspire:GiftBox","hubris:ToyBattleship","hubris:TenFootPole","hubris:DeckOfHolding","Vajra"],"acts_visited":["Exordium","TheCity","TheBeyond"],"potions_floor_usage":[8,23,29,50],"damage_taken":[{"damage":0,"enemies":"2 Louse","floor":1,"turns":2},{"damage":0,"enemies":"Small Slimes","floor":2,"turns":2},{"damage":0,"enemies":"Cultist","floor":5,"turns":3},{"damage":0,"enemies":"Lagavulin","floor":6,"turns":5},{"damage":0,"enemies":"Gremlin Nob","floor":8,"turns":3},{"damage":0,"enemies":"3 Sentries","floor":10,"turns":3},{"damage":0,"enemies":"Lots of Slimes","floor":13,"turns":3},{"damage":0,"enemies":"Lagavulin","floor":14,"turns":3},{"damage":0,"enemies":"Slime Boss","floor":16,"turns":3},{"damage":0,"enemies":"3 Byrds","floor":18,"turns":2},{"damage":0,"enemies":"Chosen","floor":21,"turns":3},{"damage":0,"enemies":"Centurion and Healer","floor":22,"turns":3},{"damage":0,"enemies":"Gremlin Leader","floor":23,"turns":4},{"damage":0,"enemies":"Shelled Parasite and Fungi","floor":24,"turns":3},{"damage":0,"enemies":"Book of Stabbing","floor":25,"turns":3},{"damage":0,"enemies":"Snecko","floor":28,"turns":4},{"damage":3,"enemies":"Gremlin Leader","floor":29,"turns":5},{"damage":0,"enemies":"Cultist and Chosen","floor":31,"turns":3},{"damage":0,"enemies":"conspire:MysteriousRune","floor":33,"turns":3},{"damage":0,"enemies":"Orb Walker","floor":35,"turns":2},{"damage":0,"enemies":"3 Darklings","floor":37,"turns":4},{"damage":0,"enemies":"Nemesis","floor":40,"turns":3},{"damage":0,"enemies":"Sphere and 2 Shapes","floor":41,"turns":4},{"damage":0,"enemies":"Giant Head","floor":42,"turns":3},{"damage":0,"enemies":"Reptomancer","floor":44,"turns":4},{"damage":0,"enemies":"Writhing Mass","floor":46,"turns":3},{"damage":0,"enemies":"Time Eater","floor":50,"turns":5}],"seed_played":"-1627118410677305334","potions_obtained":[{"floor":2,"key":"PowerPotion"},{"floor":5,"key":"Energy Potion"},{"floor":10,"key":"DistilledChaos"},{"floor":14,"key":"Swift Potion"},{"floor":23,"key":"LiquidBronze"},{"floor":29,"key":"Regen Potion"},{"floor":33,"key":"PowerPotion"}],"is_trial":false,"path_per_floor":["M","M","?","$","M","E","?","E","T","E","?","R","M","E","R","B",null,"M","$","?","M","M","E","M","E","T","R","M","E","$","M","R","B",null,"M","$","M","$","?","E","M","E","T","E","?","M","$","?","R","B",null],"character_chosen":"Hololive_HololiveCharacter","items_purchased":["Hololive_CocoNews","Hololive_CallHoshimachiSuisei","ClockworkSouvenir","Hololive_CandyCastle","Hololive_CocoNews","Swift Potion","Hololive_FlyingPonyTail","conspire:TreasureMap","Vajra","Hololive_CandyCastle"],"campfire_rested":2,"item_purchase_floors":[4,4,19,19,19,30,36,36,47,47],"current_hp_per_floor":[35,35,35,35,35,35,40,40,40,40,40,40,40,40,40,40,40,40,40,40,40,40,40,40,40,40,40,40,40,40,40,40,40,40,40,40,40,40,50,50,50,50,50,50,47,47,47,47,47,47],"gold":16,"neow_bonus":"UPGRADE_CARD","is_daily":false,"chose_seed":false,"campfire_upgraded":2,"win_rate":0.0,"timestamp":1611987664,"path_taken":["M","M","?","$","M","E","?","E","T","E","?","R","M","E","R","BOSS","M","$","?","?","?","E","?","E","T","R","M","E","$","M","R","BOSS","M","$","M","$","?","E","M","E","T","E","?","M","$","?","R","BOSS"],"items_purchased_type":["Card","Card","Relic","Card","Card","Potion","Card","Relic","Relic","Card"],"build_version":"2020-12-22","purchased_purges":1,"victory":true,"max_hp_per_floor":[35,35,35,35,35,35,40,40,40,40,40,40,40,40,40,40,40,40,40,40,40,40,40,40,40,40,40,40,40,40,40,40,40,40,40,40,40,40,50,50,50,50,50,50,47,47,47,47,47,47],"card_choices":[{"not_picked":["Hololive_Psychosis","Hololive_Breathe","Hololive_ManjiGathering"],"picked":"Hololive_HuntDinosaur","floor":1},{"not_picked":["Hololive_HuntDinosaur","Hololive_OvertimeWork","Hololive_CocoNews"],"picked":"Hololive_CallAkiRosenthal","floor":2},{"not_picked":["Hololive_CallMurasakiShion","Hololive_Drill","Hololive_RevenueBasedLive"],"picked":"Hololive_Psychosis","floor":5},{"not_picked":["Hololive_Sequa","Hololive_CallRosalyn","Hololive_HuntDinosaur"],"picked":"Hololive_CandyCastle","floor":6},{"not_picked":["Hololive_Breathe","Hololive_DurableLive","Hololive_CallNakiriAyame"],"picked":"Hololive_CallTokinoSora","floor":8},{"not_picked":["Hololive_LuckPotion","Hololive_Trident","Hololive_CallCivia"],"picked":"Hololive_Psychosis","floor":10},{"not_picked":["Hololive_Sequa","Hololive_RevenueBasedLive","Hololive_StrengthChampion"],"picked":"Hololive_CocoNews","floor":13},{"not_picked":["Hololive_Drill","Hololive_Yoholoon","Hololive_RevenueBasedLive"],"picked":"Hololive_OpenUp","floor":14},{"not_picked":["Hololive_Nanodesu","Hololive_DDD","Hololive_Recruit"],"picked":"Hololive_StarCraft","floor":16},{"not_picked":["Hololive_Trident","Hololive_OvertimeWork","Hololive_Rebound"],"picked":"Hololive_CallNekomataOkayu","floor":18},{"not_picked":["Hololive_FlyingPonyTail+1","Hololive_CallTokinoSora+1","Hololive_Drill"],"picked":"Hololive_CallTokoyamiTowa","floor":21},{"not_picked":["Hololive_CallTsunomakiWatame","Hololive_Psychosis","Hololive_CallAyundaRisu+1"],"picked":"Hololive_CallMinatoAqua+1","floor":22},{"not_picked":["Hololive_OvertimeWork","Hololive_CallRoboco+1","Hololive_WolfAndLamb"],"picked":"Hololive_CallAmaneKanata","floor":23},{"not_picked":["Hololive_HuntDinosaur","Hololive_CocoNews","Hololive_StrengthChampion+1"],"picked":"Hololive_CallInugamiKorone","floor":24},{"not_picked":["Hololive_CallMinatoAqua","Hololive_Psychosis","Hololive_Sequa"],"picked":"Hololive_LuckPotion+1","floor":25},{"not_picked":["Hololive_CallMoonaHoshinova","Hololive_StrengthChampion","Hololive_Sequa"],"picked":"Hololive_RevenueBasedLive","floor":28},{"not_picked":["Hololive_Trident","Hololive_Sequa","Hololive_CallUruhaRushia+1"],"picked":"Hololive_CallSpadeEcho","floor":29},{"not_picked":["Hololive_CallFriendA+1","Hololive_CocoNews+1","Hololive_CallAkiRosenthal+1"],"picked":"Hololive_CallSpadeEcho","floor":31},{"not_picked":["Hololive_Rebirth","Hololive_WolfAndLamb","Hololive_BeCareful"],"picked":"Hololive_DurableLive","floor":33},{"not_picked":["Hololive_Trident+1","Hololive_Psychosis","Hololive_StrengthChampion"],"picked":"Hololive_CallFriendA+1","floor":35},{"not_picked":["Hololive_FlyingPonyTail","Hololive_LuckPotion+1","Hololive_Rebound+1"],"picked":"Hololive_Psychosis+1","floor":37},{"not_picked":["Hololive_Recruit","Hololive_ScarfAndHalo"],"picked":"Hololive_Thief","floor":40},{"not_picked":["Hololive_OvertimeWork","Hololive_DevilCharm","Hololive_Drill","Hololive_HuntDinosaur"],"picked":"SKIP","floor":40},{"not_picked":["Hololive_CallTokinoSora","Hololive_Breathe+1","Hololive_SoulCatcher"],"picked":"Hololive_CallDoris","floor":41},{"not_picked":["Hololive_HuntDinosaur+1","Hololive_Drill","Hololive_Yoholoon"],"picked":"Hololive_CallDoris","floor":42},{"not_picked":["Hololive_OpenUp","Hololive_StarCraft","Hololive_AWSL"],"picked":"Hololive_FlyingPonyTail","floor":44},{"not_picked":["Hololive_Psychosis","Hololive_Drill","Hololive_CallOkamiMio","Hololive_CallArtia"],"picked":"SKIP","floor":46}],"player_experience":322258,"relics_obtained":[{"floor":6,"key":"Pocketwatch"},{"floor":8,"key":"Toy Ornithopter"},{"floor":9,"key":"Art of War"},{"floor":10,"key":"HornCleat"},{"floor":14,"key":"hubris:OldNail"},{"floor":23,"key":"Bottled Tornado"},{"floor":25,"key":"Whetstone"},{"floor":26,"key":"Juzu Bracelet"},{"floor":29,"key":"Anchor"},{"floor":40,"key":"conspire:GiftBox"},{"floor":42,"key":"hubris:ToyBattleship"},{"floor":43,"key":"hubris:TenFootPole"},{"floor":44,"key":"hubris:DeckOfHolding"}],"event_choices":[{"damage_healed":0,"gold_gain":0,"player_choice":"Leave","damage_taken":0,"max_hp_gain":0,"max_hp_loss":0,"event_name":"conspire:Investor","floor":3,"gold_loss":0},{"damage_healed":0,"gold_gain":0,"player_choice":"Donut","damage_taken":0,"max_hp_gain":5,"max_hp_loss":0,"event_name":"Big Fish","floor":7,"gold_loss":0},{"damage_healed":0,"gold_gain":0,"player_choice":"Grow","damage_taken":0,"max_hp_gain":0,"max_hp_loss":0,"event_name":"Living Wall","floor":11,"gold_loss":0,"cards_upgraded":["Hololive_CallAkiRosenthal"]},{"damage_healed":0,"gold_gain":0,"player_choice":"Copied","damage_taken":0,"max_hp_gain":0,"max_hp_loss":0,"event_name":"Duplicator","floor":20,"gold_loss":0,"cards_obtained":["Hololive_CallAkiRosenthal"]},{"cards_removed":["Hololive_OpenUp"],"damage_healed":0,"gold_gain":0,"player_choice":"Offered Rare","damage_taken":0,"max_hp_gain":10,"max_hp_loss":0,"event_name":"Bonfire Elementals","floor":39,"gold_loss":0},{"damage_healed":0,"gold_gain":0,"player_choice":"Max HP","damage_taken":0,"max_hp_gain":0,"max_hp_loss":3,"event_name":"Winding Halls","floor":45,"gold_loss":0},{"damage_healed":0,"gold_gain":0,"player_choice":"Upgraded","damage_taken":0,"max_hp_gain":0,"max_hp_loss":0,"event_name":"Upgrade Shrine","floor":48,"gold_loss":0,"cards_upgraded":["Hololive_CallDoris"]}],"is_beta":false,"boss_relics":[{"not_picked":["Calling Bell","hubris:HollowSoul"],"picked":"Fusion Hammer"},{"not_picked":["Black Star","Cursed Key"],"picked":"Sozu"}],"items_purged_floors":[30],"is_endless":false,"potions_floor_spawned":[2,5,10,14,16,23,25,29,31,33,35,37,40,46],"ascension_level":5}}