{"host":"08sn1703g14rasc1","time":1611988365,"event":{"mods":["AchievementEnabler","BaseMod","Colored Map","Colored Powertips","Hermit","Minty Spire (QoL Compilation)","StSLib"],"gold_per_floor":[17,17,17,28,0,0,26,41,68,18,33,44,44,58,58,58,58],"floor_reached":16,"language":"ENG","playtime":464,"items_purged":["Defend_P"],"score":143,"play_id":"c96b5fed-9b6a-4fb0-b1ab-bb237ab8a05f","local_time":"20210129223245","is_ascension_mode":true,"campfire_choices":[{"floor":6,"key":"REST"},{"floor":15,"key":"REST"}],"circlet_count":0,"master_deck":["Strike_P","Strike_P","Defend_P","Eruption","Vigilance","WheelKick","Ragnarok","EmptyBody","CutThroughFate","EmptyBody","EmptyFist","Injury","Scrawl"],"relics":["PureWater","Smiling Mask","Ancient Tea Set","Golden Idol"],"acts_visited":["Exordium"],"potions_floor_usage":[7,16],"damage_taken":[{"damage":12,"enemies":"Small Slimes","floor":1,"turns":2},{"damage":4,"enemies":"Jaw Worm","floor":4,"turns":3},{"damage":20,"enemies":"3 Sentries","floor":7,"turns":7},{"damage":0,"enemies":"Cultist","floor":8,"turns":2},{"damage":17,"enemies":"Large Slime","floor":11,"turns":6},{"damage":1,"enemies":"Red Slaver","floor":12,"turns":2},{"damage":6,"enemies":"Blue Slaver","floor":14,"turns":3},{"damage":43,"enemies":"Hexaghost","floor":16,"turns":9}],"seed_played":"2256918059110122938","potions_obtained":[{"floor":1,"key":"AttackPotion"},{"floor":7,"key":"SteroidPotion"}],"is_trial":false,"path_per_floor":["M","?","?","M","?","R","E","M","T","$","M","M","?","M","R","B"],"character_chosen":"WATCHER","items_purchased":[],"campfire_rested":2,"item_purchase_floors":[],"current_hp_per_floor":[53,53,46,42,42,63,43,43,43,43,26,25,25,19,40,0,0],"gold":58,"neow_bonus":"REMOVE_TWO","is_daily":false,"chose_seed":false,"campfire_upgraded":0,"win_rate":0.0,"timestamp":1611988365,"path_taken":["M","?","?","M","?","R","E","M","T","$","M","?","?","M","R","BOSS"],"items_purchased_type":[],"build_version":"2020-12-22","purchased_purges":1,"victory":false,"max_hp_per_floor":[72,72,72,72,72,72,72,72,72,72,72,72,72,72,72,72,72],"card_choices":[{"not_picked":["Wireheading","Fasting2"],"picked":"WheelKick","floor":1},{"not_picked":["CutThroughFate","SashWhip"],"picked":"EmptyBody","floor":4},{"not_picked":["Halt","Indignation"],"picked":"CutThroughFate","floor":7},{"not_picked":["SashWhip","FollowUp"],"picked":"EmptyBody","floor":8},{"not_picked":["ThirdEye","Protect"],"picked":"EmptyFist","floor":11},{"not_picked":["Meditate","FollowUp","Collect"],"picked":"SKIP","floor":12},{"not_picked":["FollowUp","Prostrate"],"picked":"Scrawl","floor":14}],"player_experience":493320,"relics_obtained":[{"floor":7,"key":"Smiling Mask"},{"floor":9,"key":"Ancient Tea Set"}],"event_choices":[{"damage_healed":0,"gold_gain":0,"cards_transformed":["Defend_P"],"player_choice":"Change","damage_taken":0,"max_hp_gain":0,"max_hp_loss":0,"event_name":"Living Wall","floor":2,"gold_loss":0,"cards_obtained":["Ragnarok"]},{"cards_removed":["Defend_P"],"damage_healed":0,"gold_gain":0,"player_choice":"Card Removal","damage_taken":7,"max_hp_gain":0,"max_hp_loss":0,"event_name":"Golden Wing","floor":3,"gold_loss":0},{"damage_healed":0,"gold_gain":0,"player_choice":"Left Gold","damage_taken":0,"max_hp_gain":0,"max_hp_loss":0,"event_name":"World of Goop","floor":5,"gold_loss":28},{"damage_healed":0,"gold_gain":0,"player_choice":"Take Wound","damage_taken":0,"relics_obtained":["Golden Idol"],"max_hp_gain":0,"max_hp_loss":0,"event_name":"Golden Idol","floor":13,"gold_loss":0,"cards_obtained":["Injury"]}],"is_beta":false,"boss_relics":[],"items_purged_floors":[10],"is_endless":false,"potions_floor_spawned":[1,7],"killed_by":"Hexaghost","ascension_level":8}}