{"host":"c6u7e77myxvw4d0m","time":1611996925,"event":{"mods":["AchievementEnabler","BaseMod","Bestiary","Colored Map","Colored Powertips","Minty Spire (QoL Compilation)","Rare Cards Sparkle","Relic Stats","everything is the same but u backflip on backflip"],"gold_per_floor":[118,137,154,164,182,182,209,209,232,232,259,269,269,284,284,363,363,376,389,0,17,17,17,47,47,100,125,145,195,205,239,239,313,313,328,377,161,161,31,61,61,96,173,202,52,72,72,82,82,82],"floor_reached":51,"language":"ENG","playtime":2817,"items_purged":["Strike_R","Strike_R","Strike_R"],"score":1686,"play_id":"2c8a5968-d9b1-48bc-8cc6-13341b018b5c","local_time":"20210130105525","is_ascension_mode":true,"campfire_choices":[{"data":"Bludgeon","floor":6,"key":"SMITH"},{"data":"Whirlwind","floor":8,"key":"SMITH"},{"data":"Seeing Red","floor":13,"key":"SMITH"},{"data":"Bash","floor":15,"key":"SMITH"},{"floor":23,"key":"REST"},{"data":"Offering","floor":25,"key":"SMITH"},{"floor":32,"key":"REST"},{"floor":41,"key":"REST"},{"data":"Demon Form","floor":47,"key":"SMITH"},{"data":"Flame Barrier","floor":49,"key":"SMITH"}],"circlet_count":0,"master_deck":["AscendersBane","Strike_R+1","Strike_R","Defend_R","Defend_R","Defend_R","Defend_R","Bash+1","Anger+1","Flex","Whirlwind+1","Bludgeon+1","Flex","Headbutt","Seeing Red+1","Shrug It Off","Offering+1","CurseOfTheBell","Ghostly Armor","Thunderclap+1","Uppercut","Flame Barrier+1","Shockwave+1","Barricade","Metallicize","Metallicize","Finesse","Double Tap","Demon Form+1"],"relics":["SlaversCollar","Bottled Flame","Akabeko","Red Skull","Calling Bell","MealTicket","Pantograph","Unceasing Top","Membership Card","Pen Nib","HornCleat","Nilry\u0027s Codex","Ancient Tea Set","Blood Vial","Whetstone","Ornamental Fan","Cursed Key","Thread and Needle","Matryoshka","Vajra","Omamori","Dream Catcher","Singing Bowl","StrikeDummy","Question Card","Cauldron"],"acts_visited":["Exordium","TheCity","TheBeyond"],"potions_floor_usage":[4,16,19,21,27,33,36,44,44,50,50],"damage_taken":[{"damage":6,"enemies":"Cultist","floor":1,"turns":4},{"damage":4,"enemies":"2 Louse","floor":2,"turns":4},{"damage":4,"enemies":"Jaw Worm","floor":3,"turns":4},{"damage":26,"enemies":"Exordium Thugs","floor":4,"turns":6},{"damage":4,"enemies":"Large Slime","floor":5,"turns":6},{"damage":8,"enemies":"Gremlin Nob","floor":7,"turns":3},{"damage":0,"enemies":"Exordium Wildlife","floor":12,"turns":1},{"damage":0,"enemies":"2 Fungi Beasts","floor":14,"turns":1},{"damage":0,"enemies":"Slime Boss","floor":16,"turns":4},{"damage":6,"enemies":"Spheric Guardian","floor":18,"turns":1},{"damage":27,"enemies":"Shell Parasite","floor":19,"turns":3},{"damage":16,"enemies":"Shelled Parasite and Fungi","floor":21,"turns":3},{"damage":0,"enemies":"Slavers","floor":24,"turns":1},{"damage":6,"enemies":"Gremlin Leader","floor":27,"turns":3},{"damage":0,"enemies":"3 Cultists","floor":28,"turns":1},{"damage":12,"enemies":"Chosen and Byrds","floor":30,"turns":2},{"damage":12,"enemies":"Book of Stabbing","floor":31,"turns":3},{"damage":40,"enemies":"Collector","floor":33,"turns":7},{"damage":6,"enemies":"3 Shapes","floor":35,"turns":1},{"damage":6,"enemies":"2 Orb Walkers","floor":36,"turns":2},{"damage":38,"enemies":"Reptomancer","floor":40,"turns":4},{"damage":0,"enemies":"Nemesis","floor":42,"turns":1},{"damage":7,"enemies":"Giant Head","floor":44,"turns":5},{"damage":0,"enemies":"Orb Walker","floor":46,"turns":1},{"damage":0,"enemies":"4 Shapes","floor":48,"turns":1},{"damage":15,"enemies":"Awakened One","floor":50,"turns":10}],"seed_played":"-8537642073090190744","potions_obtained":[{"floor":2,"key":"BloodPotion"},{"floor":5,"key":"Fire Potion"},{"floor":7,"key":"BloodPotion"},{"floor":16,"key":"LiquidBronze"},{"floor":19,"key":"ColorlessPotion"},{"floor":24,"key":"Energy Potion"},{"floor":31,"key":"PowerPotion"},{"floor":33,"key":"Block Potion"},{"floor":36,"key":"FearPotion"},{"floor":40,"key":"SteroidPotion"},{"floor":45,"key":"Strength Potion"},{"floor":45,"key":"Energy Potion"}],"is_trial":false,"path_per_floor":["M","M","M","M","M","R","E","R","T","?","T","M","R","M","R","B",null,"M","M","$","M","?","R","E","R","T","E","M","?","M","E","R","B",null,"M","?","$","?","$","E","R","E","T","E","$","M","R","M","R","B",null],"character_chosen":"IRONCLAD","items_purchased":["Membership Card","Pen Nib","HornCleat","Matryoshka","Metallicize","Vajra","Cauldron"],"campfire_rested":3,"item_purchase_floors":[20,20,20,37,37,39,45],"current_hp_per_floor":[62,58,54,43,39,39,31,31,31,56,56,56,56,56,56,56,70,64,52,67,51,30,52,52,52,52,48,50,50,40,30,52,35,65,61,57,72,72,75,37,59,61,61,58,73,75,75,79,79,64],"gold":82,"neow_bonus":"BOSS_RELIC","is_daily":false,"chose_seed":false,"campfire_upgraded":7,"win_rate":0.0,"timestamp":1611996925,"path_taken":["M","?","M","M","M","R","E","R","T","?","?","M","R","M","R","BOSS","M","M","$","M","?","R","E","R","T","E","M","?","M","E","R","BOSS","M","?","$","?","$","E","R","E","T","E","?","?","R","M","R","BOSS"],"items_purchased_type":["Relic","Relic","Relic","Relic","Card","Relic","Relic"],"build_version":"2020-12-22","purchased_purges":3,"victory":true,"max_hp_per_floor":[75,75,75,75,75,75,75,75,75,75,75,75,75,75,75,75,75,75,75,75,75,75,75,75,75,75,75,75,75,75,75,75,75,75,75,75,75,75,75,75,75,75,75,77,77,77,77,79,79,79],"relic_stats":{"Singing Bowl":4,"counters":[26,82],"Pen Nib":[6],"Whetstone":["Strike_R","Anger"],"Cursed Key":1,"Question Card":3,"Blood Vial":22,"Dream Catcher":0,"Ornamental Fan":[20],"Pantograph":21,"MealTicket":48,"obtain_stats":[{"Singing Bowl":43,"Nilry\u0027s Codex":22,"Vajra":39,"Whetstone":27,"Ancient Tea Set":24,"Cursed Key":34,"Burning Blood":0,"Blood Vial":26,"Dream Catcher":42,"HornCleat":20,"Matryoshka":37,"Pantograph":17,"MealTicket":17,"Red Skull":11,"Thread and Needle":36,"Pen Nib":20,"Omamori":40,"Question Card":44,"Akabeko":9,"Calling Bell":17,"SlaversCollar":0,"Cauldron":45,"Bottled Flame":7,"Ornamental Fan":31,"Membership Card":20,"StrikeDummy":43,"Unceasing Top":17},{"Singing Bowl":22,"Nilry\u0027s Codex":12,"Vajra":20,"Whetstone":14,"Ancient Tea Set":13,"Cursed Key":18,"Burning Blood":0,"Blood Vial":13,"Dream Catcher":22,"HornCleat":11,"Matryoshka":20,"Pantograph":9,"MealTicket":9,"Red Skull":6,"Thread and Needle":20,"Pen Nib":11,"Omamori":21,"Question Card":23,"Akabeko":6,"Calling Bell":9,"SlaversCollar":0,"Cauldron":23,"Bottled Flame":6,"Ornamental Fan":17,"Membership Card":11,"StrikeDummy":22,"Unceasing Top":9},{"Singing Bowl":65,"Nilry\u0027s Codex":40,"Vajra":60,"Whetstone":44,"Ancient Tea Set":41,"Cursed Key":57,"Burning Blood":0,"Blood Vial":41,"Dream Catcher":65,"HornCleat":37,"Matryoshka":60,"Pantograph":33,"MealTicket":33,"Red Skull":27,"Thread and Needle":60,"Pen Nib":37,"Omamori":64,"Question Card":70,"Akabeko":27,"Calling Bell":33,"SlaversCollar":0,"Cauldron":70,"Bottled Flame":27,"Ornamental Fan":50,"Membership Card":37,"StrikeDummy":65,"Unceasing Top":33}],"Unceasing Top":[4]},"card_choices":[{"not_picked":["Warcry","Shrug It Off"],"picked":"Anger","floor":1},{"not_picked":["Second Wind","True Grit"],"picked":"Flex","floor":2},{"not_picked":["Flame Barrier","Clothesline"],"picked":"Whirlwind","floor":3},{"not_picked":["Cleave","Perfected Strike"],"picked":"Bludgeon","floor":4},{"not_picked":["Wild Strike","Armaments"],"picked":"Flex","floor":5},{"not_picked":["Body Slam","Sever Soul"],"picked":"Headbutt","floor":7},{"not_picked":["Twin Strike","Body Slam"],"picked":"Seeing Red","floor":12},{"not_picked":["Combust","Corruption"],"picked":"Shrug It Off","floor":14},{"not_picked":["Fiend Fire","Feed"],"picked":"Offering","floor":16},{"not_picked":["Warcry","Armaments","Headbutt"],"picked":"SKIP","floor":18},{"not_picked":["Cleave","Perfected Strike+1","Rampage"],"picked":"SKIP","floor":19},{"not_picked":["Brutality","True Grit"],"picked":"Ghostly Armor","floor":21},{"not_picked":["Searing Blow","Twin Strike"],"picked":"Thunderclap+1","floor":24},{"not_picked":["Heavy Blade","Sword Boomerang+1","Armaments"],"picked":"SKIP","floor":27},{"not_picked":["Clothesline","Searing Blow"],"picked":"Uppercut","floor":28},{"not_picked":["Wild Strike","Whirlwind"],"picked":"Flame Barrier","floor":30},{"not_picked":["Hemokinesis","Anger+1"],"picked":"Shockwave+1","floor":31},{"not_picked":["Bludgeon","Offering"],"picked":"Barricade","floor":33},{"not_picked":["Havoc+1","Twin Strike","Anger"],"picked":"SKIP","floor":35},{"not_picked":["Dual Wield","Sentinel"],"picked":"Metallicize","floor":36},{"not_picked":["Swift Strike","PanicButton"],"picked":"Finesse","floor":38},{"not_picked":["Clothesline","Burning Pact","Combust+1"],"picked":"SKIP","floor":40},{"not_picked":["Shockwave","Iron Wave+1"],"picked":"Double Tap","floor":42},{"not_picked":["Body Slam","Perfected Strike","Burning Pact"],"picked":"Singing Bowl","floor":44},{"not_picked":["Body Slam","Pommel Strike","Armaments"],"picked":"Demon Form","floor":46},{"not_picked":["Spot Weakness","Cleave","Sentinel","Burning Pact"],"picked":"Singing Bowl","floor":48}],"player_experience":558061,"relics_obtained":[{"floor":7,"key":"Bottled Flame"},{"floor":9,"key":"Akabeko"},{"floor":11,"key":"Red Skull"},{"floor":17,"key":"MealTicket"},{"floor":17,"key":"Pantograph"},{"floor":17,"key":"Unceasing Top"},{"floor":22,"key":"Nilry\u0027s Codex"},{"floor":24,"key":"Ancient Tea Set"},{"floor":26,"key":"Blood Vial"},{"floor":27,"key":"Whetstone"},{"floor":31,"key":"Ornamental Fan"},{"floor":36,"key":"Thread and Needle"},{"floor":40,"key":"Omamori"},{"floor":42,"key":"Dream Catcher"},{"floor":43,"key":"Singing Bowl"},{"floor":43,"key":"StrikeDummy"},{"floor":44,"key":"Question Card"}],"event_choices":[{"damage_healed":25,"gold_gain":0,"player_choice":"Banana","damage_taken":0,"max_hp_gain":0,"max_hp_loss":0,"event_name":"Big Fish","floor":10,"gold_loss":0},{"damage_healed":0,"gold_gain":0,"player_choice":"Obtained Book","damage_taken":21,"max_hp_gain":0,"max_hp_loss":0,"event_name":"Cursed Tome","floor":22,"gold_loss":0},{"damage_healed":0,"gold_gain":50,"player_choice":"Stole From Cult","damage_taken":0,"max_hp_gain":0,"max_hp_loss":0,"event_name":"Nest","floor":29,"gold_loss":0},{"damage_healed":0,"gold_gain":0,"player_choice":"Fight","damage_taken":0,"max_hp_gain":0,"max_hp_loss":0,"event_name":"Mysterious Sphere","floor":36,"gold_loss":0},{"damage_healed":0,"gold_gain":0,"player_choice":"Memory 1","damage_taken":0,"max_hp_gain":0,"max_hp_loss":0,"event_name":"SensoryStone","floor":38,"gold_loss":0}],"is_beta":false,"boss_relics":[{"not_picked":["Coffee Dripper","Fusion Hammer"],"picked":"Calling Bell"},{"not_picked":["Pandora\u0027s Box","Astrolabe"],"picked":"Cursed Key"}],"items_purged_floors":[37,39,45],"is_endless":false,"potions_floor_spawned":[2,5,7,16,19,24,31,33,36,40,48],"ascension_level":16}}