{"host":"1s3n9odryuenogaq","time":1611973057,"event":{"mods":["AchievementEnabler","BaseMod","BetterRewards","Colored Map","Colored Powertips","Downfall","Googly Eyes","Minty Spire (QoL Compilation)","StSLib"],"gold_per_floor":[99,119,219,219,230,230,230,240,255,283,302,23,35,35,48,146,146,146,165,265,330,395,405,405,416,431,481,481,497,10,28,28,126,126,126,139,20,70,120,182,182,283,283,38,54,68,133,158,158,158],"floor_reached":51,"language":"ENG","playtime":10591,"items_purged":[],"score":887,"play_id":"72599e81-9402-4ca3-bfc4-8e9986d2f682","local_time":"20210130021737","is_ascension_mode":false,"campfire_choices":[{"data":"Slimebound:Split","floor":1.0,"key":"SMITH"},{"data":"Slimebound:MassRepurpose","floor":18.0,"key":"SMITH"},{"floor":28.0,"key":"REST"},{"floor":35,"key":"RECALL"},{"floor":43,"key":"REST"},{"floor":49,"key":"REST"}],"circlet_count":0,"master_deck":["Slimebound:Strike_Slimebound","Slimebound:Strike_Slimebound","Slimebound:Strike_Slimebound","Slimebound:Tackle","Slimebound:Defend_Slimebound","Slimebound:Defend_Slimebound","Slimebound:Defend_Slimebound","Slimebound:Defend_Slimebound","Slimebound:Split+1","Slimebound:CorrosiveSpit","Slimebound:LeechEnergy","Shame","Pain","Slimebound:Teamwork","downfall:Aged","Slimebound:SplitAcid","Slimebound:SplitLeeching","Slimebound:SplitMire","Slimebound:GoopSpray","Slimebound:PressTheAttack","Slimebound:FlameTackle","Slimebound:RainOfGoop","Slimebound:ViciousTackle","Slimebound:Gluttony","Slimebound:PressTheAttack","Slimebound:GoopSpray","Regret","Slimebound:MassRepurpose+1","Slimebound:FirmFortitude","Slimebound:Equalize","Slimebound:ComboTackle","Slimebound:GrowthPunch","Slimebound:Schlurp+1","Slimebound:DisruptingSlam","downfall:Icky","Slimebound:SamplingLick+1","Slimebound:PressTheAttack+1","Slimebound:LivingWall","Slimebound:LeechingTouch+1","Slimebound:SplitLeeching","Slimebound:ItLooksTasty","Slimebound:TongueLash","Slimebound:SpikyOuterGoop","Slimebound:FlameTackle+1","Slimebound:WasteNot","Slimebound:Schlurp+1","Slimebound:GoopSpray+1","Slimebound:DouseInSlime","Slimebound:SplitLeeching+1","Slimebound:Equalize+1","Slimebound:ForwardTackle+1","expansioncontent:DashGenerateEvil","Slimebound:AcidTongue","Slimebound:FormOfPuddle","Slimebound:HauntingLick","Slimebound:AcidTongue","Slimebound:HauntingLick","Slimebound:LeechEnergy+1","Slimebound:MassFeed"],"relics":["Slimebound:AbsorbEndCombat","Blue Candle","Bird Faced Urn","Du-Vu Doll","Bag of Preparation","Lee\u0027s Waffle","Cursed Key","downfall:CloakOfManyFaces","CultistMask","FaceOfCleric","NlothsMask","GremlinMask","SsserpentHead","Ginger","Busted Crown","Omamori","Dream Catcher","Gambling Chip","Slimebound:AggressiveSlimeRelic"],"acts_visited":["Exordium","TheCity","TheBeyond"],"potions_floor_usage":[50,50],"damage_taken":[{"damage":5.0,"enemies":"Small Slimes","floor":2.0,"turns":3.0},{"damage":12.0,"enemies":"Jaw Worm","floor":5.0,"turns":4.0},{"damage":6.0,"enemies":"Cultist","floor":8.0,"turns":3.0},{"damage":7.0,"enemies":"2 Fungi Beasts","floor":9.0,"turns":3.0},{"damage":18.0,"enemies":"Gremlin Nob","floor":10.0,"turns":3.0},{"damage":12.0,"enemies":"Exordium Wildlife","floor":11.0,"turns":3.0},{"damage":5.0,"enemies":"downfall:FleeingMerchant","floor":12.0,"turns":4.0},{"damage":3.0,"enemies":"Red Slaver","floor":13.0,"turns":3.0},{"damage":16.0,"enemies":"Lots of Slimes","floor":15.0,"turns":2.0},{"damage":50.0,"enemies":"SI_SHIV_ARCHETYPE","floor":16.0,"turns":7.0},{"damage":11.0,"enemies":"Spheric Guardian","floor":19.0,"turns":3.0},{"damage":20.0,"enemies":"downfall:FaceTrader","floor":20.0,"turns":6.0},{"damage":31.0,"enemies":"Shelled Parasite and Fungi","floor":21.0,"turns":5.0},{"damage":1.0,"enemies":"Chosen and Byrds","floor":22.0,"turns":3.0},{"damage":15.0,"enemies":"Centurion and Healer","floor":23.0,"turns":5.0},{"damage":16.0,"enemies":"Sentry and Sphere","floor":25.0,"turns":3.0},{"damage":1.0,"enemies":"Snake Plant","floor":26.0,"turns":3.0},{"damage":5.0,"enemies":"Centurion and Healer","floor":29.0,"turns":4.0},{"damage":10.0,"enemies":"downfall:FleeingMerchant","floor":30.0,"turns":4.0},{"damage":9.0,"enemies":"3 Cultists","floor":31.0,"turns":3.0},{"damage":1.0,"enemies":"Chosen and Byrds","floor":32.0,"turns":1.0},{"damage":88.0,"enemies":"DF_ARCHETYPE_CLAW","floor":33.0,"turns":9.0},{"damage":6,"enemies":"3 Shapes","floor":36,"turns":3},{"damage":20,"enemies":"downfall:FleeingMerchant","floor":37,"turns":4},{"damage":0,"enemies":"Orb Walker","floor":40,"turns":3},{"damage":27,"enemies":"2 Orb Walkers","floor":42,"turns":5},{"damage":22,"enemies":"Jaw Worm Horde","floor":45,"turns":3},{"damage":0,"enemies":"4 Shapes","floor":46,"turns":2},{"damage":2,"enemies":"Writhing Mass","floor":47,"turns":4},{"damage":88,"enemies":"Reptomancer","floor":48,"turns":6},{"damage":57,"enemies":"WA_ARCHETYPE_DIVINITY","floor":50,"turns":11}],"seed_played":"6629227153261874966","potions_obtained":[{"floor":4.0,"key":"Block Potion"},{"floor":4.0,"key":"LiquidBronze"},{"floor":4.0,"key":"Explosive Potion"},{"floor":5.0,"key":"bronze:BurnAndBuffPotion"},{"floor":13.0,"key":"sneckomod:MuddlingPotion"},{"floor":15.0,"key":"SkillPotion"},{"floor":16.0,"key":"ColorlessPotion"},{"floor":20.0,"key":"SkillPotion"},{"floor":21.0,"key":"DistilledChaos"},{"floor":25.0,"key":"EntropicBrew"},{"floor":29.0,"key":"GamblersBrew"},{"floor":33.0,"key":"hexamod:SoulburnPotion"},{"floor":40,"key":"Guardian:BlockOnCardUsePotion"},{"floor":42,"key":"Regen Potion"}],"is_trial":false,"path_per_floor":["R","M","?","?","M","?","T","M","M","E","M","$","M","?","M","B",null,"R","M","?","M","M","M","T","M","M","?","R","M","$","M","M","B",null,"R","M","$","?","?","M","T","?","R","$","M","M","M","E","R","B",null],"character_chosen":"SLIMEBOUND","items_purchased":["Lee\u0027s Waffle","Slimebound:RainOfGoop","Slimebound:ViciousTackle","Ginger","Slimebound:SplitLeeching","Slimebound:ItLooksTasty","Slimebound:TongueLash","Slimebound:SpikyOuterGoop","Omamori","Dream Catcher","Slimebound:DouseInSlime","expansioncontent:DashGenerateEvil","Slimebound:AcidTongue","Slimebound:FormOfPuddle"],"campfire_rested":3,"item_purchase_floors":[12,12,12,30,30,30,30,30,37,37,37,44,44,44],"current_hp_per_floor":[71,70,70,70,62,44,44,40,35,21,15,78,77,77,61,21,78,78,72,64,48,62,60,60,51,57,57,81,84,79,81,85,8,88,88,85,70,70,90,91,91,72,92,92,83,86,95,21,49,22],"gold":158,"neow_bonus":"TEN_PERCENT_HP_BONUS","is_daily":false,"chose_seed":false,"campfire_upgraded":2,"win_rate":0.0,"timestamp":1611973057,"path_taken":["R","M","?","?","?","?","T","M","M","E","M","?","M","?","M","BOSS","R","M","?","?","?","M","T","M","M","?","R","M","?","M","M","BOSS","R","M","$","?","?","?","T","?","R","?","M","M","?","E","R","BOSS"],"items_purchased_type":["Relic","Card","Card","Relic","Card","Card","Card","Card","Relic","Relic","Card","Card","Card","Card"],"build_version":"2020-12-22","purchased_purges":0,"victory":true,"max_hp_per_floor":[71,71,71,71,71,71,71,71,71,71,71,78,78,78,78,78,78,78,78,78,79,80,81,81,82,83,83,83,84,85,86,87,88,88,88,89,90,90,90,91,91,92,92,92,93,94,95,96,96,97],"card_choices":[{"not_picked":["Slimebound:PressTheAttack","Slimebound:ViciousTackle"],"picked":"Slimebound:LeechEnergy","floor":2.0},{"not_picked":["Slimebound:LeechingTouch","Slimebound:FlameTackle"],"picked":"Slimebound:SplitAcid","floor":5.0},{"not_picked":["Slimebound:LeechEnergy","Slimebound:Schlurp"],"picked":"Slimebound:SplitLeeching","floor":8.0},{"not_picked":["Slimebound:SplitAcid","Slimebound:Repurpose"],"picked":"Slimebound:SplitMire","floor":9.0},{"not_picked":["Slimebound:PrepareCrush","Slimebound:GoopTackle"],"picked":"Slimebound:GoopSpray","floor":10.0},{"not_picked":["Slimebound:GoopTackle","Slimebound:SlimeBarrage"],"picked":"Slimebound:PressTheAttack","floor":11.0},{"not_picked":["Slimebound:SplitLeeching","Slimebound:SplitMire"],"picked":"Slimebound:FlameTackle","floor":12.0},{"not_picked":["Slimebound:SplitMire","Slimebound:RollThrough"],"picked":"Slimebound:Gluttony","floor":13.0},{"not_picked":["Slimebound:LeadByExample","Slimebound:ItLooksTasty"],"picked":"Slimebound:MassRepurpose","floor":15.0},{"not_picked":["Slimebound:SlimeSlap","Slimebound:PrepareCrush"],"picked":"Slimebound:FirmFortitude","floor":16.0},{"not_picked":["Slimebound:PressTheAttack","Slimebound:LeechEnergy"],"picked":"Slimebound:Equalize","floor":19.0},{"not_picked":["Slimebound:ItLooksTasty","Slimebound:SplitAcid"],"picked":"Slimebound:ComboTackle","floor":20.0},{"not_picked":["Slimebound:LeechEnergy","Slimebound:SplitLeeching"],"picked":"Slimebound:GrowthPunch","floor":21.0},{"not_picked":["Slimebound:FormOfPuddle","Slimebound:SplitBruiser+1"],"picked":"Slimebound:Schlurp+1","floor":22.0},{"not_picked":["Slimebound:GoopSpray","Slimebound:Equalize"],"picked":"Slimebound:DisruptingSlam","floor":23.0},{"not_picked":["Slimebound:SpikyOuterGoop","Slimebound:LeechingTouch+1"],"picked":"Slimebound:SamplingLick+1","floor":25.0},{"not_picked":["Slimebound:FormOfPuddle+1","Slimebound:ComboTackle"],"picked":"Slimebound:PressTheAttack+1","floor":26.0},{"not_picked":["Slimebound:AcidTongue","Slimebound:PrepareCrush"],"picked":"Slimebound:LivingWall","floor":29.0},{"not_picked":["Slimebound:GoopSpray","Slimebound:PressTheAttack"],"picked":"Slimebound:LeechingTouch+1","floor":30.0},{"not_picked":["Slimebound:SamplingLick+1","Slimebound:Replication+1"],"picked":"Slimebound:FlameTackle+1","floor":31.0},{"not_picked":["Slimebound:FirmFortitude","Slimebound:DuplicatedForm"],"picked":"Slimebound:WasteNot","floor":33.0},{"not_picked":[],"picked":"Slimebound:Schlurp+1","floor":36},{"not_picked":[],"picked":"Slimebound:GoopSpray+1","floor":37},{"not_picked":[],"picked":"Slimebound:SplitLeeching+1","floor":40},{"not_picked":[],"picked":"Slimebound:Equalize+1","floor":42},{"not_picked":[],"picked":"Slimebound:ForwardTackle+1","floor":43},{"not_picked":[],"picked":"Slimebound:HauntingLick","floor":45},{"not_picked":[],"picked":"Slimebound:AcidTongue","floor":46},{"not_picked":[],"picked":"Slimebound:HauntingLick","floor":47},{"not_picked":[],"picked":"Slimebound:LeechEnergy+1","floor":48},{"not_picked":[],"picked":"Slimebound:MassFeed","floor":49}],"player_experience":915421,"relics_obtained":[{"floor":7.0,"key":"Du-Vu Doll"},{"floor":10.0,"key":"Bag of Preparation"},{"floor":20.0,"key":"downfall:CloakOfManyFaces"},{"floor":42,"key":"Gambling Chip"},{"floor":48,"key":"Slimebound:AggressiveSlimeRelic"}],"event_choices":[{"damage_healed":0.0,"max_hp_gain":0.0,"max_hp_loss":0.0,"gold_gain":0.0,"event_name":"Lab","player_choice":"Got Potions","floor":4.0,"gold_loss":0.0,"damage_taken":0.0},{"damage_healed":0.0,"max_hp_gain":0.0,"max_hp_loss":0.0,"gold_gain":0.0,"event_name":"Scrap Ooze","player_choice":"Success","floor":6.0,"gold_loss":0.0,"damage_taken":18.0,"relics_obtained":["Bird Faced Urn"]},{"damage_healed":0.0,"max_hp_gain":0.0,"max_hp_loss":0.0,"gold_gain":0.0,"event_name":"NoteForYourself","player_choice":"Ignored","floor":27.0,"gold_loss":0.0,"damage_taken":0.0},{"damage_healed":20,"gold_gain":0,"player_choice":"Full Heal","damage_taken":0,"max_hp_gain":0,"max_hp_loss":0,"event_name":"Wheel of Change","floor":39,"gold_loss":0},{"damage_healed":0,"gold_gain":0,"player_choice":"Fight","damage_taken":0,"max_hp_gain":0,"max_hp_loss":0,"event_name":"Mysterious Sphere","floor":42,"gold_loss":0}],"is_beta":false,"boss_relics":[{"not_picked":["Runic Pyramid","Slimebound:TarBlob"],"picked":"Cursed Key"},{"not_picked":["SacredBark","Astrolabe"],"picked":"Busted Crown"}],"items_purged_floors":[],"is_endless":false,"potions_floor_spawned":[5,13,15,16,20,21,25,29,33,40,42,46,48],"ascension_level":0}}