{"host":"l5zfpd2l2htson6l","time":1611965578,"event":{"mods":["AchievementEnabler","BaseMod","Colored Map","Colored Powertips","Minty Spire (QoL Compilation)","Permanent Neow","Quick Restart","Rare Cards Sparkle","Relic Stats","SuperFastMode"],"gold_per_floor":[13,30,30,30,42,42,74,74,100,100,130,148,148,162,162,240,240,257,277,62,79,79,112,131,166,166,166,197,297,297,310,310,385,385,395,415,415,427,427,452,452,471,549,601,601,601],"floor_reached":45,"language":"ENG","playtime":2913,"items_purged":[],"score":915,"play_id":"39c4594c-e0e6-4a42-88e4-5347cdef372c","local_time":"20210129161258","is_ascension_mode":true,"campfire_choices":[{"data":"Bash","floor":6.0,"key":"SMITH"},{"floor":10.0,"key":"REST"},{"data":"Hemokinesis","floor":13.0,"key":"SMITH"},{"data":"Disarm","floor":15.0,"key":"SMITH"},{"floor":27.0,"key":"REST"},{"data":"Dual Wield","floor":30.0,"key":"SMITH"},{"floor":32.0,"key":"REST"},{"floor":41.0,"key":"REST"}],"circlet_count":0,"master_deck":["AscendersBane","Strike_R+1","Strike_R+1","Strike_R","Strike_R","Strike_R","Defend_R","Defend_R+1","Defend_R","Defend_R+1","Bash+1","Twin Strike","Carnage+1","Clash","Hemokinesis+1","Immolate","Rage","Disarm+1","Double Tap","Headbutt","Impervious","Blood for Blood","Dual Wield+1","Flame Barrier","Offering","Headbutt","Whirlwind","Impervious","Thunderclap+1","Parasite","Exhume","Burning Pact"],"relics":["Burning Blood","StoneCalendar","War Paint","FaceOfCleric","Pocketwatch","Snecko Eye","ClockworkSouvenir","Oddly Smooth Stone","Sundial","Bird Faced Urn","Ginger","Shuriken","Philosopher\u0027s Stone","Kunai","The Courier","FossilizedHelix"],"acts_visited":["Exordium","TheCity","TheBeyond"],"potions_floor_usage":[45],"damage_taken":[{"damage":1.0,"enemies":"Small Slimes","floor":1.0,"turns":5.0},{"damage":1.0,"enemies":"Cultist","floor":2.0,"turns":3.0},{"damage":6.0,"enemies":"2 Louse","floor":5.0,"turns":2.0},{"damage":30.0,"enemies":"Lagavulin","floor":7.0,"turns":6.0},{"damage":7.0,"enemies":"Gremlin Nob","floor":11.0,"turns":3.0},{"damage":2.0,"enemies":"Looter","floor":12.0,"turns":2.0},{"damage":2.0,"enemies":"Large Slime","floor":14.0,"turns":3.0},{"damage":34.0,"enemies":"Hexaghost","floor":16.0,"turns":8.0},{"damage":2.0,"enemies":"Shell Parasite","floor":18.0,"turns":1.0},{"damage":15.0,"enemies":"Spheric Guardian","floor":19.0,"turns":4.0},{"damage":1.0,"enemies":"Chosen and Byrds","floor":21.0,"turns":3.0},{"damage":30.0,"enemies":"Gremlin Leader","floor":23.0,"turns":3.0},{"damage":16.0,"enemies":"Centurion and Healer","floor":24.0,"turns":5.0},{"damage":22.0,"enemies":"Book of Stabbing","floor":25.0,"turns":3.0},{"damage":10.0,"enemies":"Gremlin Leader","floor":28.0,"turns":5.0},{"damage":6.0,"enemies":"Colosseum Slavers","floor":29.0,"turns":3.0},{"damage":7.0,"enemies":"Colosseum Nobs","floor":29.0,"turns":3.0},{"damage":22.0,"enemies":"Snake Plant","floor":31.0,"turns":2.0},{"damage":54.0,"enemies":"Automaton","floor":33.0,"turns":9.0},{"damage":0.0,"enemies":"Orb Walker","floor":35.0,"turns":2.0},{"damage":0.0,"enemies":"3 Darklings","floor":36.0,"turns":1.0},{"damage":22.0,"enemies":"Writhing Mass","floor":38.0,"turns":6.0},{"damage":38.0,"enemies":"Nemesis","floor":40.0,"turns":7.0},{"damage":0.0,"enemies":"Sphere and 2 Shapes","floor":42.0,"turns":3.0},{"damage":39.0,"enemies":"2 Orb Walkers","floor":44.0,"turns":5.0},{"damage":45,"enemies":"Giant Head","floor":45,"turns":7}],"seed_played":"-3715261553351464796","potions_obtained":[{"floor":7.0,"key":"AttackPotion"},{"floor":11.0,"key":"Dexterity Potion"},{"floor":18.0,"key":"DuplicationPotion"},{"floor":23.0,"key":"Regen Potion"},{"floor":24.0,"key":"Fire Potion"},{"floor":28.0,"key":"Weak Potion"},{"floor":33.0,"key":"PowerPotion"}],"is_trial":false,"path_per_floor":["M","M","?","?","M","R","E","?","T","R","E","M","R","M","R","B",null,"M","M","$","M","?","E","M","E","T","R","E","?","R","M","R","B",null,"M","M","?","M","?","E","R","M","T","?","E"],"character_chosen":"IRONCLAD","items_purchased":["Impervious","ClockworkSouvenir"],"campfire_rested":4,"item_purchase_floors":[20,20],"current_hp_per_floor":[73,75,75,60,60,60,36,36,36,58,58,63,63,68,68,41,70,75,67,67,73,73,50,53,38,38,63,60,61,61,46,72,25,74,81,88,87,72,72,41,67,74,74,42,0,0],"gold":601,"neow_bonus":"ONE_RARE_RELIC","is_daily":false,"chose_seed":false,"campfire_upgraded":4,"win_rate":0.0,"timestamp":1611965578,"path_taken":["M","M","?","?","M","R","E","?","T","R","E","M","R","M","R","BOSS","M","M","?","M","?","E","M","E","T","R","E","?","R","M","R","BOSS","M","M","?","M","?","E","R","M","T","?","E"],"items_purchased_type":["Card","Relic"],"build_version":"2020-12-22","purchased_purges":0,"victory":false,"max_hp_per_floor":[75,75,75,75,75,75,75,75,75,75,76,77,77,78,78,79,79,80,81,81,82,82,83,84,85,85,85,86,88,88,89,89,90,90,91,92,87,88,88,89,89,90,90,91,91,91],"relic_stats":{"counters":[26,104],"StoneCalendar":[156],"Ginger":[5],"War Paint":["Defend_R","Defend_R"],"Burning Blood":147,"FaceOfCleric":21,"Sundial":[6],"Shuriken":[20],"Bird Faced Urn":[0],"Snecko Eye":[152,151,140,143],"Kunai":[8],"obtain_stats":[{"Oddly Smooth Stone":25,"StoneCalendar":0,"The Courier":43,"Ginger":29,"War Paint":7,"Burning Blood":0,"ClockworkSouvenir":20,"FaceOfCleric":8,"Sundial":26,"Shuriken":29,"Bird Faced Urn":28,"Snecko Eye":17,"Philosopher\u0027s Stone":34,"Kunai":40,"FossilizedHelix":44,"Pocketwatch":11},{"Oddly Smooth Stone":14,"StoneCalendar":0,"The Courier":24,"Ginger":17,"War Paint":4,"Burning Blood":0,"ClockworkSouvenir":10,"FaceOfCleric":4,"Sundial":14,"Shuriken":17,"Bird Faced Urn":15,"Snecko Eye":8,"Philosopher\u0027s Stone":19,"Kunai":23,"FossilizedHelix":25,"Pocketwatch":5},{"Oddly Smooth Stone":51,"StoneCalendar":0,"The Courier":92,"Ginger":62,"War Paint":16,"Burning Blood":0,"ClockworkSouvenir":37,"FaceOfCleric":16,"Sundial":51,"Shuriken":62,"Bird Faced Urn":56,"Snecko Eye":32,"Philosopher\u0027s Stone":73,"Kunai":89,"FossilizedHelix":97,"Pocketwatch":19}],"Pocketwatch":[114]},"card_choices":[{"not_picked":["Perfected Strike","Shrug It Off"],"picked":"Twin Strike","floor":1.0},{"not_picked":["Pommel Strike","Perfected Strike"],"picked":"Carnage","floor":2.0},{"not_picked":["Heavy Blade","Havoc"],"picked":"Clash","floor":5.0},{"not_picked":["Dropkick","Shockwave"],"picked":"Hemokinesis","floor":7.0},{"not_picked":["True Grit","Inflame"],"picked":"Immolate","floor":11.0},{"not_picked":["Flame Barrier","Pommel Strike"],"picked":"Rage","floor":12.0},{"not_picked":["True Grit","Power Through"],"picked":"Disarm","floor":14.0},{"not_picked":["Immolate","Demon Form"],"picked":"Double Tap","floor":16.0},{"not_picked":["Iron Wave","Dropkick","Thunderclap"],"picked":"SKIP","floor":18.0},{"not_picked":["Warcry","Flex+1"],"picked":"Headbutt","floor":19.0},{"not_picked":["Clothesline","Armaments"],"picked":"Blood for Blood","floor":21.0},{"not_picked":["Evolve","Searing Blow"],"picked":"Dual Wield","floor":23.0},{"not_picked":["Armaments+1","Iron Wave"],"picked":"Flame Barrier","floor":24.0},{"not_picked":["Body Slam","Clothesline"],"picked":"Offering","floor":25.0},{"not_picked":["Intimidate","Limit Break"],"picked":"Headbutt","floor":28.0},{"not_picked":["Feel No Pain","Disarm"],"picked":"Whirlwind","floor":29.0},{"not_picked":["Flex","Anger","Feel No Pain"],"picked":"SKIP","floor":31.0},{"not_picked":["Barricade","Feed"],"picked":"Impervious","floor":33.0},{"not_picked":["Body Slam","Heavy Blade","Clash"],"picked":"SKIP","floor":35.0},{"not_picked":["Rage","Power Through"],"picked":"Thunderclap+1","floor":36.0},{"not_picked":["Cleave","Burning Pact"],"picked":"Exhume","floor":38.0},{"not_picked":["Cleave+1","Twin Strike","Wild Strike"],"picked":"SKIP","floor":40.0},{"not_picked":["Blood for Blood","Clash"],"picked":"Burning Pact","floor":42.0}],"player_experience":781068,"relics_obtained":[{"floor":7.0,"key":"War Paint"},{"floor":11.0,"key":"Pocketwatch"},{"floor":25.0,"key":"Oddly Smooth Stone"},{"floor":26.0,"key":"Sundial"},{"floor":28.0,"key":"Bird Faced Urn"},{"floor":29.0,"key":"Ginger"},{"floor":29.0,"key":"Shuriken"},{"floor":40.0,"key":"Kunai"},{"floor":43.0,"key":"The Courier"},{"floor":44.0,"key":"FossilizedHelix"}],"event_choices":[{"damage_healed":0.0,"max_hp_gain":0.0,"max_hp_loss":0.0,"gold_gain":0.0,"event_name":"Living Wall","player_choice":"Grow","floor":3.0,"gold_loss":0.0,"damage_taken":0.0,"cards_upgraded":["Carnage"]},{"damage_healed":0.0,"max_hp_gain":0.0,"max_hp_loss":0.0,"gold_gain":0.0,"event_name":"Shining Light","player_choice":"Entered Light","floor":4.0,"gold_loss":0.0,"damage_taken":15.0,"cards_upgraded":["Strike_R","Strike_R"]},{"damage_healed":0.0,"max_hp_gain":0.0,"max_hp_loss":0.0,"gold_gain":0.0,"event_name":"FaceTrader","player_choice":"Trade","floor":8.0,"gold_loss":0.0,"damage_taken":0.0,"relics_obtained":["FaceOfCleric"]},{"damage_healed":0.0,"max_hp_gain":0.0,"max_hp_loss":0.0,"gold_gain":0.0,"event_name":"Colosseum","player_choice":"Fight","floor":29.0,"gold_loss":0.0,"damage_taken":0.0},{"damage_healed":0.0,"max_hp_gain":0.0,"max_hp_loss":0.0,"gold_gain":0.0,"event_name":"Colosseum","player_choice":"Fought Nobs","floor":29.0,"gold_loss":0.0,"damage_taken":0.0},{"damage_healed":0.0,"max_hp_gain":0.0,"max_hp_loss":5.0,"gold_gain":0.0,"event_name":"Winding Halls","player_choice":"Max HP","floor":37.0,"gold_loss":0.0,"damage_taken":0.0},{"damage_healed":0.0,"max_hp_gain":0.0,"max_hp_loss":0.0,"gold_gain":0.0,"event_name":"SensoryStone","player_choice":"Memory 1","floor":39.0,"gold_loss":0.0,"damage_taken":0.0},{"damage_healed":0.0,"max_hp_gain":0.0,"max_hp_loss":0.0,"gold_gain":0.0,"event_name":"Mysterious Sphere","player_choice":"Fight","floor":44.0,"gold_loss":0.0,"damage_taken":0.0}],"is_beta":false,"boss_relics":[{"not_picked":["Calling Bell","Fusion Hammer"],"picked":"Snecko Eye"},{"not_picked":["Black Star","Coffee Dripper"],"picked":"Philosopher\u0027s Stone"}],"items_purged_floors":[],"is_endless":false,"potions_floor_spawned":[7,11,16,18,23,24,25,28,33,35,40],"killed_by":"Giant Head","ascension_level":14}}