{"host":"phy652c7lim9lcu2","time":1611983908,"event":{"mods":["BaseMod","BetterRewards","Colored Powertips","Downfall","Googly Eyes","Hubris","Minty Spire (QoL Compilation)","Relic Stats","Spicy Shops","StSLib","everything is the same but u backflip on backflip"],"gold_per_floor":[119,138,150,164,180,180,214,214,263,278,34,64,64,28,28,124,124,136,147,147,162,174,207,207,235,261,287,287,287,287,12,12,114,164,176,195,20,39,51,51,51],"floor_reached":40,"language":"ENG","playtime":1546,"items_purged":["Strike_R","Strike_R","Strike_R","Strike_R","Defend_R"],"score":821,"play_id":"965a733c-f0fc-41f4-a106-735baf6ae715","local_time":"20210130151828","is_ascension_mode":true,"campfire_choices":[{"data":"Rampage","floor":6.0,"key":"SMITH"},{"data":"Metallicize","floor":8.0,"key":"SMITH"},{"data":"Bash","floor":13.0,"key":"SMITH"},{"data":"Juggernaut","floor":15.0,"key":"SMITH"},{"floor":24.0,"key":"RECALL"},{"floor":28.0,"key":"REST"},{"data":"Evolve","floor":32,"key":"SMITH"}],"circlet_count":0,"master_deck":["Strike_R+1","Defend_R","Defend_R","Defend_R","Bash+1","Metallicize+1","Rampage+1","Spot Weakness+1","Shrug It Off+1","Juggernaut+1","Disarm+1","Double Tap+1","Dual Wield+1","Evolve+1","Inflame"],"relics":["Burning Blood","Toxic Egg 2","Chemical X","Boot","Toy Ornithopter","Happy Flower","Question Card","Busted Crown","hubris:IronBody","hubris:Spice","Blood Vial","Darkstone Periapt","Tiny House"],"acts_visited":["Exordium","TheCity","TheBeyond"],"potions_floor_usage":[39],"damage_taken":[{"damage":1.0,"enemies":"2 Louse","floor":1.0,"turns":4.0},{"damage":5.0,"enemies":"Small Slimes","floor":2.0,"turns":5.0},{"damage":1.0,"enemies":"Cultist","floor":3.0,"turns":4.0},{"damage":2.0,"enemies":"2 Fungi Beasts","floor":4.0,"turns":4.0},{"damage":11.0,"enemies":"3 Louse","floor":5.0,"turns":4.0},{"damage":19.0,"enemies":"Lagavulin","floor":7.0,"turns":6.0},{"damage":8.0,"enemies":"Blue Slaver","floor":10.0,"turns":5.0},{"damage":37.0,"enemies":"Gremlin Nob","floor":12.0,"turns":6.0},{"damage":5.0,"enemies":"The Guardian","floor":16.0,"turns":9.0},{"damage":21.0,"enemies":"Spheric Guardian","floor":18.0,"turns":4.0},{"damage":0.0,"enemies":"Shell Parasite","floor":19.0,"turns":3.0},{"damage":13.0,"enemies":"Snecko","floor":21.0,"turns":4.0},{"damage":2.0,"enemies":"Cultist and Chosen","floor":22.0,"turns":8.0},{"damage":40.0,"enemies":"Slavers","floor":23.0,"turns":7.0},{"damage":13.0,"enemies":"Book of Stabbing","floor":25.0,"turns":4.0},{"damage":36.0,"enemies":"Slavers","floor":27.0,"turns":5.0},{"damage":21,"enemies":"hubris:MusketHawk","floor":33,"turns":7},{"damage":2,"enemies":"Orb Walker","floor":35,"turns":3},{"damage":12,"enemies":"3 Shapes","floor":36,"turns":6},{"damage":49,"enemies":"Jaw Worm Horde","floor":38,"turns":5},{"damage":50,"enemies":"3 Darklings","floor":39,"turns":5},{"damage":30,"enemies":"Reptomancer","floor":40,"turns":2}],"seed_played":"6783355391551333876","potions_obtained":[{"floor":3.0,"key":"Explosive Potion"},{"floor":4.0,"key":"BlessingOfTheForge"},{"floor":7.0,"key":"SpeedPotion"},{"floor":10.0,"key":"BloodPotion"},{"floor":21.0,"key":"AttackPotion"},{"floor":22.0,"key":"BloodPotion"},{"floor":23.0,"key":"LiquidBronze"},{"floor":34,"key":"DuplicationPotion"},{"floor":38,"key":"Ancient Potion"},{"floor":39,"key":"FearPotion"}],"is_trial":false,"path_per_floor":["M","M","M","M","M","R","E","R","T","M","$","E","R","$","R","B",null,"M","M","?","M","M","E","R","E","T","E","R","?","?","$","R","B",null,"M","M","$","M","M","E"],"character_chosen":"IRONCLAD","items_purchased":["Toxic Egg 2","Metallicize","Rampage","Chemical X","Happy Flower","Disarm+1"],"campfire_rested":1,"item_purchase_floors":[0,0,0,0,11,14],"current_hp_per_floor":[61,62,67,71,66,66,53,53,53,51,51,20,20,20,20,26,67,52,58,58,51,60,47,47,58,58,30,56,56,56,56,56,43,82,88,84,84,43,24,0,0],"gold":51,"neow_bonus":"","is_daily":false,"chose_seed":false,"campfire_upgraded":5,"win_rate":0.0,"timestamp":1611983908,"path_taken":["M","M","M","M","M","R","E","R","T","M","$","E","R","$","R","BOSS","M","M","?","M","M","E","R","E","T","E","R","?","?","$","R","BOSS","M","M","$","M","M","E"],"items_purchased_type":["Relic","Card","Card","Relic","Relic","Card"],"build_version":"2020-12-22","purchased_purges":5,"victory":false,"max_hp_per_floor":[80,80,80,80,80,80,80,80,80,80,80,80,80,80,80,80,80,80,80,80,80,80,80,80,88,88,88,88,88,88,88,88,88,93,93,93,93,93,93,93,93],"relic_stats":{"Blood Vial":14,"Darkstone Periapt":0,"Busted Crown":26,"Happy Flower":[57],"counters":[107,506],"Chemical X":[1],"Boot":[8],"Question Card":26,"obtain_stats":[{"Tiny House":34,"Gremlin Horn":17,"CeramicFish":31,"Runic Capacitor":0,"Whetstone":54,"Boot":7,"Blood Vial":26,"Centennial Puzzle":8,"Strawberry":6,"downfall:ExtraCursedKey":13,"Kunai":53,"Toxic Egg 2":11,"hubris:TinFlute":7,"Pear":24,"Happy Flower":27,"hubris:DuctTape":47,"Astrolabe":17,"Blue Candle":36,"Oddly Smooth Stone":0,"Pen Nib":26,"Letter Opener":41,"Question Card":24,"Akabeko":14,"Shuriken":45,"hubris:PeanutButter":9,"hubris:ToyBattleship":30,"Darkstone Periapt":27,"Juzu Bracelet":6,"Incense Burner":48,"hubris:EmptyBottle":12,"Smiling Mask":14,"Ancient Tea Set":0,"Empty Cage":17,"Burning Blood":0,"ClockworkSouvenir":19,"Nunchaku":26,"hubris:Icosahedron":41,"Gambling Chip":21,"Tiny Chest":17,"hubris:IronBody":23,"Red Mask":0,"Chemical X":0,"Cracked Core":0,"hubris:GlazedTorus":8,"PreservedInsect":0,"The Courier":9,"Orichalcum":0,"hubris:Towel":22,"Calling Bell":17,"Strange Spoon":36,"Busted Crown":17,"hubris:Spice":26,"Turnip":17,"Membership Card":4,"hubris:CrackedHourglass":17,"PureWater":0,"TungstenRod":0,"Toy Ornithopter":11,"hubris:BottledRain":27},{"Tiny House":47,"Gremlin Horn":41,"CeramicFish":46,"Runic Capacitor":5,"Whetstone":57,"Boot":91,"Blood Vial":100,"Centennial Puzzle":22,"Strawberry":20,"downfall:ExtraCursedKey":12,"Kunai":56,"Toxic Egg 2":24,"hubris:TinFlute":36,"Pear":44,"Happy Flower":45,"hubris:DuctTape":54,"Astrolabe":14,"Blue Candle":48,"Oddly Smooth Stone":32,"Pen Nib":31,"Letter Opener":52,"Question Card":72,"Akabeko":40,"Shuriken":53,"hubris:PeanutButter":11,"hubris:ToyBattleship":45,"Darkstone Periapt":101,"Juzu Bracelet":10,"Incense Burner":82,"hubris:EmptyBottle":24,"Smiling Mask":12,"Ancient Tea Set":32,"Empty Cage":66,"Burning Blood":0,"ClockworkSouvenir":42,"Nunchaku":44,"hubris:Icosahedron":80,"Gambling Chip":29,"Tiny Chest":41,"hubris:IronBody":99,"Red Mask":0,"Chemical X":0,"Cracked Core":0,"hubris:GlazedTorus":63,"PreservedInsect":0,"The Courier":63,"Orichalcum":14,"hubris:Towel":29,"Calling Bell":41,"Strange Spoon":48,"Busted Crown":94,"hubris:Spice":73,"Turnip":41,"Membership Card":8,"hubris:CrackedHourglass":27,"PureWater":0,"TungstenRod":0,"Toy Ornithopter":37,"hubris:BottledRain":73},{"Tiny House":200,"Gremlin Horn":169,"CeramicFish":191,"Runic Capacitor":13,"Whetstone":252,"Boot":423,"Blood Vial":473,"Centennial Puzzle":80,"Strawberry":73,"downfall:ExtraCursedKey":43,"Kunai":247,"Toxic Egg 2":86,"hubris:TinFlute":151,"Pear":181,"Happy Flower":183,"hubris:DuctTape":234,"Astrolabe":56,"Blue Candle":203,"Oddly Smooth Stone":131,"Pen Nib":122,"Letter Opener":222,"Question Card":326,"Akabeko":165,"Shuriken":229,"hubris:PeanutButter":38,"hubris:ToyBattleship":183,"Darkstone Periapt":478,"Juzu Bracelet":34,"Incense Burner":379,"hubris:EmptyBottle":86,"Smiling Mask":43,"Ancient Tea Set":131,"Empty Cage":292,"Burning Blood":0,"ClockworkSouvenir":172,"Nunchaku":181,"hubris:Icosahedron":368,"Gambling Chip":115,"Tiny Chest":169,"hubris:IronBody":469,"Red Mask":0,"Chemical X":0,"Cracked Core":0,"hubris:GlazedTorus":278,"PreservedInsect":0,"The Courier":278,"Orichalcum":56,"hubris:Towel":115,"Calling Bell":169,"Strange Spoon":203,"Busted Crown":443,"hubris:Spice":331,"Turnip":169,"Membership Card":24,"hubris:CrackedHourglass":107,"PureWater":0,"TungstenRod":0,"Toy Ornithopter":156,"hubris:BottledRain":331}],"Burning Blood":282,"Toy Ornithopter":110},"card_choices":[{"not_picked":["hubris:ReadiedAction+1","Sword Boomerang"],"picked":"Spot Weakness+1","floor":1.0},{"not_picked":["hubris:CleavingFinish","Armaments+1","Heavy Blade"],"picked":"SKIP","floor":2.0},{"not_picked":["Clash","True Grit+1","hubris:ReadiedAction+1"],"picked":"SKIP","floor":3.0},{"not_picked":["hubris:CleavingFinish","Clothesline","Anger"],"picked":"SKIP","floor":4.0},{"not_picked":["Iron Wave","hubris:ReadiedAction+1","Body Slam"],"picked":"SKIP","floor":5.0},{"not_picked":["Sever Soul","Warcry+1"],"picked":"Shrug It Off+1","floor":7.0},{"not_picked":["Fire Breathing","Thunderclap","Pummel"],"picked":"SKIP","floor":10.0},{"not_picked":["Perfected Strike","Infernal Blade+1"],"picked":"Juggernaut","floor":12.0},{"not_picked":["Immolate","Berserk","Fiend Fire"],"picked":"Double Tap+1","floor":16.0},{"not_picked":["Thunderclap"],"picked":"Dual Wield+1","floor":18.0},{"not_picked":["Warcry+1","Perfected Strike"],"picked":"SKIP","floor":19.0},{"not_picked":["Iron Wave","Feel No Pain"],"picked":"SKIP","floor":21.0},{"not_picked":["Flame Barrier+1","Ghostly Armor+1"],"picked":"SKIP","floor":22.0},{"not_picked":["Shockwave+1","Hemokinesis"],"picked":"SKIP","floor":23.0},{"not_picked":["Cleave","hubris:CleavingFinish+1"],"picked":"SKIP","floor":25.0},{"not_picked":["Warcry+1","Rampage"],"picked":"SKIP","floor":27.0},{"not_picked":["hubris:SharpeningStone+1","hubris:ReadiedAction+1"],"picked":"SKIP","floor":35},{"not_picked":["Rampage+1"],"picked":"Inflame","floor":36},{"not_picked":["Sentinel+1","Rampage+1"],"picked":"SKIP","floor":38},{"not_picked":["Thunderclap+1","hubris:ReadiedAction+1"],"picked":"SKIP","floor":39}],"player_experience":282816,"relics_obtained":[{"floor":7.0,"key":"Boot"},{"floor":9.0,"key":"Toy Ornithopter"},{"floor":12.0,"key":"Question Card"},{"floor":23.0,"key":"hubris:IronBody"},{"floor":25.0,"key":"hubris:Spice"},{"floor":26.0,"key":"Blood Vial"},{"floor":27.0,"key":"Darkstone Periapt"}],"event_choices":[{"damage_healed":0.0,"max_hp_gain":0.0,"max_hp_loss":0.0,"gold_gain":0.0,"event_name":"Ghosts","player_choice":"Ignored","floor":20.0,"gold_loss":0.0,"damage_taken":0.0}],"is_beta":false,"boss_relics":[{"not_picked":["Runic Dome","Runic Cube"],"picked":"Busted Crown"},{"not_picked":["Mark of Pain","hubris:Spice"],"picked":"Tiny House"}],"items_purged_floors":[0,11,31,31,37],"is_endless":false,"potions_floor_spawned":[3,4,7,10,21,22,23,38,39],"killed_by":"Reptomancer","ascension_level":7}}