{"host":"08t08ld674si40tv","time":1611979164,"event":{"mods":["AchievementEnabler","BaseMod","Colored Map","Minty Spire (QoL Compilation)","StSLib","SuperFastMode"],"gold_per_floor":[111,74,15,33,33,76,76,1,1,1,1,1],"floor_reached":11,"language":"KOR","playtime":190,"items_purged":["Strike_B"],"score":131,"play_id":"e4ec13fa-419d-42ce-b77b-5791dad5e2eb","local_time":"20210130125924","is_ascension_mode":true,"campfire_choices":[{"floor":7.0,"key":"REST"},{"data":"Defragment","floor":10.0,"key":"SMITH"}],"circlet_count":0,"master_deck":["AscendersBane","Strike_B","Strike_B","Defend_B","Defend_B","Defend_B","Defend_B","Zap","Dualcast","Aggregate","Defragment+1","Loop","Genetic Algorithm","Capacitor"],"relics":["Cracked Core","DataDisk","Cables","Golden Idol","Anchor","Symbiotic Virus"],"acts_visited":["Exordium"],"potions_floor_usage":[],"damage_taken":[{"damage":1.0,"enemies":"2 Louse","floor":1.0,"turns":3.0},{"damage":4.0,"enemies":"Jaw Worm","floor":4.0,"turns":3.0},{"damage":39.0,"enemies":"Gremlin Nob","floor":6.0,"turns":4.0},{"damage":42,"enemies":"3 Sentries","floor":11,"turns":6}],"seed_played":"-7134925679130919648","potions_obtained":[{"floor":6.0,"key":"Strength Potion"}],"is_trial":false,"path_per_floor":["M","$","?","M","?","E","R","$","T","R","E"],"character_chosen":"DEFECT","items_purchased":["Loop"],"campfire_rested":1,"item_purchase_floors":[2],"current_hp_per_floor":[63,63,63,59,59,20,39,39,39,39,0,0],"gold":1,"neow_bonus":"TRANSFORM_CARD","is_daily":false,"chose_seed":false,"campfire_upgraded":1,"win_rate":0.0,"timestamp":1611979164,"path_taken":["M","$","?","M","?","E","R","$","T","R","E"],"items_purchased_type":["Card"],"build_version":"2020-12-22","purchased_purges":1,"victory":false,"max_hp_per_floor":[71,71,71,71,64,64,64,64,64,64,64,64],"card_choices":[{"not_picked":["Gash","Beam Cell"],"picked":"Defragment","floor":1.0},{"not_picked":["Auto Shields","Steam Power"],"picked":"Genetic Algorithm","floor":4.0},{"not_picked":["Compile Driver","Hologram"],"picked":"Capacitor","floor":6.0}],"player_experience":268150,"relics_obtained":[{"floor":6.0,"key":"Anchor"},{"floor":9.0,"key":"Symbiotic Virus"}],"event_choices":[{"damage_healed":0.0,"max_hp_gain":0.0,"max_hp_loss":0.0,"gold_gain":0.0,"event_name":"World of Goop","player_choice":"Left Gold","floor":3.0,"gold_loss":59.0,"damage_taken":0.0},{"damage_healed":0.0,"max_hp_gain":0.0,"max_hp_loss":7.0,"gold_gain":0.0,"event_name":"Golden Idol","player_choice":"Lose Max HP","floor":5.0,"gold_loss":0.0,"damage_taken":0.0,"relics_obtained":["Golden Idol"]}],"is_beta":false,"boss_relics":[],"items_purged_floors":[8],"is_endless":false,"potions_floor_spawned":[6],"killed_by":"3 Sentries","ascension_level":18}}