{"host":"nwd160me4iqdtr8u","time":1611986227,"event":{"mods":["AchievementEnabler","Act Like it!","BaseMod","Colored Map","DeckTracker","Keyboard Shortcuts","Minty Spire (QoL Compilation)","Quick Restart","Rare Cards Sparkle","StSLib","SuperFastMode","everything is the same but u backflip on backflip"],"gold_per_floor":[114,132,82,82,5,5,5,21,21,33,33,43,43,71,71,175,175,191,33,52,151,61,61,89,89,89],"floor_reached":25,"language":"KOR","playtime":776,"items_purged":["Regret"],"score":251,"play_id":"9edb5432-3944-4d04-9969-26495933cf00","local_time":"20210130145707","is_ascension_mode":true,"campfire_choices":[{"data":"Defragment","floor":6.0,"key":"SMITH"},{"data":"Dualcast","floor":11.0,"key":"SMITH"},{"floor":15.0,"key":"REST"},{"floor":23,"key":"REST"}],"circlet_count":0,"master_deck":["Strike_B","Defend_B","Defend_B","Defend_B","Defend_B","Zap","Dualcast+1","Darkness","Defragment+1","Coolheaded","Biased Cognition","Storm","Rebound","Creative AI","White Noise+1","Consume","Conserve Battery","Scrape+1","Electrodynamics"],"relics":["Cracked Core","Pocketwatch","Mummified Hand","Question Card","Shuriken","Odd Mushroom","Fusion Hammer","Oddly Smooth Stone"],"acts_visited":["Exordium","TheCity"],"potions_floor_usage":[24],"damage_taken":[{"damage":5.0,"enemies":"2 Louse","floor":1.0,"turns":2.0},{"damage":0.0,"enemies":"Small Slimes","floor":2.0,"turns":2.0},{"damage":6.0,"enemies":"Jaw Worm","floor":8.0,"turns":3.0},{"damage":17.0,"enemies":"Large Slime","floor":10.0,"turns":3.0},{"damage":5.0,"enemies":"2 Fungi Beasts","floor":12.0,"turns":3.0},{"damage":11.0,"enemies":"The Mushroom Lair","floor":14.0,"turns":5.0},{"damage":29.0,"enemies":"Hexaghost","floor":16.0,"turns":7.0},{"damage":7.0,"enemies":"3 Byrds","floor":18.0,"turns":4.0},{"damage":1.0,"enemies":"Chosen","floor":20.0,"turns":4.0},{"damage":40,"enemies":"Book of Stabbing","floor":24,"turns":5},{"damage":30,"enemies":"Snake Plant","floor":25,"turns":2}],"seed_played":"5932604097241484427","potions_obtained":[{"floor":2.0,"key":"Strength Potion"},{"floor":8.0,"key":"FocusPotion"},{"floor":14.0,"key":"DistilledChaos"},{"floor":16.0,"key":"EssenceOfDarkness"},{"floor":18.0,"key":"EssenceOfDarkness"}],"is_trial":false,"path_per_floor":["M","M","?","?","$","R","?","M","T","M","R","M","T","?","R","B",null,"M","$","M","?","?","R","E","M"],"character_chosen":"DEFECT","items_purchased":["Defragment","Consume","Conserve Battery"],"campfire_rested":2,"item_purchase_floors":[5,19,19],"current_hp_per_floor":[63,63,63,56,56,56,56,50,50,33,33,28,28,17,37,8,68,61,61,60,60,60,68,28,0,0],"gold":89,"neow_bonus":"ONE_RARE_RELIC","is_daily":false,"chose_seed":false,"campfire_upgraded":2,"win_rate":0.0,"timestamp":1611986227,"path_taken":["M","M","?","?","$","R","?","M","T","M","R","M","?","?","R","BOSS","M","$","M","?","?","R","E","M"],"items_purchased_type":["Card","Card","Card"],"build_version":"2020-12-22","purchased_purges":1,"victory":false,"max_hp_per_floor":[68,68,68,68,68,68,68,68,68,68,68,68,68,68,68,68,68,68,68,68,68,68,68,68,68,68],"card_choices":[{"not_picked":["Hologram","Gash","Sweeping Beam"],"picked":"SKIP","floor":1.0},{"not_picked":["Barrage","Force Field"],"picked":"Darkness","floor":2.0},{"not_picked":["Compile Driver","Chaos"],"picked":"Coolheaded","floor":8.0},{"not_picked":["Stack","Conserve Battery","Compile Driver"],"picked":"Biased Cognition","floor":10.0},{"not_picked":["Beam Cell","Lockon","Darkness"],"picked":"Storm","floor":12.0},{"not_picked":["Sweeping Beam","Leap","Auto Shields"],"picked":"Rebound","floor":14.0},{"not_picked":["Multi-Cast","Meteor Strike","Hyperbeam"],"picked":"Creative AI","floor":16.0},{"not_picked":["Barrage","Streamline","Blizzard"],"picked":"White Noise+1","floor":18.0},{"not_picked":["Leap","White Noise","Go for the Eyes"],"picked":"Scrape","floor":20.0},{"not_picked":["Compile Driver","Hologram","Cold Snap"],"picked":"Electrodynamics","floor":24}],"player_experience":327174,"relics_obtained":[{"floor":9.0,"key":"Question Card"},{"floor":13.0,"key":"Shuriken"},{"floor":14.0,"key":"Odd Mushroom"},{"floor":24,"key":"Oddly Smooth Stone"}],"event_choices":[{"cards_removed":["Strike_B"],"damage_healed":0.0,"max_hp_gain":0.0,"max_hp_loss":0.0,"gold_gain":0.0,"event_name":"The Cleric","player_choice":"Card Removal","floor":3.0,"gold_loss":50.0,"damage_taken":0.0},{"cards_removed":["Strike_B"],"damage_healed":0.0,"max_hp_gain":0.0,"max_hp_loss":0.0,"gold_gain":0.0,"event_name":"Golden Wing","player_choice":"Card Removal","floor":4.0,"gold_loss":0.0,"damage_taken":7.0},{"damage_healed":0.0,"max_hp_gain":0.0,"max_hp_loss":0.0,"gold_gain":0.0,"event_name":"Big Fish","player_choice":"Box","floor":7.0,"gold_loss":0.0,"damage_taken":0.0,"relics_obtained":["Mummified Hand"],"cards_obtained":["Regret"]},{"damage_healed":0.0,"max_hp_gain":0.0,"max_hp_loss":0.0,"gold_gain":0.0,"event_name":"Mushrooms","player_choice":"Fought Mushrooms","floor":14.0,"gold_loss":0.0,"damage_taken":0.0},{"damage_healed":0.0,"max_hp_gain":0.0,"max_hp_loss":0.0,"gold_gain":99.0,"event_name":"Nest","player_choice":"Stole From Cult","floor":21.0,"gold_loss":0.0,"damage_taken":0.0},{"cards_removed":["Strike_B"],"damage_healed":0,"gold_gain":0,"player_choice":"Upgrade and Remove","damage_taken":0,"max_hp_gain":0,"max_hp_loss":0,"event_name":"Designer","floor":22,"gold_loss":90,"cards_upgraded":["Scrape"]}],"is_beta":false,"boss_relics":[{"not_picked":["Inserter","Runic Dome"],"picked":"Fusion Hammer"}],"items_purged_floors":[19],"is_endless":false,"potions_floor_spawned":[2,8,14,16,18],"killed_by":"Snake Plant","ascension_level":4}}