{"host":"li7nr9q4d53iu1rb","time":1611966784,"event":{"mods":["AchievementEnabler","BaseMod","Colored Map","Colored Powertips","Downfall","Highlight Path","Minty Spire (QoL Compilation)","Permanent Neow","Quick Restart","Random Character Button","StSLib"],"gold_per_floor":[117,192,210,210,226,226,260,139,139,164,164,178,191,42,42,42,42],"floor_reached":16,"language":"ENG","playtime":1325,"items_purged":["Decay"],"score":117,"play_id":"40c1fdeb-8245-4733-8504-1a669967a2e0","local_time":"20210129203304","is_ascension_mode":true,"campfire_choices":[{"floor":6.0,"key":"REST"},{"floor":11,"key":"REST"},{"floor":15,"key":"REST"}],"circlet_count":0,"master_deck":["Strike_B","Strike_B","Strike_B","Strike_B","Defend_B","Defend_B","Defend_B","Defend_B","Zap","Dualcast","Echo Form","Go for the Eyes","Scrape","Auto Shields","Steam Power","Leap","BootSequence","Auto Shields","Self Repair"],"relics":["Cracked Core","Golden Idol","Darkstone Periapt","Ornamental Fan","Blood Vial"],"acts_visited":["Exordium"],"potions_floor_usage":[10,16],"damage_taken":[{"damage":5.0,"enemies":"Jaw Worm","floor":1.0,"turns":4.0},{"damage":0.0,"enemies":"2 Louse","floor":3.0,"turns":1.0},{"damage":3.0,"enemies":"Cultist","floor":5.0,"turns":4.0},{"damage":47.0,"enemies":"Lagavulin","floor":7.0,"turns":8.0},{"damage":0,"enemies":"Blue Slaver","floor":10,"turns":3},{"damage":18,"enemies":"Large Slime","floor":12,"turns":6},{"damage":10,"enemies":"3 Louse","floor":13,"turns":4},{"damage":33,"enemies":"The Guardian","floor":16,"turns":8}],"seed_played":"-3706816968661753197","potions_obtained":[{"floor":7.0,"key":"AttackPotion"},{"floor":10,"key":"Energy Potion"},{"floor":12,"key":"SkillPotion"},{"floor":13,"key":"SkillPotion"}],"is_trial":false,"path_per_floor":["M","?","M","?","M","R","E","$","T","M","R","M","M","$","R","B"],"character_chosen":"DEFECT","items_purchased":["Leap","Blood Vial"],"campfire_rested":3,"item_purchase_floors":[8,14],"current_hp_per_floor":[70,59,59,41,38,60,13,13,13,13,35,17,7,7,29,0,0],"gold":42,"neow_bonus":"THREE_RARE_CARDS","is_daily":false,"chose_seed":false,"campfire_upgraded":0,"win_rate":0.0,"timestamp":1611966784,"path_taken":["M","?","M","?","M","R","E","?","T","M","R","M","M","$","R","BOSS"],"items_purchased_type":["Card","Relic"],"build_version":"2020-12-22","purchased_purges":1,"victory":false,"max_hp_per_floor":[75,75,75,75,75,75,75,75,75,75,75,75,75,75,75,75,75],"card_choices":[{"not_picked":["Biased Cognition","Machine Learning"],"picked":"Echo Form","floor":0.0},{"not_picked":["Melter","Sweeping Beam"],"picked":"Go for the Eyes","floor":1.0},{"not_picked":["Genetic Algorithm","Hologram"],"picked":"Scrape","floor":3.0},{"not_picked":["Rip and Tear","Scrape"],"picked":"Auto Shields","floor":5.0},{"not_picked":["Stack","Reinforced Body"],"picked":"Steam Power","floor":7.0},{"not_picked":["Ball Lightning","Gash"],"picked":"BootSequence","floor":10},{"not_picked":["Capacitor","Rip and Tear"],"picked":"Auto Shields","floor":12},{"not_picked":["Storm","Genetic Algorithm"],"picked":"Self Repair","floor":13}],"player_experience":257176,"relics_obtained":[{"floor":7.0,"key":"Darkstone Periapt"},{"floor":9,"key":"Ornamental Fan"}],"event_choices":[{"damage_healed":0.0,"max_hp_gain":0.0,"max_hp_loss":0.0,"gold_gain":75.0,"event_name":"World of Goop","player_choice":"Gather Gold","floor":2.0,"gold_loss":0.0,"damage_taken":11.0},{"damage_healed":0.0,"max_hp_gain":0.0,"max_hp_loss":0.0,"gold_gain":0.0,"event_name":"Golden Idol","player_choice":"Take Damage","floor":4.0,"gold_loss":0.0,"damage_taken":18.0,"relics_obtained":["Golden Idol"]}],"is_beta":false,"boss_relics":[],"items_purged_floors":[8],"is_endless":false,"potions_floor_spawned":[7,10,12,13],"killed_by":"The Guardian","ascension_level":3}}