{"host":"1x0iiauhsd6tfigj","time":1611990938,"event":{"mods":["AchievementEnabler","BaseMod","Block Reminder","Colored Map","Colored Powertips","DeckTracker","Googly Eyes","Highlight Path","Minty Spire (QoL Compilation)","Permanent Neow","Quick Restart","Relic Sorter","Relic Stats","Slay-I","StSLib"],"gold_per_floor":[114,130,130,141,159,172,75,90,90,119,136,49,61,74,74,172,172,185,185,175,194,14,14,49,49,100,100,100,100,100],"floor_reached":29,"language":"ENG","playtime":1879,"items_purged":[],"score":249,"play_id":"d669e4ba-a1fb-42d3-9003-8d4e6df83fc2","local_time":"20210130001538","is_ascension_mode":false,"campfire_choices":[{"floor":15.0,"key":"REST"},{"floor":23,"key":"RECALL"},{"floor":27,"key":"REST"}],"circlet_count":0,"master_deck":["Strike_B","Strike_B","Strike_B","Strike_B","Defend_B","Defend_B","Defend_B","Defend_B","Zap+1","Dualcast","Leap","Go for the Eyes","Go for the Eyes","Cold Snap","Loop","Leap","Cold Snap","Sweeping Beam","Cold Snap","Self Repair","Steam","Conserve Battery","Compile Driver","Seek","BootSequence","Coolheaded+1","Conserve Battery+1","Ball Lightning","Sweeping Beam"],"relics":["Cracked Core","Torii","Question Card","Busted Crown","Bag of Marbles","Ginger","Du-Vu Doll"],"acts_visited":["Exordium","TheCity"],"potions_floor_usage":[24,24],"damage_taken":[{"damage":6.0,"enemies":"Jaw Worm","floor":1.0,"turns":2.0},{"damage":0.0,"enemies":"Cultist","floor":2.0,"turns":4.0},{"damage":0.0,"enemies":"Small Slimes","floor":4.0,"turns":2.0},{"damage":9.0,"enemies":"3 Louse","floor":5.0,"turns":4.0},{"damage":14.0,"enemies":"Exordium Thugs","floor":6.0,"turns":5.0},{"damage":4.0,"enemies":"2 Fungi Beasts","floor":8.0,"turns":3.0},{"damage":1.0,"enemies":"Lagavulin","floor":10.0,"turns":9.0},{"damage":2.0,"enemies":"3 Louse","floor":11.0,"turns":3.0},{"damage":1.0,"enemies":"Blue Slaver","floor":13.0,"turns":4.0},{"damage":1.0,"enemies":"Exordium Wildlife","floor":14.0,"turns":6.0},{"damage":1.0,"enemies":"Hexaghost","floor":16.0,"turns":16.0},{"damage":3,"enemies":"3 Byrds","floor":18,"turns":7},{"damage":6,"enemies":"2 Thieves","floor":20,"turns":4},{"damage":2,"enemies":"Centurion and Healer","floor":21,"turns":13},{"damage":17,"enemies":"Slavers","floor":24,"turns":8},{"damage":0,"enemies":"Colosseum Slavers","floor":28,"turns":3},{"damage":75,"enemies":"Gremlin Leader","floor":29,"turns":6}],"seed_played":"6208690591928284227","potions_obtained":[{"floor":4.0,"key":"Block Potion"},{"floor":8.0,"key":"SneckoOil"},{"floor":10.0,"key":"FearPotion"},{"floor":14.0,"key":"PotionOfCapacity"},{"floor":16.0,"key":"SpeedPotion"},{"floor":20,"key":"Dexterity Potion"}],"is_trial":false,"path_per_floor":["M","M","?","M","M","M","$","M","T","E","M","$","M","M","R","B",null,"M","?","M","M","$","R","E","T","T","R","?","E"],"character_chosen":"DEFECT","items_purchased":["Leap","Block Potion","Self Repair","Steam","Ball Lightning","Bag of Marbles"],"campfire_rested":2,"item_purchase_floors":[7,7,12,12,22,22],"current_hp_per_floor":[69,69,62,62,53,39,39,35,35,34,32,32,38,44,66,65,75,72,72,73,75,75,75,65,65,65,75,75,0,0],"gold":100,"neow_bonus":"UPGRADE_CARD","is_daily":false,"chose_seed":false,"campfire_upgraded":0,"win_rate":0.0,"timestamp":1611990938,"path_taken":["M","M","?","M","M","?","$","M","T","E","M","?","M","M","R","BOSS","M","?","M","M","$","R","E","?","T","R","?","E"],"items_purchased_type":["Card","Potion","Card","Card","Card","Relic"],"build_version":"2020-12-22","purchased_purges":0,"victory":false,"max_hp_per_floor":[75,75,75,75,75,75,75,75,75,75,75,75,75,75,75,75,75,75,75,75,75,75,75,75,75,75,75,75,75,75],"relic_stats":{"Busted Crown":8,"Torii":24,"counters":[17,99],"Ginger":[1],"Question Card":8,"obtain_stats":[{"Du-Vu Doll":25,"Busted Crown":17,"Torii":9,"Bag of Marbles":22,"Ginger":24,"Cracked Core":0,"Question Card":10},{"Du-Vu Doll":15,"Busted Crown":11,"Torii":6,"Bag of Marbles":14,"Ginger":15,"Cracked Core":0,"Question Card":7},{"Du-Vu Doll":90,"Busted Crown":58,"Torii":20,"Bag of Marbles":82,"Ginger":90,"Cracked Core":0,"Question Card":29}]},"card_choices":[{"not_picked":["Capacitor","Steam"],"picked":"Leap","floor":1.0},{"not_picked":["Steam Power","Storm"],"picked":"Go for the Eyes","floor":2.0},{"not_picked":["Rebound","Double Energy"],"picked":"Go for the Eyes","floor":4.0},{"not_picked":["Compile Driver","Stack"],"picked":"Cold Snap","floor":5.0},{"not_picked":["Turbo","Capacitor"],"picked":"Loop","floor":6.0},{"not_picked":["Stack","Darkness"],"picked":"Cold Snap","floor":8.0},{"not_picked":["Coolheaded","Amplify"],"picked":"Sweeping Beam","floor":10.0},{"not_picked":["Turbo","Streamline","Scrape"],"picked":"Cold Snap","floor":11.0},{"not_picked":["Rip and Tear","Redo","Storm"],"picked":"Conserve Battery","floor":13.0},{"not_picked":["Reprogram","Steam","Redo"],"picked":"Compile Driver","floor":14.0},{"not_picked":["Thunder Strike","Amplify","All For One"],"picked":"Seek","floor":16.0},{"not_picked":["Steam+1"],"picked":"BootSequence","floor":18},{"not_picked":["Barrage+1"],"picked":"Coolheaded+1","floor":20},{"not_picked":["FTL+1"],"picked":"Conserve Battery+1","floor":21},{"not_picked":["Heatsinks"],"picked":"Sweeping Beam","floor":24}],"player_experience":1586962,"relics_obtained":[{"floor":9.0,"key":"Torii"},{"floor":10.0,"key":"Question Card"},{"floor":24,"key":"Ginger"},{"floor":25,"key":"Du-Vu Doll"}],"event_choices":[{"damage_healed":0.0,"max_hp_gain":0.0,"max_hp_loss":0.0,"gold_gain":0.0,"event_name":"Wheel of Change","player_choice":"Damaged","floor":3.0,"gold_loss":0.0,"damage_taken":7.0},{"damage_healed":0,"gold_gain":0,"player_choice":"Ignored","damage_taken":0,"max_hp_gain":0,"max_hp_loss":0,"event_name":"Vampires","floor":19,"gold_loss":0},{"damage_healed":0,"gold_gain":0,"player_choice":"Fight","damage_taken":0,"max_hp_gain":0,"max_hp_loss":0,"event_name":"Colosseum","floor":28,"gold_loss":0},{"damage_healed":0,"gold_gain":0,"player_choice":"Fled From Nobs","damage_taken":0,"max_hp_gain":0,"max_hp_loss":0,"event_name":"Colosseum","floor":28,"gold_loss":0}],"is_beta":false,"boss_relics":[{"not_picked":["Black Star","Pandora\u0027s Box"],"picked":"Busted Crown"}],"items_purged_floors":[],"is_endless":false,"potions_floor_spawned":[4,8,10,14,16,20,28],"killed_by":"Gremlin Leader","ascension_level":0}}