{"host":"pszcj3piwl6eu8b1","time":1611969778,"event":{"mods":["2.2 Compatiblity","Act Like it!","Aspiration","BaseMod","Better Altar","Better Match","Better Note","Better Sensory Stone","Better Skull","Better Third Choice","Better Vampires","CCEM2","Downfall","Elementarium","Energized Spire","Gensokyo","GifTheSpireLib","Hallownest","Hubris","Marisa????????","Menagerie","Minty Spire (QoL Compilation)","Permanent Neow","Quarter Circle Forward PUNCH!","Quick Restart","Replay The Spire","Shop Mod","StSLib","Stuff the Spire","The Animator","The Blue Laboratory"],"gold_per_floor":[0,25,43,58,158,170,170,170,170,204,204,219,219,230,260,260,260],"floor_reached":16,"language":"ENG","playtime":611,"items_purged":[],"score":208,"play_id":"614dabcb-f838-45ad-92d4-4aea1bfbe0eb","local_time":"20210129172258","is_ascension_mode":true,"campfire_choices":[{"data":"animator:YoshinoHaruhiko","floor":11.0,"key":"SMITH"}],"circlet_count":0,"master_deck":["AscendersBane","animator:Strike_Rewrite","animator:Defend_Rewrite","animator:Strike","animator:Strike","animator:Strike","animator:Defend","animator:Defend","animator:YoshinoHaruhiko+1","animator:ShizuruNakatsu","animator:KotarouTennouji+6","animator:TukaLunaMarceau","animator:YoshinoHaruhiko","animator:Midou"],"relics":["animator:LivingPicture","animator:TheMissingPiece","animator:PurgingStone","Mango","hubris:Zylophone","hubris:Icosahedron","StuffTheSpire:MayFlowers"],"acts_visited":["Exordium"],"potions_floor_usage":[16,16],"damage_taken":[{"damage":7.0,"enemies":"Small Slimes","floor":2.0,"turns":3.0},{"damage":8.0,"enemies":"Jaw Worm","floor":3.0,"turns":4.0},{"damage":6.0,"enemies":"Cultist","floor":4.0,"turns":3.0},{"damage":24.0,"enemies":"Exordium Wildlife","floor":6.0,"turns":8.0},{"damage":32.0,"enemies":"Lagavulin","floor":10.0,"turns":7.0},{"damage":6.0,"enemies":"Lots of Slimes","floor":12.0,"turns":2.0},{"damage":8.0,"enemies":"2 Fungi Beasts","floor":14.0,"turns":2.0},{"damage":13.0,"enemies":"Exordium Thugs","floor":15.0,"turns":7.0},{"damage":24,"enemies":"IC_STATUS_ARCHETYPE","floor":16,"turns":4}],"seed_played":"-6277835813546948135","potions_obtained":[{"floor":4.0,"key":"blueLaboratory:BottledHope"},{"floor":10.0,"key":"champ:CounterPotion"}],"is_trial":false,"path_per_floor":["R","M","M","M","?","M","T","?","?","E","R","M","?","M","M","B"],"character_chosen":"THE_ANIMATOR","items_purchased":[],"campfire_rested":0,"item_purchase_floors":[],"current_hp_per_floor":[68,61,53,47,47,23,23,23,23,42,42,36,36,28,20,0,0],"gold":260,"neow_bonus":"ONE_RARE_RELIC","is_daily":false,"chose_seed":true,"campfire_upgraded":1,"win_rate":0.0,"timestamp":1611969778,"path_taken":["R","M","M","M","?","M","T","?","?","E","R","?","?","M","M","BOSS"],"items_purchased_type":[],"build_version":"2020-12-22","purchased_purges":0,"victory":false,"max_hp_per_floor":[74,74,74,74,74,74,74,74,74,74,74,74,74,74,74,74,74],"card_choices":[{"not_picked":["animator:Demiurge","animator:Fredrika"],"picked":"animator:TukaLunaMarceau","floor":2.0},{"not_picked":["animator:LuciaKonohana","animator:ToukaNishikujou","animator:NarberalGamma"],"picked":"SKIP","floor":3.0},{"not_picked":["animator:NarberalGamma","animator:Emonzaemon","animator:Konayuki"],"picked":"SKIP","floor":4.0},{"not_picked":["animator:Midou","animator:ShizuruNakatsu"],"picked":"animator:YoshinoHaruhiko","floor":6.0},{"not_picked":["animator:Konayuki","animator:Geryuganshoop","animator:Yoichi"],"picked":"SKIP","floor":10.0},{"not_picked":["animator:YachiyoNanami","animator:Entoma","animator:Shion"],"picked":"SKIP","floor":12.0},{"not_picked":["animator:Konayuki","animator:YuiTsuruno","animator:Shion"],"picked":"SKIP","floor":14.0},{"not_picked":["animator:ChihayaOhtori","animator:SakuyaOhtori"],"picked":"animator:Midou","floor":15.0}],"player_experience":1405751,"relics_obtained":[{"floor":7.0,"key":"hubris:Zylophone"},{"floor":10.0,"key":"StuffTheSpire:MayFlowers"}],"event_choices":[{"damage_healed":0.0,"max_hp_gain":0.0,"max_hp_loss":0.0,"gold_gain":0.0,"event_name":"betterThird:BetterScrap","player_choice":"LEAVE","floor":8.0,"gold_loss":0.0,"damage_taken":0.0,"cards_obtained":["StuffTheSpire:Rend"]}],"is_beta":false,"boss_relics":[],"items_purged_floors":[],"is_endless":false,"potions_floor_spawned":[4,10,14,15],"killed_by":"IC_STATUS_ARCHETYPE","ascension_level":20}}