{"host":"67d7yvf7wgk1klfn","time":1611972245,"event":{"mods":["BaseMod","Colored Powertips","Dark Map","Filter the Spire","Minty Spire (QoL Compilation)","Relic Stats","Slay the Relics Exporter","StSLib","ojb\u0027s Better Paths Mod","ojb\u0027s Info Mod"],"gold_per_floor":[114,127,142,156,173,205,205,236,236,248,248,262,262,11,11,87,87,105,123,48,78,88,88,88,88],"floor_reached":24,"language":"ENG","playtime":1497,"items_purged":["Strike_G"],"score":420,"play_id":"fccdd0ba-8412-42a2-868c-f7b30292763d","local_time":"20210129210405","is_ascension_mode":true,"campfire_choices":[{"data":"Neutralize","floor":7,"key":"SMITH"},{"data":"Well Laid Plans","floor":13,"key":"SMITH"},{"data":"Noxious Fumes","floor":15,"key":"SMITH"},{"floor":23,"key":"REST"}],"circlet_count":0,"master_deck":["AscendersBane","Strike_G","Strike_G","Strike_G","Defend_G","Defend_G","Defend_G","Defend_G","Defend_G","Survivor","Neutralize+1","Underhanded Strike","Predator","Predator","Well Laid Plans+1","Acrobatics","Dash","Noxious Fumes+1","Malaise","Deadly Poison","Dash"],"relics":["Cursed Key","Smiling Mask","Happy Flower","NlothsMask","Lee\u0027s Waffle","SlaversCollar","Red Mask"],"acts_visited":["Exordium","TheCity"],"potions_floor_usage":[6,16,21,21],"damage_taken":[{"damage":2,"enemies":"Cultist","floor":1,"turns":4},{"damage":0,"enemies":"2 Louse","floor":2,"turns":2},{"damage":0,"enemies":"Small Slimes","floor":3,"turns":3},{"damage":7,"enemies":"3 Louse","floor":4,"turns":4},{"damage":0,"enemies":"Looter","floor":5,"turns":3},{"damage":21,"enemies":"3 Sentries","floor":6,"turns":12},{"damage":13,"enemies":"Gremlin Nob","floor":8,"turns":4},{"damage":0,"enemies":"Blue Slaver","floor":10,"turns":3},{"damage":9,"enemies":"3 Louse","floor":12,"turns":3},{"damage":19,"enemies":"Slime Boss","floor":16,"turns":10},{"damage":0,"enemies":"Chosen","floor":18,"turns":5},{"damage":6,"enemies":"Spheric Guardian","floor":19,"turns":5},{"damage":29,"enemies":"Masked Bandits","floor":21,"turns":5},{"damage":18,"enemies":"Snake Plant","floor":22,"turns":5},{"damage":36,"enemies":"Slavers","floor":24,"turns":4}],"seed_played":"3419535402048912877","potions_obtained":[{"floor":1,"key":"SteroidPotion"},{"floor":4,"key":"Energy Potion"},{"floor":8,"key":"FearPotion"},{"floor":19,"key":"Block Potion"}],"is_trial":false,"path_per_floor":["M","M","M","M","M","E","R","E","T","M","?","M","R","$","R","B",null,"M","M","?","?","M","R","E"],"character_chosen":"THE_SILENT","items_purchased":["Lee\u0027s Waffle","Noxious Fumes"],"campfire_rested":1,"item_purchase_floors":[14,14],"current_hp_per_floor":[57,57,57,50,50,29,29,16,16,16,16,7,7,73,73,54,68,68,62,62,33,15,36,0,0],"gold":88,"neow_bonus":"BOSS_RELIC","is_daily":false,"chose_seed":false,"campfire_upgraded":3,"win_rate":0.0,"timestamp":1611972245,"path_taken":["M","?","M","M","M","E","R","E","T","M","?","?","R","$","R","BOSS","M","M","?","?","M","R","E"],"items_purchased_type":["Relic","Card"],"build_version":"2020-12-22","purchased_purges":1,"victory":false,"max_hp_per_floor":[66,66,66,66,66,66,66,66,66,66,66,66,66,73,73,73,73,73,73,73,73,73,73,73,73],"relic_stats":{"Lee\u0027s Waffle":66,"Happy Flower":[13],"counters":[15,72],"Cursed Key":0,"Smiling Mask":25,"obtain_stats":[{"SlaversCollar":17,"Lee\u0027s Waffle":14,"Happy Flower":8,"Red Mask":21,"Cursed Key":0,"Smiling Mask":6,"Ring of the Snake":0,"NlothsMask":11},{"SlaversCollar":10,"Lee\u0027s Waffle":9,"Happy Flower":7,"Red Mask":13,"Cursed Key":0,"Smiling Mask":6,"Ring of the Snake":0,"NlothsMask":8},{"SlaversCollar":48,"Lee\u0027s Waffle":38,"Happy Flower":32,"Red Mask":63,"Cursed Key":0,"Smiling Mask":28,"Ring of the Snake":0,"NlothsMask":35}]},"card_choices":[{"not_picked":["Tactician","Outmaneuver"],"picked":"Underhanded Strike","floor":1},{"not_picked":["Outmaneuver","Quick Slash"],"picked":"Predator","floor":2},{"not_picked":["Dagger Throw","Prepared"],"picked":"Predator","floor":3},{"not_picked":["Flying Knee","Dagger Spray"],"picked":"Well Laid Plans","floor":4},{"not_picked":["Terror","Calculated Gamble"],"picked":"Acrobatics","floor":5},{"not_picked":["Reflex","Prepared"],"picked":"Dash","floor":6},{"not_picked":["Sucker Punch","Calculated Gamble","Underhanded Strike"],"picked":"SKIP","floor":8},{"not_picked":["Masterful Stab","Prepared","Finisher"],"picked":"SKIP","floor":10},{"not_picked":["Tactician","Underhanded Strike","Reflex"],"picked":"SKIP","floor":12},{"not_picked":["Glass Knife","Grand Finale"],"picked":"Malaise","floor":16},{"not_picked":["Underhanded Strike","Bouncing Flask"],"picked":"Deadly Poison","floor":18},{"not_picked":["Catalyst","Infinite Blades","Dodge and Roll"],"picked":"SKIP","floor":19},{"not_picked":["Eviscerate","Sucker Punch"],"picked":"Dash","floor":22}],"player_experience":651146,"relics_obtained":[{"floor":6,"key":"Smiling Mask"},{"floor":8,"key":"Happy Flower"},{"floor":21,"key":"Red Mask"}],"event_choices":[{"damage_healed":0,"gold_gain":0,"player_choice":"Trade","damage_taken":0,"relics_obtained":["NlothsMask"],"max_hp_gain":0,"max_hp_loss":0,"event_name":"FaceTrader","floor":11,"gold_loss":0},{"cards_removed":["Strike_G"],"damage_healed":0,"gold_gain":0,"player_choice":"Gave Gold","damage_taken":0,"max_hp_gain":0,"max_hp_loss":0,"event_name":"Beggar","floor":20,"gold_loss":75},{"damage_healed":0,"gold_gain":0,"player_choice":"Fought Bandits","damage_taken":0,"max_hp_gain":0,"max_hp_loss":0,"event_name":"Masked Bandits","floor":21,"gold_loss":0}],"is_beta":false,"boss_relics":[{"not_picked":["WristBlade","Coffee Dripper"],"picked":"SlaversCollar"}],"items_purged_floors":[14],"is_endless":false,"potions_floor_spawned":[1,4,8,12,19],"killed_by":"Slavers","ascension_level":20}}