{"host":"sc0o2qwpf9j16a4i","time":1611994959,"event":{"mods":["AchievementEnabler","BaseMod","BetterRewards","Block Reminder","Colored Map","Colored Powertips","Custom Start","Highlight Path","Minty Spire (QoL Compilation)","Relic Stats"],"gold_per_floor":[113,125,145,145,95,128,139,139,139,32,62,72,72,91,91,195,195,214,229,229,6,105,105,135,152,220,220,220,220],"floor_reached":28,"language":"ENG","playtime":665,"items_purged":[],"score":338,"play_id":"f462950c-b00e-4e0a-bfca-5430a03c524b","local_time":"20210130102239","daily_mods":["Specialized","Uncertain Future","Lethality"],"is_ascension_mode":false,"campfire_choices":[{"data":"Recycle","floor":8,"key":"SMITH"},{"floor":13,"key":"REST"},{"floor":15,"key":"REST"},{"floor":23,"key":"REST"}],"circlet_count":0,"master_deck":["Strike_B","Strike_B","Defend_B","Defend_B","Defend_B","Defend_B","Zap","Dualcast","Rainbow","Rainbow","Rainbow","Rainbow","Rainbow","Compile Driver","Barrage","Leap","Auto Shields","Recycle+1","Loop","Lockon+1","Conserve Battery","Cold Snap+1","Aggregate","Thunder Strike+1","Hologram+1","Tempest","Consume","Turbo","Stack","Seek"],"relics":["Cracked Core","Pocketwatch","Molten Egg 2","Odd Mushroom","Inserter","Enchiridion","Pear","Toxic Egg 2","MutagenicStrength"],"acts_visited":["Exordium","TheCity"],"potions_floor_usage":[6,12,16,23,24],"damage_taken":[{"damage":0,"enemies":"2 Louse","floor":1,"turns":2},{"damage":0,"enemies":"Cultist","floor":2,"turns":2},{"damage":9,"enemies":"Jaw Worm","floor":3,"turns":2},{"damage":12,"enemies":"Gremlin Nob","floor":6,"turns":3},{"damage":0,"enemies":"Red Slaver","floor":7,"turns":3},{"damage":16,"enemies":"The Mushroom Lair","floor":11,"turns":5},{"damage":8,"enemies":"3 Louse","floor":12,"turns":2},{"damage":7,"enemies":"Exordium Wildlife","floor":14,"turns":3},{"damage":0,"enemies":"The Guardian","floor":16,"turns":7},{"damage":0,"enemies":"Chosen","floor":18,"turns":4},{"damage":0,"enemies":"Spheric Guardian","floor":19,"turns":3},{"damage":42,"enemies":"Slavers","floor":24,"turns":4},{"damage":33,"enemies":"Shelled Parasite and Fungi","floor":25,"turns":5},{"damage":20,"enemies":"3 Cultists","floor":28,"turns":2}],"seed_played":"5107587510074328016","potions_obtained":[{"floor":3,"key":"PowerPotion"},{"floor":11,"key":"Swift Potion"},{"floor":14,"key":"PowerPotion"},{"floor":19,"key":"Swift Potion"}],"is_trial":true,"path_per_floor":["M","M","M","?","?","E","M","R","T","$","?","M","R","M","R","B",null,"M","M","?","$","?","R","E","M","T","?","M"],"character_chosen":"DEFECT","items_purchased":["Loop","Lockon+1","Consume","Fruit Juice","Turbo"],"campfire_rested":3,"item_purchase_floors":[10,10,21,21,21],"current_hp_per_floor":[75,75,66,59,59,47,47,47,47,47,31,23,45,38,60,60,75,75,75,59,59,59,80,48,15,15,15,0,0],"gold":220,"neow_bonus":"","is_daily":false,"chose_seed":false,"campfire_upgraded":1,"win_rate":0.0,"timestamp":1611994959,"path_taken":["M","M","M","?","?","E","M","R","T","$","?","M","R","M","R","BOSS","M","M","?","$","?","R","E","M","T","?","M"],"items_purchased_type":["Card","Card","Card","Potion","Card"],"build_version":"2020-12-22","purchased_purges":0,"victory":false,"max_hp_per_floor":[75,75,75,75,75,75,75,75,75,75,75,75,75,75,75,75,75,75,75,75,75,75,80,90,90,90,90,90,90],"relic_stats":{"Inserter":[9],"counters":[14,47],"obtain_stats":[{"Inserter":17,"Pear":24,"MutagenicStrength":27,"Enchiridion":20,"Molten Egg 2":9,"Odd Mushroom":11,"Toxic Egg 2":26,"Cracked Core":0,"Pocketwatch":6},{"Inserter":9,"Pear":12,"MutagenicStrength":13,"Enchiridion":11,"Molten Egg 2":5,"Odd Mushroom":6,"Toxic Egg 2":13,"Cracked Core":0,"Pocketwatch":4},{"Inserter":29,"Pear":40,"MutagenicStrength":45,"Enchiridion":36,"Molten Egg 2":12,"Odd Mushroom":17,"Toxic Egg 2":45,"Cracked Core":0,"Pocketwatch":9}],"Pocketwatch":[57]},"card_choices":[{"not_picked":["Cold Snap","Streamline"],"picked":"Compile Driver","floor":1},{"not_picked":["Hyperbeam","Sunder"],"picked":"Barrage","floor":2},{"not_picked":["Turbo","Chill"],"picked":"Leap","floor":3},{"not_picked":["Thunder Strike","Lockon"],"picked":"Auto Shields","floor":6},{"not_picked":["Streamline","Ball Lightning"],"picked":"Recycle","floor":7},{"not_picked":["Rebound+1","Static Discharge"],"picked":"Conserve Battery","floor":11},{"not_picked":["Ball Lightning+1","BootSequence"],"picked":"Cold Snap+1","floor":12},{"not_picked":["Leap","Hologram"],"picked":"Aggregate","floor":14},{"not_picked":["All For One+1","Hyperbeam+1"],"picked":"Thunder Strike+1","floor":16},{"not_picked":["Tempest+1","Gash+1"],"picked":"Hologram+1","floor":18},{"not_picked":["Force Field","Steam"],"picked":"Tempest","floor":19},{"not_picked":["Aggregate","Gash+1"],"picked":"Stack","floor":24},{"not_picked":["Sweeping Beam+1","Gash+1"],"picked":"Seek","floor":25}],"player_experience":1068899,"relics_obtained":[{"floor":6,"key":"Pocketwatch"},{"floor":9,"key":"Molten Egg 2"},{"floor":11,"key":"Odd Mushroom"},{"floor":20,"key":"Enchiridion"},{"floor":24,"key":"Pear"},{"floor":26,"key":"Toxic Egg 2"}],"event_choices":[{"cards_removed":["Strike_B"],"damage_healed":0,"gold_gain":0,"player_choice":"Card Removal","damage_taken":7,"max_hp_gain":0,"max_hp_loss":0,"event_name":"Golden Wing","floor":4,"gold_loss":0},{"cards_removed":["Strike_B"],"damage_healed":0,"gold_gain":0,"player_choice":"Card Removal","damage_taken":0,"max_hp_gain":0,"max_hp_loss":0,"event_name":"The Cleric","floor":5,"gold_loss":50},{"damage_healed":0,"gold_gain":0,"player_choice":"Fought Mushrooms","damage_taken":0,"max_hp_gain":0,"max_hp_loss":0,"event_name":"Mushrooms","floor":11,"gold_loss":0},{"damage_healed":0,"gold_gain":0,"player_choice":"Obtained Book","damage_taken":16,"max_hp_gain":0,"max_hp_loss":0,"event_name":"Cursed Tome","floor":20,"gold_loss":0},{"damage_healed":0,"gold_gain":99,"player_choice":"Stole From Cult","damage_taken":0,"max_hp_gain":0,"max_hp_loss":0,"event_name":"Nest","floor":22,"gold_loss":0},{"damage_healed":0,"gold_gain":0,"player_choice":"Inject Mutagens","damage_taken":0,"relics_obtained":["MutagenicStrength"],"max_hp_gain":0,"max_hp_loss":0,"event_name":"Drug Dealer","floor":27,"gold_loss":0}],"is_beta":false,"boss_relics":[{"not_picked":["Tiny House","Black Star"],"picked":"Inserter"}],"items_purged_floors":[],"is_endless":false,"potions_floor_spawned":[3,11,14,19],"killed_by":"3 Cultists","ascension_level":0}}