{"host":"5804jsr9z0rnmtnc","time":1611975538,"event":{"mods":["BaseMod","Colored Powertips","Duelist Mod","GifTheSpireLib","Hermit","Marisa????????","Minty Spire (QoL Compilation)","READ ME - Guardian Mod","StSLib","The Disciple","The Necromancer"],"gold_per_floor":[137,137,137,161,177,177,228,228,276,53,67,83,83,97,97,221,221,245,264,288,0,0,0],"floor_reached":22,"language":"ENG","playtime":4194,"items_purged":[],"score":203,"play_id":"9669f17e-32af-49d0-8b7b-103d77e19d62","local_time":"20210130125858","is_ascension_mode":false,"campfire_choices":[{"floor":6.0,"key":"REST"},{"data":"theDuelist:Raigeki","floor":8.0,"key":"SMITH"},{"data":"theDuelist:MeteorDestruction","floor":13.0,"key":"SMITH"},{"data":"theDuelist:AmuletAmbition","floor":15.0,"key":"SMITH"}],"circlet_count":1,"master_deck":["theDuelist:AquaactressGuppy","theDuelist:BattleguardHowling","theDuelist:CoralDragon","theDuelist:CyberneticOverflow","theDuelist:DarkEnergy","theDuelist:EvilswarmHeliotrope","theDuelist:GhostReaper","theDuelist:JunkKuriboh","theDuelist:PineappleBlast","theDuelist:Pumpking","theDuelist:ShiranuiSwordmaster","theDuelist:CannonballSpearShellfish","theDuelist:UmbralHorrorGhost","theDuelist:VoidExpansion","theDuelist:AssaultArmor","theDuelist:GoyoKing+1","theDuelist:FusionWeapon","theDuelist:MeteorDestruction+1","theDuelist:SpellShatteringArrow","theDuelist:Raigeki+1","theDuelist:AmuletAmbition+1","theDuelist:PotDuality","theDuelist:DummyGolem","theDuelist:MudGolem","theDuelist:SwordDeepSeated","theDuelist:CrystalRaigeki","theDuelist:Eva","theDuelist:WormApocalypse","theDuelist:Wildfire","theDuelist:KamionTimelord","theDuelist:AmuletAmbition","theDuelist:Wildfire+1","theDuelist:OnslaughtFireKings+1","theDuelist:Electrowhip+1","theDuelist:PotDuality+1","theDuelist:MeteorDestruction","theDuelist:ScrapFactory","theDuelist:OnslaughtFireKings"],"relics":["theDuelist:MillenniumPuzzle","theDuelist:CardPoolRelic","theDuelist:CardPoolBasicRelic","theDuelist:BoosterPackPoolRelic","theDuelist:CardPoolAddRelic","theDuelist:CardPoolMinusRelic","theDuelist:CardPoolSaveRelic","theDuelist:CardPoolOptionsRelic","Circlet","Golden Idol","SlipperyGoo","Lantern","Happy Flower","HangingClock","Frozen Eye","Membership Card","Blood Vial"],"acts_visited":[],"potions_floor_usage":[22,22],"damage_taken":[{"damage":8.0,"enemies":"Small Slimes","floor":1.0,"turns":5.0},{"damage":11.0,"enemies":"Jaw Worm","floor":4.0,"turns":4.0},{"damage":6.0,"enemies":"Cultist","floor":5.0,"turns":3.0},{"damage":4.0,"enemies":"Large Slime","floor":11.0,"turns":6.0},{"damage":0.0,"enemies":"Gremlin Gang","floor":12.0,"turns":1.0},{"damage":0.0,"enemies":"2 Fungi Beasts","floor":14.0,"turns":1.0},{"damage":31.0,"enemies":"Hexaghost","floor":16.0,"turns":7.0},{"damage":1.0,"enemies":"3 Byrds","floor":18.0,"turns":3.0},{"damage":10.0,"enemies":"Chosen","floor":19.0,"turns":4.0},{"damage":16,"enemies":"Centurion and Healer","floor":20,"turns":3},{"damage":57,"enemies":"Centurion and Healer","floor":22,"turns":3}],"seed_played":"956234252465903510","potions_obtained":[{"floor":1.0,"key":"AttackPotion"},{"floor":4.0,"key":"EntropicBrew"},{"floor":5.0,"key":"SkillPotion"},{"floor":18.0,"key":"theDuelist:SealedPackE"}],"is_trial":false,"path_per_floor":["M","?","T","M","M","R","T","R","T","$","M","M","R","M","R","B",null,"M","M","M","$","?"],"character_chosen":"THE_DUELIST","items_purchased":["theDuelist:AmuletAmbition","theDuelist:PotDuality","theDuelist:DummyGolem","Membership Card","theDuelist:MeteorDestruction","Blood Vial","theDuelist:ScrapFactory","theDuelist:OnslaughtFireKings"],"campfire_rested":1,"item_purchase_floors":[10,10,10,21,21,21,21,21],"current_hp_per_floor":[72,72,72,61,55,74,74,74,74,74,70,70,70,70,70,39,74,73,63,47,47,0,0],"gold":0,"neow_bonus":"RANDOM_COMMON_RELIC","is_daily":false,"chose_seed":false,"campfire_upgraded":3,"win_rate":0.0,"timestamp":1611975538,"path_taken":["M","?","?","M","M","R","?","R","T","$","?","M","R","M","R","BOSS","M","M","M","$","?"],"items_purchased_type":["Card","Card","Card","Relic","Card","Relic","Card","Card"],"build_version":"2020-12-22","purchased_purges":0,"victory":false,"max_hp_per_floor":[80,74,74,74,74,74,74,74,74,74,74,74,74,74,74,74,74,74,74,74,74,74,74],"card_choices":[{"not_picked":["theDuelist:SpellShatteringArrow","theDuelist:Hinotama","theDuelist:CoreBlaster","theDuelist:RainbowNeos"],"picked":"theDuelist:AssaultArmor","floor":1.0},{"not_picked":["theDuelist:AssaultArmor","theDuelist:SevenCompleted","theDuelist:AfterGenocide","theDuelist:LightLaser"],"picked":"theDuelist:FusionWeapon","floor":4.0},{"not_picked":["theDuelist:SpellShatteringArrow","theDuelist:DoubleTool","theDuelist:CoreBlaster","theDuelist:SilentDoom"],"picked":"theDuelist:MeteorDestruction","floor":4.0},{"not_picked":["theDuelist:ScrapFactory","theDuelist:RainbowNeos","theDuelist:PowerKaishin","theDuelist:CrystalBlessing"],"picked":"theDuelist:SpellShatteringArrow","floor":4.0},{"not_picked":["theDuelist:VendreadCharge","theDuelist:FuryFire","theDuelist:DeltaAttacker","theDuelist:AfterGenocide"],"picked":"theDuelist:Raigeki","floor":5.0},{"not_picked":["theDuelist:BlueBloodedOni","theDuelist:SphereKuriboh","theDuelist:OneForOne","theDuelist:ImperialOrder"],"picked":"theDuelist:MudGolem","floor":11.0},{"not_picked":["theDuelist:Hinotama","theDuelist:Eva","theDuelist:WormApocalypse","theDuelist:UnderworldCannon"],"picked":"theDuelist:SwordDeepSeated","floor":11.0},{"not_picked":["theDuelist:Wiretap","theDuelist:WhiteHowling","theDuelist:SilverApples","theDuelist:Reinforcements"],"picked":"theDuelist:CrystalRaigeki","floor":12.0},{"not_picked":["theDuelist:Sangan","theDuelist:RainbowNeos","theDuelist:Graverobber","theDuelist:DarkBurningMagic"],"picked":"theDuelist:Eva","floor":12.0},{"not_picked":["theDuelist:SpellShatteringArrow","theDuelist:Hinotama","theDuelist:AfterTheStorm","theDuelist:MagicalStone"],"picked":"theDuelist:WormApocalypse","floor":14.0},{"not_picked":["theDuelist:SwordsRevealing","theDuelist:SevenCompleted","theDuelist:Raigeki","theDuelist:Mathematician"],"picked":"theDuelist:Wildfire","floor":16.0},{"not_picked":["theDuelist:RainbowNeos","theDuelist:Eva","theDuelist:RainbowKuriboh","theDuelist:RainbowOverdragon"],"picked":"theDuelist:KamionTimelord","floor":16.0},{"not_picked":["theDuelist:SwordsConcealing","theDuelist:LightLaser","theDuelist:ForbiddenLance","theDuelist:MillenniumShield"],"picked":"theDuelist:AmuletAmbition","floor":16.0},{"not_picked":["theDuelist:SwordsRevealing","theDuelist:SevenCompleted","theDuelist:ForbiddenLance+1","theDuelist:AmuletAmbition"],"picked":"theDuelist:Wildfire+1","floor":18.0},{"not_picked":["theDuelist:SpellShatteringArrow","theDuelist:CombinationAttack","theDuelist:AfterTheStorm","theDuelist:BigFire+1"],"picked":"theDuelist:OnslaughtFireKings+1","floor":19.0},{"not_picked":["theDuelist:MeteorDestruction+1","theDuelist:PotDuality","theDuelist:GravityAxe","theDuelist:PowerKaishin"],"picked":"theDuelist:Electrowhip+1","floor":19.0},{"not_picked":["theDuelist:PreventRat","theDuelist:EgoBoost+1","theDuelist:PowerKaishin+1","theDuelist:Reinforcements"],"picked":"theDuelist:PotDuality+1","floor":20}],"player_experience":20175,"relics_obtained":[{"floor":3.0,"key":"SlipperyGoo"},{"floor":7.0,"key":"Lantern"},{"floor":9.0,"key":"Happy Flower"}],"event_choices":[{"damage_healed":0.0,"max_hp_gain":0.0,"max_hp_loss":6.0,"gold_gain":0.0,"event_name":"Golden Idol","player_choice":"Lose Max HP","floor":2.0,"gold_loss":0.0,"damage_taken":0.0,"relics_obtained":["Golden Idol"]},{"damage_healed":0,"gold_gain":0,"player_choice":"Fight","duelist":true,"damage_taken":0,"max_hp_gain":0,"max_hp_loss":0,"event_name":"Battle City","floor":22,"gold_loss":0}],"is_beta":false,"boss_relics":[{"not_picked":["SacredBark","Metronome"],"picked":"HangingClock"}],"items_purged_floors":[],"is_endless":false,"potions_floor_spawned":[1,4,5,12,18],"killed_by":"Centurion and Healer","ascension_level":0}}