{"host":"sav7uxregyirlf69","time":1611995950,"event":{"mods":["AchievementEnabler","BaseMod","Colored Map","DeckTracker","Keyboard Shortcuts","Minty Spire (QoL Compilation)","READ ME - Guardian Mod","StSLib","SuperFastMode"],"gold_per_floor":[114,129,129,129,144,144,174,189,239,239,269,284,384,414,414,514,514,529,529,544,559,584,614,614,629,679,229,259,274,23,23,23,123,123,138,13,45,60,75,105,120,120,120,120,150,150,25,49,49,49],"floor_reached":51,"language":"KOR","playtime":1217,"items_purged":["Flame Barrier","Bite","Bite"],"score":865,"play_id":"5c858c86-07bd-42e8-a335-0ffe76fe854d","local_time":"20210130173910","daily_mods":["Specialized","Colorless Cards","Terminal"],"is_ascension_mode":false,"campfire_choices":[{"data":"Body Slam","floor":6,"key":"SMITH"},{"data":"Pommel Strike","floor":10,"key":"SMITH"},{"data":"Armaments","floor":15,"key":"SMITH"},{"floor":32,"key":"DIG"},{"data":"Barricade","floor":42,"key":"SMITH"},{"floor":46,"key":"DIG"},{"floor":49,"key":"DIG"}],"circlet_count":0,"master_deck":["Defend_R","Defend_R","Defend_R","Defend_R","Bash","Flame Barrier","Flame Barrier","Flame Barrier","Pommel Strike+1","Pummel","Body Slam+1","Panacea","Armaments+1","Flash of Steel","True Grit","Master of Strategy","Inflame","Juggernaut","Bite","Bite","Bite","Sword Boomerang","Barricade+1","Discovery","Parasite","Second Wind"],"relics":["Burning Blood","Potion Belt","Smiling Mask","Juzu Bracelet","HornCleat","PreservedInsect","Coffee Dripper","Bag of Preparation","Charon\u0027s Ashes","Strawberry","Shovel","Pear","Membership Card","Red Skull","MutagenicStrength","Tiny Chest","Busted Crown","Lantern","Gambling Chip","Frozen Egg 2","Vajra","CeramicFish","Akabeko","ClockworkSouvenir","Bottled Flame"],"acts_visited":["Exordium","TheCity","TheBeyond"],"potions_floor_usage":[14,16,27,28,33,37,41,50,50,50,50,50,50,50],"damage_taken":[{"damage":0,"enemies":"Cultist","floor":1,"turns":4},{"damage":0,"enemies":"Jaw Worm","floor":2,"turns":6},{"damage":0,"enemies":"Small Slimes","floor":5,"turns":4},{"damage":1,"enemies":"3 Sentries","floor":7,"turns":11},{"damage":3,"enemies":"Exordium Wildlife","floor":8,"turns":6},{"damage":16,"enemies":"Lagavulin","floor":11,"turns":11},{"damage":2,"enemies":"Blue Slaver","floor":12,"turns":3},{"damage":10,"enemies":"Gremlin Nob","floor":14,"turns":4},{"damage":5,"enemies":"Hexaghost","floor":16,"turns":9},{"damage":0,"enemies":"3 Byrds","floor":18,"turns":2},{"damage":0,"enemies":"Shell Parasite","floor":20,"turns":5},{"damage":9,"enemies":"Cultist and Chosen","floor":21,"turns":6},{"damage":4,"enemies":"Book of Stabbing","floor":23,"turns":4},{"damage":0,"enemies":"Sentry and Sphere","floor":25,"turns":4},{"damage":8,"enemies":"Gremlin Leader","floor":28,"turns":4},{"damage":3,"enemies":"Chosen and Byrds","floor":29,"turns":5},{"damage":20,"enemies":"Champ","floor":33,"turns":9},{"damage":0,"enemies":"3 Shapes","floor":35,"turns":4},{"damage":2,"enemies":"2 Orb Walkers","floor":37,"turns":5},{"damage":0,"enemies":"3 Darklings","floor":38,"turns":4},{"damage":0,"enemies":"Maw","floor":39,"turns":6},{"damage":0,"enemies":"Reptomancer","floor":40,"turns":5},{"damage":14,"enemies":"Writhing Mass","floor":41,"turns":6},{"damage":0,"enemies":"Nemesis","floor":45,"turns":5},{"damage":0,"enemies":"4 Shapes","floor":48,"turns":3},{"damage":37,"enemies":"Awakened One","floor":50,"turns":9}],"seed_played":"-828330817948855686","potions_obtained":[{"floor":2,"key":"AttackPotion"},{"floor":8,"key":"CultistPotion"},{"floor":11,"key":"EntropicBrew"},{"floor":12,"key":"SteroidPotion"},{"floor":19,"key":"Explosive Potion"},{"floor":19,"key":"SneckoOil"},{"floor":19,"key":"SmokeBomb"},{"floor":21,"key":"SkillPotion"},{"floor":25,"key":"Energy Potion"},{"floor":29,"key":"DuplicationPotion"},{"floor":33,"key":"PowerPotion"},{"floor":37,"key":"Fruit Juice"},{"floor":38,"key":"BlessingOfTheForge"},{"floor":41,"key":"Fire Potion"}],"is_trial":false,"path_per_floor":["M","M","?","?","M","R","E","M","T","R","E","M","?","E","R","B",null,"M","?","M","M","T","E","?","M","T","$","E","M","$","?","R","B",null,"M","$","?","M","M","E","M","R","T","?","E","R","$","M","R","B",null],"character_chosen":"IRONCLAD","items_purchased":["Fruit Juice","Shovel","Membership Card","Sword Boomerang","Red Skull","Lantern","ClockworkSouvenir"],"campfire_rested":0,"item_purchase_floors":[27,27,30,30,30,36,47],"current_hp_per_floor":[78,77,81,80,79,78,77,76,75,74,64,68,68,64,64,65,67,66,65,64,61,61,61,41,40,46,50,59,58,57,56,55,46,53,52,51,50,49,48,47,51,50,49,46,45,44,43,42,41,31],"gold":49,"neow_bonus":"","is_daily":true,"chose_seed":false,"campfire_upgraded":4,"win_rate":0.0,"timestamp":1611995950,"path_taken":["M","M","?","?","M","R","E","?","T","R","E","M","?","E","R","BOSS","M","?","M","M","?","E","?","M","T","$","E","M","?","?","R","BOSS","M","$","?","M","M","E","M","R","T","?","E","R","$","M","R","BOSS"],"items_purchased_type":["Potion","Relic","Relic","Card","Relic","Relic","Relic"],"build_version":"2020-12-22","purchased_purges":3,"victory":true,"max_hp_per_floor":[78,77,81,80,79,78,77,76,75,74,73,72,71,70,69,68,67,66,65,64,63,62,61,41,40,46,50,59,58,57,56,55,54,53,52,51,50,49,48,47,51,50,49,46,45,44,43,42,41,40],"card_choices":[{"not_picked":["Uppercut","Flex"],"picked":"Pommel Strike","floor":1},{"not_picked":["Clothesline","Searing Blow"],"picked":"Pummel","floor":2},{"not_picked":["Hemokinesis","Headbutt"],"picked":"Body Slam","floor":5},{"not_picked":["Thunderclap","Twin Strike"],"picked":"Panacea","floor":7},{"not_picked":["Headbutt","Flex","Mind Blast"],"picked":"SKIP","floor":8},{"not_picked":["Cleave","Panacea"],"picked":"Armaments","floor":11},{"not_picked":["Wild Strike","Ghostly Armor"],"picked":"Flash of Steel","floor":12},{"not_picked":["Warcry","Hemokinesis"],"picked":"True Grit","floor":14},{"not_picked":["Berserk","The Bomb"],"picked":"Master of Strategy","floor":16},{"not_picked":["Warcry","Clothesline"],"picked":"Inflame","floor":18},{"not_picked":["Clash","Searing Blow+1","Clothesline"],"picked":"SKIP","floor":20},{"not_picked":["Heavy Blade","Armaments","Whirlwind"],"picked":"SKIP","floor":21},{"not_picked":["Whirlwind+1","Uppercut+1"],"picked":"Juggernaut","floor":23},{"not_picked":["Carnage","Ghostly Armor","Searing Blow+1"],"picked":"SKIP","floor":25},{"not_picked":["Armaments","Warcry","Twin Strike"],"picked":"SKIP","floor":28},{"not_picked":["Warcry","Twin Strike","Armaments"],"picked":"SKIP","floor":29},{"not_picked":["Feed","Transmutation"],"picked":"Barricade","floor":33},{"not_picked":["Impatience+1"],"picked":"SKIP","floor":35},{"not_picked":["Dark Shackles"],"picked":"SKIP","floor":38},{"not_picked":[],"picked":"Discovery","floor":39},{"not_picked":["Discovery"],"picked":"SKIP","floor":40},{"not_picked":["Bandage Up"],"picked":"SKIP","floor":41},{"not_picked":["Combust+1"],"picked":"SKIP","floor":45},{"not_picked":[],"picked":"Second Wind","floor":48}],"player_experience":1436273,"relics_obtained":[{"floor":7,"key":"Smiling Mask"},{"floor":9,"key":"Juzu Bracelet"},{"floor":11,"key":"HornCleat"},{"floor":14,"key":"PreservedInsect"},{"floor":22,"key":"Bag of Preparation"},{"floor":23,"key":"Charon\u0027s Ashes"},{"floor":26,"key":"Strawberry"},{"floor":28,"key":"Pear"},{"floor":32,"key":"Tiny Chest"},{"floor":37,"key":"Gambling Chip"},{"floor":40,"key":"Frozen Egg 2"},{"floor":43,"key":"Vajra"},{"floor":45,"key":"CeramicFish"},{"floor":46,"key":"Akabeko"},{"floor":49,"key":"Bottled Flame"}],"event_choices":[{"damage_healed":0,"gold_gain":0,"player_choice":"Donut","damage_taken":0,"max_hp_gain":5,"max_hp_loss":0,"event_name":"Big Fish","floor":3,"gold_loss":0},{"cards_removed":["Flame Barrier"],"damage_healed":0,"gold_gain":0,"player_choice":"Gave Card","damage_taken":0,"relics_obtained":["Potion Belt"],"max_hp_gain":0,"max_hp_loss":0,"event_name":"WeMeetAgain","floor":4,"gold_loss":0},{"damage_healed":0,"gold_gain":100,"player_choice":"Pray","damage_taken":0,"max_hp_gain":0,"max_hp_loss":0,"event_name":"Golden Shrine","floor":13,"gold_loss":0},{"damage_healed":0,"gold_gain":0,"player_choice":"Got Potions","damage_taken":0,"max_hp_gain":0,"max_hp_loss":0,"event_name":"Lab","floor":19,"gold_loss":0},{"damage_healed":0,"gold_gain":0,"player_choice":"Became a vampire","damage_taken":0,"max_hp_gain":0,"max_hp_loss":19,"event_name":"Vampires","floor":24,"gold_loss":0,"cards_obtained":["Bite","Bite","Bite","Bite","Bite"]},{"damage_healed":0,"gold_gain":0,"player_choice":"Inject Mutagens","damage_taken":0,"relics_obtained":["MutagenicStrength"],"max_hp_gain":0,"max_hp_loss":0,"event_name":"Drug Dealer","floor":31,"gold_loss":0},{"damage_healed":0,"gold_gain":0,"player_choice":"Fight","damage_taken":0,"max_hp_gain":0,"max_hp_loss":0,"event_name":"Mysterious Sphere","floor":37,"gold_loss":0},{"damage_healed":0,"gold_gain":0,"player_choice":"Max HP","damage_taken":0,"max_hp_gain":0,"max_hp_loss":2,"event_name":"Winding Halls","floor":44,"gold_loss":0}],"is_beta":false,"boss_relics":[{"not_picked":["Calling Bell","Runic Dome"],"picked":"Coffee Dripper"},{"not_picked":["Tiny House","SacredBark"],"picked":"Busted Crown"}],"items_purged_floors":[27,36,47],"is_endless":false,"potions_floor_spawned":[2,8,11,12,21,25,29,33,37,38,41,45],"ascension_level":0}}