{"host":"kk2i87xhq8q4h0un","time":1611981966,"event":{"mods":["AchievementEnabler","BaseMod","Minty Spire (QoL Compilation)","Shop Mod","StSLib"],"gold_per_floor":[368,368,368,381,21,21,48,60,83,83,98,130,149,149,149,226,226,243,2,15,114,130,130,130,147,174,191,42,60,60,91,91,168,168,184,184,184,198,20,55,65,99,122,155,172,203,213,263,263,263],"floor_reached":51,"language":"ENG","playtime":2488,"items_purged":["Strike_G","Defend_G"],"score":1600,"play_id":"1b75533e-f060-44c3-b070-38dfb49241f9","local_time":"20210129204606","is_ascension_mode":true,"campfire_choices":[{"data":"Neutralize","floor":6.0,"key":"SMITH"},{"floor":10.0,"key":"REST"},{"floor":15.0,"key":"REST"},{"data":"Survivor","floor":23.0,"key":"SMITH"},{"data":"Phantasmal Killer","floor":32.0,"key":"SMITH"},{"floor":49,"key":"REST"}],"circlet_count":0,"master_deck":["AscendersBane","Strike_G","Strike_G","Strike_G","Strike_G","Defend_G","Defend_G","Defend_G","Defend_G","Survivor+1","Neutralize+1","Dagger Throw+1","Heel Hook+1","Die Die Die+1","Backstab+1","Dagger Spray+1","Slice+1","Predator+1","Unload+1","Terror+1","Dodge and Roll+1","Phantasmal Killer+1","Slice+1","Neutralize+1","Heel Hook+1","Dash+1","Dash+1","Sucker Punch+1","Skewer+1"],"relics":["Ring of the Snake","Bird Faced Urn","Molten Egg 2","Nunchaku","Akabeko","Tiny Chest","Blood Vial","Velvet Choker","Shuriken","Paper Crane","Oddly Smooth Stone","Vajra","Omamori","Fusion Hammer","PreservedInsect","Mercury Hourglass","Centennial Puzzle","Orichalcum","Meat on the Bone","Du-Vu Doll","Ginger"],"acts_visited":["Exordium","TheCity","TheBeyond"],"potions_floor_usage":[50,50],"damage_taken":[{"damage":1.0,"enemies":"Cultist","floor":1.0,"turns":5.0},{"damage":5.0,"enemies":"Jaw Worm","floor":4.0,"turns":6.0},{"damage":24.0,"enemies":"Gremlin Nob","floor":7.0,"turns":4.0},{"damage":0.0,"enemies":"Small Slimes","floor":8.0,"turns":2.0},{"damage":0.0,"enemies":"Looter","floor":11.0,"turns":1.0},{"damage":0.0,"enemies":"3 Sentries","floor":12.0,"turns":1.0},{"damage":0.0,"enemies":"Large Slime","floor":13.0,"turns":2.0},{"damage":0.0,"enemies":"Slime Boss","floor":16.0,"turns":5.0},{"damage":3.0,"enemies":"Spheric Guardian","floor":18.0,"turns":3.0},{"damage":0.0,"enemies":"Chosen","floor":20.0,"turns":2.0},{"damage":13.0,"enemies":"Snake Plant","floor":22.0,"turns":3.0},{"damage":0.0,"enemies":"Shelled Parasite and Fungi","floor":25.0,"turns":3.0},{"damage":8.0,"enemies":"Centurion and Healer","floor":27.0,"turns":2.0},{"damage":0.0,"enemies":"Snake Plant","floor":29.0,"turns":2.0},{"damage":3.0,"enemies":"Slavers","floor":31.0,"turns":3.0},{"damage":20.0,"enemies":"Champ","floor":33.0,"turns":5.0},{"damage":0.0,"enemies":"3 Shapes","floor":35.0,"turns":2.0},{"damage":0,"enemies":"Orb Walker","floor":38,"turns":2},{"damage":0,"enemies":"Reptomancer","floor":40,"turns":2},{"damage":0,"enemies":"Writhing Mass","floor":41,"turns":5},{"damage":6,"enemies":"Giant Head","floor":42,"turns":5},{"damage":0,"enemies":"Reptomancer","floor":44,"turns":2},{"damage":0,"enemies":"Sphere and 2 Shapes","floor":45,"turns":1},{"damage":0,"enemies":"Giant Head","floor":46,"turns":5},{"damage":3,"enemies":"Maw","floor":47,"turns":4},{"damage":8,"enemies":"2 Orb Walkers","floor":48,"turns":2},{"damage":12,"enemies":"Time Eater","floor":50,"turns":5}],"seed_played":"-960809988070782834","potions_obtained":[{"floor":4.0,"key":"CultistPotion"},{"floor":8.0,"key":"AttackPotion"},{"floor":20.0,"key":"Block Potion"},{"floor":27.0,"key":"PowerPotion"},{"floor":33.0,"key":"SteroidPotion"},{"floor":41,"key":"Weak Potion"}],"is_trial":false,"path_per_floor":["M","?","T","M","$","R","E","M","T","R","M","E","M","?","R","B",null,"M","$","M","?","M","R","T","M","T","M","$","M","$","E","R","B",null,"M","T","?","M","$","E","M","E","T","E","M","E","M","?","R","B",null],"character_chosen":"THE_SILENT","items_purchased":["Nunchaku","Heel Hook+1","Die Die Die+1","Shuriken","Vajra","Dash+1"],"campfire_rested":3,"item_purchase_floors":[5,5,5,19,28,39],"current_hp_per_floor":[43,40,40,35,35,35,11,11,11,30,30,30,32,32,51,53,63,62,62,64,64,53,53,53,55,55,49,49,51,51,50,50,34,58,60,60,60,62,62,64,66,60,60,62,64,66,63,57,66,54],"gold":263,"neow_bonus":"TWO_FIFTY_GOLD","is_daily":false,"chose_seed":false,"campfire_upgraded":3,"win_rate":0.0,"timestamp":1611981966,"path_taken":["M","?","?","M","$","R","E","M","T","R","?","E","M","?","R","BOSS","M","$","M","?","M","R","?","?","T","M","$","?","?","E","R","BOSS","M","?","?","M","$","E","M","E","T","E","?","E","M","?","R","BOSS"],"items_purchased_type":["Relic","Card","Card","Relic","Relic","Card"],"build_version":"2020-12-22","purchased_purges":2,"victory":true,"max_hp_per_floor":[66,66,66,66,66,66,66,66,66,66,66,66,66,66,66,66,66,66,66,66,66,66,66,66,66,66,66,66,66,66,66,66,66,66,66,66,66,66,66,66,66,66,66,66,66,66,66,66,66,66],"card_choices":[{"not_picked":["Underhanded Strike","Outmaneuver","Backflip"],"picked":"SKIP","floor":1.0},{"not_picked":["Deadly Poison","Outmaneuver"],"picked":"Dagger Throw+1","floor":4.0},{"not_picked":["Bouncing Flask","Bane+1"],"picked":"Backstab+1","floor":7.0},{"not_picked":["Underhanded Strike+1","After Image"],"picked":"Dagger Spray+1","floor":8.0},{"not_picked":["Flying Knee+1","Well Laid Plans"],"picked":"Slice+1","floor":11.0},{"not_picked":["Finisher+1","Eviscerate+1"],"picked":"Predator+1","floor":12.0},{"not_picked":["Accuracy","Crippling Poison","Quick Slash+1"],"picked":"SKIP","floor":13.0},{"not_picked":["Die Die Die+1","Tools of the Trade"],"picked":"Unload+1","floor":16.0},{"not_picked":["Bouncing Flask+1","Dodge and Roll","Cloak And Dagger"],"picked":"SKIP","floor":18.0},{"not_picked":["Setup","Poisoned Stab+1","Infinite Blades"],"picked":"SKIP","floor":20.0},{"not_picked":["Reflex","All Out Attack+1","Flying Knee+1"],"picked":"SKIP","floor":22.0},{"not_picked":["Choke+1","PiercingWail"],"picked":"Terror+1","floor":25.0},{"not_picked":["Accuracy","Cloak And Dagger","Quick Slash+1"],"picked":"SKIP","floor":27.0},{"not_picked":["Deadly Poison","Acrobatics"],"picked":"Dodge and Roll+1","floor":29.0},{"not_picked":["Blade Dance","Catalyst"],"picked":"Phantasmal Killer","floor":31.0},{"not_picked":["Poisoned Stab+1","Backflip"],"picked":"Slice+1","floor":35.0},{"not_picked":["Quick Slash+1","Grand Finale+1","Setup"],"picked":"SKIP","floor":38},{"not_picked":["A Thousand Cuts","Cloak And Dagger+1","Crippling Poison"],"picked":"SKIP","floor":40},{"not_picked":["Masterful Stab+1","Infinite Blades","Outmaneuver"],"picked":"SKIP","floor":41},{"not_picked":["Masterful Stab+1","Infinite Blades","Outmaneuver"],"picked":"SKIP","floor":41},{"not_picked":["Masterful Stab+1","Infinite Blades","Outmaneuver"],"picked":"SKIP","floor":41},{"not_picked":["Setup","Deflect"],"picked":"Dash+1","floor":42},{"not_picked":["Flying Knee+1","Flechettes+1","After Image"],"picked":"SKIP","floor":44},{"not_picked":["Quick Slash+1","Distraction"],"picked":"Sucker Punch+1","floor":45},{"not_picked":["Deflect","Poisoned Stab+1","Heel Hook+1"],"picked":"SKIP","floor":46},{"not_picked":["Poisoned Stab+1","Infinite Blades"],"picked":"Skewer+1","floor":47}],"player_experience":1017432,"relics_obtained":[{"floor":3.0,"key":"Molten Egg 2"},{"floor":7.0,"key":"Akabeko"},{"floor":9.0,"key":"Tiny Chest"},{"floor":12.0,"key":"Blood Vial"},{"floor":24.0,"key":"Paper Crane"},{"floor":26.0,"key":"Oddly Smooth Stone"},{"floor":31.0,"key":"Omamori"},{"floor":36.0,"key":"PreservedInsect"},{"floor":40,"key":"Mercury Hourglass"},{"floor":42,"key":"Centennial Puzzle"},{"floor":43,"key":"Orichalcum"},{"floor":44,"key":"Meat on the Bone"},{"floor":46,"key":"Du-Vu Doll"},{"floor":48,"key":"Ginger"}],"event_choices":[{"damage_healed":0.0,"max_hp_gain":0.0,"max_hp_loss":0.0,"gold_gain":0.0,"event_name":"Scrap Ooze","player_choice":"Success","floor":2.0,"gold_loss":0.0,"damage_taken":3.0,"relics_obtained":["Bird Faced Urn"]},{"damage_healed":0.0,"max_hp_gain":0.0,"max_hp_loss":0.0,"gold_gain":0.0,"event_name":"Liars Game","player_choice":"Ignored","floor":14.0,"gold_loss":0.0,"damage_taken":0.0},{"damage_healed":0.0,"max_hp_gain":0.0,"max_hp_loss":0.0,"gold_gain":99.0,"event_name":"Nest","player_choice":"Stole From Cult","floor":21.0,"gold_loss":0.0,"damage_taken":0.0},{"damage_healed":0,"gold_gain":0,"player_choice":"2 cards matched","damage_taken":0,"max_hp_gain":0,"max_hp_loss":0,"event_name":"Match and Keep!","floor":37,"gold_loss":0,"cards_obtained":["Neutralize","Heel Hook"]},{"damage_healed":0,"gold_gain":0,"player_choice":"Fight","damage_taken":0,"max_hp_gain":0,"max_hp_loss":0,"event_name":"Mysterious Sphere","floor":48,"gold_loss":0}],"is_beta":false,"boss_relics":[{"not_picked":["SlaversCollar","Cursed Key"],"picked":"Velvet Choker"},{"not_picked":["Ring of the Serpent","Pandora\u0027s Box"],"picked":"Fusion Hammer"}],"items_purged_floors":[5,39],"is_endless":false,"potions_floor_spawned":[4,8,11,20,27,33,41,45,46],"ascension_level":14}}