{"host":"usru02jcpe2a942d","time":1611997441,"event":{"mods":["Act Like it!","BaseMod","Colored Powertips","GifTheSpireLib","Highlight Path","Hubris","Infinite Spire","Jedi Mod","Minty Spire (QoL Compilation)","MostiFishMod","Pale of the Ancients","Quick Restart","Relic Stats","RumiaBox-露米娅的神秘盒子","StSLib","The Runesmith","noobMod","【遗物卡牌】REMEMod","篝火指南"],"gold_per_floor":[110,125,400,414,414,193,93,105,128,128,128,128,157,9,9,9,9],"floor_reached":16,"language":"ZHS","playtime":429,"items_purged":["Regret","Regret"],"score":123,"play_id":"32676469-8c0b-46c9-b60a-b3f739b642ad","local_time":"20210130170401","is_ascension_mode":false,"campfire_choices":[{"data":"Runesmith:Refine","floor":10,"key":"SMITH"},{"data":"REME_EyeOfCthun","floor":12,"key":"SMITH"},{"data":"Runesmith:Fortify","floor":15,"key":"SMITH"}],"circlet_count":0,"master_deck":["Runesmith:Strike_RS","Runesmith:Strike_RS","Runesmith:Strike_RS","Runesmith:Strike_RS","Runesmith:Defend_RS","Runesmith:Defend_RS","Runesmith:Defend_RS","Runesmith:Defend_RS","Runesmith:CraftFirestone","Runesmith:Fortify+1","REME_EyeOfCthun+1","Runesmith:Refine+1","Runesmith:Prism","Runesmith:CraftMagma","Runesmith:FieryHammer","Runesmith:DuctTape"],"relics":["Runesmith:BrokenRuby","DaveBox","ice","REME_ComplimentaryCards","SentryEyes","SynthV:TestCard","Strawberry","Lee\u0027s Waffle","SSSystem","hubris:Towel","hubris:TenFootPole","Bronze Scales"],"acts_visited":["Exordium"],"potions_floor_usage":[],"damage_taken":[{"damage":6,"enemies":"Jaw Worm","floor":1,"turns":2},{"damage":0,"enemies":"Cultist","floor":2,"turns":2},{"damage":7,"enemies":"Small Slimes","floor":4,"turns":2},{"damage":4,"enemies":"Looter","floor":8,"turns":2},{"damage":4,"enemies":"Gremlin Nob","floor":13,"turns":3},{"damage":0,"enemies":"Hexaghost","floor":16,"turns":2}],"seed_played":"8402956674529944125","potions_obtained":[{"floor":4,"key":"SmokeBomb"},{"floor":8,"key":"Dexterity Potion"}],"is_trial":false,"path_per_floor":["M","M","?","M","?","R","$","M","T","R","?","R","E","$","R","B"],"character_chosen":"RUNESMITH_CLASS","items_purchased":["Lee\u0027s Waffle","Bronze Scales"],"campfire_rested":0,"item_purchase_floors":[6,14],"current_hp_per_floor":[71,71,71,64,71,91,91,87,87,87,87,87,83,83,83,83,83],"gold":9,"neow_bonus":"TEN_PERCENT_HP_BONUS","is_daily":false,"chose_seed":false,"campfire_upgraded":3,"win_rate":0.0,"timestamp":1611997441,"path_taken":["M","M","?","?","?","R","$","M","T","R","?","R","E","?","R","BOSS"],"items_purchased_type":["Relic","Relic"],"build_version":"2020-12-22","purchased_purges":2,"victory":false,"max_hp_per_floor":[77,77,77,77,84,91,91,91,91,91,91,91,91,91,91,91,91],"relic_stats":{"Lee\u0027s Waffle":20,"counters":[6,9],"Bronze Scales":[0],"obtain_stats":[{"Runesmith:BrokenRuby":0,"Lee\u0027s Waffle":6,"SynthV:TestCard":1,"DaveBox":0,"Strawberry":5,"Bronze Scales":14,"SentryEyes":0,"SSSystem":9,"ice":0,"hubris:TenFootPole":13,"hubris:Towel":11,"REME_ComplimentaryCards":0},{"Runesmith:BrokenRuby":0,"Lee\u0027s Waffle":3,"SynthV:TestCard":1,"DaveBox":0,"Strawberry":3,"Bronze Scales":5,"SentryEyes":0,"SSSystem":4,"ice":0,"hubris:TenFootPole":5,"hubris:Towel":4,"REME_ComplimentaryCards":0},{"Runesmith:BrokenRuby":0,"Lee\u0027s Waffle":3,"SynthV:TestCard":1,"DaveBox":0,"Strawberry":3,"Bronze Scales":7,"SentryEyes":0,"SSSystem":4,"ice":0,"hubris:TenFootPole":7,"hubris:Towel":4,"REME_ComplimentaryCards":0}]},"card_choices":[{"not_picked":["Runesmith:CraftProtectio","Runesmith:CraftMagma"],"picked":"Runesmith:Refine","floor":1},{"not_picked":["Runesmith:HammerThrow","Runesmith:HeatExchange","Runesmith:CraftProtectio","Runesmith:UnstableHammer"],"picked":"Runesmith:Prism","floor":2},{"not_picked":["Runesmith:Grindstone","Runesmith:GrandSlam","Runesmith:Reinforce","Runesmith:HeatedChisel"],"picked":"Runesmith:CraftMagma","floor":4},{"not_picked":["Runesmith:MakeshiftArmor","Runesmith:CraftProtectio","Runesmith:ChiselStab","Runesmith:HammerAndChisel"],"picked":"Runesmith:FieryHammer","floor":8},{"not_picked":["Runesmith:MakeshiftArmor","Runesmith:HammerAndChisel","Runesmith:Terraform","Runesmith:OneForEveryone"],"picked":"Runesmith:DuctTape","floor":13}],"player_experience":234096,"relics_obtained":[{"floor":1,"key":"SynthV:TestCard"},{"floor":9,"key":"SSSystem"},{"floor":13,"key":"hubris:TenFootPole"}],"event_choices":[{"damage_healed":0,"gold_gain":275,"player_choice":"Desecrate","damage_taken":0,"max_hp_gain":0,"max_hp_loss":0,"event_name":"Golden Shrine","floor":3,"gold_loss":0,"cards_obtained":["Regret"]},{"damage_healed":0,"gold_gain":0,"player_choice":"Box","damage_taken":0,"relics_obtained":["Strawberry"],"max_hp_gain":0,"max_hp_loss":0,"event_name":"Big Fish","floor":5,"gold_loss":0,"cards_obtained":["Regret"]}],"is_beta":false,"boss_relics":[],"items_purged_floors":[6,7],"is_endless":false,"potions_floor_spawned":[4,8],"killed_by":"Hexaghost","ascension_level":0}}