{"host":"vld99k9l4elccfy8","time":1611988184,"event":{"mods":["AchievementEnabler","BaseMod","Bestiary","Block Reminder","Colored Map","Colored Powertips","Custom Start","Highlight Path","Minty Spire (QoL Compilation)","Permanent Neow","Rare Cards Sparkle"],"gold_per_floor":[113,36,36,52,52,52,52,52,52,67,86,101,101,114,114,219,269,281,306,306,154,154,154,165,165,189,215,235,235,251,266,266,362,362,375,389,404,251,261,261,261,56,56,83,95,107,68,80,80,80,80],"floor_reached":50,"language":"ENG","playtime":13985,"items_purged":[],"score":509,"play_id":"97c35ccb-6f70-415f-ba5b-eb4ec7a97bc9","local_time":"20210129232944","is_ascension_mode":false,"campfire_choices":[{"data":"Demon Form","floor":6.0,"key":"SMITH"},{"data":"Armaments","floor":13.0,"key":"SMITH"},{"data":"Entrench","floor":15.0,"key":"SMITH"},{"floor":23.0,"key":"REST"},{"data":"Double Tap","floor":25.0,"key":"SMITH"},{"data":"Juggernaut","floor":29.0,"key":"SMITH"},{"floor":32.0,"key":"REST"},{"floor":40.0,"key":"REST"},{"data":"Limit Break","floor":45.0,"key":"SMITH"},{"floor":49.0,"key":"REST"}],"circlet_count":0,"master_deck":["Strike_R","Strike_R","Strike_R","Strike_R+1","Defend_R","Defend_R+1","Bash+1","Reaper","Sword Boomerang+1","Demon Form+1","Power Through","Armaments+1","Entrench+1","Inflame","Anger","Double Tap+1","Spot Weakness","Cleave","Body Slam","Anger+1","Juggernaut+1","Armaments+1","Flex","Limit Break","Uppercut+1","Feed+1","Uppercut+1","Iron Wave","Heavy Blade+1","Bludgeon","Limit Break","Entrench","Armaments","Anger+1","Seeing Red","Madness","Madness","Flex","Limit Break+1","Anger+1","Searing Blow+1"],"relics":["Burning Blood","Bottled Tornado","Tiny House","Red Mask","Enchiridion","Brimstone","MutagenicStrength","Pen Nib","Omamori","Astrolabe","Orrery","DollysMirror","MawBank"],"acts_visited":["Exordium","TheCity","TheBeyond"],"potions_floor_usage":[50,50,50],"damage_taken":[{"damage":3.0,"enemies":"Jaw Worm","floor":1.0,"turns":4.0},{"damage":2.0,"enemies":"2 Louse","floor":4.0,"turns":3.0},{"damage":0.0,"enemies":"Small Slimes","floor":10.0,"turns":3.0},{"damage":0.0,"enemies":"Looter","floor":11.0,"turns":4.0},{"damage":16.0,"enemies":"Lots of Slimes","floor":12.0,"turns":5.0},{"damage":16.0,"enemies":"Blue Slaver","floor":14.0,"turns":4.0},{"damage":7.0,"enemies":"Slime Boss","floor":16.0,"turns":6.0},{"damage":19.0,"enemies":"3 Byrds","floor":18.0,"turns":5.0},{"damage":39.0,"enemies":"Masked Bandits","floor":19.0,"turns":4.0},{"damage":3.0,"enemies":"Chosen","floor":24.0,"turns":3.0},{"damage":18.0,"enemies":"Snake Plant","floor":28.0,"turns":3.0},{"damage":8.0,"enemies":"Cultist and Chosen","floor":30.0,"turns":4.0},{"damage":46.0,"enemies":"3 Cultists","floor":31.0,"turns":5.0},{"damage":22.0,"enemies":"Automaton","floor":33.0,"turns":6.0},{"damage":12.0,"enemies":"Orb Walker","floor":35.0,"turns":2.0},{"damage":17.0,"enemies":"3 Shapes","floor":36.0,"turns":3.0},{"damage":27.0,"enemies":"Sphere and 2 Shapes","floor":37.0,"turns":4.0},{"damage":13.0,"enemies":"4 Shapes","floor":39.0,"turns":5.0},{"damage":23.0,"enemies":"Maw","floor":44.0,"turns":5.0},{"damage":19.0,"enemies":"Jaw Worm Horde","floor":48.0,"turns":3.0},{"damage":125,"enemies":"Awakened One","floor":50,"turns":4}],"seed_played":"4579834295878887481","potions_obtained":[{"floor":1.0,"key":"ColorlessPotion"},{"floor":11.0,"key":"CultistPotion"},{"floor":12.0,"key":"SteroidPotion"},{"floor":17.0,"key":"EntropicBrew"},{"floor":30.0,"key":"Dexterity Potion"},{"floor":31.0,"key":"SteroidPotion"},{"floor":36.0,"key":"EntropicBrew"}],"is_trial":false,"path_per_floor":["M","$","?","M","$","R","?","?","T","M","M","M","R","M","R","B",null,"M","?","?","$","?","R","M","R","T","T","M","R","M","M","R","B",null,"M","M","M","$","M","R","?","$","T","M","R","?","$","M","R","B"],"character_chosen":"IRONCLAD","items_purchased":["Demon Form","Brimstone","Orrery","Flex","DollysMirror","FearPotion"],"campfire_rested":4,"item_purchase_floors":[2,21,38,42,42,47],"current_hp_per_floor":[80,80,80,80,80,80,80,64,64,74,80,80,80,70,70,69,85,77,56,40,40,40,65,77,77,77,77,65,65,63,45,70,54,85,79,68,47,47,44,70,59,59,59,74,74,74,74,61,87,0,0],"gold":80,"neow_bonus":"ONE_RANDOM_RARE_CARD","is_daily":false,"chose_seed":false,"campfire_upgraded":6,"win_rate":0.0,"timestamp":1611988184,"path_taken":["M","$","?","M","$","R","?","?","T","?","M","M","R","M","R","BOSS","M","?","?","$","?","R","M","R","T","?","M","R","M","M","R","BOSS","M","M","M","?","M","R","?","$","T","M","R","?","?","?","R","BOSS"],"items_purchased_type":["Card","Relic","Relic","Card","Relic","Potion"],"build_version":"2020-12-22","purchased_purges":0,"victory":false,"max_hp_per_floor":[80,80,80,80,80,80,80,80,80,80,80,80,80,80,80,80,85,85,85,85,85,85,85,85,85,85,85,85,85,85,85,85,85,85,85,85,85,85,89,89,89,89,89,89,89,89,89,89,89,89,89],"card_choices":[{"not_picked":["Wild Strike","True Grit"],"picked":"Sword Boomerang","floor":1.0},{"not_picked":["Cleave","Headbutt"],"picked":"Power Through","floor":4.0},{"not_picked":["Pommel Strike","Shrug It Off"],"picked":"Armaments","floor":10.0},{"not_picked":["Warcry","Anger"],"picked":"Entrench","floor":11.0},{"not_picked":["Power Through","Body Slam"],"picked":"Inflame","floor":12.0},{"not_picked":["Pommel Strike","Twin Strike"],"picked":"Anger","floor":14.0},{"not_picked":["Immolate","Reaper"],"picked":"Double Tap","floor":16.0},{"not_picked":["Perfected Strike","Metallicize"],"picked":"Spot Weakness","floor":17.0},{"not_picked":["Body Slam","Wild Strike"],"picked":"Cleave","floor":18.0},{"not_picked":["Searing Blow","Bloodletting+1"],"picked":"Body Slam","floor":19.0},{"not_picked":["Cleave","Armaments"],"picked":"Anger+1","floor":24.0},{"not_picked":["Heavy Blade","Sword Boomerang"],"picked":"Juggernaut","floor":28.0},{"not_picked":["Iron Wave","Dual Wield"],"picked":"Armaments+1","floor":30.0},{"not_picked":["Intimidate","Twin Strike"],"picked":"Flex","floor":31.0},{"not_picked":["Feed","Berserk"],"picked":"Limit Break","floor":33.0},{"not_picked":["Headbutt+1","Armaments"],"picked":"Iron Wave","floor":35.0},{"not_picked":["Pommel Strike","Second Wind+1"],"picked":"Heavy Blade+1","floor":36.0},{"not_picked":["Anger+1","Feel No Pain"],"picked":"Bludgeon","floor":38.0},{"not_picked":["Seeing Red","Burning Pact+1"],"picked":"Limit Break","floor":38.0},{"not_picked":["Anger","Armaments"],"picked":"Entrench","floor":38.0},{"not_picked":["Shrug It Off","Wild Strike"],"picked":"Armaments","floor":38.0},{"not_picked":["Havoc+1","Clothesline+1"],"picked":"Anger+1","floor":38.0},{"not_picked":["Headbutt+1","Pommel Strike"],"picked":"Seeing Red","floor":39.0},{"not_picked":["Wild Strike+1","Clash"],"picked":"Anger+1","floor":44.0},{"not_picked":["Dark Embrace+1","True Grit+1"],"picked":"Searing Blow+1","floor":48.0}],"player_experience":321015,"relics_obtained":[{"floor":9.0,"key":"Bottled Tornado"},{"floor":19.0,"key":"Red Mask"},{"floor":20.0,"key":"Enchiridion"},{"floor":26.0,"key":"Pen Nib"},{"floor":27.0,"key":"Omamori"},{"floor":43.0,"key":"MawBank"}],"event_choices":[{"damage_healed":0.0,"max_hp_gain":0.0,"max_hp_loss":0.0,"gold_gain":0.0,"event_name":"Golden Wing","player_choice":"Ignored","floor":3.0,"gold_loss":0.0,"damage_taken":0.0},{"damage_healed":0.0,"max_hp_gain":0.0,"max_hp_loss":0.0,"gold_gain":0.0,"event_name":"Living Wall","player_choice":"Grow","floor":7.0,"gold_loss":0.0,"damage_taken":0.0,"cards_upgraded":["Bash"]},{"damage_healed":0.0,"max_hp_gain":0.0,"max_hp_loss":0.0,"gold_gain":0.0,"event_name":"Shining Light","player_choice":"Entered Light","floor":8.0,"gold_loss":0.0,"damage_taken":16.0,"cards_upgraded":["Strike_R","Sword Boomerang"]},{"damage_healed":0.0,"max_hp_gain":0.0,"max_hp_loss":0.0,"gold_gain":0.0,"event_name":"Masked Bandits","player_choice":"Fought Bandits","floor":19.0,"gold_loss":0.0,"damage_taken":0.0},{"damage_healed":0.0,"max_hp_gain":0.0,"max_hp_loss":0.0,"gold_gain":0.0,"event_name":"Cursed Tome","player_choice":"Obtained Book","floor":20.0,"gold_loss":0.0,"damage_taken":16.0},{"damage_healed":0.0,"max_hp_gain":0.0,"max_hp_loss":0.0,"gold_gain":0.0,"event_name":"Drug Dealer","player_choice":"Inject Mutagens","floor":22.0,"gold_loss":0.0,"damage_taken":0.0,"relics_obtained":["MutagenicStrength"]},{"damage_healed":0.0,"max_hp_gain":0.0,"max_hp_loss":0.0,"gold_gain":0.0,"event_name":"Winding Halls","player_choice":"Embrace Madness","floor":41.0,"gold_loss":0.0,"damage_taken":11.0,"cards_obtained":["Madness","Madness"]},{"damage_healed":0.0,"max_hp_gain":0.0,"max_hp_loss":0.0,"gold_gain":0.0,"event_name":"Mysterious Sphere","player_choice":"Ignored","floor":46.0,"gold_loss":0.0,"damage_taken":0.0}],"is_beta":false,"boss_relics":[{"not_picked":["Runic Cube","Coffee Dripper"],"picked":"Tiny House"},{"not_picked":["Fusion Hammer","Calling Bell"],"picked":"Astrolabe"}],"items_purged_floors":[],"is_endless":false,"potions_floor_spawned":[1,11,12,30,31,36,48],"killed_by":"Awakened One","ascension_level":0}}