{"host":"tkinv8gv6hgcc58b","time":1611981499,"event":{"mods":["AchievementEnabler","BaseMod","BetterRewards","Colored Map","Downfall","Googly Eyes","Hermit","Minty Spire (QoL Compilation)","Rare Cards Sparkle","Relic Filter","StSLib","The Cursed","The Disciple"],"gold_per_floor":[116,266,0,13,13,47,47,57,57,57,57,82,110,123,158,158,234,234,246,262,7,7,22,22,55,55,80,97,114,12,12,25,25,99,99,117,117,117,33,46,46,46,46,46,46,46,64,64,116,130,130,130,130],"floor_reached":52,"language":"ENG","playtime":2412,"items_purged":["Doubt"],"score":1426,"play_id":"5406106c-c402-4a46-9717-e2381aa1f395","local_time":"20210129233819","is_ascension_mode":true,"campfire_choices":[{"floor":7.0,"key":"REST"},{"floor":11.0,"key":"REST"},{"floor":16.0,"key":"REST"},{"floor":24.0,"key":"REST"},{"floor":33.0,"key":"REST"},{"floor":42.0,"key":"REST"},{"data":"Adrenaline","floor":44.0,"key":"SMITH"},{"data":"Phantasmal Killer","floor":46.0,"key":"SMITH"},{"floor":48.0,"key":"REST"},{"floor":51.0,"key":"REST"}],"circlet_count":0,"master_deck":["AscendersBane","Strike_G+1","Strike_G+1","Strike_G+1","Strike_G+1","Strike_G+1","Defend_G+1","Defend_G+1","Defend_G+1","Defend_G+1","Defend_G+1","Survivor","Neutralize","Reflex","Caltrops","Deadly Poison","Escape Plan","Backstab","Sucker Punch","Distraction","Prepared","Poisoned Stab","Adrenaline+1","Leg Sweep","Infinite Blades","Leg Sweep+1","Bouncing Flask","Backstab","Well Laid Plans","PiercingWail","Phantasmal Killer+1","Forethought","Panacea","downfall:Aged","Neutralize","downfall:Aged","Shame","Distraction+1","downfall:Aged","Shame"],"relics":["Ring of the Serpent","WarpedTongs","Paper Crane","sneckomod:BabySnecko","White Beast Statue","Mercury Hourglass","Odd Mushroom","Kunai","Happy Flower","Busted Crown","Membership Card","War Paint","MutagenicStrength","Orichalcum","Ice Cream","Vajra","downfall:ExtraCursedKey","Pen Nib","Centennial Puzzle"],"acts_visited":["Exordium","TheCity","TheBeyond"],"potions_floor_usage":[52],"damage_taken":[{"damage":2.0,"enemies":"2 Louse","floor":1.0,"turns":4.0},{"damage":5.0,"enemies":"Small Slimes","floor":4.0,"turns":4.0},{"damage":65.0,"enemies":"Gremlin Nob","floor":6.0,"turns":6.0},{"damage":0.0,"enemies":"Jaw Worm","floor":8.0,"turns":2.0},{"damage":0.0,"enemies":"The Mushroom Lair","floor":12.0,"turns":4.0},{"damage":7.0,"enemies":"3 Sentries","floor":13.0,"turns":5.0},{"damage":8.0,"enemies":"Blue Slaver","floor":14.0,"turns":2.0},{"damage":2.0,"enemies":"Lagavulin","floor":15.0,"turns":5.0},{"damage":15.0,"enemies":"The Guardian","floor":17.0,"turns":9.0},{"damage":13.0,"enemies":"Shell Parasite","floor":19.0,"turns":4.0},{"damage":5.0,"enemies":"2 Thieves","floor":20.0,"turns":3.0},{"damage":4.0,"enemies":"Centurion and Healer","floor":23.0,"turns":6.0},{"damage":21.0,"enemies":"Slavers","floor":25.0,"turns":5.0},{"damage":5.0,"enemies":"Sentry and Sphere","floor":28.0,"turns":5.0},{"damage":8.0,"enemies":"Cultist and Chosen","floor":29.0,"turns":5.0},{"damage":0.0,"enemies":"Snake Plant","floor":32.0,"turns":2.0},{"damage":15.0,"enemies":"Collector","floor":34.0,"turns":12.0},{"damage":0.0,"enemies":"Orb Walker","floor":36.0,"turns":4.0},{"damage":19.0,"enemies":"3 Darklings","floor":40.0,"turns":3.0},{"damage":8.0,"enemies":"Jaw Worm Horde","floor":47.0,"turns":5.0},{"damage":15.0,"enemies":"Maw","floor":50.0,"turns":8.0},{"damage":81,"enemies":"Donu and Deca","floor":52,"turns":9}],"seed_played":"-5388011980032243850","potions_obtained":[{"floor":1.0,"key":"Regen Potion"},{"floor":6.0,"key":"DistilledChaos"},{"floor":12.0,"key":"champ:CounterPotion"},{"floor":13.0,"key":"LiquidBronze"},{"floor":14.0,"key":"FearPotion"},{"floor":15.0,"key":"Dexterity Potion"},{"floor":19.0,"key":"AttackPotion"},{"floor":20.0,"key":"Regen Potion"},{"floor":25.0,"key":"CultistPotion"},{"floor":34.0,"key":"PowerPotion"}],"is_trial":false,"path_per_floor":["M","?","$","M","?","E","R","M","T","T","R","?","E","M","E","R","B",null,"M","M","$","?","M","R","E","?","T","M","M","$","?","M","R","B",null,"M","?","?","$","M","?","R","?","R","T","R","M","R","T","M","R","B"],"character_chosen":"THE_SILENT","items_purchased":["WarpedTongs","Caltrops","Paper Crane","Membership Card","Infinite Blades","Ice Cream","Well Laid Plans","Vajra"],"campfire_rested":8,"item_purchase_floors":[0,0,3,21,21,30,30,39],"current_hp_per_floor":[48,48,48,43,65,9,28,28,28,28,47,47,40,32,30,49,34,58,45,40,40,40,36,55,34,34,34,29,21,21,21,21,40,40,60,60,55,55,55,36,41,62,62,62,62,62,54,71,71,56,71,0,0],"gold":130,"neow_bonus":"","is_daily":false,"chose_seed":false,"campfire_upgraded":2,"win_rate":0.0,"timestamp":1611981499,"path_taken":["M","?","$","M","?","E","R","M","T","T","R","?","E","?","E","R","BOSS","M","M","$","?","M","R","E","?","T","M","M","?","?","M","R","BOSS","M","?","?","$","?","?","R","?","R","T","R","?","R","?","M","R","BOSS"],"items_purchased_type":["Relic","Card","Relic","Relic","Card","Relic","Card","Relic"],"build_version":"2020-12-22","purchased_purges":1,"victory":false,"max_hp_per_floor":[66,66,66,66,66,66,66,66,66,66,66,66,66,66,66,66,66,66,66,66,66,66,66,66,66,66,66,66,66,66,66,66,66,66,66,66,66,66,66,66,71,71,71,71,71,71,71,71,71,71,71,71,71],"card_choices":[{"not_picked":["Underhanded Strike","Quick Slash"],"picked":"Deadly Poison","floor":1.0},{"not_picked":["Dodge and Roll","Reflex"],"picked":"Escape Plan","floor":4.0},{"not_picked":["Underhanded Strike","Deflect"],"picked":"Backstab","floor":6.0},{"not_picked":["Blade Dance","Accuracy","Choke"],"picked":"SKIP","floor":8.0},{"not_picked":["Distraction","Flechettes"],"picked":"Sucker Punch","floor":12.0},{"not_picked":["Deadly Poison","Finisher"],"picked":"Distraction","floor":13.0},{"not_picked":["Dagger Throw","Outmaneuver"],"picked":"Prepared","floor":14.0},{"not_picked":["Crippling Poison","Slice"],"picked":"Poisoned Stab","floor":15.0},{"not_picked":["Corpse Explosion","A Thousand Cuts"],"picked":"Adrenaline","floor":17.0},{"not_picked":["Underhanded Strike+1"],"picked":"SKIP","floor":19.0},{"not_picked":[],"picked":"Leg Sweep","floor":20.0},{"not_picked":["Flechettes"],"picked":"SKIP","floor":23.0},{"not_picked":[],"picked":"Leg Sweep+1","floor":25.0},{"not_picked":[],"picked":"Bouncing Flask","floor":28.0},{"not_picked":[],"picked":"Backstab","floor":29.0},{"not_picked":[],"picked":"PiercingWail","floor":32.0},{"not_picked":[],"picked":"Phantasmal Killer","floor":34.0},{"not_picked":["Eviscerate+1"],"picked":"SKIP","floor":36.0},{"not_picked":[],"picked":"Forethought","floor":37.0},{"not_picked":[],"picked":"Panacea","floor":37.0},{"not_picked":["Tactician"],"picked":"SKIP","floor":40.0},{"not_picked":[],"picked":"Distraction+1","floor":47.0},{"not_picked":["Sucker Punch+1"],"picked":"SKIP","floor":50.0}],"player_experience":1098482,"relics_obtained":[{"floor":6.0,"key":"sneckomod:BabySnecko"},{"floor":9.0,"key":"White Beast Statue"},{"floor":10.0,"key":"Mercury Hourglass"},{"floor":12.0,"key":"Odd Mushroom"},{"floor":13.0,"key":"Kunai"},{"floor":15.0,"key":"Happy Flower"},{"floor":25.0,"key":"War Paint"},{"floor":27.0,"key":"Orichalcum"},{"floor":45.0,"key":"Pen Nib"},{"floor":49.0,"key":"Centennial Puzzle"}],"event_choices":[{"damage_healed":0.0,"max_hp_gain":0.0,"max_hp_loss":0.0,"gold_gain":150.0,"event_name":"Liars Game","player_choice":"AGREE","floor":2.0,"gold_loss":0.0,"damage_taken":0.0,"cards_obtained":["Doubt"]},{"damage_healed":22.0,"max_hp_gain":0.0,"max_hp_loss":0.0,"gold_gain":0.0,"event_name":"Big Fish","player_choice":"Banana","floor":5.0,"gold_loss":0.0,"damage_taken":0.0},{"damage_healed":0.0,"max_hp_gain":0.0,"max_hp_loss":0.0,"gold_gain":0.0,"event_name":"Mushrooms","player_choice":"Fought Mushrooms","floor":12.0,"gold_loss":0.0,"damage_taken":0.0},{"damage_healed":0.0,"max_hp_gain":0.0,"max_hp_loss":0.0,"gold_gain":0.0,"event_name":"Ghosts","player_choice":"Ignored","floor":22.0,"gold_loss":0.0,"damage_taken":0.0},{"damage_healed":0.0,"max_hp_gain":0.0,"max_hp_loss":0.0,"gold_gain":0.0,"event_name":"Drug Dealer","player_choice":"Inject Mutagens","floor":26.0,"gold_loss":0.0,"damage_taken":0.0,"relics_obtained":["MutagenicStrength"]},{"damage_healed":0.0,"max_hp_gain":0.0,"max_hp_loss":0.0,"gold_gain":0.0,"event_name":"Back to Basics","player_choice":"Simplicity","floor":31.0,"gold_loss":0.0,"damage_taken":0.0,"cards_upgraded":["Strike_G","Strike_G","Strike_G","Strike_G","Strike_G","Defend_G","Defend_G","Defend_G"]},{"damage_healed":0.0,"max_hp_gain":0.0,"max_hp_loss":0.0,"gold_gain":0.0,"event_name":"SensoryStone","player_choice":"Memory 2","floor":37.0,"gold_loss":0.0,"damage_taken":5.0},{"damage_healed":0.0,"max_hp_gain":0.0,"max_hp_loss":0.0,"gold_gain":0.0,"event_name":"SecretPortal","player_choice":"Ignored","floor":38.0,"gold_loss":0.0,"damage_taken":0.0},{"damage_healed":0.0,"max_hp_gain":0.0,"max_hp_loss":0.0,"gold_gain":0.0,"event_name":"Match and Keep!","player_choice":"1 cards matched","floor":43.0,"gold_loss":0.0,"damage_taken":0.0,"cards_obtained":["Neutralize"]}],"is_beta":false,"boss_relics":[{"not_picked":["Astrolabe","HoveringKite"],"picked":"Busted Crown"},{"not_picked":["SacredBark","Velvet Choker"],"picked":"Ring of the Serpent"}],"items_purged_floors":[21],"is_endless":false,"potions_floor_spawned":[1,6,12,13,14,15,17,19,20,23,25,28,29,32,34,36,40,47,50],"killed_by":"Donu and Deca","ascension_level":20}}