{"host":"mskf0tuxntnls329","time":1611966553,"event":{"mods":["BaseMod","Minty Spire (QoL Compilation)","Relic Stats","StSLib","SuperFastMode"],"gold_per_floor":[117,117,0,18,18,48,48,48,48,64,75,75,75,109,109,182,182,199,11,27,40,40,67,83,83,83,117,136,11,28,28,28,28,28],"floor_reached":33,"language":"ENG","playtime":743,"items_purged":["Strike_B","Strike_B","Dualcast"],"score":590,"play_id":"85041e8d-5e0f-4a19-a87f-c5abc1dbe7b3","local_time":"20210129192913","is_ascension_mode":true,"campfire_choices":[{"floor":8.0,"key":"REST"},{"data":"Glacier","floor":13.0,"key":"SMITH"},{"floor":15.0,"key":"REST"},{"floor":25.0,"key":"REST"},{"data":"Hologram","floor":32.0,"key":"SMITH"}],"circlet_count":0,"master_deck":["AscendersBane","Defend_B","Defend_B","Defend_B","Defend_B","Zap+1","Skim","Glacier+1","Go for the Eyes+1","Hyperbeam+1","Ball Lightning+1","Rebound+1","Hyperbeam+1","Self Repair","Self Repair","Beam Cell+1","Echo Form","Hologram+1"],"relics":["Velvet Choker","Molten Egg 2","Pear","Letter Opener","Empty Cage","Ancient Tea Set","Dream Catcher","Bag of Preparation"],"acts_visited":["Exordium","TheCity"],"potions_floor_usage":[33],"damage_taken":[{"damage":2.0,"enemies":"2 Louse","floor":1.0,"turns":4.0},{"damage":2.0,"enemies":"Cultist","floor":4.0,"turns":6.0},{"damage":49.0,"enemies":"Gremlin Nob","floor":6.0,"turns":6.0},{"damage":1.0,"enemies":"Jaw Worm","floor":10.0,"turns":2.0},{"damage":0.0,"enemies":"Looter","floor":11.0,"turns":2.0},{"damage":5.0,"enemies":"3 Sentries","floor":14.0,"turns":3.0},{"damage":50.0,"enemies":"Hexaghost","floor":16.0,"turns":12.0},{"damage":11.0,"enemies":"Spheric Guardian","floor":18.0,"turns":3.0},{"damage":9.0,"enemies":"2 Thieves","floor":20.0,"turns":3.0},{"damage":9.0,"enemies":"Centurion and Healer","floor":21.0,"turns":2.0},{"damage":38.0,"enemies":"Book of Stabbing","floor":23.0,"turns":4.0},{"damage":27.0,"enemies":"Shelled Parasite and Fungi","floor":24.0,"turns":4.0},{"damage":19.0,"enemies":"Slavers","floor":27.0,"turns":6.0},{"damage":0.0,"enemies":"3 Cultists","floor":28.0,"turns":3.0},{"damage":0.0,"enemies":"Snake Plant","floor":30.0,"turns":2.0},{"damage":65,"enemies":"Collector","floor":33,"turns":7}],"seed_played":"-6891885420944278229","potions_obtained":[{"floor":1.0,"key":"SkillPotion"},{"floor":14.0,"key":"EntropicBrew"},{"floor":20.0,"key":"FairyPotion"},{"floor":28.0,"key":"Dexterity Potion"}],"is_trial":false,"path_per_floor":["M","?","$","M","$","E","$","R","T","M","M","?","R","E","R","B",null,"M","$","M","M","$","E","M","R","T","E","M","$","M","?","R","B"],"character_chosen":"DEFECT","items_purchased":["Glacier","Self Repair"],"campfire_rested":3,"item_purchase_floors":[3,19],"current_hp_per_floor":[62,62,62,60,60,11,11,32,42,41,41,41,41,36,60,10,63,52,52,50,41,41,17,28,52,52,47,54,54,54,54,54,0,0],"gold":28,"neow_bonus":"BOSS_RELIC","is_daily":false,"chose_seed":false,"campfire_upgraded":2,"win_rate":0.0,"timestamp":1611966553,"path_taken":["M","?","$","M","?","E","$","R","T","M","M","?","R","E","R","BOSS","M","$","?","M","$","E","M","R","T","E","M","?","M","?","R","BOSS"],"items_purchased_type":["Card","Card"],"build_version":"2020-12-22","purchased_purges":3,"victory":false,"max_hp_per_floor":[71,71,71,71,71,71,71,71,81,81,81,81,81,81,81,81,81,81,81,81,81,81,81,81,81,81,81,81,81,81,81,81,81,81],"relic_stats":{"Dream Catcher":0,"counters":[16,69],"Bag of Preparation":[6],"Letter Opener":[70],"obtain_stats":[{"Dream Catcher":26,"Pear":9,"Velvet Choker":0,"Molten Egg 2":6,"Bag of Preparation":27,"Letter Opener":14,"Cracked Core":0,"Empty Cage":17,"Ancient Tea Set":23},{"Dream Catcher":12,"Pear":3,"Velvet Choker":0,"Molten Egg 2":3,"Bag of Preparation":13,"Letter Opener":6,"Cracked Core":0,"Empty Cage":7,"Ancient Tea Set":11},{"Dream Catcher":51,"Pear":16,"Velvet Choker":0,"Molten Egg 2":16,"Bag of Preparation":57,"Letter Opener":23,"Cracked Core":0,"Empty Cage":35,"Ancient Tea Set":47}]},"card_choices":[{"not_picked":["Chaos","Barrage"],"picked":"Skim","floor":1.0},{"not_picked":["Auto Shields","Conserve Battery"],"picked":"Go for the Eyes","floor":4.0},{"not_picked":["Reprogram","Compile Driver+1"],"picked":"Hyperbeam+1","floor":6.0},{"not_picked":["Compile Driver+1","Force Field"],"picked":"Ball Lightning+1","floor":10.0},{"not_picked":["Reprogram","Turbo","Barrage+1"],"picked":"SKIP","floor":11.0},{"not_picked":["Double Energy","Reprogram"],"picked":"Rebound+1","floor":14.0},{"not_picked":["Rainbow","Seek"],"picked":"Hyperbeam+1","floor":16.0},{"not_picked":["Barrage+1","Stack","Consume"],"picked":"SKIP","floor":18.0},{"not_picked":["Coolheaded","Rebound+1"],"picked":"Self Repair","floor":20.0},{"not_picked":["Conserve Battery","Stack"],"picked":"Beam Cell+1","floor":21.0},{"not_picked":["Leap","Stack","Conserve Battery"],"picked":"SKIP","floor":23.0},{"not_picked":["Reprogram","Conserve Battery","Streamline+1"],"picked":"SKIP","floor":24.0},{"not_picked":["Storm","Fusion"],"picked":"Echo Form","floor":27.0},{"not_picked":["Redo+1","Stack","Leap"],"picked":"SKIP","floor":28.0},{"not_picked":["Coolheaded","Chaos"],"picked":"Hologram","floor":30.0}],"player_experience":796284,"relics_obtained":[{"floor":6.0,"key":"Molten Egg 2"},{"floor":9.0,"key":"Pear"},{"floor":14.0,"key":"Letter Opener"},{"floor":23.0,"key":"Ancient Tea Set"},{"floor":26.0,"key":"Dream Catcher"},{"floor":27.0,"key":"Bag of Preparation"}],"event_choices":[{"damage_healed":0.0,"max_hp_gain":0.0,"max_hp_loss":0.0,"gold_gain":0.0,"event_name":"Accursed Blacksmith","player_choice":"Forge","floor":2.0,"gold_loss":0.0,"damage_taken":0.0,"cards_upgraded":["Zap"]},{"damage_healed":0.0,"max_hp_gain":0.0,"max_hp_loss":0.0,"gold_gain":0.0,"event_name":"Upgrade Shrine","player_choice":"Upgraded","floor":12.0,"gold_loss":0.0,"damage_taken":0.0,"cards_upgraded":["Go for the Eyes"]},{"damage_healed":0.0,"max_hp_gain":0.0,"max_hp_loss":0.0,"gold_gain":0.0,"event_name":"Ghosts","player_choice":"Ignored","floor":31.0,"gold_loss":0.0,"damage_taken":0.0}],"is_beta":false,"boss_relics":[{"not_picked":["SacredBark","Inserter"],"picked":"Empty Cage"}],"items_purged_floors":[3,19,29],"is_endless":false,"potions_floor_spawned":[1,14,18,20,28],"killed_by":"Collector","ascension_level":20}}