{"host":"2se5dq1do2gp0x9k","time":1611994979,"event":{"mods":["AchievementEnabler","BaseMod","Block Reminder","Colored Map","Colored Powertips","Minty Spire (QoL Compilation)","Relic Stats","StSLib","SuperFastMode"],"gold_per_floor":[110,110,127,145,14,14,43,43,43,43,55,89,108,108,108,108,108],"floor_reached":16,"language":"ENG","playtime":423,"items_purged":["Strike_B"],"score":220,"play_id":"3702e4ae-dbe0-44b9-ac92-4615a2da0728","local_time":"20210130002259","is_ascension_mode":true,"campfire_choices":[{"data":"Rip and Tear","floor":6.0,"key":"SMITH"},{"data":"Reprogram","floor":10.0,"key":"SMITH"},{"floor":15.0,"key":"REST"}],"circlet_count":0,"master_deck":["AscendersBane","Strike_B","Strike_B","Strike_B","Defend_B","Defend_B","Defend_B","Zap","Dualcast","Genetic Algorithm","Leap","Rip and Tear+1","Reprogram+1","Gash","Self Repair","Conserve Battery"],"relics":["Cracked Core","NeowsBlessing","Du-Vu Doll","Incense Burner","InkBottle"],"acts_visited":["Exordium"],"potions_floor_usage":[16],"damage_taken":[{"damage":0.0,"enemies":"Jaw Worm","floor":1.0,"turns":1.0},{"damage":0.0,"enemies":"Cultist","floor":3.0,"turns":1.0},{"damage":0.0,"enemies":"2 Louse","floor":4.0,"turns":1.0},{"damage":3.0,"enemies":"Gremlin Nob","floor":7.0,"turns":3.0},{"damage":42.0,"enemies":"Exordium Thugs","floor":11.0,"turns":5.0},{"damage":14.0,"enemies":"3 Sentries","floor":12.0,"turns":7.0},{"damage":2.0,"enemies":"3 Louse","floor":13.0,"turns":7.0},{"damage":35,"enemies":"Hexaghost","floor":16,"turns":9}],"seed_played":"-61531465784763571","potions_obtained":[{"floor":1.0,"key":"ColorlessPotion"},{"floor":7.0,"key":"CultistPotion"},{"floor":12.0,"key":"SkillPotion"},{"floor":13.0,"key":"LiquidMemories"}],"is_trial":false,"path_per_floor":["M","?","M","M","$","R","E","$","T","R","M","E","M","?","R","B"],"character_chosen":"DEFECT","items_purchased":["FearPotion"],"campfire_rested":1,"item_purchase_floors":[5],"current_hp_per_floor":[64,64,64,64,64,64,61,61,61,61,19,5,10,10,31,0,0],"gold":108,"neow_bonus":"THREE_ENEMY_KILL","is_daily":false,"chose_seed":false,"campfire_upgraded":2,"win_rate":0.0,"timestamp":1611994979,"path_taken":["M","?","M","M","$","R","E","?","T","R","?","E","M","?","R","BOSS"],"items_purchased_type":["Potion"],"build_version":"2020-12-22","purchased_purges":1,"victory":false,"max_hp_per_floor":[71,71,71,71,71,71,71,71,71,71,71,71,71,71,71,71,71],"relic_stats":{"counters":[8,34],"obtain_stats":[{"Du-Vu Doll":7,"NeowsBlessing":0,"Incense Burner":9,"Cracked Core":0,"InkBottle":12},{"Du-Vu Doll":4,"NeowsBlessing":0,"Incense Burner":4,"Cracked Core":0,"InkBottle":6},{"Du-Vu Doll":6,"NeowsBlessing":0,"Incense Burner":6,"Cracked Core":0,"InkBottle":18}],"InkBottle":[4]},"card_choices":[{"not_picked":["Stack","Sweeping Beam"],"picked":"Genetic Algorithm","floor":1.0},{"not_picked":["Steam Power","Turbo"],"picked":"Leap","floor":3.0},{"not_picked":["Rebound","Undo"],"picked":"Rip and Tear","floor":4.0},{"not_picked":["Storm","Turbo"],"picked":"Reprogram","floor":7.0},{"not_picked":["Sweeping Beam","Turbo"],"picked":"Gash","floor":11.0},{"not_picked":["Core Surge","Scrape"],"picked":"Self Repair","floor":12.0},{"not_picked":["Leap","Steam"],"picked":"Conserve Battery","floor":13.0}],"player_experience":3989454,"relics_obtained":[{"floor":7.0,"key":"Du-Vu Doll"},{"floor":9.0,"key":"Incense Burner"},{"floor":12.0,"key":"InkBottle"}],"event_choices":[{"cards_removed":["Defend_B"],"damage_healed":0.0,"max_hp_gain":0.0,"max_hp_loss":0.0,"gold_gain":0.0,"event_name":"Purifier","player_choice":"Purged","floor":2.0,"gold_loss":0.0,"damage_taken":0.0},{"damage_healed":0.0,"max_hp_gain":0.0,"max_hp_loss":0.0,"gold_gain":0.0,"event_name":"Dead Adventurer","player_choice":"Searched \u00270\u0027 times","floor":14.0,"gold_loss":0.0,"damage_taken":0.0}],"is_beta":false,"boss_relics":[],"items_purged_floors":[5],"is_endless":false,"potions_floor_spawned":[1,7,12,13],"killed_by":"Hexaghost","ascension_level":20}}