{"host":"2wp95sdfrgw3k439","time":1611988385,"event":{"mods":["BaseMod","Better Altar","Better Skull","Better Third Choice","Curses Come First","Minty Spire (QoL Compilation)","Permanent Neow","StSLib"],"gold_per_floor":[20,20,33,49,63,63,106,106,106,106,106,31,62,75,75,75,75],"floor_reached":16,"language":"ENG","playtime":616,"items_purged":["Strike_P"],"score":138,"play_id":"15e9d945-db05-46e4-8870-bcabdba327cf","local_time":"20210129233305","is_ascension_mode":true,"campfire_choices":[{"floor":6,"key":"REST"},{"floor":11,"key":"REST"},{"floor":15,"key":"REST"}],"circlet_count":0,"master_deck":["Strike_P","Strike_P","Strike_P","Defend_P","Defend_P","Defend_P","Defend_P","Eruption","Vigilance","MasterReality","Perseverance","ClearTheMind","CutThroughFate","EmptyMind","Conclude","InnerPeace"],"relics":["PureWater","Golden Idol","Letter Opener","Shuriken","Sundial"],"acts_visited":["Exordium"],"potions_floor_usage":[7,13],"damage_taken":[{"damage":32,"enemies":"Jaw Worm","floor":1,"turns":4},{"damage":4,"enemies":"2 Louse","floor":3,"turns":2},{"damage":0,"enemies":"Small Slimes","floor":4,"turns":3},{"damage":9,"enemies":"Blue Slaver","floor":5,"turns":5},{"damage":22,"enemies":"Lagavulin","floor":7,"turns":6},{"damage":37,"enemies":"Gremlin Nob","floor":13,"turns":4},{"damage":1,"enemies":"2 Fungi Beasts","floor":14,"turns":3},{"damage":36,"enemies":"Hexaghost","floor":16,"turns":9}],"seed_played":"-5670571425191572177","potions_obtained":[{"floor":4,"key":"Weak Potion"},{"floor":7,"key":"DuplicationPotion"},{"floor":14,"key":"Ancient Potion"}],"is_trial":false,"path_per_floor":["M","?","M","M","M","R","E","?","T","?","R","$","E","M","R","B"],"character_chosen":"WATCHER","items_purchased":[],"campfire_rested":3,"item_purchase_floors":[],"current_hp_per_floor":[40,40,36,36,27,47,25,41,41,34,53,53,16,15,34,0,0],"gold":75,"neow_bonus":"THREE_RARE_CARDS","is_daily":false,"chose_seed":false,"campfire_upgraded":0,"win_rate":0.0,"timestamp":1611988385,"path_taken":["M","?","M","M","M","R","E","?","T","?","R","?","E","?","R","BOSS"],"items_purchased_type":[],"build_version":"2020-12-22","purchased_purges":1,"victory":false,"max_hp_per_floor":[72,67,67,67,67,67,67,67,67,64,64,64,64,64,64,64,64],"card_choices":[{"not_picked":["Vault","DevaForm"],"picked":"MasterReality","floor":0},{"not_picked":["Prostrate","Wireheading"],"picked":"Perseverance","floor":1},{"not_picked":["FlurryOfBlows","JustLucky"],"picked":"ClearTheMind","floor":3},{"not_picked":["FlyingSleeves","FlurryOfBlows"],"picked":"CutThroughFate","floor":4},{"not_picked":["BowlingBash","ClearTheMind","Meditate"],"picked":"SKIP","floor":5},{"not_picked":["JustLucky","ClearTheMind"],"picked":"EmptyMind","floor":7},{"not_picked":["FollowUp","Crescendo"],"picked":"Conclude","floor":13},{"not_picked":["Protect","WindmillStrike"],"picked":"InnerPeace","floor":14}],"player_experience":515038,"relics_obtained":[{"floor":7,"key":"Letter Opener"},{"floor":9,"key":"Shuriken"},{"floor":13,"key":"Sundial"}],"event_choices":[{"damage_healed":0,"gold_gain":0,"player_choice":"Lose Max HP","damage_taken":0,"relics_obtained":["Golden Idol"],"max_hp_gain":0,"max_hp_loss":5,"event_name":"Golden Idol","floor":2,"gold_loss":0},{"damage_healed":16,"gold_gain":0,"player_choice":"Healed and dodged fight","damage_taken":0,"max_hp_gain":0,"max_hp_loss":0,"event_name":"Mushrooms","floor":8,"gold_loss":0,"cards_obtained":["Parasite"]},{"cards_removed":["Parasite"],"damage_healed":0,"gold_gain":0,"player_choice":"Card Removal","damage_taken":7,"max_hp_gain":0,"max_hp_loss":0,"event_name":"Golden Wing","floor":10,"gold_loss":0}],"is_beta":false,"boss_relics":[],"items_purged_floors":[12],"is_endless":false,"potions_floor_spawned":[4,7,14],"killed_by":"Hexaghost","ascension_level":5}}