{"host":"h0xw20cia6ppa69g","time":1611996439,"event":{"mods":["AchievementEnabler","BaseMod","Colored Map","Filter the Spire","Googly Eyes","Minty Spire (QoL Compilation)","Relic Stats","StSLib","The Awakened One except there are too many feathers","everything is the same but u backflip on backflip"],"gold_per_floor":[118,118,129,129,129,129,129],"floor_reached":6,"language":"ENG","playtime":298,"items_purged":[],"score":36,"play_id":"191053df-0a1b-4055-a0f9-8b9976f9a6ec","local_time":"20210130024719","is_ascension_mode":true,"campfire_choices":[],"circlet_count":0,"master_deck":["Zap+1","Dualcast","Rebound","Force Field","All For One","Fission","Recycle","Hologram","Recycle","Conserve Battery","Go for the Eyes+1","Self Repair"],"relics":["Pandora\u0027s Box","Ice Cream"],"acts_visited":["Exordium"],"potions_floor_usage":[6,6],"damage_taken":[{"damage":4,"enemies":"Jaw Worm","floor":1,"turns":3},{"damage":6,"enemies":"Cultist","floor":3,"turns":4},{"damage":46,"enemies":"3 Sentries","floor":6,"turns":8}],"seed_played":"7665960179762559445","potions_obtained":[{"floor":1,"key":"AttackPotion"},{"floor":2,"key":"AttackPotion"},{"floor":2,"key":"Explosive Potion"}],"is_trial":false,"path_per_floor":["M","?","M","?","?","E"],"character_chosen":"DEFECT","items_purchased":[],"campfire_rested":0,"item_purchase_floors":[],"current_hp_per_floor":[71,71,65,53,38,0,0],"gold":129,"neow_bonus":"BOSS_RELIC","is_daily":false,"chose_seed":false,"campfire_upgraded":0,"win_rate":0.0,"timestamp":1611996439,"path_taken":["M","?","?","?","?","E"],"items_purchased_type":[],"build_version":"2020-12-22","purchased_purges":0,"victory":false,"max_hp_per_floor":[75,75,75,75,75,75,75],"relic_stats":{"counters":[3,15],"Pandora\u0027s Box":["Rebound","Force Field","All For One","Fission","Recycle","Hologram","Recycle","Conserve Battery"],"obtain_stats":[{"Ice Cream":4,"Pandora\u0027s Box":0,"Cracked Core":0},{"Ice Cream":2,"Pandora\u0027s Box":0,"Cracked Core":0},{"Ice Cream":7,"Pandora\u0027s Box":0,"Cracked Core":0}]},"card_choices":[{"not_picked":["Skim","Coolheaded"],"picked":"Go for the Eyes","floor":1},{"not_picked":["Lockon","Barrage"],"picked":"Self Repair","floor":3}],"player_experience":3794676,"relics_obtained":[],"event_choices":[{"damage_healed":0,"gold_gain":0,"player_choice":"Got Potions","damage_taken":0,"max_hp_gain":0,"max_hp_loss":0,"event_name":"Lab","floor":2,"gold_loss":0},{"damage_healed":0,"gold_gain":0,"player_choice":"Success","damage_taken":12,"relics_obtained":["Ice Cream"],"max_hp_gain":0,"max_hp_loss":0,"event_name":"Scrap Ooze","floor":4,"gold_loss":0},{"damage_healed":0,"gold_gain":0,"player_choice":"Entered Light","damage_taken":15,"max_hp_gain":0,"max_hp_loss":0,"event_name":"Shining Light","floor":5,"gold_loss":0,"cards_upgraded":["Go for the Eyes","Zap"]}],"is_beta":false,"boss_relics":[],"items_purged_floors":[],"is_endless":false,"potions_floor_spawned":[1],"killed_by":"3 Sentries","ascension_level":1}}