{"host":"syozzdlzcqop4jia","time":1611985048,"event":{"mods":["BaseMod","Colored Map","Colored Powertips","Minty Spire (QoL Compilation)","Quick Restart"],"gold_per_floor":[111,123,143,161,9,9,40,50,119,135,135,135,135,212,212,313,313,332,349,349,274,3,3,17,17,41,18,46,46,61,71,71,174,174,188,203,1,17,37,37,64,64,64,64,64,64],"floor_reached":45,"language":"ENG","playtime":2681,"items_purged":["Defend_R","Strike_R","Strike_R"],"score":535,"play_id":"1bd62588-8e6c-40d6-95c5-df807d0eca12","local_time":"20210130063728","is_ascension_mode":true,"campfire_choices":[{"data":"Pummel","floor":6,"key":"SMITH"},{"data":"Blood for Blood","floor":11,"key":"SMITH"},{"floor":15,"key":"REST"},{"data":"Demon Form","floor":23,"key":"SMITH"},{"data":"Searing Blow","floor":25,"key":"SMITH"},{"floor":32,"key":"REST"},{"floor":40,"key":"REST"},{"floor":42,"key":"REST"},{"floor":44,"key":"REST"}],"circlet_count":0,"master_deck":["Strike_R","Strike_R","Defend_R+1","Defend_R","Defend_R","Bash","Heavy Blade","Anger+1","Blood for Blood+1","Shrug It Off+1","Shrug It Off+1","Pummel+1","Pommel Strike","Perfected Strike","Inflame","Demon Form+1","Battle Trance+1","Clash+1","Carnage","Anger","Searing Blow+1","Pommel Strike","Whirlwind","Impervious","Metallicize+1","Flame Barrier","Bludgeon","Ghostly Armor+1","Seeing Red","Shrug It Off"],"relics":["Burning Blood","War Paint","Paper Frog","Busted Crown","Vajra","Orichalcum","Charon\u0027s Ashes","Philosopher\u0027s Stone","Bag of Marbles","Bottled Lightning"],"acts_visited":["Exordium","TheCity","TheBeyond"],"potions_floor_usage":[7,28,35,39,41],"damage_taken":[{"damage":0,"enemies":"2 Louse","floor":1,"turns":2},{"damage":0,"enemies":"Small Slimes","floor":2,"turns":3},{"damage":7,"enemies":"Jaw Worm","floor":3,"turns":2},{"damage":3,"enemies":"Blue Slaver","floor":4,"turns":5},{"damage":36,"enemies":"3 Sentries","floor":7,"turns":10},{"damage":2,"enemies":"Exordium Wildlife","floor":8,"turns":4},{"damage":11,"enemies":"Looter","floor":10,"turns":2},{"damage":54,"enemies":"The Guardian","floor":16,"turns":9},{"damage":2,"enemies":"Chosen","floor":18,"turns":4},{"damage":2,"enemies":"3 Byrds","floor":19,"turns":6},{"damage":12,"enemies":"Centurion and Healer","floor":24,"turns":3},{"damage":15,"enemies":"Slavers","floor":28,"turns":4},{"damage":0,"enemies":"Snecko","floor":30,"turns":3},{"damage":27,"enemies":"Cultist and Chosen","floor":31,"turns":6},{"damage":32,"enemies":"Champ","floor":33,"turns":8},{"damage":22,"enemies":"3 Darklings","floor":35,"turns":3},{"damage":24,"enemies":"3 Shapes","floor":36,"turns":1},{"damage":9,"enemies":"Spire Growth","floor":38,"turns":4},{"damage":1,"enemies":"Sphere and 2 Shapes","floor":39,"turns":3},{"damage":71,"enemies":"Giant Head","floor":41,"turns":7},{"damage":65,"enemies":"Reptomancer","floor":45,"turns":3}],"seed_played":"-8666270758465569352","potions_obtained":[{"floor":2,"key":"Regen Potion"},{"floor":3,"key":"Fire Potion"},{"floor":4,"key":"Fire Potion"},{"floor":8,"key":"DuplicationPotion"},{"floor":19,"key":"Strength Potion"},{"floor":33,"key":"DistilledChaos"},{"floor":35,"key":"Regen Potion"}],"is_trial":false,"path_per_floor":["M","M","M","M","$","R","E","M","T","M","R","?","?","?","R","B",null,"M","M","?","?","$","R","M","R","T","$","E","?","M","M","R","B",null,"M","M","$","M","M","R","E","R","T","R","E"],"character_chosen":"IRONCLAD","items_purchased":["Pummel","Anger","Vajra","Pommel Strike","Seeing Red"],"campfire_rested":5,"item_purchase_floors":[5,22,22,27,37],"current_hp_per_floor":[80,80,79,80,80,80,65,69,69,64,64,48,48,48,72,24,80,80,80,80,80,80,80,74,74,74,74,65,65,71,50,74,48,80,64,46,46,43,53,77,12,36,36,60,0,0],"gold":64,"neow_bonus":"THREE_CARDS","is_daily":false,"chose_seed":false,"campfire_upgraded":4,"win_rate":0.0,"timestamp":1611985048,"path_taken":["M","M","M","M","$","R","E","M","T","M","R","?","?","?","R","BOSS","M","M","?","?","?","R","?","R","T","$","E","?","?","M","R","BOSS","M","M","$","M","M","R","E","R","T","R","E"],"items_purchased_type":["Card","Card","Relic","Card","Card"],"build_version":"2020-12-22","purchased_purges":3,"victory":false,"max_hp_per_floor":[80,80,80,80,80,80,80,80,80,80,80,80,80,80,80,80,80,80,80,80,80,80,80,80,80,80,80,80,80,80,80,80,80,80,80,80,80,80,80,80,80,80,80,80,80,80],"card_choices":[{"not_picked":["Body Slam","Wild Strike"],"picked":"Heavy Blade","floor":0},{"not_picked":["True Grit","Heavy Blade"],"picked":"Anger","floor":1},{"not_picked":["Body Slam","True Grit"],"picked":"Blood for Blood","floor":2},{"not_picked":["Disarm","Brutality"],"picked":"Shrug It Off","floor":3},{"not_picked":["Battle Trance","Body Slam"],"picked":"Shrug It Off","floor":4},{"not_picked":["Warcry","Cleave"],"picked":"Pommel Strike","floor":7},{"not_picked":["Armaments","Entrench"],"picked":"Perfected Strike","floor":8},{"not_picked":["Havoc","Burning Pact"],"picked":"Inflame","floor":10},{"not_picked":["Bludgeon","Barricade"],"picked":"Demon Form","floor":16},{"not_picked":[],"picked":"Battle Trance+1","floor":18},{"not_picked":[],"picked":"Clash+1","floor":19},{"not_picked":[],"picked":"Searing Blow","floor":24},{"not_picked":[],"picked":"Whirlwind","floor":28},{"not_picked":[],"picked":"Metallicize+1","floor":30},{"not_picked":[],"picked":"Flame Barrier","floor":31},{"not_picked":[],"picked":"Bludgeon","floor":33},{"not_picked":["Havoc"],"picked":"SKIP","floor":35},{"not_picked":[],"picked":"Ghostly Armor+1","floor":36},{"not_picked":["Intimidate"],"picked":"SKIP","floor":38},{"not_picked":["Feel No Pain"],"picked":"SKIP","floor":39},{"not_picked":[],"picked":"Shrug It Off","floor":41}],"player_experience":434288,"relics_obtained":[{"floor":7,"key":"War Paint"},{"floor":9,"key":"Paper Frog"},{"floor":26,"key":"Orichalcum"},{"floor":28,"key":"Charon\u0027s Ashes"},{"floor":41,"key":"Bag of Marbles"},{"floor":43,"key":"Bottled Lightning"}],"event_choices":[{"damage_healed":0,"gold_gain":0,"player_choice":"Entered Light","damage_taken":16,"max_hp_gain":0,"max_hp_loss":0,"event_name":"Shining Light","floor":12,"gold_loss":0,"cards_upgraded":["Shrug It Off","Anger"]},{"damage_healed":0,"gold_gain":0,"player_choice":"Ignored","damage_taken":0,"max_hp_gain":0,"max_hp_loss":0,"event_name":"Liars Game","floor":13,"gold_loss":0},{"damage_healed":0,"gold_gain":77,"player_choice":"Gained Gold","damage_taken":0,"max_hp_gain":0,"max_hp_loss":0,"event_name":"Golden Wing","floor":14,"gold_loss":0},{"damage_healed":0,"gold_gain":0,"player_choice":"Read","damage_taken":0,"max_hp_gain":0,"max_hp_loss":0,"event_name":"The Library","floor":20,"gold_loss":0,"cards_obtained":["Carnage"]},{"cards_removed":["Strike_R"],"damage_healed":0,"gold_gain":0,"player_choice":"Gave Gold","damage_taken":0,"max_hp_gain":0,"max_hp_loss":0,"event_name":"Beggar","floor":21,"gold_loss":75},{"damage_healed":0,"gold_gain":0,"player_choice":"1 cards matched","damage_taken":0,"max_hp_gain":0,"max_hp_loss":0,"event_name":"Match and Keep!","floor":29,"gold_loss":0,"cards_obtained":["Impervious"]}],"is_beta":false,"boss_relics":[{"not_picked":["Black Star","Snecko Eye"],"picked":"Busted Crown"},{"not_picked":["Mark of Pain","Runic Cube"],"picked":"Philosopher\u0027s Stone"}],"items_purged_floors":[5,22,37],"is_endless":false,"potions_floor_spawned":[2,3,4,8,19,33,35],"killed_by":"Reptomancer","ascension_level":3}}