{"host":"qgrlfjrqk9z96gfi","time":1611984865,"event":{"mods":["BaseMod","Block Reminder","Colored Map","Custom Start","DeckTracker","Minty Spire (QoL Compilation)"],"gold_per_floor":[116,116,116,62,77,109,109,109,132,144,154,183,198,209,209,286,286,299,317,317,317],"floor_reached":20,"language":"ENG","playtime":2742,"items_purged":[],"score":422,"play_id":"f916e894-6341-43bf-a0c6-b3b046a7fe89","local_time":"20210129193425","is_ascension_mode":true,"campfire_choices":[{"data":"Tools of the Trade","floor":7.0,"key":"SMITH"},{"data":"Envenom","floor":15.0,"key":"SMITH"}],"circlet_count":0,"master_deck":["AscendersBane","Strike_G","Strike_G","Strike_G","Strike_G","Defend_G","Defend_G","Defend_G","Defend_G","Defend_G","Survivor","Neutralize","Terror+1","Underhanded Strike","Riddle With Holes","Tools of the Trade+1","Cloak And Dagger","Backstab","Envenom+1","Dagger Spray","Blur","Burst","Prepared","Well Laid Plans+1"],"relics":["Ring of the Snake","NeowsBlessing","Eternal Feather","Lantern","Bottled Flame","Cursed Key"],"acts_visited":["Exordium","TheCity"],"potions_floor_usage":[],"damage_taken":[{"damage":0.0,"enemies":"Small Slimes","floor":1.0,"turns":1.0},{"damage":0.0,"enemies":"Jaw Worm","floor":5.0,"turns":1.0},{"damage":0.0,"enemies":"3 Sentries","floor":6.0,"turns":1.0},{"damage":0.0,"enemies":"Cultist","floor":10.0,"turns":3.0},{"damage":0.0,"enemies":"Large Slime","floor":11.0,"turns":6.0},{"damage":24.0,"enemies":"Lagavulin","floor":12.0,"turns":5.0},{"damage":0.0,"enemies":"Lots of Slimes","floor":13.0,"turns":4.0},{"damage":0.0,"enemies":"Gremlin Gang","floor":14.0,"turns":3.0},{"damage":40.0,"enemies":"The Guardian","floor":16.0,"turns":12.0},{"damage":9,"enemies":"Chosen","floor":18,"turns":4},{"damage":18,"enemies":"3 Byrds","floor":19,"turns":5},{"damage":33,"enemies":"Sentry and Sphere","floor":20,"turns":5}],"seed_played":"2412446435093190061","potions_obtained":[{"floor":1.0,"key":"BlessingOfTheForge"},{"floor":6.0,"key":"SkillPotion"},{"floor":8.0,"key":"EntropicBrew"},{"floor":12.0,"key":"Block Potion"},{"floor":16.0,"key":"Strength Potion"}],"is_trial":false,"path_per_floor":["M","?","?","$","M","E","R","?","T","M","M","E","M","M","R","B",null,"M","M","M"],"character_chosen":"THE_SILENT","items_purchased":["Underhanded Strike"],"campfire_rested":0,"item_purchase_floors":[4],"current_hp_per_floor":[59,59,59,59,59,59,66,66,66,66,66,42,42,42,54,14,53,44,26,0,0],"gold":317,"neow_bonus":"THREE_ENEMY_KILL","is_daily":false,"chose_seed":false,"campfire_upgraded":2,"win_rate":0.0,"timestamp":1611984865,"path_taken":["M","?","?","$","?","E","R","?","T","M","M","E","M","?","R","BOSS","M","?","M"],"items_purchased_type":["Card"],"build_version":"2020-12-22","purchased_purges":0,"victory":false,"max_hp_per_floor":[66,66,66,66,66,66,66,66,66,66,66,66,66,66,66,66,66,66,66,66,66],"card_choices":[{"not_picked":["Outmaneuver","Blade Dance"],"picked":"Terror","floor":1.0},{"not_picked":["Poisoned Stab","Acrobatics"],"picked":"Riddle With Holes","floor":5.0},{"not_picked":["Dagger Throw","Backstab"],"picked":"Tools of the Trade","floor":6.0},{"not_picked":["Deflect","Poisoned Stab"],"picked":"Cloak And Dagger","floor":10.0},{"not_picked":["Flying Knee","Dodge and Roll"],"picked":"Backstab","floor":11.0},{"not_picked":["Bane","Catalyst"],"picked":"Envenom","floor":12.0},{"not_picked":["Dagger Throw","Leg Sweep"],"picked":"Dagger Spray","floor":13.0},{"not_picked":["Deadly Poison","Bane"],"picked":"Blur","floor":14.0},{"not_picked":["Storm of Steel","Unload"],"picked":"Burst","floor":16.0},{"not_picked":["Flying Knee","Setup"],"picked":"Prepared","floor":18},{"not_picked":["PiercingWail","Acrobatics"],"picked":"Well Laid Plans+1","floor":19}],"player_experience":1080248,"relics_obtained":[{"floor":6.0,"key":"Eternal Feather"},{"floor":9.0,"key":"Lantern"},{"floor":12.0,"key":"Bottled Flame"}],"event_choices":[{"damage_healed":0.0,"max_hp_gain":0.0,"max_hp_loss":0.0,"gold_gain":0.0,"event_name":"Living Wall","player_choice":"Grow","floor":2.0,"gold_loss":0.0,"damage_taken":0.0,"cards_upgraded":["Terror"]},{"cards_removed":["Strike_G"],"damage_healed":0.0,"max_hp_gain":0.0,"max_hp_loss":0.0,"gold_gain":0.0,"event_name":"Purifier","player_choice":"Purged","floor":3.0,"gold_loss":0.0,"damage_taken":0.0},{"damage_healed":0.0,"max_hp_gain":0.0,"max_hp_loss":0.0,"gold_gain":0.0,"event_name":"Lab","player_choice":"Got Potions","floor":8.0,"gold_loss":0.0,"damage_taken":0.0}],"is_beta":false,"boss_relics":[{"not_picked":["Velvet Choker","Astrolabe"],"picked":"Cursed Key"}],"items_purged_floors":[],"is_endless":false,"potions_floor_spawned":[1,6,12,16],"killed_by":"Sentry and Sphere","ascension_level":20}}