{"host":"6xsbn6ynqlzwllfm","time":1611977959,"event":{"mods":["2.2 Compatiblity","BaseMod","Bestiary","Colored Map","Colored Powertips","Curses Come First","Highlight Path","Keyboard Shortcuts","Minty Spire (QoL Compilation)","Relic Stats","Slay the Relics Exporter","StSLib","SuperFastMode"],"gold_per_floor":[114,39,52,52,52,86,86,119,143,183,199,199,223,262,262,262,262],"floor_reached":16,"language":"ENG","playtime":497,"items_purged":[],"score":338,"play_id":"f27b86dc-be13-46e9-8539-8cb3b26bfada","local_time":"20210129223919","is_ascension_mode":true,"campfire_choices":[{"data":"Tantrum","floor":7,"key":"SMITH"},{"data":"Fasting2","floor":12,"key":"SMITH"},{"data":"Eruption","floor":15,"key":"SMITH"}],"circlet_count":0,"master_deck":["AscendersBane","Strike_P","Strike_P","Strike_P","Defend_P","Defend_P","Defend_P","Defend_P","Eruption+1","Vigilance","Tantrum+1","Fasting2+1","FlurryOfBlows","EmptyFist","JustLucky","FlyingSleeves","Evaluate"],"relics":["PureWater","NeowsBlessing","Golden Idol","Bronze Scales","Odd Mushroom","Omamori","Anchor","Boot"],"acts_visited":["Exordium"],"potions_floor_usage":[8,14,16,16],"damage_taken":[{"damage":0,"enemies":"Small Slimes","floor":1,"turns":2},{"damage":0,"enemies":"Jaw Worm","floor":3,"turns":1},{"damage":0,"enemies":"Lagavulin","floor":6,"turns":3},{"damage":0,"enemies":"The Mushroom Lair","floor":8,"turns":3},{"damage":0,"enemies":"Gremlin Nob","floor":10,"turns":2},{"damage":0,"enemies":"2 Louse","floor":11,"turns":2},{"damage":0,"enemies":"Exordium Wildlife","floor":13,"turns":2},{"damage":0,"enemies":"Lagavulin","floor":14,"turns":2},{"damage":66,"enemies":"The Guardian","floor":16,"turns":6}],"seed_played":"-7075977794644103560","potions_obtained":[{"floor":1,"key":"SkillPotion"},{"floor":6,"key":"AttackPotion"},{"floor":13,"key":"DistilledChaos"},{"floor":14,"key":"LiquidBronze"}],"is_trial":false,"path_per_floor":["M","?","M","?","$","E","R","?","T","E","M","R","M","E","R","B"],"character_chosen":"WATCHER","items_purchased":[],"campfire_rested":0,"item_purchase_floors":[],"current_hp_per_floor":[61,61,61,61,61,61,61,61,61,61,61,61,61,61,61,0,0],"gold":262,"neow_bonus":"THREE_ENEMY_KILL","is_daily":false,"chose_seed":false,"campfire_upgraded":3,"win_rate":0.0,"timestamp":1611977959,"path_taken":["M","?","M","?","$","E","R","?","T","E","M","R","M","E","R","BOSS"],"items_purchased_type":[],"build_version":"2020-12-22","purchased_purges":0,"victory":false,"max_hp_per_floor":[68,68,68,62,62,62,62,62,62,62,62,62,62,62,62,62,62],"relic_stats":{"counters":[9,23],"Golden Idol":38,"Bronze Scales":[18],"Boot":[3],"obtain_stats":[{"Anchor":10,"NeowsBlessing":0,"Golden Idol":4,"Bronze Scales":6,"Omamori":9,"PureWater":0,"Odd Mushroom":8,"Boot":14},{"Anchor":5,"NeowsBlessing":0,"Golden Idol":2,"Bronze Scales":3,"Omamori":4,"PureWater":0,"Odd Mushroom":4,"Boot":8},{"Anchor":11,"NeowsBlessing":0,"Golden Idol":3,"Bronze Scales":6,"Omamori":9,"PureWater":0,"Odd Mushroom":9,"Boot":17}]},"card_choices":[{"not_picked":["TalkToTheHand","Consecrate"],"picked":"Tantrum","floor":1},{"not_picked":["Weave","PathToVictory"],"picked":"Fasting2","floor":3},{"not_picked":["FlyingSleeves","WheelKick"],"picked":"FlurryOfBlows","floor":6},{"not_picked":["FollowUp","Wireheading"],"picked":"EmptyFist","floor":8},{"not_picked":["Conclude","Perseverance"],"picked":"JustLucky","floor":10},{"not_picked":["Study","FollowUp"],"picked":"FlyingSleeves","floor":11},{"not_picked":["Brilliance","Indignation"],"picked":"Evaluate","floor":13}],"player_experience":1247873,"relics_obtained":[{"floor":6,"key":"Bronze Scales"},{"floor":8,"key":"Odd Mushroom"},{"floor":9,"key":"Omamori"},{"floor":10,"key":"Anchor"},{"floor":14,"key":"Boot"}],"event_choices":[{"cards_removed":["Strike_P"],"damage_healed":0,"gold_gain":0,"player_choice":"Card Removal","damage_taken":0,"max_hp_gain":0,"max_hp_loss":0,"event_name":"The Cleric","floor":2,"gold_loss":75},{"damage_healed":0,"gold_gain":0,"player_choice":"Lose Max HP","damage_taken":0,"relics_obtained":["Golden Idol"],"max_hp_gain":0,"max_hp_loss":6,"event_name":"Golden Idol","floor":4,"gold_loss":0},{"damage_healed":0,"gold_gain":0,"player_choice":"Fought Mushrooms","damage_taken":0,"max_hp_gain":0,"max_hp_loss":0,"event_name":"Mushrooms","floor":8,"gold_loss":0}],"is_beta":false,"boss_relics":[],"items_purged_floors":[],"is_endless":false,"potions_floor_spawned":[1,6,13,14],"killed_by":"The Guardian","ascension_level":15}}