{"host":"nnmmiiw4bez2c8ei","time":1611990800,"event":{"mods":["AchievementEnabler","BaseMod","Colored Map","Colored Powertips","Minty Spire (QoL Compilation)","Rare Cards Sparkle","StSLib"],"gold_per_floor":[366,77,97,172,183,183,2,32,32,32,63,18,18,75,75,179,179,194,194,12,23,39,0,0,0],"floor_reached":24,"language":"KOR","playtime":1014,"items_purged":["Strike_R","Strike_R"],"score":253,"play_id":"4b1e8c71-a2d4-482b-8650-ff1ec360499d","local_time":"20210130161320","is_ascension_mode":true,"campfire_choices":[{"data":"Armaments","floor":6.0,"key":"SMITH"},{"floor":10.0,"key":"REST"},{"floor":13.0,"key":"REST"},{"floor":15.0,"key":"REST"}],"circlet_count":0,"master_deck":["Strike_R","Strike_R","Strike_R","Defend_R","Defend_R","Defend_R","Defend_R","Bash","Shrug It Off","Spot Weakness","Armaments+1","Evolve","Sentinel","Impervious","Second Wind","Limit Break","Seeing Red","Thunderclap","Feel No Pain","Immolate","CurseOfTheBell","Twin Strike+1","Offering","Impatience"],"relics":["Burning Blood","Orrery","The Courier","Paper Frog","PreservedInsect","Calling Bell","Vajra","Meat on the Bone","Girya","Nloth\u0027s Gift","Membership Card","Red Skull"],"acts_visited":["Exordium","TheCity"],"potions_floor_usage":[18,21],"damage_taken":[{"damage":16.0,"enemies":"Jaw Worm","floor":1.0,"turns":4.0},{"damage":14.0,"enemies":"Cultist","floor":3.0,"turns":5.0},{"damage":3.0,"enemies":"2 Louse","floor":5.0,"turns":4.0},{"damage":25.0,"enemies":"Lagavulin","floor":8.0,"turns":9.0},{"damage":27.0,"enemies":"3 Sentries","floor":11.0,"turns":10.0},{"damage":6.0,"enemies":"Looter","floor":12.0,"turns":5.0},{"damage":32.0,"enemies":"Gremlin Nob","floor":14.0,"turns":4.0},{"damage":21.0,"enemies":"Hexaghost","floor":16.0,"turns":8.0},{"damage":28,"enemies":"2 Thieves","floor":18,"turns":3},{"damage":18,"enemies":"3 Byrds","floor":21,"turns":4},{"damage":20,"enemies":"Centurion and Healer","floor":22,"turns":3},{"damage":53,"enemies":"Slavers","floor":24,"turns":4}],"seed_played":"7433568205930578800","potions_obtained":[{"floor":3.0,"key":"Strength Potion"},{"floor":8.0,"key":"SmokeBomb"},{"floor":14.0,"key":"DuplicationPotion"},{"floor":16.0,"key":"BlessingOfTheForge"},{"floor":18,"key":"SkillPotion"}],"is_trial":false,"path_per_floor":["M","$","M","?","M","R","$","E","T","R","E","M","R","?","R","B",null,"M","?","$","M","M","$","E"],"character_chosen":"IRONCLAD","items_purchased":["Spot Weakness","Orrery","Limit Break","Membership Card","Red Skull","Impatience"],"campfire_rested":3,"item_purchase_floors":[2,2,7,20,20,23],"current_hp_per_floor":[62,62,54,43,46,46,46,27,27,48,27,27,48,22,43,28,61,51,51,51,51,49,49,0,0],"gold":0,"neow_bonus":"TWO_FIFTY_GOLD","is_daily":false,"chose_seed":false,"campfire_upgraded":1,"win_rate":0.0,"timestamp":1611990800,"path_taken":["M","$","M","?","M","R","$","E","T","R","E","M","R","?","R","BOSS","M","?","?","M","?","$","E"],"items_purchased_type":["Card","Relic","Card","Relic","Relic","Card"],"build_version":"2020-12-22","purchased_purges":2,"victory":false,"max_hp_per_floor":[72,72,72,72,72,72,72,72,72,72,72,72,72,72,72,72,72,72,72,72,72,72,72,72,72],"card_choices":[{"not_picked":["Wild Strike","Perfected Strike"],"picked":"Shrug It Off","floor":1.0},{"not_picked":["Twin Strike","Searing Blow"],"picked":"Armaments","floor":2.0},{"not_picked":["Reckless Charge","Juggernaut"],"picked":"Evolve","floor":2.0},{"not_picked":["Wild Strike","Sever Soul"],"picked":"Sentinel","floor":2.0},{"not_picked":["Rampage","Feed"],"picked":"Impervious","floor":2.0},{"not_picked":["Bloodletting","Twin Strike"],"picked":"Second Wind","floor":2.0},{"not_picked":["Warcry","Havoc","Wild Strike"],"picked":"SKIP","floor":3.0},{"not_picked":["Perfected Strike","Dark Embrace","Iron Wave"],"picked":"SKIP","floor":5.0},{"not_picked":["Shrug It Off","Flex"],"picked":"Seeing Red","floor":8.0},{"not_picked":["Twin Strike","Burning Pact","Rupture"],"picked":"SKIP","floor":11.0},{"not_picked":["True Grit","Brutality"],"picked":"Thunderclap","floor":12.0},{"not_picked":["Cleave","Anger"],"picked":"Feel No Pain","floor":14.0},{"not_picked":["Feed","Brutality"],"picked":"Immolate","floor":16.0},{"not_picked":["Perfected Strike","Pommel Strike"],"picked":"Twin Strike+1","floor":18},{"not_picked":["Sword Boomerang","Flex"],"picked":"Offering","floor":21},{"not_picked":["Twin Strike","Iron Wave+1","Sever Soul"],"picked":"SKIP","floor":22}],"player_experience":487271,"relics_obtained":[{"floor":8.0,"key":"StrikeDummy"},{"floor":9.0,"key":"The Courier"},{"floor":11.0,"key":"Paper Frog"},{"floor":17.0,"key":"Vajra"},{"floor":17.0,"key":"Meat on the Bone"},{"floor":17.0,"key":"Girya"}],"event_choices":[{"damage_healed":0.0,"max_hp_gain":0.0,"max_hp_loss":0.0,"gold_gain":75.0,"event_name":"World of Goop","player_choice":"Gather Gold","floor":4.0,"gold_loss":0.0,"damage_taken":11.0},{"damage_healed":0.0,"max_hp_gain":0.0,"max_hp_loss":0.0,"gold_gain":0.0,"event_name":"Dead Adventurer","player_choice":"Searched \u00272\u0027 times","floor":14.0,"gold_loss":0.0,"damage_taken":0.0,"relics_obtained":["PreservedInsect"]},{"damage_healed":0,"gold_gain":0,"player_choice":"Traded Relic","damage_taken":0,"relics_obtained":["Nloth\u0027s Gift"],"max_hp_gain":0,"max_hp_loss":0,"event_name":"N\u0027loth","floor":19,"relics_lost":["StrikeDummy"],"gold_loss":0}],"is_beta":false,"boss_relics":[{"not_picked":["Black Star","SlaversCollar"],"picked":"Calling Bell"}],"items_purged_floors":[2,7],"is_endless":false,"potions_floor_spawned":[3,8,14,16,18],"killed_by":"Slavers","ascension_level":5}}