{"host":"awsx6hu75lh7tsqd","time":1611989410,"event":{"mods":["AchievementEnabler","BaseMod","BetterRewards","Colored Map","Evolution","Minty Spire (QoL Compilation)","Shop Mod","StSLib"],"gold_per_floor":[118,138,150,6,6,6,38,38,118,293,368,380,390,8,8,110,110,127,77,95,95,95],"floor_reached":21,"language":"ENG","playtime":783,"items_purged":["Strike_B","Defend_B"],"score":197,"play_id":"6d7f8b05-8fbb-4366-acfe-ff34981f035c","local_time":"20210129235010","is_ascension_mode":true,"campfire_choices":[{"data":"Zap","floor":6,"key":"SMITH"},{"data":"Storm","floor":8,"key":"SMITH"},{"floor":15,"key":"REST"}],"circlet_count":0,"master_deck":["Strike_B","Strike_B","Defend_B","Defend_B","Zap+1","Dualcast","Storm+1","Loop","Doubt","Capacitor","Heatsinks","Loop","Creative AI"],"relics":["Cracked Core","EVO:Axolotl","NeowsBlessing","Nunchaku","PrismaticShard","Empty Cage"],"acts_visited":["Exordium","TheCity"],"potions_floor_usage":[7,13,16,16,16],"damage_taken":[{"damage":0,"enemies":"Cultist","floor":1,"turns":1},{"damage":0,"enemies":"2 Louse","floor":2,"turns":1},{"damage":0,"enemies":"Jaw Worm","floor":3,"turns":1},{"damage":21,"enemies":"Lagavulin","floor":7,"turns":5},{"damage":23,"enemies":"3 Louse","floor":12,"turns":4},{"damage":17,"enemies":"Exordium Thugs","floor":13,"turns":3},{"damage":30,"enemies":"Hexaghost","floor":16,"turns":9},{"damage":28,"enemies":"Spheric Guardian","floor":18,"turns":4},{"damage":26,"enemies":"Chosen","floor":20,"turns":5},{"damage":43,"enemies":"Centurion and Healer","floor":21,"turns":5}],"seed_played":"8244791021383472126","potions_obtained":[{"floor":1,"key":"EssenceOfDarkness"},{"floor":2,"key":"GamblersBrew"},{"floor":3,"key":"Regen Potion"},{"floor":12,"key":"Swift Potion"}],"is_trial":false,"path_per_floor":["M","M","M","$","?","R","E","R","T","?","?","M","M","$","R","B",null,"M","?","M","M"],"character_chosen":"DEFECT","items_purchased":["Loop","Loop","PrismaticShard","Weak Potion"],"campfire_rested":1,"item_purchase_floors":[4,14,14,14],"current_hp_per_floor":[75,75,75,75,80,80,59,59,59,59,48,25,17,17,41,11,80,52,52,26,0,0],"gold":95,"neow_bonus":"THREE_ENEMY_KILL","is_daily":false,"chose_seed":false,"campfire_upgraded":2,"win_rate":0.0,"timestamp":1611989410,"path_taken":["M","M","M","$","?","R","E","R","T","?","?","M","M","$","R","BOSS","M","?","M","?"],"items_purchased_type":["Card","Card","Relic","Potion"],"build_version":"2020-12-22","purchased_purges":2,"victory":false,"max_hp_per_floor":[75,75,75,75,80,80,80,80,80,80,80,80,80,80,80,80,80,80,80,80,80,80],"card_choices":[{"not_picked":["Fusion","Hologram","Leap"],"picked":"SKIP","floor":1},{"not_picked":["Reinforced Body","Hologram","Sunder"],"picked":"SKIP","floor":2},{"not_picked":["Barrage","Coolheaded"],"picked":"Storm","floor":3},{"not_picked":["Conserve Battery","Beam Cell","Compile Driver"],"picked":"SKIP","floor":7},{"not_picked":["Blizzard","Cold Snap"],"picked":"Capacitor","floor":12},{"not_picked":["Auto Shields","Beam Cell"],"picked":"Heatsinks","floor":13},{"not_picked":["Panache","Venomology"],"picked":"Creative AI","floor":16},{"not_picked":["Outmaneuver","Body Slam","Consecrate+1"],"picked":"SKIP","floor":18},{"not_picked":["Cleave","Escape Plan","Combust"],"picked":"SKIP","floor":20}],"player_experience":112918,"relics_obtained":[{"floor":7,"key":"Nunchaku"}],"event_choices":[{"damage_healed":0,"gold_gain":0,"player_choice":"Donut","damage_taken":0,"max_hp_gain":5,"max_hp_loss":0,"event_name":"Big Fish","floor":5,"gold_loss":0},{"damage_healed":0,"gold_gain":175,"player_choice":"AGREE","damage_taken":0,"max_hp_gain":0,"max_hp_loss":0,"event_name":"Liars Game","floor":10,"gold_loss":0,"cards_obtained":["Doubt"]},{"damage_healed":0,"gold_gain":75,"player_choice":"Gather Gold","damage_taken":11,"max_hp_gain":0,"max_hp_loss":0,"event_name":"World of Goop","floor":11,"gold_loss":0},{"damage_healed":0,"gold_gain":0,"player_choice":"Bet on Murderer","damage_taken":0,"max_hp_gain":0,"max_hp_loss":0,"event_name":"The Joust","floor":19,"gold_loss":50}],"is_beta":false,"boss_relics":[{"not_picked":["Cursed Key","Tiny House"],"picked":"Empty Cage"}],"items_purged_floors":[4,14],"is_endless":false,"potions_floor_spawned":[1,2,3,12],"killed_by":"Centurion and Healer","ascension_level":2}}