{"host":"4z4scujkuufvg4gr","time":1611967395,"event":{"mods":["AchievementEnabler","BaseMod","Better Note","Colored Map","Colored Powertips","DeckTracker","Downfall","Highlight Path","Hubris","Infinite Spire","Minty Spire (QoL Compilation)","Quick Restart","Replay The Spire","StSLib"],"gold_per_floor":[199,199,199,199,199,199,248,248,273,283,330,330,349,99,114,212,212,12,24,124,137,154,179,228,228,128,128,148,148,159,169,181,282,282,282,282,282,282],"floor_reached":36,"language":"ENG","playtime":2465,"items_purged":["ReplayTheSpireMod:Splinters"],"score":430,"play_id":"041d6dc3-b71e-4b05-b3a2-69194fb5eb6b","local_time":"20210129184315","is_ascension_mode":false,"campfire_choices":[{"data":"hexamod:EmpoweredFlame","floor":6,"key":"SMITH"},{"floor":18,"key":"RECALL"},{"floor":26,"key":"REST"},{"floor":29,"key":"REST"},{"data":"ReplayTheSpireMod:Book of Names","floor":35,"key":"SMITH"}],"circlet_count":0,"master_deck":["hexamod:Sear","hexamod:Float","hexamod:EmpoweredFlame+1","hexamod:EmpoweredFlame+1","hexamod:HauntingEcho","hexamod:SwordOfDarkness","hexamod:SpectersWail","hexamod:NecessarySacrifice","infinitespire:Starlight","hexamod:Hexaguard","Replay:SS_forest_2","hexamod:FastForward","hexamod:SearingWound","hexamod:SoulSteal","hexamod:GhostLash","hexamod:CatchUp","hexamod:VolcanoVisage","hexamod:EmpoweredFlame","hexamod:Haunt","hexamod:SpectralSpark","hexamod:GhostLash+1","hexamod:Sear","hexamod:SpectersWail+1","hexamod:StepThrough+1","hexamod:FlameSwitch","Impatience","Clumsy","hexamod:BacktrackSmack+1","hexamod:SoulSteal+1","ReplayTheSpireMod:Book of Names+1","hexamod:RainOfEmbers","hexamod:ApocalypticArmor","hexamod:ApocalypticArmor","Pot Of Greed","Pot Of Greed","Pot Of Greed","Looming Evil","hubris:Wrath","hubris:Greed","Pot Of Greed"],"relics":["hexamod:SpiritBrand","downfall:HeartsMalice","Orichalcum","hubris:MysteriousPyramids","sneckomod:BlankCard","Pandora\u0027s Box","downfall:HeartBlessingGreen","downfall:HeartBlessingBlue","downfall:GremlinSack","hubris:CuriousFeather","Whetstone","hubris:Metronome","downfall:HeartBlessingRed","Philosopher\u0027s Stone","Replay:Ancient Bell","Grinning Jar","Question Card","infinitespire:Joker Card"],"acts_visited":["Exordium","TheCity","TheBeyond"],"potions_floor_usage":[14,16,22,36,36,36],"damage_taken":[{"damage":0,"enemies":"Small Slimes","floor":2,"turns":1},{"damage":0,"enemies":"Jaw Worm","floor":5,"turns":1},{"damage":0,"enemies":"2 Louse","floor":8,"turns":1},{"damage":25,"enemies":"Replay:BlueRogue","floor":9,"turns":6},{"damage":10,"enemies":"Large Slime","floor":10,"turns":3},{"damage":7,"enemies":"Blue Slaver","floor":13,"turns":4},{"damage":4,"enemies":"downfall:FleeingMerchant","floor":14,"turns":4},{"damage":12,"enemies":"Exordium Thugs","floor":15,"turns":3},{"damage":34,"enemies":"DF_ARCHETYPE_STREAMLINE","floor":16,"turns":9},{"damage":12,"enemies":"3 Byrds","floor":19,"turns":3},{"damage":11,"enemies":"3 Byrds","floor":20,"turns":3},{"damage":28,"enemies":"Sentry and Sphere","floor":21,"turns":4},{"damage":9,"enemies":"Centurion and Healer","floor":22,"turns":5},{"damage":32,"enemies":"Nightmare","floor":23,"turns":7},{"damage":0,"enemies":"3 Cultists","floor":28,"turns":2},{"damage":22,"enemies":"Sentry and Sphere","floor":30,"turns":4},{"damage":21,"enemies":"Snecko","floor":31,"turns":4},{"damage":14,"enemies":"Snake Plant","floor":32,"turns":3},{"damage":46,"enemies":"WA_ARCHETYPE_CALM","floor":33,"turns":7},{"damage":17,"enemies":"infinitespire:Three Voidlings","floor":36,"turns":3},{"damage":82,"enemies":"Nightmare_Alpha","floor":36,"turns":4}],"seed_played":"5150839245710126119","potions_obtained":[{"floor":10,"key":"SkillPotion"},{"floor":11,"key":"Doom Potion"},{"floor":13,"key":"Dexterity Potion"},{"floor":15,"key":"Milkshake"},{"floor":20,"key":"hexamod:EctoCoolerPotion"},{"floor":21,"key":"FairyPotion"},{"floor":30,"key":"Adrenaline Potion"},{"floor":33,"key":"Block Potion"}],"is_trial":false,"path_per_floor":["R_BF","M","?","?","M","R","T","M","E","M","?","?","M","$","M","B",null,"R_BF","M","?","M","M","NM","T","T","R","AVR","M","R","M","M","M","B",null,"R","?"],"character_chosen":"THE_SPIRIT","items_purchased":["sneckomod:BlankCard","Replay:SS_forest_2"],"campfire_rested":2,"item_purchase_floors":[14,14],"current_hp_per_floor":[70,70,70,70,70,70,70,70,45,35,35,18,21,27,25,1,70,80,78,67,39,40,18,18,18,42,42,42,66,54,33,29,34,80,80,0,0,0],"gold":282,"neow_bonus":"THREE_ENEMY_KILL","is_daily":false,"chose_seed":false,"campfire_upgraded":2,"win_rate":0.0,"timestamp":1611967395,"path_taken":["R_BF","M","?","?","M","R","T","M","E","M","?","?","M","$","M","BOSS","R_BF","M","?","M","M","NM","T","?","R","AVR","M","R","M","?","M","BOSS","R","?"],"items_purchased_type":["Relic","Card"],"build_version":"2020-12-22","purchased_purges":1,"victory":false,"max_hp_per_floor":[70,70,70,70,70,70,70,70,70,70,70,70,70,70,70,70,70,80,80,80,80,80,80,80,80,80,80,80,80,80,80,80,80,80,80,80,80,80],"card_choices":[{"not_picked":["hexamod:NightmareStrike","hexamod:HeatCrush"],"picked":"hexamod:EmpoweredFlame","floor":2},{"not_picked":["hexamod:SuperheatedStrike","hexamod:GhostOfSpireFuture"],"picked":"hexamod:EmpoweredFlame","floor":5},{"not_picked":["hexamod:PhantomFireball","hexamod:GhostflameBarrier"],"picked":"hexamod:HauntingEcho","floor":8},{"not_picked":["hexamod:Incineration","hexamod:InspiringFlames"],"picked":"hexamod:SwordOfDarkness","floor":9},{"not_picked":["hexamod:PhantomCloak","hexamod:HeatMetal"],"picked":"hexamod:SpectersWail","floor":10},{"not_picked":["hexamod:HauntingEcho","hexamod:HeatShield"],"picked":"hexamod:NecessarySacrifice","floor":11},{"not_picked":["infinitespire:TheBestDefense","infinitespire:FutureSight"],"picked":"infinitespire:Starlight","floor":12},{"not_picked":["hexamod:HeatMetal","hexamod:ExtraCrispy","hexamod:NightmareStrike"],"picked":"SKIP","floor":13},{"not_picked":["hexamod:Firestarter","hexamod:DynamicBlow"],"picked":"hexamod:Hexaguard","floor":14},{"not_picked":["hexamod:RetreatToShadows","hexamod:NightmareGuise"],"picked":"hexamod:FastForward","floor":15},{"not_picked":["hexamod:ParanormalForm","hexamod:TimeOfNeed"],"picked":"hexamod:SearingWound","floor":16},{"not_picked":["hexamod:FastForward","hexamod:Again"],"picked":"hexamod:GhostLash+1","floor":19},{"not_picked":["hexamod:SpectersWail","hexamod:Firestarter"],"picked":"hexamod:BacktrackSmack+1","floor":21},{"not_picked":["hexamod:SpectersWail","hexamod:SwordOfDarkness"],"picked":"hexamod:SoulSteal+1","floor":22},{"not_picked":["hexamod:NightmareStrike","hexamod:FastForward","hexamod:ThermalTransfer"],"picked":"SKIP","floor":23},{"not_picked":["hexamod:Incineration","hexamod:HeatMetal"],"picked":"hexamod:RainOfEmbers","floor":28},{"not_picked":["hexamod:ThermalTransfer","hexamod:GiftsFromTheDead","hexamod:SpectersWail"],"picked":"SKIP","floor":30},{"not_picked":["hexamod:SpectersWail","hexamod:AdvancingGuard+1","hexamod:HeatMetal"],"picked":"SKIP","floor":31},{"not_picked":["hexamod:BurningTouch","hexamod:PhantomFireball"],"picked":"hexamod:ApocalypticArmor","floor":32},{"not_picked":["hexamod:VolcanoVisage","hexamod:UnlimitedPower"],"picked":"hexamod:ApocalypticArmor","floor":33},{"not_picked":["hubris:Disease","hubris:Envy","Delirium"],"picked":"Looming Evil","floor":34},{"not_picked":["downfall:Haunted","Shame","downfall:Icky"],"picked":"hubris:Wrath","floor":34},{"not_picked":["ReplayTheSpireMod:Doomed","Shame","infinitespire:Pacifist"],"picked":"hubris:Greed","floor":34}],"player_experience":402111,"relics_obtained":[{"floor":9,"key":"Orichalcum"},{"floor":11,"key":"hubris:MysteriousPyramids"},{"floor":20,"key":"downfall:GremlinSack"},{"floor":23,"key":"hubris:CuriousFeather"},{"floor":24,"key":"Whetstone"},{"floor":25,"key":"hubris:Metronome"}],"event_choices":[{"cards_removed":["hexamod:Defend"],"damage_healed":0,"gold_gain":0,"player_choice":"Card Removal","damage_taken":0,"max_hp_gain":0,"max_hp_loss":0,"event_name":"The Cleric","floor":4,"gold_loss":0}],"is_beta":false,"boss_relics":[{"not_picked":["Cursed Key","SacredBark"],"picked":"Pandora\u0027s Box"},{"not_picked":["ReplayTheSpireMod:SealedPack","Velvet Choker"],"picked":"Replay:Ancient Bell"},{"not_picked":["Lantern","ReplayTheSpireMod:TigerMarble"],"picked":"Grinning Jar"},{"not_picked":["Molten Egg 2","Onion Ring"],"picked":"Question Card"},{"not_picked":["Thread and Needle","hubris:FunFungus"],"picked":"infinitespire:Joker Card"}],"items_purged_floors":[27],"is_endless":false,"potions_floor_spawned":[10,13,15,20,21,30,32,33],"killed_by":"Nightmare_Alpha","ascension_level":0}}