{"host":"820xk69ekh5gtclf","time":1611972273,"event":{"mods":["BaseMod","Colored Map","Curses Come First","Custom Start","Downfall","Hermit","Key Reminder","Minty Spire (QoL Compilation)","StSLib"],"gold_per_floor":[117,117,127,147,165,165,198,212,212,241,241,316,344,94,94,191,191,191],"floor_reached":16,"language":"ENG","playtime":663,"items_purged":["bronze:Strike"],"score":221,"play_id":"5965a57e-75ce-44cb-845b-47d79eb11f91","local_time":"20210129210433","is_ascension_mode":true,"campfire_choices":[{"data":"bronze:DigitalCarnage","floor":6.0,"key":"SMITH"},{"data":"bronze:DigitalCarnage","floor":11.0,"key":"SMITH"},{"floor":15,"key":"REST"}],"circlet_count":0,"master_deck":["bronze:Strike","bronze:Strike","bronze:Defend","bronze:Defend","bronze:Defend","bronze:Defend","bronze:Replicate","bronze:Goto","bronze:NullPointer","bronze:BronzeArmor","bronze:BuggyMess","bronze:FunctionCard","bronze:CutThrough","Master of Strategy"],"relics":["bronze:BronzeCore","Blue Candle","Happy Flower","Potion Belt","Mummified Hand"],"acts_visited":["Exordium"],"potions_floor_usage":[13,13],"damage_taken":[{"damage":2.0,"enemies":"Jaw Worm","floor":1.0,"turns":3.0},{"damage":0.0,"enemies":"Small Slimes","floor":3.0,"turns":4.0},{"damage":0.0,"enemies":"Cultist","floor":4.0,"turns":2.0},{"damage":4.0,"enemies":"Red Slaver","floor":5.0,"turns":2.0},{"damage":5.0,"enemies":"Lagavulin","floor":7.0,"turns":3.0},{"damage":0.0,"enemies":"Gremlin Gang","floor":8.0,"turns":3.0},{"damage":9.0,"enemies":"Gremlin Nob","floor":10.0,"turns":3.0},{"damage":27,"enemies":"Lagavulin","floor":13,"turns":6},{"damage":9,"enemies":"Hexaghost","floor":16,"turns":7}],"seed_played":"186640123183744478","potions_obtained":[{"floor":3.0,"key":"FearPotion"},{"floor":4.0,"key":"Explosive Potion"},{"floor":7.0,"key":"Weak Potion"},{"floor":10.0,"key":"Weak Potion"},{"floor":13,"key":"Swift Potion"}],"is_trial":false,"path_per_floor":["M","?","M","M","M","R","E","M","T","E","R","?","E","$","R","B"],"character_chosen":"THE_AUTOMATON","items_purchased":["Master of Strategy"],"campfire_rested":1,"item_purchase_floors":[14],"current_hp_per_floor":[57,57,57,57,53,53,48,48,48,39,39,28,1,1,26,17,17,17],"gold":191,"neow_bonus":"TWENTY_PERCENT_HP_BONUS","is_daily":false,"chose_seed":false,"campfire_upgraded":2,"win_rate":0.0,"timestamp":1611972273,"path_taken":["M","?","M","M","M","R","E","M","T","E","R","?","E","$","R","BOSS"],"items_purchased_type":["Card"],"build_version":"2020-12-22","purchased_purges":1,"victory":false,"max_hp_per_floor":[84,84,84,84,84,84,84,84,84,84,84,84,84,84,84,84,84,84],"card_choices":[{"not_picked":["bronze:Terminator","bronze:ChildClass"],"picked":"bronze:Invalidate","floor":1.0},{"not_picked":["bronze:Branch","bronze:BugBarrage","bronze:Invalidate"],"picked":"SKIP","floor":3.0},{"not_picked":["bronze:Frontload","bronze:DarkDash"],"picked":"bronze:DigitalCarnage","floor":4.0},{"not_picked":["bronze:CutThrough","bronze:Allocate"],"picked":"bronze:BronzeArmor","floor":5.0},{"not_picked":["bronze:DarkDash","bronze:Turbo"],"picked":"bronze:DigitalCarnage","floor":7.0},{"not_picked":["bronze:Iterate","bronze:Frontload"],"picked":"bronze:Hardcode","floor":8.0},{"not_picked":["bronze:FineTuning","bronze:InfiniteLoop"],"picked":"bronze:BuggyMess","floor":10.0},{"not_picked":["bronze:Invalidate","bronze:BugBarrage"],"picked":"bronze:CutThrough","floor":13}],"player_experience":2439914,"relics_obtained":[{"floor":7.0,"key":"Blue Candle"},{"floor":9.0,"key":"Happy Flower"},{"floor":10.0,"key":"Potion Belt"},{"floor":13,"key":"Mummified Hand"}],"event_choices":[{"damage_healed":0.0,"max_hp_gain":0.0,"max_hp_loss":0.0,"gold_gain":75.0,"event_name":"World of Goop","player_choice":"Gather Gold","floor":12.0,"gold_loss":0.0,"damage_taken":11.0}],"is_beta":false,"boss_relics":[],"items_purged_floors":[14],"is_endless":false,"potions_floor_spawned":[3,4,7,10,13],"killed_by":"Hexaghost","ascension_level":6}}