{"host":"3uci9gpt6cwo3y1o","time":1611984053,"event":{"mods":["Aspiration","BaseMod","Energized Spire","Minty Spire (QoL Compilation)","MostiFishMod","Relic Filter Mod","Reliquary","StSLib","TestMod"],"gold_per_floor":[112,132,57,76,151,179,207,238,314,331,350,275,305,322,322,322,322],"floor_reached":16,"language":"ZHS","playtime":1028,"items_purged":["Strike_G"],"score":344,"play_id":"5f6a6fb8-e5d0-4d66-accb-89fba4d5a15d","local_time":"20210130132053","is_ascension_mode":true,"campfire_choices":[{"floor":15,"key":"RECALL"}],"circlet_count":0,"master_deck":["AscendersBane","Strike_G","Strike_G","Defend_G","Defend_G","Defend_G","Defend_G","Defend_G","Survivor","Neutralize","Unload","Calculated Gamble","Doppelganger","Reflex","Terror"],"relics":["Ring of the Snake","DaveBox","testmod-TestBox","RhineFirstAidKit","testmod-Muramasa","SynthV:TestCard","Gambling Chip","Odd Mushroom","aspiration:StickyExplosives","aspiration:SeaSaltIceCream","aspiration:Nostalgia","Burning Blood"],"acts_visited":[],"potions_floor_usage":[6,8,11],"damage_taken":[{"damage":0,"enemies":"2 Louse","floor":1,"turns":2},{"damage":4,"enemies":"Small Slimes","floor":2,"turns":4},{"damage":2,"enemies":"Jaw Worm","floor":4,"turns":3},{"damage":32,"enemies":"3 Sentries","floor":6,"turns":18},{"damage":0,"enemies":"The Mushroom Lair","floor":7,"turns":6},{"damage":48,"enemies":"Lagavulin","floor":8,"turns":8},{"damage":3,"enemies":"Looter","floor":10,"turns":3},{"damage":2,"enemies":"Blue Slaver","floor":11,"turns":3},{"damage":27,"enemies":"3 Sentries","floor":13,"turns":12},{"damage":2,"enemies":"2 Fungi Beasts","floor":14,"turns":4},{"damage":19,"enemies":"The Guardian","floor":16,"turns":12}],"seed_played":"-7038429176244251317","potions_obtained":[{"floor":2,"key":"CunningPotion"},{"floor":4,"key":"testmod-TimePotion"},{"floor":8,"key":"FearPotion"},{"floor":11,"key":"testmod-SpacePotion"},{"floor":14,"key":"EssenceOfSteel"}],"is_trial":false,"path_per_floor":["M","M","?","M","?","E","?","E","T","M","M","$","E","M","R","B"],"character_chosen":"THE_SILENT","items_purchased":[],"campfire_rested":0,"item_purchase_floors":[],"current_hp_per_floor":[59,55,55,53,42,66,66,18,18,15,66,66,39,43,43,24,24],"gold":322,"neow_bonus":"TRANSFORM_CARD","is_daily":false,"chose_seed":false,"campfire_upgraded":0,"win_rate":0.0,"timestamp":1611984053,"path_taken":["M","M","?","M","?","E","?","E","T","M","M","?","E","M","R","BOSS"],"items_purchased_type":[],"build_version":"2020-12-22","purchased_purges":1,"victory":false,"max_hp_per_floor":[66,66,66,66,66,66,66,66,66,66,66,66,66,66,66,66,66],"card_choices":[{"not_picked":["Underhanded Strike","Blade Dance","Dagger Throw"],"picked":"SKIP","floor":1},{"not_picked":["Sucker Punch","Bane","Poisoned Stab","Dodge and Roll","Dagger Spray"],"picked":"SKIP","floor":2},{"not_picked":["Dagger Throw","MostiFishMod:PerfectParry","Quick Slash","Concentrate","Deadly Poison"],"picked":"SKIP","floor":4},{"not_picked":["MostiFishMod:PerfectParry","Blade Dance","Setup","Leg Sweep","Slice"],"picked":"SKIP","floor":6},{"not_picked":["Flying Knee","Backflip","MostiFishMod:PerfectParry","Cloak And Dagger"],"picked":"Calculated Gamble","floor":7},{"not_picked":["Bane","Underhanded Strike","Acrobatics","Deadly Poison"],"picked":"Doppelganger","floor":8},{"not_picked":["Endless Agony","Sucker Punch","Flying Knee","Escape Plan"],"picked":"Reflex","floor":10},{"not_picked":["MostiFishMod:PerfectParry","Prepared","Dagger Throw","Night Terror"],"picked":"Terror","floor":11},{"not_picked":["Caltrops","Predator","Poisoned Stab","Expertise","Blade Dance"],"picked":"SKIP","floor":13},{"not_picked":["MostiFishMod:PreservedThorns","Blade Dance","Sucker Punch","PiercingWail","Flying Knee"],"picked":"SKIP","floor":14}],"player_experience":885115,"relics_obtained":[{"floor":1,"key":"SynthV:TestCard"},{"floor":6,"key":"Gambling Chip"},{"floor":7,"key":"Odd Mushroom"},{"floor":8,"key":"aspiration:StickyExplosives"},{"floor":13,"key":"aspiration:SeaSaltIceCream"}],"event_choices":[{"cards_removed":["Strike_G"],"damage_healed":0,"gold_gain":0,"player_choice":"Card Removal","damage_taken":0,"max_hp_gain":0,"max_hp_loss":0,"event_name":"The Cleric","floor":3,"gold_loss":75},{"damage_healed":0,"gold_gain":75,"player_choice":"Gather Gold","damage_taken":11,"max_hp_gain":0,"max_hp_loss":0,"event_name":"World of Goop","floor":5,"gold_loss":0},{"damage_healed":0,"gold_gain":0,"player_choice":"Fought Mushrooms","damage_taken":0,"max_hp_gain":0,"max_hp_loss":0,"event_name":"Mushrooms","floor":7,"gold_loss":0}],"is_beta":false,"boss_relics":[],"items_purged_floors":[12],"is_endless":false,"potions_floor_spawned":[2,4,8,11,14],"killed_by":"The Guardian","ascension_level":20}}