{"host":"yyfz7fpozqrhk2m1","time":1611970282,"event":{"mods":["BaseMod","Minty Spire (QoL Compilation)"],"gold_per_floor":[110,123,140,157,157,191,215,215,215,225,236,249,249,174,174,275,275,294,307,307,326,241,241,267,267,291,341,341,371,371,386,386,488,488,504,504,404,415,198,227,227,247,247,247,247,261,287,337,337,337],"floor_reached":51,"language":"ENG","playtime":8807,"items_purged":["Strike_G","Strike_G"],"score":869,"play_id":"19a2116c-92e8-4e92-97df-edcf1507c899","local_time":"20210129203122","is_ascension_mode":true,"campfire_choices":[{"data":"Skewer","floor":8.0,"key":"SMITH"},{"data":"Corpse Explosion","floor":13.0,"key":"SMITH"},{"floor":15.0,"key":"REST"},{"floor":23,"key":"REST"},{"data":"Malaise","floor":25,"key":"SMITH"},{"data":"Bane","floor":28,"key":"SMITH"},{"data":"Crippling Poison","floor":30,"key":"SMITH"},{"floor":32,"key":"REST"},{"floor":41,"key":"REST"},{"floor":45,"key":"REST"},{"floor":49,"key":"REST"}],"circlet_count":0,"master_deck":["Defend_G","Defend_G","Defend_G","Defend_G","Survivor","Neutralize","Backstab","Deadly Poison","Bane+1","Skewer+1","Bouncing Flask","Dagger Spray","Corpse Explosion+1","Malaise+1","PiercingWail+1","Crippling Poison+1","Heel Hook","Die Die Die","Cloak And Dagger+1","After Image+1","Glass Knife+1","Flash of Steel","Footwork","Backstab+1","Leg Sweep"],"relics":["Ring of the Snake","Potion Belt","Odd Mushroom","HornCleat","Cursed Key","Gremlin Horn","Omamori","Bronze Scales","Paper Crane","Astrolabe","Strawberry","Sundial","Question Card","Peace Pipe","FossilizedHelix"],"acts_visited":["Exordium","TheCity","TheBeyond"],"potions_floor_usage":[33,40,40,40,46,50,50,50,50],"damage_taken":[{"damage":0.0,"enemies":"Jaw Worm","floor":1.0,"turns":5.0},{"damage":0.0,"enemies":"Cultist","floor":2.0,"turns":4.0},{"damage":0.0,"enemies":"2 Louse","floor":3.0,"turns":2.0},{"damage":0.0,"enemies":"2 Fungi Beasts","floor":4.0,"turns":2.0},{"damage":11.0,"enemies":"Gremlin Nob","floor":6.0,"turns":4.0},{"damage":8.0,"enemies":"The Mushroom Lair","floor":7.0,"turns":4.0},{"damage":0.0,"enemies":"Blue Slaver","floor":10.0,"turns":3.0},{"damage":7.0,"enemies":"Gremlin Gang","floor":11.0,"turns":5.0},{"damage":3.0,"enemies":"Looter","floor":12.0,"turns":2.0},{"damage":50.0,"enemies":"Slime Boss","floor":16.0,"turns":12.0},{"damage":0,"enemies":"Spheric Guardian","floor":18,"turns":5},{"damage":8,"enemies":"Chosen","floor":19,"turns":4},{"damage":4,"enemies":"Centurion and Healer","floor":21,"turns":4},{"damage":19,"enemies":"Book of Stabbing","floor":24,"turns":7},{"damage":11,"enemies":"Slavers","floor":29,"turns":2},{"damage":0,"enemies":"Cultist and Chosen","floor":31,"turns":4},{"damage":34,"enemies":"Collector","floor":33,"turns":7},{"damage":0,"enemies":"3 Shapes","floor":35,"turns":2},{"damage":0,"enemies":"Orb Walker","floor":38,"turns":3},{"damage":52,"enemies":"Giant Head","floor":40,"turns":10},{"damage":0,"enemies":"3 Darklings","floor":42,"turns":3},{"damage":8,"enemies":"Sphere and 2 Shapes","floor":46,"turns":4},{"damage":12,"enemies":"Nemesis","floor":47,"turns":7},{"damage":2,"enemies":"Mind Bloom Boss Battle","floor":48,"turns":6},{"damage":42,"enemies":"Awakened One","floor":50,"turns":19}],"seed_played":"-6258160889449352169","potions_obtained":[{"floor":1.0,"key":"BlessingOfTheForge"},{"floor":2.0,"key":"Fruit Juice"},{"floor":4.0,"key":"CunningPotion"},{"floor":7.0,"key":"Energy Potion"},{"floor":12.0,"key":"Weak Potion"},{"floor":18,"key":"Ancient Potion"},{"floor":31,"key":"PowerPotion"},{"floor":33,"key":"EntropicBrew"},{"floor":40,"key":"GamblersBrew"},{"floor":47,"key":"CunningPotion"},{"floor":48,"key":"EssenceOfSteel"}],"is_trial":false,"path_per_floor":["M","M","M","M","?","E","?","R","T","M","M","M","R","$","R","B",null,"M","M","?","M","?","R","E","R","T","?","R","E","R","M","R","B",null,"M","?","$","M","$","E","R","M","T","?","R","M","E","?","R","B",null],"character_chosen":"THE_SILENT","items_purchased":["Footwork","Strawberry"],"campfire_rested":6,"item_purchase_floors":[39,39],"current_hp_per_floor":[70,70,70,70,63,57,49,49,49,49,42,39,39,39,61,11,59,59,51,51,47,47,69,50,50,50,50,50,39,39,39,61,27,63,63,63,63,63,70,18,42,42,42,42,66,58,46,44,68,26],"gold":337,"neow_bonus":"THREE_CARDS","is_daily":false,"chose_seed":false,"campfire_upgraded":5,"win_rate":0.0,"timestamp":1611970282,"path_taken":["M","M","M","M","?","E","?","R","T","M","M","?","R","?","R","BOSS","M","M","?","M","?","R","E","R","T","?","R","E","R","?","R","BOSS","M","?","$","M","$","E","R","M","T","?","R","?","E","?","R","BOSS"],"items_purchased_type":["Card","Relic"],"build_version":"2020-12-22","purchased_purges":2,"victory":true,"max_hp_per_floor":[70,70,70,70,70,75,75,75,75,75,75,75,75,75,75,75,75,75,75,75,75,75,75,75,75,75,75,75,75,75,75,75,75,75,75,75,75,75,82,82,82,82,82,82,82,82,82,82,82,82],"card_choices":[{"not_picked":["Acrobatics","Flying Knee"],"picked":"Backstab","floor":0.0},{"not_picked":["Tactician","Deflect","Prepared"],"picked":"SKIP","floor":1.0},{"not_picked":["Flying Knee","Heel Hook"],"picked":"Deadly Poison","floor":2.0},{"not_picked":["Calculated Gamble","Riddle With Holes"],"picked":"Bane","floor":3.0},{"not_picked":["Bane","All Out Attack"],"picked":"Skewer","floor":4.0},{"not_picked":["Dagger Spray","Accuracy"],"picked":"Bouncing Flask","floor":6.0},{"not_picked":["Infinite Blades","Tactician"],"picked":"Dagger Spray","floor":7.0},{"not_picked":["Flying Knee","Backstab","Blade Dance"],"picked":"SKIP","floor":10.0},{"not_picked":["Deadly Poison","Dagger Spray","Caltrops"],"picked":"SKIP","floor":11.0},{"not_picked":["Dagger Spray","Crippling Poison"],"picked":"Corpse Explosion","floor":12.0},{"not_picked":["Grand Finale","Unload"],"picked":"Malaise","floor":16.0},{"not_picked":["Acrobatics","All Out Attack","Underhanded Strike"],"picked":"SKIP","floor":18},{"not_picked":["Dash","Acrobatics"],"picked":"PiercingWail+1","floor":19},{"not_picked":["Deadly Poison","Sucker Punch","Bane"],"picked":"SKIP","floor":21},{"not_picked":["Slice+1","PiercingWail","Glass Knife"],"picked":"SKIP","floor":24},{"not_picked":["PiercingWail","Underhanded Strike+1"],"picked":"Crippling Poison","floor":29},{"not_picked":["Accuracy","Acrobatics"],"picked":"Heel Hook","floor":31},{"not_picked":["Glass Knife","Grand Finale"],"picked":"Die Die Die","floor":33},{"not_picked":["PiercingWail","Predator+1","Bouncing Flask+1"],"picked":"SKIP","floor":35},{"not_picked":["Swift Strike","Magnetism"],"picked":"Flash of Steel","floor":36},{"not_picked":["Reflex+1","Quick Slash+1","PiercingWail"],"picked":"SKIP","floor":38},{"not_picked":["Blade Dance+1","Masterful Stab"],"picked":"Backstab+1","floor":40},{"not_picked":["Sucker Punch","Flying Knee+1","Blade Dance"],"picked":"SKIP","floor":42},{"not_picked":["Slice","Sucker Punch+1","Prepared+1","Dagger Throw+1"],"picked":"SKIP","floor":46},{"not_picked":["Predator+1","Accuracy","Endless Agony+1","Flying Knee"],"picked":"SKIP","floor":47},{"not_picked":["Backstab+1","Deflect","Infinite Blades"],"picked":"Leg Sweep","floor":48}],"player_experience":640937,"relics_obtained":[{"floor":6.0,"key":"Potion Belt"},{"floor":7.0,"key":"Odd Mushroom"},{"floor":9.0,"key":"HornCleat"},{"floor":24,"key":"Omamori"},{"floor":26,"key":"Bronze Scales"},{"floor":29,"key":"Paper Crane"},{"floor":40,"key":"Sundial"},{"floor":43,"key":"Question Card"},{"floor":47,"key":"Peace Pipe"},{"floor":48,"key":"FossilizedHelix"}],"event_choices":[{"cards_removed":["Strike_G"],"damage_healed":0.0,"max_hp_gain":0.0,"max_hp_loss":0.0,"gold_gain":0.0,"event_name":"Golden Wing","player_choice":"Card Removal","floor":5.0,"gold_loss":0.0,"damage_taken":7.0},{"damage_healed":0.0,"max_hp_gain":0.0,"max_hp_loss":0.0,"gold_gain":0.0,"event_name":"Mushrooms","player_choice":"Fought Mushrooms","floor":7.0,"gold_loss":0.0,"damage_taken":0.0},{"damage_healed":0,"gold_gain":0,"player_choice":"Ignored","damage_taken":0,"max_hp_gain":0,"max_hp_loss":0,"event_name":"Ghosts","floor":20,"gold_loss":0},{"damage_healed":0,"gold_gain":0,"player_choice":"Obtained Relic","damage_taken":0,"relics_obtained":["Gremlin Horn"],"max_hp_gain":0,"max_hp_loss":0,"event_name":"Addict","floor":22,"gold_loss":85},{"damage_healed":0,"gold_gain":100,"player_choice":"Bet on Murderer","damage_taken":0,"max_hp_gain":0,"max_hp_loss":0,"event_name":"The Joust","floor":27,"gold_loss":50},{"damage_healed":0,"gold_gain":0,"player_choice":"Memory 1","damage_taken":0,"max_hp_gain":0,"max_hp_loss":0,"event_name":"SensoryStone","floor":36,"gold_loss":0},{"damage_healed":0,"gold_gain":0,"player_choice":"Bought 0 Potions","damage_taken":0,"max_hp_gain":0,"max_hp_loss":0,"event_name":"The Woman in Blue","floor":44,"gold_loss":0},{"damage_healed":0,"gold_gain":0,"player_choice":"Fight","damage_taken":0,"max_hp_gain":0,"max_hp_loss":0,"event_name":"MindBloom","floor":48,"gold_loss":0}],"is_beta":false,"boss_relics":[{"not_picked":["Empty Cage","Busted Crown"],"picked":"Cursed Key"},{"not_picked":["Fusion Hammer","Snecko Eye"],"picked":"Astrolabe"}],"items_purged_floors":[14,37],"is_endless":false,"potions_floor_spawned":[1,2,4,7,12,18,31,33,40,47,48],"ascension_level":5}}