{"host":"hszimsrtxxc2k25w","time":1611988011,"event":{"mods":["AchievementEnabler","BaseMod","Colored Map","DeckTracker","Minty Spire (QoL Compilation)","Rare Cards Sparkle","SuperFastMode"],"gold_per_floor":[115,127,52,52,63,63,82,82,105,105,46,46,58,133,133,133,133],"floor_reached":16,"language":"KOR","playtime":257,"items_purged":["Defend_G"],"score":176,"play_id":"373225f1-5735-4897-8d3f-66197a0dad70","local_time":"20210130152651","is_ascension_mode":true,"campfire_choices":[{"data":"Poisoned Stab","floor":6,"key":"SMITH"},{"data":"All Out Attack","floor":8,"key":"SMITH"},{"data":"Masterful Stab","floor":10,"key":"SMITH"},{"data":"Accuracy","floor":12,"key":"SMITH"},{"data":"Tactician","floor":15,"key":"SMITH"}],"circlet_count":0,"master_deck":["AscendersBane","Strike_G","Strike_G","Strike_G","Strike_G","Defend_G","Defend_G","Defend_G","Defend_G","Survivor","Neutralize","Masterful Stab+1","Poisoned Stab+1","Acrobatics","Accuracy+1","All Out Attack+1","Blade Dance","Tactician+1"],"relics":["Ring of the Snake","Potion Belt"],"acts_visited":["Exordium"],"potions_floor_usage":[16,16],"damage_taken":[{"damage":0,"enemies":"Jaw Worm","floor":1,"turns":4},{"damage":2,"enemies":"2 Louse","floor":2,"turns":3},{"damage":0,"enemies":"Cultist","floor":5,"turns":3},{"damage":8,"enemies":"Blue Slaver","floor":7,"turns":3},{"damage":0,"enemies":"3 Louse","floor":13,"turns":2},{"damage":28,"enemies":"Hexaghost","floor":16,"turns":7}],"seed_played":"7476492264046258578","potions_obtained":[{"floor":2,"key":"Strength Potion"},{"floor":13,"key":"BlessingOfTheForge"}],"is_trial":false,"path_per_floor":["M","M","$","?","M","R","M","R","T","R","$","R","M","?","R","B"],"character_chosen":"THE_SILENT","items_purchased":["Blade Dance"],"campfire_rested":0,"item_purchase_floors":[11],"current_hp_per_floor":[59,57,57,57,57,57,49,49,49,49,49,49,49,38,38,10,10],"gold":133,"neow_bonus":"TRANSFORM_CARD","is_daily":false,"chose_seed":false,"campfire_upgraded":5,"win_rate":0.0,"timestamp":1611988011,"path_taken":["M","M","$","?","M","R","M","R","T","R","$","R","M","?","R","BOSS"],"items_purchased_type":["Card"],"build_version":"2020-12-22","purchased_purges":1,"victory":false,"max_hp_per_floor":[66,66,66,66,66,66,66,66,66,66,66,66,66,66,66,66,66],"card_choices":[{"not_picked":["Dodge and Roll","Infinite Blades"],"picked":"Poisoned Stab","floor":1},{"not_picked":["Outmaneuver","Underhanded Strike"],"picked":"Acrobatics","floor":2},{"not_picked":["Backflip","Quick Slash"],"picked":"Accuracy","floor":5},{"not_picked":["Outmaneuver","Backflip"],"picked":"All Out Attack","floor":7},{"not_picked":["Bane","Dagger Throw"],"picked":"Tactician","floor":13}],"player_experience":655769,"relics_obtained":[{"floor":9,"key":"Potion Belt"}],"event_choices":[{"damage_healed":0,"gold_gain":0,"player_choice":"Ignored","damage_taken":0,"max_hp_gain":0,"max_hp_loss":0,"event_name":"Liars Game","floor":4,"gold_loss":0},{"damage_healed":0,"gold_gain":75,"player_choice":"Gather Gold","damage_taken":11,"max_hp_gain":0,"max_hp_loss":0,"event_name":"World of Goop","floor":14,"gold_loss":0}],"is_beta":false,"boss_relics":[],"items_purged_floors":[3],"is_endless":false,"potions_floor_spawned":[2,13],"killed_by":"Hexaghost","ascension_level":19}}