{"host":"l84l8xigz5v5foa2","time":1611979311,"event":{"mods":["2.2 Compatiblity","AchievementEnabler","BaseMod","Better Note","Better Vampires","Card Filter","Colored Map","DeckTracker","Downfall","Gremlin Skip","Highlight Path","Keyboard Shortcuts","Minty Spire (QoL Compilation)","Permanent Neow","Quick Restart","Relic Filter","Relic Stats","StSLib","SuperFastMode","Transform Curses","Unknown Chances"],"gold_per_floor":[114,127,138,62,62,62,93,93,119,134,134,151,151,179,179,251,251,267,279,295,63,98,98,110,110,110,210,221,221,9,36,36,109,109,119,138,138,149,169,197,212,246,269,301,301,312,337,337,337,337,337,337],"floor_reached":50,"language":"ENG","playtime":3000,"items_purged":["hexamod:Strike","hexamod:Defend"],"score":1184,"play_id":"e960f302-f631-4733-8ab8-41a754299317","local_time":"20210130130151","is_ascension_mode":true,"campfire_choices":[{"data":"hexamod:Float","floor":6.0,"key":"SMITH"},{"data":"hexamod:NecessarySacrifice","floor":11.0,"key":"SMITH"},{"data":"hexamod:VolcanoVisage","floor":13.0,"key":"SMITH"},{"data":"hexamod:HeatMetal","floor":15.0,"key":"SMITH"},{"data":"hexamod:ThermalTransfer","floor":23.0,"key":"SMITH"},{"floor":25.0,"key":"REST"},{"data":"hexamod:Sear","floor":32.0,"key":"PURGE"},{"floor":45.0,"key":"RECALL"},{"data":"hexamod:Strike+1","floor":49,"key":"PURGE"}],"circlet_count":0,"master_deck":["AscendersBane","hexamod:Strike+1","hexamod:Strike+1","hexamod:Defend+1","hexamod:Defend+1","hexamod:Defend+1","hexamod:Float+1","Finesse+1","hexamod:PhantomFireball+1","hexamod:GhostOfSpirePast+1","hexamod:StepThrough+1","hexamod:HeatMetal+1","hexamod:NecessarySacrifice+1","hexamod:VolcanoVisage+1","hexamod:NightmareGuise+1","hexamod:SixthSeal","hexamod:FourthSeal","hexamod:ThermalTransfer+1","hexamod:NightmareGuise+1","hexamod:ShieldOfDarkness+1","hexamod:InspiringFlames+1","hexamod:TimeWarp+1","hexamod:GhostShield+1","hexamod:FirstSeal","hexamod:ThermalTransfer+1","hexamod:GiftsFromTheDead+1"],"relics":["hexamod:SpiritBrand","hexamod:MatchstickCase","Happy Flower","Bird Faced Urn","Busted Crown","Potion Belt","Red Mask","Shuriken","Peace Pipe","hexamod:InflammatoryLetter","Membership Card","Regal Pillow","Philosopher\u0027s Stone","Boot","Oddly Smooth Stone","hexamod:CandleOfCauterizing","Bottled Tornado"],"acts_visited":["Exordium","TheCity","TheBeyond"],"potions_floor_usage":[47,47,50],"damage_taken":[{"damage":0.0,"enemies":"Cultist","floor":1.0,"turns":3.0},{"damage":0.0,"enemies":"Jaw Worm","floor":2.0,"turns":3.0},{"damage":0.0,"enemies":"Small Slimes","floor":3.0,"turns":3.0},{"damage":11.0,"enemies":"Lagavulin","floor":7.0,"turns":6.0},{"damage":0.0,"enemies":"Blue Slaver","floor":10.0,"turns":3.0},{"damage":0.0,"enemies":"2 Fungi Beasts","floor":12.0,"turns":3.0},{"damage":3.0,"enemies":"3 Sentries","floor":14.0,"turns":5.0},{"damage":7.0,"enemies":"Hexaghost","floor":16.0,"turns":7.0},{"damage":14.0,"enemies":"Chosen","floor":18.0,"turns":4.0},{"damage":14.0,"enemies":"3 Byrds","floor":19.0,"turns":6.0},{"damage":41.0,"enemies":"Cultist and Chosen","floor":20.0,"turns":6.0},{"damage":0.0,"enemies":"Masked Bandits","floor":22.0,"turns":3.0},{"damage":0.0,"enemies":"Snake Plant","floor":24.0,"turns":3.0},{"damage":2.0,"enemies":"Colosseum Slavers","floor":27.0,"turns":5.0},{"damage":6.0,"enemies":"Colosseum Nobs","floor":27.0,"turns":4.0},{"damage":5.0,"enemies":"Chosen and Byrds","floor":28.0,"turns":6.0},{"damage":3.0,"enemies":"Book of Stabbing","floor":31.0,"turns":6.0},{"damage":43.0,"enemies":"Collector","floor":33.0,"turns":13.0},{"damage":2.0,"enemies":"3 Shapes","floor":35.0,"turns":6.0},{"damage":38.0,"enemies":"3 Darklings","floor":36.0,"turns":7.0},{"damage":18.0,"enemies":"Spire Growth","floor":38.0,"turns":6.0},{"damage":1.0,"enemies":"Jaw Worm Horde","floor":39.0,"turns":5.0},{"damage":9.0,"enemies":"Reptomancer","floor":40.0,"turns":8.0},{"damage":26.0,"enemies":"3 Darklings","floor":41.0,"turns":5.0},{"damage":47.0,"enemies":"Nemesis","floor":42.0,"turns":7.0},{"damage":11.0,"enemies":"Reptomancer","floor":44.0,"turns":6.0},{"damage":8.0,"enemies":"Spire Growth","floor":46.0,"turns":6.0},{"damage":8,"enemies":"Giant Head","floor":47,"turns":6},{"damage":55,"enemies":"Donu and Deca","floor":50,"turns":9}],"seed_played":"8163180120518146717","potions_obtained":[{"floor":1.0,"key":"ColorlessPotion"},{"floor":3.0,"key":"Strength Potion"},{"floor":7.0,"key":"LiquidMemories"},{"floor":19.0,"key":"AttackPotion"},{"floor":20.0,"key":"EntropicBrew"},{"floor":20.0,"key":"ColorlessPotion"},{"floor":22.0,"key":"AttackPotion"},{"floor":22.0,"key":"Explosive Potion"},{"floor":24.0,"key":"GamblersBrew"},{"floor":27.0,"key":"Fire Potion"},{"floor":28.0,"key":"Weak Potion"},{"floor":31.0,"key":"Block Potion"},{"floor":33.0,"key":"EntropicBrew"},{"floor":35.0,"key":"DuplicationPotion"},{"floor":36.0,"key":"EntropicBrew"},{"floor":38.0,"key":"EssenceOfSteel"},{"floor":39.0,"key":"hexamod:EctoCoolerPotion"},{"floor":40.0,"key":"Weak Potion"},{"floor":41.0,"key":"CultistPotion"},{"floor":41.0,"key":"AttackPotion"},{"floor":42.0,"key":"hexamod:EctoCoolerPotion"},{"floor":42.0,"key":"ColorlessPotion"},{"floor":44.0,"key":"SteroidPotion"},{"floor":46.0,"key":"hexamod:DoubleChargePotion"},{"floor":47,"key":"SteroidPotion"},{"floor":47,"key":"DistilledChaos"}],"is_trial":false,"path_per_floor":["M","M","M","$","?","R","E","?","T","M","R","M","R","E","R","B",null,"M","M","M","$","?","R","M","R","T","?","M","?","$","E","R","B",null,"M","M","?","M","M","E","M","E","T","E","R","M","E","?","R","B"],"character_chosen":"THE_SPIRIT","items_purchased":["hexamod:StepThrough","Potion Belt","Membership Card"],"campfire_rested":1,"item_purchase_floors":[4,21,30],"current_hp_per_floor":[57,57,57,57,38,38,27,27,27,27,27,27,27,24,24,23,53,45,37,4,4,12,12,20,38,38,46,49,49,49,54,54,19,52,58,30,23,31,45,55,46,16,16,24,24,33,40,40,40,0,0,0],"gold":337,"neow_bonus":"RANDOM_COLORLESS","is_daily":false,"chose_seed":false,"campfire_upgraded":5,"win_rate":0.0,"timestamp":1611979311,"path_taken":["M","M","M","$","?","R","E","?","T","M","R","M","R","E","R","BOSS","M","M","M","$","?","R","M","R","T","?","M","?","$","E","R","BOSS","M","M","?","M","M","E","M","E","T","E","R","M","E","?","R","BOSS"],"items_purchased_type":["Card","Relic","Relic"],"build_version":"2020-12-22","purchased_purges":2,"victory":false,"max_hp_per_floor":[63,63,63,63,63,63,63,63,63,63,63,63,63,63,63,63,63,63,63,63,63,63,63,63,63,63,63,63,63,63,63,63,63,63,63,63,63,63,63,63,63,63,63,63,63,63,63,63,63,63,63,63],"relic_stats":{"Peace Pipe":2,"Regal Pillow":0,"Busted Crown":38,"Happy Flower":[48],"counters":[29,160],"Shuriken":[44],"Bird Faced Urn":[192],"Boot":[32],"obtain_stats":[{"Potion Belt":21,"Regal Pillow":31,"hexamod:CandleOfCauterizing":44,"Happy Flower":9,"Oddly Smooth Stone":42,"hexamod:InflammatoryLetter":27,"Bottled Tornado":47,"Boot":40,"hexamod:MatchstickCase":7,"Peace Pipe":27,"Busted Crown":17,"Shuriken":26,"Bird Faced Urn":14,"Philosopher\u0027s Stone":34,"Red Mask":22,"Membership Card":30,"hexamod:SpiritBrand":0},{"Potion Belt":11,"Regal Pillow":17,"hexamod:CandleOfCauterizing":26,"Happy Flower":4,"Oddly Smooth Stone":25,"hexamod:InflammatoryLetter":15,"Bottled Tornado":28,"Boot":23,"hexamod:MatchstickCase":4,"Peace Pipe":15,"Busted Crown":8,"Shuriken":13,"Bird Faced Urn":7,"Philosopher\u0027s Stone":18,"Red Mask":12,"Membership Card":16,"hexamod:SpiritBrand":0},{"Potion Belt":49,"Regal Pillow":76,"hexamod:CandleOfCauterizing":139,"Happy Flower":15,"Oddly Smooth Stone":133,"hexamod:InflammatoryLetter":64,"Bottled Tornado":151,"Boot":121,"hexamod:MatchstickCase":15,"Peace Pipe":64,"Busted Crown":33,"Shuriken":55,"Bird Faced Urn":26,"Philosopher\u0027s Stone":89,"Red Mask":52,"Membership Card":70,"hexamod:SpiritBrand":0}]},"card_choices":[{"not_picked":["Jack Of All Trades","Flash of Steel"],"picked":"Finesse","floor":0.0},{"not_picked":["hexamod:GhostShield","hexamod:Hexaguard"],"picked":"hexamod:PhantomFireball","floor":1.0},{"not_picked":["hexamod:EtherealExpedition","hexamod:BurningTouch"],"picked":"hexamod:GhostOfSpirePast","floor":2.0},{"not_picked":["hexamod:BurningTouch","hexamod:ThermalTransfer","hexamod:GhostLash"],"picked":"SKIP","floor":3.0},{"not_picked":["hexamod:HauntingEcho","hexamod:SwordOfDarkness"],"picked":"hexamod:HeatMetal","floor":7.0},{"not_picked":["hexamod:RecurringNightmare","hexamod:HeatShield"],"picked":"hexamod:NecessarySacrifice","floor":10.0},{"not_picked":["hexamod:BurningTouch","hexamod:EtherealExpedition"],"picked":"hexamod:VolcanoVisage","floor":12.0},{"not_picked":["hexamod:BacktrackSmack","hexamod:CatchUp"],"picked":"hexamod:NightmareGuise","floor":14.0},{"not_picked":["hexamod:VolcanoVisage","hexamod:GiftsFromTheDead"],"picked":"hexamod:SixthSeal","floor":16.0},{"not_picked":["hexamod:PhantomCloak"],"picked":"SKIP","floor":18.0},{"not_picked":[],"picked":"hexamod:FourthSeal","floor":19.0},{"not_picked":["hexamod:PhantomFireball"],"picked":"SKIP","floor":20.0},{"not_picked":[],"picked":"hexamod:ThermalTransfer","floor":22.0},{"not_picked":["hexamod:BacktrackSmack"],"picked":"SKIP","floor":24.0},{"not_picked":[],"picked":"hexamod:NightmareGuise","floor":27.0},{"not_picked":[],"picked":"hexamod:ShieldOfDarkness+1","floor":28.0},{"not_picked":[],"picked":"hexamod:InspiringFlames","floor":31.0},{"not_picked":[],"picked":"hexamod:TimeWarp","floor":33.0},{"not_picked":[],"picked":"hexamod:GhostShield","floor":35.0},{"not_picked":["hexamod:EtherealExpedition"],"picked":"SKIP","floor":36.0},{"not_picked":["hexamod:NightmareStrike"],"picked":"SKIP","floor":38.0},{"not_picked":["hexamod:SwordOfDarkness"],"picked":"SKIP","floor":39.0},{"not_picked":["hexamod:BacktrackSmack"],"picked":"SKIP","floor":40.0},{"not_picked":["hexamod:SecondSeal"],"picked":"SKIP","floor":41.0},{"not_picked":[],"picked":"hexamod:ThermalTransfer","floor":42.0},{"not_picked":[],"picked":"hexamod:GiftsFromTheDead","floor":44.0},{"not_picked":["hexamod:SkipABeat"],"picked":"SKIP","floor":46.0},{"not_picked":["hexamod:GhostOfSpireFuture"],"picked":"SKIP","floor":47}],"player_experience":3503721,"relics_obtained":[{"floor":7.0,"key":"hexamod:MatchstickCase"},{"floor":9.0,"key":"Happy Flower"},{"floor":14.0,"key":"Bird Faced Urn"},{"floor":22.0,"key":"Red Mask"},{"floor":26.0,"key":"Shuriken"},{"floor":27.0,"key":"Peace Pipe"},{"floor":27.0,"key":"hexamod:InflammatoryLetter"},{"floor":31.0,"key":"Regal Pillow"},{"floor":40.0,"key":"Boot"},{"floor":42.0,"key":"Oddly Smooth Stone"},{"floor":44.0,"key":"hexamod:CandleOfCauterizing"},{"floor":47,"key":"Bottled Tornado"}],"event_choices":[{"damage_healed":0.0,"max_hp_gain":0.0,"max_hp_loss":0.0,"gold_gain":0.0,"event_name":"Shining Light","player_choice":"Entered Light","floor":5.0,"gold_loss":0.0,"damage_taken":19.0,"cards_upgraded":["hexamod:StepThrough","hexamod:Strike"]},{"damage_healed":0.0,"max_hp_gain":0.0,"max_hp_loss":0.0,"gold_gain":0.0,"event_name":"Liars Game","player_choice":"Ignored","floor":8.0,"gold_loss":0.0,"damage_taken":0.0},{"damage_healed":0.0,"max_hp_gain":0.0,"max_hp_loss":0.0,"gold_gain":0.0,"event_name":"Masked Bandits","player_choice":"Fought Bandits","floor":22.0,"gold_loss":0.0,"damage_taken":0.0},{"damage_healed":0.0,"max_hp_gain":0.0,"max_hp_loss":0.0,"gold_gain":0.0,"event_name":"Colosseum","player_choice":"Fight","floor":27.0,"gold_loss":0.0,"damage_taken":0.0},{"damage_healed":0.0,"max_hp_gain":0.0,"max_hp_loss":0.0,"gold_gain":0.0,"event_name":"Colosseum","player_choice":"Fought Nobs","floor":27.0,"gold_loss":0.0,"damage_taken":0.0}],"is_beta":false,"boss_relics":[{"not_picked":["SacredBark","Astrolabe"],"picked":"Busted Crown"},{"not_picked":["Calling Bell","hexamod:IceCube"],"picked":"Philosopher\u0027s Stone"}],"items_purged_floors":[21,30],"is_endless":false,"potions_floor_spawned":[1,3,7,19,20,22,27,36,38,41,42,47],"killed_by":"Donu and Deca","ascension_level":20}}