{"host":"lv7etzzgwahaenh9","time":1611969289,"event":{"mods":["AchievementEnabler","BaseMod","Colored Map","Colored Powertips","Highlight Path","Minty Spire (QoL Compilation)","Permanent Neow","Quick Restart","Random Character Button","StSLib"],"gold_per_floor":[111,2,20,31,50,50,80,114,139,170,198,210,253,276,288,300,300],"floor_reached":16,"language":"ENG","playtime":918,"items_purged":["Injury"],"score":191,"play_id":"4d1c7df2-70ff-4e56-98b8-3024e94f828a","local_time":"20210129171449","is_ascension_mode":true,"campfire_choices":[{"data":"Sunder","floor":6,"key":"SMITH"},{"data":"Zap","floor":12,"key":"SMITH"},{"data":"Defragment","floor":15,"key":"SMITH"}],"circlet_count":0,"master_deck":["Strike_B","Strike_B","Strike_B","Strike_B","Defend_B","Defend_B","Defend_B","Defend_B","Zap+1","Dualcast","Sunder+1","Melter","Leap","Core Surge","Chill","Thunder Strike","Defragment+1","Hologram","Darkness"],"relics":["Cracked Core","WingedGreaves","Boot","Toy Ornithopter","Anchor","MawBank","Cables"],"acts_visited":["Exordium"],"potions_floor_usage":[8,10,13,13],"damage_taken":[{"damage":2,"enemies":"Jaw Worm","floor":1,"turns":3},{"damage":1,"enemies":"Cultist","floor":3,"turns":3},{"damage":0,"enemies":"2 Louse","floor":4,"turns":1},{"damage":0,"enemies":"Large Slime","floor":5,"turns":4},{"damage":26,"enemies":"Lagavulin","floor":7,"turns":6},{"damage":8,"enemies":"Gremlin Nob","floor":8,"turns":3},{"damage":2,"enemies":"3 Sentries","floor":10,"turns":7},{"damage":0,"enemies":"Looter","floor":11,"turns":2},{"damage":5,"enemies":"Lagavulin","floor":13,"turns":6},{"damage":0,"enemies":"Blue Slaver","floor":14,"turns":2},{"damage":26,"enemies":"Slime Boss","floor":16,"turns":10}],"seed_played":"-2633772230840282231","potions_obtained":[{"floor":1,"key":"SteroidPotion"},{"floor":3,"key":"Explosive Potion"},{"floor":4,"key":"AttackPotion"},{"floor":7,"key":"Block Potion"},{"floor":8,"key":"FocusPotion"}],"is_trial":false,"path_per_floor":["M","$","M","M","M","R","E","E","T","E","M","R","E","M","R","B"],"character_chosen":"DEFECT","items_purchased":["Melter"],"campfire_rested":0,"item_purchase_floors":[2],"current_hp_per_floor":[66,66,65,65,65,65,39,31,31,34,34,34,39,39,39,13,13],"gold":300,"neow_bonus":"ONE_RARE_RELIC","is_daily":false,"chose_seed":false,"campfire_upgraded":3,"win_rate":0.0,"timestamp":1611969289,"path_taken":["M","$","M","M","M","R","E","E","T","E","M","R","E","M","R","BOSS"],"items_purchased_type":["Card"],"build_version":"2020-12-22","purchased_purges":1,"victory":false,"max_hp_per_floor":[75,75,75,75,75,75,75,75,75,75,75,75,75,75,75,75,75],"card_choices":[{"not_picked":["Gash","Compile Driver"],"picked":"Sunder","floor":1},{"not_picked":["Steam Power","Auto Shields"],"picked":"Leap","floor":3},{"not_picked":["Compile Driver","Redo"],"picked":"Core Surge","floor":4},{"not_picked":["Heatsinks","Self Repair"],"picked":"Chill","floor":5},{"not_picked":["Compile Driver","Sweeping Beam","Barrage"],"picked":"SKIP","floor":7},{"not_picked":["Compile Driver","Redo"],"picked":"Thunder Strike","floor":8},{"not_picked":["Blizzard","BootSequence"],"picked":"Defragment","floor":10},{"not_picked":["Sweeping Beam","Rebound"],"picked":"Hologram","floor":11},{"not_picked":["Leap","Streamline"],"picked":"Darkness","floor":13},{"not_picked":["Hello World","Stack","Beam Cell"],"picked":"SKIP","floor":14}],"player_experience":310843,"relics_obtained":[{"floor":7,"key":"Boot"},{"floor":8,"key":"Toy Ornithopter"},{"floor":9,"key":"Anchor"},{"floor":10,"key":"MawBank"},{"floor":13,"key":"Cables"}],"event_choices":[],"is_beta":false,"boss_relics":[],"items_purged_floors":[2],"is_endless":false,"potions_floor_spawned":[1,3,4,7,8],"killed_by":"Slime Boss","ascension_level":9}}