{"host":"9kesdg97wkrx2bva","time":1611995126,"event":{"mods":["AchievementEnabler","BaseMod","Colored Map","GifTheSpireLib","Infinite Spire","Minty Spire (QoL Compilation)","Replay The Spire","StSLib"],"gold_per_floor":[109,109,109,109,128,153,153,185,185,185,185],"floor_reached":10,"language":"ENG","playtime":319,"items_purged":[],"score":141,"play_id":"5bffcded-b019-4cdb-8f7c-5132d644ec59","local_time":"20210130022526","is_ascension_mode":true,"campfire_choices":[{"floor":7,"key":"REST"}],"circlet_count":0,"master_deck":["AscendersBane","Strike_B","Strike_B","Strike_B","Strike_B","Defend_B","Defend_B","Defend_B","Defend_B","Zap+1","Dualcast","Electrodynamics","Capacitor","White Noise","Storm","Echo Form"],"relics":["Cracked Core","Gremlin Horn","FossilizedHelix","Solar Panel","ReplayTheSpireMod:Shallot"],"acts_visited":["Exordium"],"potions_floor_usage":[10],"damage_taken":[{"damage":0,"enemies":"2 Louse","floor":1,"turns":1},{"damage":12,"enemies":"Jaw Worm","floor":5,"turns":3},{"damage":25,"enemies":"3 Sentries","floor":6,"turns":5},{"damage":15,"enemies":"Lagavulin","floor":8,"turns":7},{"damage":19,"enemies":"3 Sentries","floor":10,"turns":7}],"seed_played":"5215781769793051285","potions_obtained":[{"floor":6,"key":"ColorlessPotion"}],"is_trial":false,"path_per_floor":["M","?","T","?","M","E","R","E","T","E"],"character_chosen":"DEFECT","items_purchased":[],"campfire_rested":1,"item_purchase_floors":[],"current_hp_per_floor":[46,46,46,46,34,9,30,15,15,0,0],"gold":185,"neow_bonus":"THREE_RARE_CARDS","is_daily":false,"chose_seed":false,"campfire_upgraded":0,"win_rate":0.0,"timestamp":1611995126,"path_taken":["M","?","?","?","M","E","R","E","T","E"],"items_purchased_type":[],"build_version":"2020-12-22","purchased_purges":0,"victory":false,"max_hp_per_floor":[71,71,71,71,71,71,71,71,71,71,71],"card_choices":[{"not_picked":["Biased Cognition","Seek"],"picked":"Electrodynamics","floor":0},{"not_picked":["Ball Lightning","Coolheaded"],"picked":"Capacitor","floor":1},{"not_picked":["Beam Cell","FTL"],"picked":"White Noise","floor":5},{"not_picked":["ReplaySolidLightProjector","Cold Snap"],"picked":"Storm","floor":6},{"not_picked":["Stack","Sweeping Beam"],"picked":"Echo Form","floor":8}],"player_experience":988393,"relics_obtained":[{"floor":3,"key":"Gremlin Horn"},{"floor":6,"key":"FossilizedHelix"},{"floor":8,"key":"Solar Panel"},{"floor":9,"key":"ReplayTheSpireMod:Shallot"}],"event_choices":[{"damage_healed":0,"gold_gain":0,"player_choice":"Forge","damage_taken":0,"max_hp_gain":0,"max_hp_loss":0,"event_name":"Accursed Blacksmith","floor":4,"gold_loss":0,"cards_upgraded":["Zap"]}],"is_beta":false,"boss_relics":[],"items_purged_floors":[],"is_endless":false,"potions_floor_spawned":[6],"killed_by":"3 Sentries","ascension_level":18}}