{"host":"9gwavclf33b2mpxe","time":1611997120,"event":{"mods":["BaseMod","Bestiary","Block Reminder","Colored Map","Colored Powertips","Downfall","Highlight Path","Minty Spire (QoL Compilation)","Permanent Neow","Quick Restart","Relic Stats","StSLib","SuperFastMode"],"gold_per_floor":[99,99,274,299,311,223,258,304,316,328,790,802,844,874,902,1015,1027,1039,1063,1092,1114,1201,1226,1238,211,111,142,42,68,79,29,41,144,144,144,159,178,191,203,203,203,203,379,379,86,97,122,122,138,138,138,165,15,15,15,15,15,15],"floor_reached":56,"language":"ENG","playtime":4933,"items_purged":["Doubt","bronze:Strike","Parasite","bronze:Strike"],"score":948,"play_id":"9a046dcc-e385-49e0-b9de-da83acc0ae9e","local_time":"20210130165840","is_ascension_mode":false,"campfire_choices":[{"floor":1,"key":"RECALL"},{"data":"bronze:BronzeArmor","floor":6,"key":"SMITH"},{"data":"bronze:Fortify","floor":10,"key":"SMITH"},{"data":"bronze:DazingPulse","floor":12,"key":"SMITH"},{"data":"bronze:BugBarrage","floor":18,"key":"SMITH"},{"data":"expansioncontent:DashGenerateEvil","floor":26,"key":"SMITH"},{"data":"bronze:ItsAFeature","floor":28,"key":"SMITH"},{"data":"bronze:Spike","floor":35,"key":"SMITH"},{"data":"bronze:Repulsor","floor":40,"key":"SMITH"},{"data":"bronze:Verify","floor":42,"key":"SMITH"},{"data":"bronze:AlphaBuild","floor":54,"key":"SMITH"}],"circlet_count":0,"master_deck":["bronze:Strike","bronze:Defend","bronze:Defend","bronze:Replicate","bronze:Goto","bronze:BronzeArmor+1","bronze:WhirlingStrike","bronze:Fortify+1","bronze:Spike+1","bronze:DazingPulse+1","bronze:Explode","bronze:BugBarrage+1","downfall:Icky","downfall:Icky","downfall:Icky","bronze:Frontload","bronze:Flail","bronze:AlphaBuild+1","bronze:Shield+1","bronze:Allocate","bronze:Turbo+1","bronze:Repulsor+1","bronze:Assembly","bronze:BronzeOrb","expansioncontent:DashGenerateEvil+1","bronze:ItsAFeature+1","bronze:FollowUp+1","bronze:BitShift+1","bronze:BugBarrage+1","bronze:Verify+1","bronze:MaxOutput+1","bronze:ItsAFeature","bronze:Refactor+1","downfall:Aged","bronze:MaxOutput+1","bronze:Repulsor+1","bronze:Frontload","downfall:Aged","bronze:CutThrough","bronze:BugBarrage","bronze:BugBarrage+1"],"relics":["bronze:BronzeCore","downfall:HeartsMalice","MawBank","downfall:HeartBlessingRed","Guardian:PocketSentry","Lantern","champ:DuelingGlove","Cursed Key","Darkstone Periapt","Frozen Eye","downfall:HeartBlessingBlue","TungstenRod","downfall:HeartBlessingGreen","bronze:Mallet","bronze:MakeshiftBattery","Frozen Egg 2","OrangePellets","Eternal Feather","hexamod:Sixitude"],"acts_visited":["Exordium","TheCity","TheBeyond","TheEnding"],"potions_floor_usage":[13,16,16,33,56,56,56],"damage_taken":[{"damage":0,"enemies":"2 Louse","floor":2,"turns":1},{"damage":0,"enemies":"Jaw Worm","floor":5,"turns":1},{"damage":0,"enemies":"Gremlin Nob","floor":8,"turns":1},{"damage":11,"enemies":"Gremlin Nob","floor":9,"turns":7},{"damage":15,"enemies":"3 Sentries","floor":13,"turns":4},{"damage":9,"enemies":"Small Slimes","floor":14,"turns":6},{"damage":8,"enemies":"3 Louse","floor":15,"turns":2},{"damage":26,"enemies":"DF_ARCHETYPE_STREAMLINE","floor":16,"turns":7},{"damage":10,"enemies":"Shell Parasite","floor":19,"turns":3},{"damage":0,"enemies":"3 Byrds","floor":20,"turns":2},{"damage":0,"enemies":"Centurion and Healer","floor":21,"turns":4},{"damage":15,"enemies":"Snecko","floor":23,"turns":5},{"damage":0,"enemies":"downfall:FleeingMerchant","floor":25,"turns":4},{"damage":1,"enemies":"Gremlin Leader","floor":27,"turns":5},{"damage":29,"enemies":"Slavers","floor":29,"turns":5},{"damage":0,"enemies":"Chosen and Byrds","floor":30,"turns":4},{"damage":0,"enemies":"Centurion and Healer","floor":32,"turns":2},{"damage":10,"enemies":"WA_ARCHETYPE_CALM","floor":33,"turns":8},{"damage":4,"enemies":"3 Shapes","floor":36,"turns":2},{"damage":0,"enemies":"3 Darklings","floor":37,"turns":6},{"damage":2,"enemies":"Sphere and 2 Shapes","floor":38,"turns":3},{"damage":0,"enemies":"Transient","floor":39,"turns":5},{"damage":0,"enemies":"downfall:FleeingMerchant","floor":43,"turns":3},{"damage":4,"enemies":"Spire Growth","floor":46,"turns":2},{"damage":0,"enemies":"Nemesis","floor":47,"turns":5},{"damage":0,"enemies":"3 Darklings","floor":49,"turns":1},{"damage":13,"enemies":"SI_POISON_ARCHETYPE","floor":50,"turns":7},{"damage":23,"enemies":"downfall:CharBossMerchant","floor":52,"turns":5},{"damage":37,"enemies":"downfall:NeowBoss","floor":55,"turns":10},{"damage":59,"enemies":"downfall:NeowBossFinal","floor":56,"turns":8}],"seed_played":"4906497512807175517","potions_obtained":[{"floor":9,"key":"Explosive Potion"},{"floor":13,"key":"Slimebound:ThreeZeroPotion"},{"floor":14,"key":"sneckomod:MuddlingPotion"},{"floor":19,"key":"Energy Potion"},{"floor":21,"key":"SneckoOil"},{"floor":22,"key":"downfall:CursedFountainPotion"},{"floor":33,"key":"SpeedPotion"}],"is_trial":false,"path_per_floor":["R","M","?","T","M","R","T","E","?","R","?","R","E","M","M","B",null,"R","M","M","M","?","M","T","$","R","E","R","E","M","?","M","B",null,"R","M","M","M","M","R","T","R","$","?","$","M","E","$","M","B",null,"E","$","R","B","B"],"character_chosen":"THE_AUTOMATON","items_purchased":["Darkstone Periapt","bronze:Assembly","bronze:BronzeOrb","Fruit Juice","SteroidPotion","expansioncontent:DashGenerateEvil","Frozen Eye","bronze:MaxOutput+1","OrangePellets","bronze:BugBarrage"],"campfire_rested":0,"item_purchase_floors":[25,25,25,25,25,25,25,43,45,45],"current_hp_per_floor":[70,70,70,70,70,70,70,70,59,59,59,59,44,35,27,1,70,70,60,60,60,70,55,55,55,65,64,64,35,35,65,65,60,85,85,81,81,79,79,79,85,85,85,91,91,87,87,87,87,74,94,71,71,94,57,0,0,0],"gold":15,"neow_bonus":"THREE_ENEMY_KILL","is_daily":false,"chose_seed":false,"campfire_upgraded":10,"win_rate":0.0,"timestamp":1611997120,"path_taken":["R","M","?","?","M","R","T","E","?","R","?","R","E","M","M","BOSS","R","M","M","M","?","M","T","$","R","E","R","E","?","?","M","BOSS","R","M","M","M","M","R","T","R","$","?","$","?","E","?","M","BOSS","E","$","R","BOSS","BOSS"],"items_purchased_type":["Relic","Card","Card","Potion","Potion","Card","Relic","Card","Relic","Card"],"build_version":"2020-12-22","purchased_purges":4,"victory":false,"max_hp_per_floor":[70,70,70,70,70,70,70,70,70,70,70,70,70,70,70,70,70,70,70,70,70,70,70,70,70,80,80,80,80,80,80,80,85,85,85,85,85,85,85,85,91,91,91,97,94,94,94,94,94,94,94,94,94,94,94,94,94,94],"relic_stats":{"Darkstone Periapt":12,"OrangePellets":[23],"counters":[30,124],"Eternal Feather":23,"MawBank":252,"Cursed Key":2,"obtain_stats":[{"Darkstone Periapt":25,"champ:DuelingGlove":13,"Lantern":8,"bronze:BronzeCore":0,"downfall:HeartBlessingRed":6,"hexamod:Sixitude":52,"downfall:HeartsMalice":0,"downfall:HeartBlessingGreen":28,"Eternal Feather":47,"Guardian:PocketSentry":7,"bronze:Mallet":29,"Frozen Egg 2":41,"MawBank":4,"Cursed Key":17,"Frozen Eye":25,"OrangePellets":45,"downfall:HeartBlessingBlue":26,"TungstenRod":27,"bronze:MakeshiftBattery":34},{"Darkstone Periapt":13,"champ:DuelingGlove":5,"Lantern":3,"bronze:BronzeCore":0,"downfall:HeartBlessingRed":2,"hexamod:Sixitude":28,"downfall:HeartsMalice":0,"downfall:HeartBlessingGreen":14,"Eternal Feather":25,"Guardian:PocketSentry":2,"bronze:Mallet":15,"Frozen Egg 2":22,"MawBank":1,"Cursed Key":8,"Frozen Eye":13,"OrangePellets":23,"downfall:HeartBlessingBlue":13,"TungstenRod":14,"bronze:MakeshiftBattery":18},{"Darkstone Periapt":43,"champ:DuelingGlove":11,"Lantern":0,"bronze:BronzeCore":0,"downfall:HeartBlessingRed":0,"hexamod:Sixitude":106,"downfall:HeartsMalice":0,"downfall:HeartBlessingGreen":48,"Eternal Feather":93,"Guardian:PocketSentry":0,"bronze:Mallet":53,"Frozen Egg 2":83,"MawBank":0,"Cursed Key":25,"Frozen Eye":43,"OrangePellets":86,"downfall:HeartBlessingBlue":43,"TungstenRod":48,"bronze:MakeshiftBattery":67}],"TungstenRod":24},"card_choices":[{"not_picked":["bronze:DelayedSlice","bronze:DelayedGuard"],"picked":"bronze:BronzeArmor","floor":2},{"not_picked":["bronze:Frontload","bronze:DarkDash"],"picked":"bronze:WhirlingStrike","floor":5},{"not_picked":["bronze:Terminator","bronze:Overload"],"picked":"bronze:Fortify","floor":8},{"not_picked":[],"picked":"bronze:Spike","floor":9},{"not_picked":[],"picked":"bronze:DazingPulse","floor":9},{"not_picked":[],"picked":"bronze:Explode","floor":9},{"not_picked":["bronze:CutThrough","bronze:Flail"],"picked":"bronze:BugBarrage","floor":9},{"not_picked":["bronze:Branch","bronze:DarkDash"],"picked":"bronze:Hardcode","floor":13},{"not_picked":["bronze:BronzeArmor","bronze:Constructor"],"picked":"bronze:Frontload","floor":14},{"not_picked":["bronze:Constructor","bronze:ForLoop"],"picked":"bronze:Flail","floor":15},{"not_picked":["bronze:ThunderWave","bronze:Library"],"picked":"bronze:AlphaBuild","floor":16},{"not_picked":["bronze:Flail","bronze:DelayedSlice"],"picked":"bronze:Shield+1","floor":19},{"not_picked":["bronze:Safeguard+1","bronze:BuggyMess"],"picked":"bronze:Allocate","floor":20},{"not_picked":["bronze:Invalidate+1","bronze:FineTuning+1"],"picked":"bronze:Turbo+1","floor":21},{"not_picked":["bronze:BugBarrage","bronze:Turbo"],"picked":"bronze:Repulsor","floor":23},{"not_picked":["bronze:WhirlingStrike","bronze:Allocate","bronze:Invalidate"],"picked":"SKIP","floor":25},{"not_picked":["bronze:ChosenStrike","bronze:CutThrough"],"picked":"bronze:ItsAFeature","floor":27},{"not_picked":["bronze:Overheat","bronze:ThunderWave"],"picked":"bronze:FollowUp+1","floor":29},{"not_picked":["bronze:Overheat","bronze:CutThrough"],"picked":"bronze:BitShift+1","floor":30},{"not_picked":["bronze:Deprecate+1","bronze:FollowUp+1"],"picked":"bronze:BugBarrage+1","floor":32},{"not_picked":["bronze:SpaghettiCode","bronze:HyperBeam"],"picked":"bronze:Verify","floor":33},{"not_picked":["bronze:Invalidate","bronze:BuggyMess+1"],"picked":"bronze:MaxOutput+1","floor":36},{"not_picked":["bronze:Invalidate+1","bronze:Separator"],"picked":"bronze:ItsAFeature","floor":37},{"not_picked":["bronze:Overload+1","bronze:Turbo+1"],"picked":"bronze:Refactor+1","floor":38},{"not_picked":["bronze:InfiniteLoop","bronze:Constructor+1","bronze:BronzeArmor+1"],"picked":"SKIP","floor":39},{"not_picked":["bronze:InfiniteBeams+1","bronze:Invalidate","bronze:BitShift+1"],"picked":"SKIP","floor":43},{"not_picked":["bronze:ForLoop+1","bronze:FollowUp+1","bronze:CutThrough+1"],"picked":"SKIP","floor":46},{"not_picked":["bronze:Branch+1","bronze:WhirlingStrike+1","bronze:Iterate+1"],"picked":"SKIP","floor":47},{"not_picked":["bronze:Shield","bronze:Safeguard+1"],"picked":"bronze:BugBarrage+1","floor":49},{"not_picked":["bronze:WhirlingStrike","bronze:OilSpill+1","bronze:Overheat+1"],"picked":"SKIP","floor":52}],"player_experience":127710,"relics_obtained":[{"floor":4,"key":"MawBank"},{"floor":7,"key":"Guardian:PocketSentry"},{"floor":8,"key":"Lantern"},{"floor":13,"key":"champ:DuelingGlove"},{"floor":27,"key":"TungstenRod"},{"floor":29,"key":"bronze:Mallet"},{"floor":41,"key":"Frozen Egg 2"},{"floor":47,"key":"Eternal Feather"},{"floor":52,"key":"hexamod:Sixitude"}],"event_choices":[],"is_beta":false,"boss_relics":[{"not_picked":["bronze:PlatinumCore","SacredBark"],"picked":"Cursed Key"},{"not_picked":["Snecko Eye","Philosopher\u0027s Stone"],"picked":"bronze:MakeshiftBattery"}],"items_purged_floors":[25,43,45,53],"is_endless":false,"potions_floor_spawned":[9,13,14,19,21,29,32,33,37,39,46,52],"killed_by":"downfall:NeowBossFinal","ascension_level":0}}