{"host":"nw4g04f085wnqcgt","time":1611968332,"event":{"mods":["AchievementEnabler","BaseMod","Colored Map","Colored Powertips","DeckTracker","Minty Spire (QoL Compilation)","Relic Sorter","SuperFastMode"],"gold_per_floor":[113,128,128,139,139,139,30,65,112,112,112,112],"floor_reached":11,"language":"ENG","playtime":537,"items_purged":["Infinite Blades"],"score":85,"play_id":"69e1e77e-fc3d-4334-a006-f0ff4a5f5f7e","local_time":"20210129195852","is_ascension_mode":true,"campfire_choices":[{"data":"Neutralize","floor":6,"key":"SMITH"}],"circlet_count":0,"master_deck":["Strike_G","Strike_G","Defend_G","Defend_G","Defend_G","Defend_G","Defend_G","Survivor","Neutralize+1","Dagger Throw","Acrobatics","Footwork","Backflip","Storm of Steel"],"relics":["Ring of the Snake","Golden Idol","Dream Catcher","Art of War"],"acts_visited":["Exordium"],"potions_floor_usage":[4],"damage_taken":[{"damage":0,"enemies":"Cultist","floor":1,"turns":4},{"damage":0,"enemies":"Small Slimes","floor":2,"turns":4},{"damage":0,"enemies":"Jaw Worm","floor":4,"turns":6},{"damage":51,"enemies":"Lagavulin","floor":8,"turns":18},{"damage":8,"enemies":"3 Sentries","floor":11,"turns":2}],"seed_played":"-5345788848847179088","potions_obtained":[{"floor":2,"key":"Block Potion"},{"floor":8,"key":"CultistPotion"}],"is_trial":false,"path_per_floor":["M","M","?","M","?","R","$","E","T","?","E"],"character_chosen":"THE_SILENT","items_purchased":["Footwork"],"campfire_rested":0,"item_purchase_floors":[7],"current_hp_per_floor":[70,70,70,70,53,53,53,2,2,2,0,0],"gold":112,"neow_bonus":"TRANSFORM_CARD","is_daily":false,"chose_seed":false,"campfire_upgraded":1,"win_rate":0.0,"timestamp":1611968332,"path_taken":["M","?","?","M","?","R","$","E","T","?","E"],"items_purchased_type":["Card"],"build_version":"2020-12-22","purchased_purges":1,"victory":false,"max_hp_per_floor":[70,70,70,70,70,70,70,70,70,70,70,70],"card_choices":[{"not_picked":["Dagger Spray","Tactician"],"picked":"Dagger Throw","floor":1},{"not_picked":["Escape Plan","Predator"],"picked":"Acrobatics","floor":2},{"not_picked":["PiercingWail","Dagger Throw","Crippling Poison"],"picked":"SKIP","floor":4},{"not_picked":["Prepared","Underhanded Strike"],"picked":"Backflip","floor":8}],"player_experience":352717,"relics_obtained":[{"floor":8,"key":"Dream Catcher"},{"floor":9,"key":"Art of War"}],"event_choices":[{"cards_removed":["Strike_G"],"damage_healed":0,"gold_gain":0,"player_choice":"Forget","damage_taken":0,"max_hp_gain":0,"max_hp_loss":0,"event_name":"Living Wall","floor":3,"gold_loss":0},{"damage_healed":0,"gold_gain":0,"player_choice":"Take Damage","damage_taken":17,"relics_obtained":["Golden Idol"],"max_hp_gain":0,"max_hp_loss":0,"event_name":"Golden Idol","floor":5,"gold_loss":0},{"damage_healed":0,"gold_gain":0,"cards_transformed":["Strike_G"],"player_choice":"Transformed","damage_taken":0,"max_hp_gain":0,"max_hp_loss":0,"event_name":"Transmorgrifier","floor":10,"gold_loss":0,"cards_obtained":["Storm of Steel"]}],"is_beta":false,"boss_relics":[],"items_purged_floors":[7],"is_endless":false,"potions_floor_spawned":[2,8],"killed_by":"3 Sentries","ascension_level":4}}