{"host":"c44ey07ufggfw2m8","time":1611988582,"event":{"mods":["2.2 Compatiblity","BaseMod","Colored Map","DeckTracker","Highlight Path","Keyboard Shortcuts","Minty Spire (QoL Compilation)","Permanent Neow","Quick Restart","StSLib","SuperFastMode","UnlockEverythingMod"],"gold_per_floor":[113,133,146,146,159,159,177,177,177,192,192,192,218,233,233,233,233],"floor_reached":16,"language":"KOR","playtime":673,"items_purged":[],"score":120,"play_id":"a4500968-f891-4f3b-835a-e0c79e120f81","local_time":"20210130153622","is_ascension_mode":true,"campfire_choices":[{"data":"Eruption","floor":6.0,"key":"SMITH"},{"data":"Blasphemy","floor":8.0,"key":"SMITH"},{"floor":12.0,"key":"REST"},{"data":"FlyingSleeves","floor":15,"key":"SMITH"}],"circlet_count":0,"master_deck":["Strike_P","Strike_P","Strike_P","Strike_P+1","Defend_P","Defend_P","Defend_P","Defend_P","Eruption+1","Vigilance","ThirdEye","Halt","Nirvana+1","Blasphemy+1","JustLucky","FlyingSleeves+1","Evaluate","CutThroughFate"],"relics":["PureWater","WingedGreaves","Matryoshka","Mango"],"acts_visited":["Exordium"],"potions_floor_usage":[13,16,16],"damage_taken":[{"damage":3.0,"enemies":"Jaw Worm","floor":1.0,"turns":5.0},{"damage":4.0,"enemies":"Small Slimes","floor":2.0,"turns":9.0},{"damage":0.0,"enemies":"Cultist","floor":3.0,"turns":3.0},{"damage":5.0,"enemies":"3 Louse","floor":5.0,"turns":4.0},{"damage":14.0,"enemies":"Red Slaver","floor":7.0,"turns":5.0},{"damage":0.0,"enemies":"Large Slime","floor":10.0,"turns":8.0},{"damage":2,"enemies":"Gremlin Nob","floor":13,"turns":3},{"damage":0,"enemies":"Blue Slaver","floor":14,"turns":6},{"damage":44,"enemies":"Hexaghost","floor":16,"turns":11}],"seed_played":"3109623357534578095","potions_obtained":[{"floor":3.0,"key":"Strength Potion"},{"floor":10.0,"key":"Ancient Potion"},{"floor":13,"key":"EntropicBrew"}],"is_trial":false,"path_per_floor":["M","M","M","?","M","R","M","R","T","M","?","R","E","M","R","B"],"character_chosen":"WATCHER","items_purchased":[],"campfire_rested":1,"item_purchase_floors":[],"current_hp_per_floor":[48,44,44,30,25,25,11,11,11,11,11,32,44,44,44,0,0],"gold":233,"neow_bonus":"ONE_RARE_RELIC","is_daily":false,"chose_seed":false,"campfire_upgraded":3,"win_rate":0.0,"timestamp":1611988582,"path_taken":["M","M","M","?","M","R","M","R","T","M","?","R","E","?","R","BOSS"],"items_purchased_type":[],"build_version":"2020-12-22","purchased_purges":0,"victory":false,"max_hp_per_floor":[72,72,72,72,72,72,72,72,72,72,72,72,86,86,86,86,86],"card_choices":[{"not_picked":["Consecrate","Wireheading"],"picked":"ThirdEye","floor":1.0},{"not_picked":["BowlingBash","FlyingSleeves"],"picked":"Halt","floor":2.0},{"not_picked":["CarveReality","Worship"],"picked":"Nirvana","floor":3.0},{"not_picked":["Consecrate","PathToVictory"],"picked":"Blasphemy","floor":5.0},{"not_picked":["Consecrate","Pray"],"picked":"JustLucky","floor":7.0},{"not_picked":["Swivel","Crescendo"],"picked":"FlyingSleeves","floor":10.0},{"not_picked":["Study","Weave"],"picked":"Evaluate","floor":13},{"not_picked":["JustLucky","EmptyFist"],"picked":"CutThroughFate","floor":14}],"player_experience":88763,"relics_obtained":[{"floor":9.0,"key":"Matryoshka"},{"floor":13,"key":"Mango"}],"event_choices":[{"damage_healed":0.0,"max_hp_gain":0.0,"max_hp_loss":0.0,"gold_gain":0.0,"event_name":"Shining Light","player_choice":"Entered Light","floor":4.0,"gold_loss":0.0,"damage_taken":14.0,"cards_upgraded":["Nirvana","Strike_P"]},{"damage_healed":0.0,"max_hp_gain":0.0,"max_hp_loss":0.0,"gold_gain":0.0,"event_name":"The Woman in Blue","player_choice":"Bought 0 Potions","floor":11.0,"gold_loss":0.0,"damage_taken":0.0}],"is_beta":false,"boss_relics":[],"items_purged_floors":[],"is_endless":false,"potions_floor_spawned":[3,10,13],"killed_by":"Hexaghost","ascension_level":3}}