{"host":"iy54rgx5egu9t31x","time":1611980308,"event":{"mods":["2.2 Compatiblity","Act Like it!","Always Whale","BaseMod","Gensokyo","Marisa（F雨　魔理沙）","Minty Spire (QoL Compilation)","Quick Restart","RumiaBox-露米娅的神秘盒子","StSLib","SuperFastMode","The Bug Knight"],"gold_per_floor":[409,423,75,88,104,104,133,450,450,67,65,65,90,102,102,204,204,223,323,335,335,660,686,686,66,89,123,123,448,464,510,510,613,613,626,626,165,182,182,182,219,237,264,3,22,22,22,363,363,563,563,563,23,51,51],"floor_reached":56,"language":"ZHS","playtime":2961,"items_purged":["Regret"],"score":1671,"play_id":"189dd623-3ef0-4f7f-a0eb-8b90c14e8ad8","local_time":"20210130121828","is_ascension_mode":true,"campfire_choices":[{"data":"HollowMod:RecoilStrike","floor":6.0,"key":"SMITH"},{"data":"HollowMod:AwokenDreamNail","floor":15,"key":"SMITH"},{"data":"HollowMod:HerrahsAnger","floor":24,"key":"SMITH"},{"data":"HollowMod:PureNailStrike","floor":32,"key":"SMITH"},{"data":"HollowMod:RecoilStrike","floor":40,"key":"SMITH"},{"floor":49,"key":"RECALL"},{"data":"Gensokyo:SpontaneousHumanCombustion","floor":52,"key":"SMITH"}],"circlet_count":0,"master_deck":["HollowMod:SlysStrikes","HollowMod:AwokenDreamNail+1","HollowMod:CloakDash","HollowMod:RecoilStrike+1","HollowMod:RecoilStrike+1","HollowMod:PerfectDash","HollowMod:InfectedCysts","HollowMod:CloakDash","HollowMod:SoulStrike","HollowMod:NewGlowingWomb","HollowMod:LifebloodCocoon","HollowMod:HuntersJournal","HollowMod:ShapeofUnn","HollowMod:HerrahsAnger+1","HollowMod:DashSlash+1","HollowMod:NewLittleFool","HollowMod:PureNailStrike+1","HollowMod:SoulSplash","Gensokyo:SpontaneousHumanCombustion+1","HollowMod:DashSlash","HollowMod:SoulSplash+1","HollowMod:SlysStrikes","HollowMod:theNailsmith+1","HollowMod:LifebloodCore","HollowMod:SoulVessel+1","HollowMod:DreamGate+1","HollowMod:HowlingWraiths+1","HollowMod:DungDefenderAura+1","HollowMod:ShapeofUnn+1","HollowMod:DescendingDark+1","HollowMod:GreatSlash+1","HollowMod:RecoilStrike+1","HollowMod:AwokenDreamNail","HollowMod:LordofShades","HollowMod:SoulMaster","HollowMod:VengefulVoid+1","HollowMod:MonomonsArchive","Gensokyo:RPG","HollowMod:DreamGate+1","HollowMod:LifebloodCocoon+1","HollowMod:InfectedAttack+1","HollowMod:PerfectDash+1"],"relics":["HollowMod:VesselMask","ClockworkSouvenir","HollowMod:IsmasTear","Centennial Puzzle","SSSystem","Mummified Hand","Gambling Chip","Gensokyo:LunaticRedEyes","Philosopher\u0027s Stone","PlanX","Du-Vu Doll","Pear","Gensokyo:ConquerorOfFear","Mango","Toolbox","Chemical X","Akabeko","HollowMod:MantisClawRelic","Nunchaku","Tiny Chest","ZombieArmy","Baka2","Astrolabe","Oddly Smooth Stone","Ginger","SumBook","Bag of Marbles","PreservedInsect","OrangePellets","Ccalipers","MealTicket","Bag of Preparation","MagicDraw2","Orichalcum","Sundial","Pen Nib"],"acts_visited":["Gensokyo:Gensokyo","Gensokyo:Gensokyoer","Gensokyo:Gensokyoest","TheEnding"],"potions_floor_usage":[7,13,13,16,27,55],"damage_taken":[{"damage":3.0,"enemies":"Gensokyo:Python","floor":1.0,"turns":4.0},{"damage":3.0,"enemies":"Gensokyo:Gryphon","floor":2.0,"turns":2.0},{"damage":19.0,"enemies":"Gensokyo:2_Kodama","floor":4.0,"turns":6.0},{"damage":5.0,"enemies":"Gensokyo:LivingMonolith","floor":5.0,"turns":4.0},{"damage":21,"enemies":"Gensokyo:Aya","floor":7,"turns":8},{"damage":23,"enemies":"Gensokyo:5_Fairies","floor":8,"turns":4},{"damage":1,"enemies":"Gensokyo:CorruptedTreant","floor":11,"turns":2},{"damage":9,"enemies":"Gensokyo:Cirno","floor":13,"turns":8},{"damage":5,"enemies":"Gensokyo:LivingMonolith","floor":14,"turns":3},{"damage":6,"enemies":"Gensokyo:Reimu","floor":16,"turns":7},{"damage":2,"enemies":"Gensokyo:2_Gloops","floor":18,"turns":3},{"damage":3,"enemies":"Gensokyo:2_Gloops","floor":19,"turns":6},{"damage":15,"enemies":"Gensokyo:AngelMirror","floor":20,"turns":2},{"damage":7,"enemies":"Gensokyo:Koishi","floor":23,"turns":6},{"damage":9,"enemies":"Gensokyo:Tenshi","floor":27,"turns":2},{"damage":1,"enemies":"Gensokyo:Reisen","floor":29,"turns":3},{"damage":0,"enemies":"Gensokyo:Monolith_and_Dog","floor":30,"turns":1},{"damage":0,"enemies":"Gensokyo:Eternal_Rivals","floor":33,"turns":6},{"damage":0,"enemies":"Gensokyo:3_Bats","floor":35,"turns":2},{"damage":0,"enemies":"Gensokyo:3_Boulders","floor":38,"turns":2},{"damage":0,"enemies":"Gensokyo:Doremy","floor":41,"turns":3},{"damage":0,"enemies":"Gensokyo:AtlasGolem","floor":42,"turns":3},{"damage":0,"enemies":"Gensokyo:SeedOfUnknown","floor":45,"turns":3},{"damage":0,"enemies":"Gensokyo:Kasen","floor":48,"turns":2},{"damage":19,"enemies":"Gensokyo:Shinki","floor":50,"turns":7},{"damage":0,"enemies":"Shield and Spear","floor":54,"turns":2},{"damage":67,"enemies":"The Heart","floor":55,"turns":6}],"seed_played":"9218057239595238339","potions_obtained":[{"floor":4.0,"key":"Block Potion"},{"floor":5.0,"key":"Swift Potion"},{"floor":8,"key":"SkillPotion"},{"floor":13,"key":"BlessingOfTheForge"},{"floor":16,"key":"ColorlessPotion"},{"floor":19,"key":"EssenceOfSteel"},{"floor":27,"key":"Fruit Juice"},{"floor":38,"key":"BlessingOfTheForge"},{"floor":42,"key":"GamblersBrew"}],"is_trial":false,"path_per_floor":["M","M","COS","M","M","R","E","M","T","$","M","?","E","M","R","B",null,"M","?","M","?","?","E","R","COS","T","E","$","E","M","T","R","B",null,"M","?","$","M","T","R","E","M","T","COS","M","?","?","E","R","B",null,"R","$","E","B",null],"character_chosen":"THE_BUGKNIGHT","items_purchased":["Mummified Hand","HollowMod:NewGlowingWomb","Oddly Smooth Stone","Ginger","Bag of Preparation","MagicDraw2","Orichalcum"],"campfire_rested":0,"item_purchase_floors":[10,10,37,37,53,53,53],"current_hp_per_floor":[144,141,141,122,117,117,96,73,73,73,72,72,63,58,58,52,150,148,155,140,140,140,147,147,147,147,143,143,142,142,142,142,142,179,179,179,179,179,179,179,179,179,179,179,179,179,179,179,179,160,179,179,179,179,112],"gold":51,"neow_bonus":"TRANSFORM_TWO_CARDS","is_daily":false,"chose_seed":false,"campfire_upgraded":6,"win_rate":0.0,"timestamp":1611980308,"path_taken":["M","?","COS","M","M","R","E","M","T","$","?","?","E","M","R","BOSS","M","?","M","?","?","E","R","COS","T","E","?","E","?","?","R","BOSS","M","?","$","M","?","R","E","M","T","COS","M","?","?","E","R","BOSS","R","$","E","BOSS"],"items_purchased_type":["Relic","Card","Relic","Relic","Relic","Relic","Relic"],"build_version":"2020-12-22","purchased_purges":1,"victory":true,"max_hp_per_floor":[150,150,150,150,150,150,150,150,150,150,150,150,150,150,150,150,150,150,160,160,160,160,174,174,174,174,179,179,179,179,179,179,179,179,179,179,179,179,179,179,179,179,179,179,179,179,179,179,179,179,179,179,179,179,179],"card_choices":[{"not_picked":["HollowMod:PureNailStrike","HollowMod:SoulShaman"],"picked":"HollowMod:CloakDash","floor":1.0},{"not_picked":["HollowMod:SiblingsShadow","HollowMod:MonomonsArchive"],"picked":"HollowMod:RecoilStrike","floor":2.0},{"not_picked":["HollowMod:PureNailStrike","HollowMod:SoulSplash"],"picked":"HollowMod:PerfectDash","floor":4.0},{"not_picked":["HollowMod:WraithStrike","HollowMod:LifebloodCocoon"],"picked":"HollowMod:InfectedCysts","floor":5.0},{"not_picked":["HollowMod:RecoilStrike","HollowMod:DescendingDark"],"picked":"HollowMod:CloakDash","floor":7},{"not_picked":["HollowMod:ShadowDash","HollowMod:InfectedCysts"],"picked":"HollowMod:SoulStrike","floor":8},{"not_picked":["HollowMod:SoulStrike","HollowMod:MawleksShell"],"picked":"HollowMod:LifebloodCocoon","floor":11},{"not_picked":["HollowMod:HowlingWraiths","HollowMod:theNailsmith"],"picked":"HollowMod:HuntersJournal","floor":13},{"not_picked":["HollowMod:GoodIntentions","HollowMod:CycloneSlash"],"picked":"HollowMod:ShapeofUnn","floor":14},{"not_picked":["HollowMod:VoidDash","HollowMod:Hiveblood"],"picked":"HollowMod:HerrahsAnger","floor":16},{"not_picked":["HollowMod:InfectedAttack","HollowMod:ShadowDash+1"],"picked":"HollowMod:DashSlash+1","floor":18},{"not_picked":["HollowMod:InfectedAttack","HollowMod:SoulSplash"],"picked":"HollowMod:NewLittleFool","floor":19},{"not_picked":["HollowMod:SoulStrike","HollowMod:NewLittleFool"],"picked":"HollowMod:PureNailStrike","floor":20},{"not_picked":["HollowMod:InfectionAssault","HollowMod:InfectedAttack"],"picked":"HollowMod:SoulSplash","floor":23},{"not_picked":["HollowMod:InfectionAssault","HollowMod:WraithStrike"],"picked":"HollowMod:DashSlash","floor":27},{"not_picked":["HollowMod:WraithStrike+1","HollowMod:DashSlash"],"picked":"HollowMod:SoulSplash+1","floor":29},{"not_picked":["HollowMod:DungDefenderAura","HollowMod:DashSlash"],"picked":"HollowMod:SlysStrikes","floor":30},{"not_picked":["HollowMod:SlysStrikes","HollowMod:NewInfectedGuardian"],"picked":"HollowMod:ElderbugsWisdom","floor":33},{"not_picked":["HollowMod:Hiveblood+1","HollowMod:NewInfectedGuardian+1"],"picked":"HollowMod:theNailsmith+1","floor":33},{"not_picked":["HollowMod:ZotesMagnificence","HollowMod:theNailsmith"],"picked":"HollowMod:LifebloodCore","floor":33},{"not_picked":["HollowMod:ShapeofUnn","HollowMod:DescendingDark+1"],"picked":"HollowMod:DungDefenderAura+1","floor":35},{"not_picked":["HollowMod:InfectedAttack+1","HollowMod:SharpenedShadows+1"],"picked":"HollowMod:ShapeofUnn+1","floor":35},{"not_picked":["HollowMod:WraithStrike+1","HollowMod:SoulSplash"],"picked":"HollowMod:DescendingDark+1","floor":35},{"not_picked":["HollowMod:GoodIntentions+1","HollowMod:WraithStrike+1"],"picked":"HollowMod:GreatSlash+1","floor":35},{"not_picked":["HollowMod:GoodIntentions","HollowMod:VengefulVoid"],"picked":"HollowMod:RecoilStrike","floor":38},{"not_picked":["HollowMod:HerrahsAnger","HollowMod:MothsMistake"],"picked":"HollowMod:VengefulVoid+1","floor":41},{"not_picked":["HollowMod:AbyssShriek+1","HollowMod:SoulStrike"],"picked":"HollowMod:MonomonsArchive","floor":42},{"not_picked":["HollowMod:CycloneSlash+1","HollowMod:CornifersMapStart+1"],"picked":"HollowMod:DreamGate+1","floor":45},{"not_picked":["HollowMod:DescendingDark","HollowMod:HowlingWraiths"],"picked":"HollowMod:LifebloodCocoon+1","floor":45},{"not_picked":["HollowMod:HowlingWraiths+1","HollowMod:FastStrike"],"picked":"HollowMod:InfectedAttack+1","floor":48},{"not_picked":["HollowMod:theNailsmith","HollowMod:HuntersJournal+1"],"picked":"HollowMod:PerfectDash+1","floor":54}],"player_experience":1046672,"relics_obtained":[{"floor":1.0,"key":"Baka"},{"floor":7,"key":"Centennial Puzzle"},{"floor":13,"key":"HollowMod:LifeEnderRelic"},{"floor":19,"key":"PlanX"},{"floor":19,"key":"Du-Vu Doll"},{"floor":19,"key":"Pear"},{"floor":23,"key":"Gensokyo:ConquerorOfFear"},{"floor":23,"key":"Mango"},{"floor":26,"key":"Akabeko"},{"floor":27,"key":"HollowMod:MantisClawRelic"},{"floor":29,"key":"Tiny Chest"},{"floor":31,"key":"ZombieArmy"},{"floor":33,"key":"Baka2"},{"floor":39,"key":"SumBook"},{"floor":41,"key":"Bag of Marbles"},{"floor":43,"key":"PreservedInsect"},{"floor":48,"key":"MealTicket"},{"floor":54,"key":"Sundial"},{"floor":54,"key":"Pen Nib"}],"event_choices":[],"is_beta":false,"boss_relics":[{"not_picked":["Busted Crown","SlaversCollar"],"picked":"Philosopher\u0027s Stone"},{"not_picked":["SacredBark","Empty Cage"],"picked":"Astrolabe"}],"items_purged_floors":[10],"is_endless":false,"potions_floor_spawned":[4,5,8,13,16,19,27,38,41,42],"ascension_level":2}}