{"host":"l84l8xigz5v5foa2","time":1611980076,"event":{"mods":["2.2 Compatiblity","AchievementEnabler","BaseMod","Better Note","Better Vampires","Card Filter","Colored Map","DeckTracker","Downfall","Gremlin Skip","Highlight Path","Keyboard Shortcuts","Minty Spire (QoL Compilation)","Permanent Neow","Quick Restart","Relic Filter","Relic Stats","StSLib","SuperFastMode","Transform Curses","Unknown Chances"],"gold_per_floor":[114,14,14,27,46,46,79,79,79,92,3,23,23,54,54,126,126,146,157,82,82,92,92,92,92,118,118,118,118],"floor_reached":27,"language":"ENG","playtime":585,"items_purged":["hexamod:Strike"],"score":442,"play_id":"bb5ea46c-cec1-46d3-9e76-8993deb556db","local_time":"20210130131436","is_ascension_mode":true,"campfire_choices":[{"data":"hexamod:Rewind","floor":6.0,"key":"SMITH"},{"data":"hexamod:Float","floor":8.0,"key":"SMITH"},{"data":"hexamod:HeatMetal","floor":13.0,"key":"SMITH"},{"data":"hexamod:GhostOfSpireFuture","floor":15.0,"key":"SMITH"},{"data":"hexamod:NightmareGuise","floor":23,"key":"SMITH"}],"circlet_count":0,"master_deck":["AscendersBane","hexamod:Strike","hexamod:Defend","hexamod:Defend","hexamod:Defend","hexamod:Defend","hexamod:Sear","hexamod:Float+1","hexamod:Rewind+1","hexamod:HeatMetal+1","hexamod:HauntingEcho","hexamod:WildfireWeapon","hexamod:PhantomFireball","hexamod:StepThrough","hexamod:SpectersWail","hexamod:GhostOfSpireFuture+1","hexamod:TimeWarp","hexamod:FastForward","hexamod:NightmareGuise+1","hexamod:FourthSeal","hexamod:ThirdSeal","hexamod:FirstSeal"],"relics":["hexamod:SpiritBrand","NeowsBlessing","Akabeko","Meat on the Bone","The Courier","SacredBark","PreservedInsect"],"acts_visited":["TheCity"],"potions_floor_usage":[22],"damage_taken":[{"damage":0.0,"enemies":"Small Slimes","floor":1.0,"turns":1.0},{"damage":0.0,"enemies":"Cultist","floor":4.0,"turns":1.0},{"damage":0.0,"enemies":"2 Louse","floor":5.0,"turns":1.0},{"damage":5.0,"enemies":"3 Sentries","floor":7.0,"turns":5.0},{"damage":13.0,"enemies":"Exordium Thugs","floor":10.0,"turns":4.0},{"damage":0.0,"enemies":"2 Fungi Beasts","floor":12.0,"turns":2.0},{"damage":5.0,"enemies":"Lagavulin","floor":14.0,"turns":4.0},{"damage":17.0,"enemies":"Hexaghost","floor":16.0,"turns":8.0},{"damage":0.0,"enemies":"Chosen","floor":18.0,"turns":3.0},{"damage":14.0,"enemies":"Spheric Guardian","floor":19.0,"turns":4.0},{"damage":23,"enemies":"Chosen and Byrds","floor":22,"turns":4},{"damage":24,"enemies":"Slavers","floor":27,"turns":1}],"seed_played":"-2081005614928633123","potions_obtained":[{"floor":1.0,"key":"hexamod:EctoCoolerPotion"},{"floor":3.0,"key":"Energy Potion"},{"floor":7.0,"key":"SkillPotion"},{"floor":16.0,"key":"FairyPotion"},{"floor":18.0,"key":"Explosive Potion"}],"is_trial":false,"path_per_floor":["M","$","?","M","M","R","E","R","T","M","$","M","R","E","R","B",null,"M","M","?","?","M","R","?","?","T","E"],"character_chosen":"THE_SPIRIT","items_purchased":["hexamod:HeatMetal","hexamod:StepThrough"],"campfire_rested":0,"item_purchase_floors":[2,11],"current_hp_per_floor":[57,57,57,57,57,57,52,52,52,39,39,39,39,34,34,29,55,55,41,41,41,30,30,23,23,23,0,0,0],"gold":118,"neow_bonus":"THREE_ENEMY_KILL","is_daily":false,"chose_seed":false,"campfire_upgraded":5,"win_rate":0.0,"timestamp":1611980076,"path_taken":["M","$","?","M","?","R","E","R","T","M","?","M","R","E","R","BOSS","M","?","?","?","?","R","?","?","T","E"],"items_purchased_type":["Card","Card"],"build_version":"2020-12-22","purchased_purges":1,"victory":false,"max_hp_per_floor":[63,63,63,63,63,63,63,63,63,63,63,63,63,63,63,63,63,63,63,63,63,63,63,63,63,63,63,63,63],"relic_stats":{"counters":[12,38],"PreservedInsect":40,"obtain_stats":[{"NeowsBlessing":0,"SacredBark":17,"The Courier":14,"PreservedInsect":26,"hexamod:SpiritBrand":0,"Akabeko":7,"Meat on the Bone":9},{"NeowsBlessing":0,"SacredBark":8,"The Courier":7,"PreservedInsect":11,"hexamod:SpiritBrand":0,"Akabeko":4,"Meat on the Bone":4},{"NeowsBlessing":0,"SacredBark":26,"The Courier":18,"PreservedInsect":37,"hexamod:SpiritBrand":0,"Akabeko":8,"Meat on the Bone":8}],"Meat on the Bone":24},"card_choices":[{"not_picked":["hexamod:HeatCrush","hexamod:ThermalTransfer"],"picked":"hexamod:Rewind","floor":1.0},{"not_picked":["hexamod:SecondSeal","hexamod:HeatShield"],"picked":"hexamod:HauntingEcho","floor":4.0},{"not_picked":["hexamod:PowerFromBeyond","hexamod:HauntingEcho"],"picked":"hexamod:SuperheatedStrike","floor":5.0},{"not_picked":["hexamod:ShieldOfDarkness","hexamod:SuperheatedStrike"],"picked":"hexamod:WildfireWeapon","floor":7.0},{"not_picked":["hexamod:NightmareStrike","hexamod:ChargedBarrage"],"picked":"hexamod:PhantomFireball","floor":10.0},{"not_picked":["hexamod:BacktrackSmack","hexamod:PhantomCloak"],"picked":"hexamod:SpectersWail","floor":12.0},{"not_picked":["hexamod:PowerFromBeyond","hexamod:RetreatToShadows"],"picked":"hexamod:GhostOfSpireFuture","floor":14.0},{"not_picked":["hexamod:ParanormalForm","hexamod:SixthSeal"],"picked":"hexamod:TimeWarp","floor":16.0},{"not_picked":["hexamod:GhostLash","hexamod:BurningTouch"],"picked":"hexamod:FastForward","floor":18.0},{"not_picked":["hexamod:DynamicBlow+1","hexamod:FlamesFromBeyond","hexamod:HauntingEcho"],"picked":"SKIP","floor":19.0},{"not_picked":["hexamod:RainOfEmbers","hexamod:NightmareStrike"],"picked":"hexamod:NightmareGuise","floor":22}],"player_experience":3506721,"relics_obtained":[{"floor":7.0,"key":"Akabeko"},{"floor":9.0,"key":"Meat on the Bone"},{"floor":14.0,"key":"The Courier"},{"floor":26,"key":"PreservedInsect"}],"event_choices":[{"damage_healed":0.0,"max_hp_gain":0.0,"max_hp_loss":0.0,"gold_gain":0.0,"event_name":"Lab","player_choice":"Got Potions","floor":3.0,"gold_loss":0.0,"damage_taken":0.0},{"cards_removed":["hexamod:Strike"],"damage_healed":0.0,"max_hp_gain":0.0,"max_hp_loss":0.0,"gold_gain":0.0,"event_name":"Beggar","player_choice":"Gave Gold","floor":20.0,"gold_loss":75.0,"damage_taken":0.0},{"damage_healed":0.0,"max_hp_gain":0.0,"max_hp_loss":0.0,"gold_gain":0.0,"event_name":"The Mausoleum","player_choice":"Ignored","floor":21.0,"gold_loss":0.0,"damage_taken":0.0}],"is_beta":false,"boss_relics":[{"not_picked":["Astrolabe","SlaversCollar"],"picked":"SacredBark"}],"items_purged_floors":[2],"is_endless":false,"potions_floor_spawned":[1,7,16,18],"killed_by":"Slavers","ascension_level":20}}