{"host":"juoup3p5tvzzktl5","time":1611981290,"event":{"mods":["ATMod(∞¢Ë™Mod)","Aspiration","BaseMod","Better Vampires","BetterRewards","Colored Map","Colored Powertips","Downfall","Friendly Minions","GifTheSpireLib","Hermit","Hubris","Infinite Spire","KinomotoSakuraMod(ƒæ÷Æ±æ”£)","Koishi","KomeijiMod","Marisa£®ÏF”Í°°ƒß¿Ì…≥£©","Minty Spire (QoL Compilation)","Quick Restart","Reimu£®≤©¿ˆ¡È√Œ£©","Relic Filter Mod","Reliquary","Replay The Spire","Shop Mod","StSLib","The Administrix","The Alterego","The Bug Knight","The Construct","The Cursed","The Jungle","The Mystic","The Runesmith","The Senshi","Youmu£®ªÍ∆«—˝√Œ£©","Yuyuko"],"gold_per_floor":[99,109,19,19,30,55,78,2,17,31,31,50,50,67,78,78,78,78],"floor_reached":16,"language":"ZHS","playtime":1423,"items_purged":["Guardian:Defend_Guardian"],"score":104,"play_id":"745e4bb0-9d2a-41a0-8120-6062470cf8d0","local_time":"20210130133450","is_ascension_mode":false,"campfire_choices":[{"data":"Guardian:CurlUp","floor":1.0,"key":"SMITH"},{"floor":13.0,"key":"REST"}],"circlet_count":0,"master_deck":["Guardian:Strike_Guardian","Guardian:Strike_Guardian","Guardian:Strike_Guardian","Guardian:Strike_Guardian","Guardian:Defend_Guardian","Guardian:Defend_Guardian","Guardian:Defend_Guardian","Guardian:CurlUp+1","Guardian:TwinSlam","Guardian:Gem_Lightblue","Guardian:Recover","Guardian:Gem_Cyan","Guardian:ChargeCore","Guardian:StasisEngine","Guardian:Gem_Purple","Guardian:Gem_Purple","Guardian:TemporalShield","Guardian:MultiBeam","Guardian:BronzeOrb","Guardian:Gem_Green","Guardian:SphericShield"],"relics":["Guardian:ModeShifter","AT_ATBox","reliquary:TuningFork","Art of War"],"acts_visited":["Exordium"],"potions_floor_usage":[16],"damage_taken":[{"damage":2.0,"enemies":"Small Slimes","floor":2.0,"turns":4.0},{"damage":0.0,"enemies":"downfall:FleeingMerchant","floor":3.0,"turns":4.0},{"damage":1.0,"enemies":"Jaw Worm","floor":5.0,"turns":5.0},{"damage":53.0,"enemies":"3 Sentries","floor":6.0,"turns":23.0},{"damage":2.0,"enemies":"downfall:FleeingMerchant","floor":8.0,"turns":4.0},{"damage":0.0,"enemies":"Cultist","floor":9.0,"turns":4.0},{"damage":9.0,"enemies":"Exordium Thugs","floor":10.0,"turns":5.0},{"damage":5.0,"enemies":"Exordium Wildlife","floor":12.0,"turns":6.0},{"damage":9.0,"enemies":"2 Fungi Beasts","floor":14.0,"turns":3.0},{"damage":8,"enemies":"Exordium Thugs","floor":15,"turns":3},{"damage":30,"enemies":"SI_SHIV_ARCHETYPE","floor":16,"turns":7}],"seed_played":"-2769173954699025805","potions_obtained":[{"floor":5.0,"key":"Venom Potion"},{"floor":6.0,"key":"champ:CounterPotion"},{"floor":12.0,"key":"Explosive Potion"},{"floor":14.0,"key":"GrandPatriotsElixir:ReiMu"}],"is_trial":false,"path_per_floor":["R","M","$","?","M","E","T","$","M","M","?","M","R","M","M","B"],"character_chosen":"GUARDIAN","items_purchased":["Guardian:Gem_Purple"],"campfire_rested":1,"item_purchase_floors":[8],"current_hp_per_floor":[88,86,86,86,85,32,32,30,30,21,21,16,42,33,25,0,0,0],"gold":78,"neow_bonus":"TEN_PERCENT_HP_BONUS","is_daily":false,"chose_seed":false,"campfire_upgraded":1,"win_rate":0.0,"timestamp":1611981290,"path_taken":["R","M","$","?","M","E","T","$","M","M","?","M","R","M","M","BOSS"],"items_purchased_type":["Card"],"build_version":"2020-12-22","purchased_purges":1,"victory":false,"max_hp_per_floor":[88,88,88,88,88,88,88,88,88,88,88,88,88,88,88,88,88,88],"card_choices":[{"not_picked":["Guardian:DecasProtection","Guardian:Clone"],"picked":"Guardian:Gem_Lightblue","floor":2.0},{"not_picked":["Guardian:Gem_Lightblue","Guardian:Gem_Crimson"],"picked":"Guardian:Recover","floor":3.0},{"not_picked":["Guardian:TimeBomb","Guardian:TimeCapacitor"],"picked":"Guardian:Gem_Cyan","floor":5.0},{"not_picked":["Guardian:TemporalStrike","Guardian:Gem_Lightblue"],"picked":"Guardian:ChargeCore","floor":6.0},{"not_picked":["Guardian:SpikerProtocol","Guardian:Gem_Synthetic"],"picked":"Guardian:StasisEngine","floor":8.0},{"not_picked":["Guardian:Harden","Guardian:DecasProtection","Guardian:Gem_Cyan"],"picked":"SKIP","floor":9.0},{"not_picked":["Guardian:RollAttack","Guardian:BronzeOrb","Guardian:SentryBeam"],"picked":"SKIP","floor":10.0},{"not_picked":["Guardian:ArmoredProtocol","Guardian:PrismaticBarrier","Guardian:Gem_Fragmented"],"picked":"SKIP","floor":12.0},{"not_picked":["Guardian:Gem_Purple","Guardian:VentSteam"],"picked":"Guardian:Gem_Green","floor":14.0},{"not_picked":["Guardian:TemporalStrike","Guardian:PolyBeam"],"picked":"Guardian:SphericShield","floor":15}],"player_experience":1127676,"relics_obtained":[{"floor":6.0,"key":"reliquary:TuningFork"},{"floor":7.0,"key":"Art of War"}],"event_choices":[],"is_beta":false,"boss_relics":[],"items_purged_floors":[3],"is_endless":false,"potions_floor_spawned":[5,6,12,14,15],"killed_by":"SI_SHIV_ARCHETYPE","ascension_level":0}}