{"host":"dcj2yvrgcvh5dl2s","time":1611978922,"event":{"mods":["BaseMod","Bestiary","Better Note","Block Reminder","Colored Powertips","Curses Come First","DeckTracker","Minty Spire (QoL Compilation)","Quick Restart","Rare Cards Sparkle","Relic Stats","StSLib"],"gold_per_floor":[361,361,361,376,53,53,24,56,102,120,133,168,8,27,27,104,104,119,129,129,129,129,129],"floor_reached":22,"language":"ENG","playtime":1662,"items_purged":["Writhe"],"score":413,"play_id":"79de976c-2c64-4e2c-9dab-766ebc26cb49","local_time":"20210130135522","is_ascension_mode":true,"campfire_choices":[{"floor":15,"key":"REST"}],"circlet_count":0,"master_deck":["AscendersBane","Defend_R","Defend_R","Defend_R","Defend_R","Bash+1","Pommel Strike+1","Demon Form","Flex","Sword Boomerang","Panacea","Intimidate","Body Slam","Offering","Whirlwind","Heavy Blade","Impervious","Flex","Bite","Bite","Bite","Bite","Bite"],"relics":["Burning Blood","PreservedInsect","Akabeko","Question Card","Juzu Bracelet","Cursed Key"],"acts_visited":["Exordium","TheCity"],"potions_floor_usage":[6,8,8,16,18],"damage_taken":[{"damage":15,"enemies":"Small Slimes","floor":1,"turns":5},{"damage":7,"enemies":"2 Louse","floor":4,"turns":3},{"damage":35,"enemies":"Gremlin Nob","floor":8,"turns":4},{"damage":0,"enemies":"Cultist","floor":10,"turns":2},{"damage":9,"enemies":"Exordium Thugs","floor":11,"turns":3},{"damage":21,"enemies":"Lagavulin","floor":12,"turns":5},{"damage":6,"enemies":"Blue Slaver","floor":14,"turns":1},{"damage":25,"enemies":"Slime Boss","floor":16,"turns":8},{"damage":25,"enemies":"Spheric Guardian","floor":18,"turns":4},{"damage":34,"enemies":"Chosen","floor":19,"turns":5},{"damage":11,"enemies":"Sentry and Sphere","floor":22,"turns":2}],"seed_played":"-9160211135955740879","potions_obtained":[{"floor":1,"key":"Block Potion"},{"floor":4,"key":"Block Potion"},{"floor":6,"key":"BloodPotion"},{"floor":6,"key":"CultistPotion"},{"floor":14,"key":"PowerPotion"},{"floor":16,"key":"AttackPotion"}],"is_trial":false,"path_per_floor":["M","?","?","M","$","?","$","E","T","M","M","E","$","M","R","B",null,"M","M","?","?","M"],"character_chosen":"IRONCLAD","items_purchased":["Flex","Sword Boomerang","Panacea","Intimidate","Body Slam","Juzu Bracelet"],"campfire_rested":1,"item_purchase_floors":[5,5,5,5,7,13],"current_hp_per_floor":[59,36,36,35,35,50,50,21,21,27,24,9,9,9,31,12,59,40,12,3,3,0,0],"gold":129,"neow_bonus":"TWO_FIFTY_GOLD","is_daily":false,"chose_seed":false,"campfire_upgraded":0,"win_rate":0.0,"timestamp":1611978922,"path_taken":["M","?","?","?","?","?","$","E","T","M","M","E","$","M","R","BOSS","M","M","?","?","M"],"items_purchased_type":["Card","Card","Card","Card","Card","Relic"],"build_version":"2020-12-22","purchased_purges":1,"victory":false,"max_hp_per_floor":[75,75,75,75,75,75,75,75,75,75,75,75,75,75,75,75,75,75,75,75,52,52,52],"relic_stats":{"counters":[11,42],"PreservedInsect":29,"Juzu Bracelet":1,"Question Card":4,"Cursed Key":0,"obtain_stats":[{"PreservedInsect":8,"Juzu Bracelet":13,"Question Card":12,"Cursed Key":17,"Burning Blood":0,"Akabeko":9},{"PreservedInsect":3,"Juzu Bracelet":6,"Question Card":6,"Cursed Key":8,"Burning Blood":0,"Akabeko":3},{"PreservedInsect":12,"Juzu Bracelet":22,"Question Card":22,"Cursed Key":31,"Burning Blood":0,"Akabeko":12}],"Burning Blood":60},"card_choices":[{"not_picked":["Headbutt","Sever Soul"],"picked":"Pommel Strike","floor":1},{"not_picked":["Iron Wave","Rupture","Ghostly Armor"],"picked":"SKIP","floor":4},{"not_picked":["Thunderclap","Body Slam"],"picked":"Offering","floor":8},{"not_picked":["Evolve","Rampage","Searing Blow"],"picked":"SKIP","floor":10},{"not_picked":["Headbutt","Spot Weakness","Combust"],"picked":"SKIP","floor":11},{"not_picked":["Body Slam","Perfected Strike"],"picked":"Whirlwind","floor":12},{"not_picked":["Rampage","Bloodletting","Dual Wield"],"picked":"Heavy Blade","floor":14},{"not_picked":["Barricade","Immolate","Exhume"],"picked":"Impervious","floor":16},{"not_picked":["Entrench","Combust","Heavy Blade","Twin Strike"],"picked":"SKIP","floor":18},{"not_picked":["Sever Soul","Body Slam","Seeing Red+1"],"picked":"Flex","floor":19}],"player_experience":2297744,"relics_obtained":[{"floor":8,"key":"PreservedInsect"},{"floor":9,"key":"Akabeko"},{"floor":12,"key":"Question Card"}],"event_choices":[{"damage_healed":0,"gold_gain":0,"player_choice":"Entered Light","damage_taken":23,"max_hp_gain":0,"max_hp_loss":0,"event_name":"Shining Light","floor":2,"gold_loss":0,"cards_upgraded":["Pommel Strike","Bash"]},{"damage_healed":0,"gold_gain":0,"cards_transformed":["Strike_R"],"player_choice":"Transformed","damage_taken":0,"max_hp_gain":0,"max_hp_loss":0,"event_name":"Transmorgrifier","floor":3,"gold_loss":0,"cards_obtained":["Demon Form"]},{"damage_healed":0,"gold_gain":0,"player_choice":"Got Potions","damage_taken":0,"max_hp_gain":0,"max_hp_loss":0,"event_name":"Lab","floor":6,"gold_loss":0},{"damage_healed":0,"gold_gain":0,"player_choice":"Stopped","damage_taken":9,"max_hp_gain":0,"max_hp_loss":0,"event_name":"Cursed Tome","floor":20,"gold_loss":0},{"damage_healed":0,"gold_gain":0,"player_choice":"Became a vampire","damage_taken":0,"max_hp_gain":0,"max_hp_loss":23,"event_name":"Vampires","floor":21,"gold_loss":0,"cards_obtained":["Bite","Bite","Bite","Bite","Bite"]}],"is_beta":false,"boss_relics":[{"not_picked":["Ectoplasm","Astrolabe"],"picked":"Cursed Key"}],"items_purged_floors":[5],"is_endless":false,"potions_floor_spawned":[1,4,14,16],"killed_by":"Sentry and Sphere","ascension_level":20}}