{"host":"lehz9p79pih88cc3","time":1611981453,"event":{"mods":["AchievementEnabler","Act Like it!","BaseMod","Downfall","Minty Spire (QoL Compilation)","Permanent Neow","Quick Restart","Reimu??????","Relic Stats","Replay The Spire","SacredBarkPlus","StSLib","The Administrix","The Construct","The Mystic","The Runesmith","The Servant 0.9.4","Transform Curses","Uncapped","Yakumo Yukari mod"],"gold_per_floor":[101,112,126,144,294,313,339,38,38,68,83,115,127,152,180,287,299,311,340,372,73,88,88,113,132,146,180,196,215,215,225,235,333,333,333,348,398,417,417,26,26,126,155,166,166,166,184,180,198,198],"floor_reached":51,"language":"ENG","playtime":6026,"items_purged":["AdministrixMod:Strike_Administrix","AdministrixMod:Strike_Administrix"],"score":775,"play_id":"2ea9d19d-5b73-45dd-8cf1-8b167b081fe9","local_time":"20210129233733","is_ascension_mode":true,"campfire_choices":[{"floor":1,"key":"DIG"},{"data":"AdministrixMod:SeventeenArticleLaser","floor":9,"key":"SMITH"},{"data":"AdministrixMod:WifeLightning","floor":18,"key":"SMITH"},{"data":"AdministrixMod:FiendishCrimson","floor":18,"key":"SMITH"},{"floor":30,"key":"REST"},{"data":"AdministrixMod:FaithfulFlames","floor":35,"key":"SMITH"},{"data":"AdministrixMod:ShadowPlay","floor":35,"key":"SMITH"},{"data":"AdministrixMod:RisingSunPrince","floor":46,"key":"SMITH"},{"data":"AdministrixMod:XianArts","floor":46,"key":"SMITH"}],"circlet_count":0,"master_deck":["AdministrixMod:RedCloak","AdministrixMod:Defend_Administrix+1","AdministrixMod:Defend_Administrix+1","AdministrixMod:Defend_Administrix+1","AdministrixMod:Defend_Administrix+1","AdministrixMod:BlueCloak","AdministrixMod:Transition","AdministrixMod:SeventeenArticleLaser+1","downfall:Icky","AdministrixMod:ShadowPlay+1","AdministrixMod:RisingSunPrince+1","AdministrixMod:JustRewards","AdministrixMod:CastOffRegrets","AdministrixMod:FiendishCrimson+1","AdministrixMod:TouchOfCinnabar","AdministrixMod:ChooseYourEnd","AdministrixMod:WifeLightning+1","AdministrixMod:XianArts+1","AdministrixMod:Metempsychosis","AdministrixMod:TouchOfCinnabar","AdministrixMod:RisingSunPrince+1","AdministrixMod:ShadowPlay+1","AdministrixMod:FaithfulFlames+1","AdministrixMod:MixOfMercury+1","AdministrixMod:ChooseYourEnd+1","AdministrixMod:RisingSunPrince+1","Finesse"],"relics":["Black Star","Strawberry","Pen Nib","Durian","Replay:Bottled Eggs","Blue Doll","Replay:Arrowhead","MawBank","construct:ClawGrip","Gambling Chip","Dream Catcher","Replay:Ringing Soul","Eternal Feather","Philosopher\u0027s Stone","AdministrixMod:KeyOfKings","FossilizedHelix","Mango","PureWhite:ReiMu","BranchBurnRelic","Strange Spoon"],"acts_visited":["Exordium","TheCity","TheBeyond"],"potions_floor_usage":[15,16,16,33,44,50,50],"damage_taken":[{"damage":1,"enemies":"Jaw Worm","floor":2,"turns":2},{"damage":0,"enemies":"Small Slimes","floor":3,"turns":3},{"damage":4,"enemies":"Cultist","floor":4,"turns":3},{"damage":4,"enemies":"2 Fungi Beasts","floor":6,"turns":4},{"damage":0,"enemies":"downfall:FleeingMerchant","floor":8,"turns":4},{"damage":13,"enemies":"Gremlin Nob","floor":10,"turns":3},{"damage":3,"enemies":"Red Slaver","floor":11,"turns":2},{"damage":6,"enemies":"3 Sentries","floor":12,"turns":3},{"damage":0,"enemies":"Exordium Wildlife","floor":14,"turns":3},{"damage":5,"enemies":"Large Slime","floor":15,"turns":3},{"damage":27,"enemies":"SI_SHIV_ARCHETYPE","floor":16,"turns":13},{"damage":4,"enemies":"Shell Parasite","floor":19,"turns":4},{"damage":12,"enemies":"Spheric Guardian","floor":20,"turns":4},{"damage":2,"enemies":"downfall:FleeingMerchant","floor":21,"turns":4},{"damage":4,"enemies":"Chosen and Byrds","floor":22,"turns":4},{"damage":1,"enemies":"Snake Plant","floor":25,"turns":6},{"damage":15,"enemies":"3 Cultists","floor":26,"turns":4},{"damage":37,"enemies":"Book of Stabbing","floor":27,"turns":8},{"damage":0,"enemies":"Centurion and Healer","floor":28,"turns":3},{"damage":3,"enemies":"Sentry and Sphere","floor":29,"turns":6},{"damage":9,"enemies":"Chosen and Byrds","floor":31,"turns":6},{"damage":6,"enemies":"Cultist and Chosen","floor":32,"turns":5},{"damage":28,"enemies":"DF_ARCHETYPE_CLAW","floor":33,"turns":11},{"damage":5,"enemies":"3 Darklings","floor":36,"turns":4},{"damage":21,"enemies":"3 Darklings","floor":37,"turns":5},{"damage":19,"enemies":"Orb Walker","floor":38,"turns":5},{"damage":0,"enemies":"downfall:FleeingMerchant","floor":40,"turns":4},{"damage":8,"enemies":"R_Hoarder","floor":43,"turns":8},{"damage":8,"enemies":"3 Darklings","floor":44,"turns":6},{"damage":4,"enemies":"4 Shapes","floor":47,"turns":3},{"damage":0,"enemies":"downfall:FleeingMerchant","floor":48,"turns":4},{"damage":12,"enemies":"Sphere and 2 Shapes","floor":49,"turns":5},{"damage":13,"enemies":"IC_BLOCK_ARCHETYPE","floor":50,"turns":11}],"seed_played":"-5398270658647901991","potions_obtained":[{"floor":3,"key":"Swift Potion"},{"floor":4,"key":"Guardian:BlockOnCardUsePotion"},{"floor":6,"key":"GamblersBrew"},{"floor":11,"key":"Adrenaline Potion"},{"floor":20,"key":"Swift Potion"},{"floor":28,"key":"construct:ShiftPotion"},{"floor":29,"key":"DuplicationPotion"},{"floor":32,"key":"LiquidMemories"},{"floor":38,"key":"Languid Potion"}],"is_trial":false,"path_per_floor":["R","M","M","M","?","M","T","$","R","E","M","E","?","M","M","B",null,"R","M","M","$","M","?","T","M","M","E","M","M","R","M","M","B",null,"R","M","?","M","?","$","T","?","E","M","?","R","M","$","M","B",null],"character_chosen":"TheAdministrix","items_purchased":["Durian","Gambling Chip","AdministrixMod:KeyOfKings","Strange Spoon","Finesse"],"campfire_rested":1,"item_purchase_floors":[8,21,40,48,48],"current_hp_per_floor":[72,71,71,67,67,63,63,68,68,55,52,46,46,46,45,22,77,77,77,67,72,75,75,75,77,62,32,32,39,75,73,77,59,86,86,81,60,51,51,61,61,61,77,76,76,91,96,106,94,102],"gold":198,"neow_bonus":"BOSS_RELIC","is_daily":false,"chose_seed":false,"campfire_upgraded":7,"win_rate":0.0,"timestamp":1611981453,"path_taken":["R","M","M","M","?","M","T","$","R","E","M","E","?","?","M","BOSS","R","M","M","$","M","?","T","?","M","E","M","M","R","M","M","BOSS","R","M","?","M","?","?","T","?","E","?","?","R","M","$","M","BOSS"],"items_purchased_type":["Relic","Relic","Relic","Relic","Card"],"build_version":"2020-12-22","purchased_purges":2,"victory":true,"max_hp_per_floor":[72,72,72,72,72,72,72,77,77,77,77,77,77,77,77,77,77,77,77,77,77,77,77,77,77,77,77,77,80,80,80,83,86,86,86,86,86,89,89,92,92,92,109,109,109,109,109,112,112,112],"relic_stats":{"Strange Spoon":[29],"Dream Catcher":1,"counters":[33,163],"Gambling Chip":[40],"Eternal Feather":27,"Pen Nib":[38],"Black Star":4,"MawBank":108,"obtain_stats":[{"construct:ClawGrip":17,"Dead Branch":37,"AdministrixMod:KeyOfKings":40,"Blue Doll":10,"Eternal Feather":27,"Mango":43,"AdministrixMod:ConductorRitualBaton":0,"Pen Nib":7,"MawBank":12,"Replay:Arrowhead":12,"Replay:Ringing Soul":27,"BranchBurnRelic":46,"Strange Spoon":48,"Dream Catcher":24,"PureWhite:ReiMu":43,"Strawberry":1,"Gambling Chip":21,"Philosopher\u0027s Stone":34,"Black Star":0,"Durian":8,"Replay:Bottled Eggs":10,"FossilizedHelix":41},{"construct:ClawGrip":11,"Dead Branch":25,"AdministrixMod:KeyOfKings":27,"Blue Doll":6,"Eternal Feather":18,"Mango":28,"AdministrixMod:ConductorRitualBaton":0,"Pen Nib":4,"MawBank":8,"Replay:Arrowhead":8,"Replay:Ringing Soul":18,"BranchBurnRelic":29,"Strange Spoon":31,"Dream Catcher":15,"PureWhite:ReiMu":28,"Strawberry":0,"Gambling Chip":14,"Philosopher\u0027s Stone":23,"Black Star":0,"Durian":5,"Replay:Bottled Eggs":6,"FossilizedHelix":27},{"construct:ClawGrip":43,"Dead Branch":117,"AdministrixMod:KeyOfKings":126,"Blue Doll":19,"Eternal Feather":77,"Mango":134,"AdministrixMod:ConductorRitualBaton":0,"Pen Nib":12,"MawBank":24,"Replay:Arrowhead":24,"Replay:Ringing Soul":77,"BranchBurnRelic":140,"Strange Spoon":147,"Dream Catcher":59,"PureWhite:ReiMu":134,"Strawberry":0,"Gambling Chip":55,"Philosopher\u0027s Stone":108,"Black Star":0,"Durian":16,"Replay:Bottled Eggs":19,"FossilizedHelix":126}]},"card_choices":[{"not_picked":["AdministrixMod:TrickOfTheLight","AdministrixMod:DreamsMausoleum"],"picked":"AdministrixMod:Transition","floor":2},{"not_picked":["AdministrixMod:Metempsychosis","AdministrixMod:ImmortalGrace","AdministrixMod:FuneraryRites"],"picked":"SKIP","floor":3},{"not_picked":["AdministrixMod:TrickOfTheLight","AdministrixMod:Transition"],"picked":"AdministrixMod:SeventeenArticleLaser","floor":4},{"not_picked":["AdministrixMod:SealAway","AdministrixMod:PlateOfAntiquity"],"picked":"AdministrixMod:ShadowPlay","floor":6},{"not_picked":["AdministrixMod:CenturiesAscent","AdministrixMod:SyncreticSurge"],"picked":"AdministrixMod:RisingSunPrince","floor":8},{"not_picked":["AdministrixMod:Untouchable","AdministrixMod:JustRewards","AdministrixMod:LifeforceNet"],"picked":"SKIP","floor":10},{"not_picked":["AdministrixMod:Untouchable","AdministrixMod:LifeforceNet"],"picked":"AdministrixMod:JustRewards","floor":10},{"not_picked":["AdministrixMod:TrickOfTheLight","AdministrixMod:NoblePath"],"picked":"AdministrixMod:CastOffRegrets","floor":11},{"not_picked":["AdministrixMod:TenDesires","AdministrixMod:NewWardrobe"],"picked":"AdministrixMod:FiendishCrimson","floor":12},{"not_picked":["AdministrixMod:SealAway","AdministrixMod:LightOfYourLife"],"picked":"AdministrixMod:ChooseYourEnd","floor":14},{"not_picked":["AdministrixMod:FuneraryRites","AdministrixMod:TouchOfCinnabar","AdministrixMod:SeventeenArticleLaser"],"picked":"SKIP","floor":15},{"not_picked":["AdministrixMod:ImmortalClarity","AdministrixMod:StarSwordSoul"],"picked":"AdministrixMod:WifeLightning","floor":16},{"not_picked":["AdministrixMod:NoblePath","AdministrixMod:DreamsMausoleum","AdministrixMod:Wuji+1"],"picked":"SKIP","floor":19},{"not_picked":["AdministrixMod:ImmortalGrace","AdministrixMod:BishamonBlessing","AdministrixMod:RebukeDesires"],"picked":"SKIP","floor":20},{"not_picked":["AdministrixMod:NewbornDivinity","AdministrixMod:CenturiesAscent"],"picked":"AdministrixMod:XianArts","floor":21},{"not_picked":["AdministrixMod:RisingSunPrince","AdministrixMod:ArmillarySphere","AdministrixMod:SipOfSparks"],"picked":"SKIP","floor":22},{"not_picked":["AdministrixMod:RebukeDesires+1","AdministrixMod:NewWardrobe"],"picked":"AdministrixMod:TouchOfCinnabar","floor":25},{"not_picked":["AdministrixMod:PassageOfAges","AdministrixMod:Transition","AdministrixMod:FiendishCrimson"],"picked":"SKIP","floor":26},{"not_picked":["AdministrixMod:LightOfYourLife","AdministrixMod:NoblePath+1","AdministrixMod:AmassedMasks"],"picked":"SKIP","floor":27},{"not_picked":["AdministrixMod:ShadowPlay","AdministrixMod:RebukeDesires+1","AdministrixMod:DreamsMausoleum+1"],"picked":"SKIP","floor":28},{"not_picked":["AdministrixMod:Untouchable","AdministrixMod:ImmortalPurity"],"picked":"AdministrixMod:RisingSunPrince+1","floor":29},{"not_picked":["AdministrixMod:Overdrive","AdministrixMod:TrickOfTheLight","AdministrixMod:RebukeDesires"],"picked":"SKIP","floor":31},{"not_picked":["AdministrixMod:TouchOfCinnabar","AdministrixMod:ArmillarySphere"],"picked":"AdministrixMod:ShadowPlay+1","floor":32},{"not_picked":["AdministrixMod:CosmosControl","AdministrixMod:TenDesires"],"picked":"AdministrixMod:FaithfulFlames","floor":33},{"not_picked":["AdministrixMod:Wuji+1","AdministrixMod:GuanyinBlessing+1","AdministrixMod:CrackingPangu+1"],"picked":"SKIP","floor":36},{"not_picked":["AdministrixMod:ArmillarySphere+1","AdministrixMod:RegentEdict+1"],"picked":"AdministrixMod:MixOfMercury+1","floor":38},{"not_picked":["AdministrixMod:Untouchable","AdministrixMod:SyncreticSurge"],"picked":"AdministrixMod:ChooseYourEnd+1","floor":40},{"not_picked":["AdministrixMod:SyncreticPlunge+1","AdministrixMod:Convergence+1"],"picked":"AdministrixMod:RisingSunPrince+1","floor":43},{"not_picked":["AdministrixMod:NoblePath+1","AdministrixMod:MixOfMercury","AdministrixMod:ImmortalPurity"],"picked":"SKIP","floor":44},{"not_picked":["AdministrixMod:RegentEdict","AdministrixMod:Transcension","AdministrixMod:PlateOfAntiquity"],"picked":"SKIP","floor":47},{"not_picked":["AdministrixMod:MixOfMercury","AdministrixMod:Transcension","AdministrixMod:UnstableVigor+1"],"picked":"SKIP","floor":48},{"not_picked":["AdministrixMod:PassageOfAges","AdministrixMod:ImmortalPurity","AdministrixMod:FuneraryRites"],"picked":"SKIP","floor":49}],"player_experience":221781,"relics_obtained":[{"floor":1,"key":"Strawberry"},{"floor":7,"key":"Pen Nib"},{"floor":10,"key":"Replay:Bottled Eggs"},{"floor":10,"key":"Blue Doll"},{"floor":12,"key":"Replay:Arrowhead"},{"floor":12,"key":"MawBank"},{"floor":24,"key":"Dream Catcher"},{"floor":27,"key":"Replay:Ringing Soul"},{"floor":27,"key":"Eternal Feather"},{"floor":37,"key":"Dead Branch"},{"floor":41,"key":"FossilizedHelix"},{"floor":43,"key":"Mango"},{"floor":43,"key":"PureWhite:ReiMu"}],"event_choices":[{"damage_healed":0,"gold_gain":0,"player_choice":"Ignored","damage_taken":0,"max_hp_gain":0,"max_hp_loss":0,"event_name":"Mysterious Sphere","floor":39,"gold_loss":0}],"is_beta":false,"boss_relics":[{"not_picked":["Busted Crown","bronze:MakeshiftBattery"],"picked":"construct:ClawGrip"},{"not_picked":["Coffee Dripper","Replay:Ancient Bell"],"picked":"Philosopher\u0027s Stone"}],"items_purged_floors":[40,48],"is_endless":false,"potions_floor_spawned":[3,4,6,10,11,20,28,29,31,32,38,43],"ascension_level":1}}