{"host":"h78e02h09yhg9y5r","time":1611980246,"event":{"mods":["ATMod(阿瑾Mod)","AchievementEnabler","Act Like it!","Arknights The Spire","Aspiration","BaseMod","BetterRewards","Dota2Spire","Hermit","KinomotoSakuraMod(木之本樱)","Minty Spire (QoL Compilation)","MostiFishMod","Relic Filter Mod","RumiaBox-露米娅的神秘盒子","SIMod","Shop Mod","Spicy Shops","StSLib","The Runesmith","The Servant 0.9.4","【功能Mod】混沌之环修复补丁"],"gold_per_floor":[116,41,116,128,93,122,122,72,121,121,121,140,165,181,181,278,278,290,290,306,25,41,41,41,41],"floor_reached":24,"language":"ZHS","playtime":1749,"items_purged":["Strike_B","AT_ThunderBolt+1"],"score":316,"play_id":"a98657a9-2910-40c3-8cab-7b9aab089cdf","local_time":"20210130121726","is_ascension_mode":true,"campfire_choices":[{"floor":7,"key":"REST"},{"data":"AT_ThunderBolt","floor":10,"key":"SMITH"},{"floor":15,"key":"REST"},{"floor":23,"key":"REST"}],"circlet_count":0,"master_deck":["AscendersBane","Strike_B","Strike_B","Defend_B","Defend_B","Defend_B","Defend_B","Zap","Dualcast","AT_RightCognition","Gash","AT_ThunderBolt+1","Creative AI"],"relics":["Cracked Core","DaveBox","AT_ATBox","NeowsBlessing","AT_TimeSand","Dota2Spire:Vanguard","Dota2Spire:BladeMail","Tiny Chest","ThornShield","Inserter","Membership Card","Ancient Tea Set"],"acts_visited":["Exordium","TheCity"],"potions_floor_usage":[16,22],"damage_taken":[{"damage":0,"enemies":"2 Louse","floor":1,"turns":1},{"damage":0,"enemies":"Small Slimes","floor":4,"turns":1},{"damage":10,"enemies":"3 Sentries","floor":6,"turns":2},{"damage":1,"enemies":"Cultist","floor":12,"turns":4},{"damage":42,"enemies":"Gremlin Nob","floor":13,"turns":5},{"damage":4,"enemies":"Blue Slaver","floor":14,"turns":4},{"damage":10,"enemies":"The Guardian","floor":16,"turns":8},{"damage":3,"enemies":"3 Byrds","floor":18,"turns":3},{"damage":14,"enemies":"Shell Parasite","floor":20,"turns":6},{"damage":38,"enemies":"3 Cultists","floor":22,"turns":6},{"damage":0,"enemies":"Cultist and Chosen","floor":24,"turns":1}],"seed_played":"-4731668174220820946","potions_obtained":[{"floor":4,"key":"Energy Potion"},{"floor":16,"key":"SkillPotion"},{"floor":22,"key":"SneckoOil"}],"is_trial":false,"path_per_floor":["M","$","?","M","$","E","R","?","T","R","?","M","E","M","R","B",null,"M","?","M","$","M","R","M"],"character_chosen":"DEFECT","items_purchased":["AT_ThunderBolt","Membership Card","Ancient Tea Set"],"campfire_rested":3,"item_purchase_floors":[5,21,21],"current_hp_per_floor":[68,68,57,57,57,47,69,69,69,69,51,50,8,4,26,16,60,57,57,43,43,5,27,27,27],"gold":41,"neow_bonus":"THREE_ENEMY_KILL","is_daily":false,"chose_seed":false,"campfire_upgraded":1,"win_rate":0.0,"timestamp":1611980246,"path_taken":["M","$","?","M","$","E","R","?","T","R","?","M","E","M","R","BOSS","M","?","?","$","M","R","M"],"items_purchased_type":["Card","Relic","Relic"],"build_version":"2020-12-22","purchased_purges":2,"victory":false,"max_hp_per_floor":[75,75,75,75,75,75,75,75,75,75,75,75,75,75,75,75,75,75,75,75,75,75,75,75,75],"card_choices":[{"not_picked":["Beam Cell","FTL"],"picked":"Gash","floor":1},{"not_picked":["Go for the Eyes","Rip and Tear","Steam Power"],"picked":"SKIP","floor":4},{"not_picked":["Beam Cell","Glacier","AT_HeatAcrobatics"],"picked":"SKIP","floor":6},{"not_picked":["Rainbow","Steam","Sweeping Beam"],"picked":"SKIP","floor":12},{"not_picked":["Streamline","Genetic Algorithm"],"picked":"Creative AI","floor":13},{"not_picked":["AT_HeatAcrobatics","Cold Snap","MostiFishMod:Impulse"],"picked":"SKIP","floor":14},{"not_picked":["Consume","Undo","AT_WarpDrive"],"picked":"SKIP","floor":18},{"not_picked":["Rebound","Redo","Compile Driver"],"picked":"SKIP","floor":20},{"not_picked":["Ball Lightning+1","MostiFishMod:GatherIntelligence","AT_StudyProgram+1"],"picked":"SKIP","floor":22}],"player_experience":527749,"relics_obtained":[{"floor":6,"key":"AT_TimeSand"},{"floor":9,"key":"Dota2Spire:Vanguard"},{"floor":13,"key":"Tiny Chest"}],"event_choices":[{"damage_healed":0,"gold_gain":75,"player_choice":"Gather Gold","damage_taken":11,"max_hp_gain":0,"max_hp_loss":0,"event_name":"World of Goop","floor":3,"gold_loss":0},{"cards_removed":["Strike_B"],"damage_healed":0,"gold_gain":0,"player_choice":"Card Removal","damage_taken":0,"max_hp_gain":0,"max_hp_loss":0,"event_name":"The Cleric","floor":8,"gold_loss":50},{"damage_healed":0,"gold_gain":0,"player_choice":"Success","damage_taken":18,"relics_obtained":["Dota2Spire:BladeMail"],"max_hp_gain":0,"max_hp_loss":0,"event_name":"Scrap Ooze","floor":11,"gold_loss":0},{"damage_healed":0,"gold_gain":0,"player_choice":"Copied","damage_taken":0,"max_hp_gain":0,"max_hp_loss":0,"event_name":"Duplicator","floor":19,"gold_loss":0,"cards_obtained":["AT_ThunderBolt"]}],"is_beta":false,"boss_relics":[{"not_picked":["EasyGame_NEW","aspiration:FutureDiary"],"picked":"Inserter"}],"items_purged_floors":[2,21],"is_endless":false,"potions_floor_spawned":[4,16,22],"killed_by":"Cultist and Chosen","ascension_level":11}}