{"host":"m4qpn8a4h7jhbw2f","time":1611994957,"event":{"mods":["BaseMod","Colored Map","Colored Powertips","Minty Spire (QoL Compilation)","Rare Cards Sparkle","Relic Stats"],"gold_per_floor":[111,111,130,3,20,52,14,48,48,148,165,165,176,189,189,189,189],"floor_reached":16,"language":"ENG","playtime":975,"items_purged":[],"score":123,"play_id":"25481ecb-9da5-499b-851b-d9070ddb3c9a","local_time":"20210130032237","is_ascension_mode":true,"campfire_choices":[{"data":"Barricade","floor":12,"key":"SMITH"},{"data":"Perfected Strike","floor":15,"key":"SMITH"}],"circlet_count":0,"master_deck":["Strike_R","Strike_R","Strike_R","Strike_R","Strike_R","Defend_R","Defend_R","Defend_R","Defend_R","Bash","Cleave","Barricade+1","Twin Strike","Flex","Fire Breathing","Twin Strike","Headbutt","Battle Trance","Rupture","Perfected Strike+1","Pummel","Armaments","Rampage"],"relics":["Burning Blood","Centennial Puzzle","Sundial","Juzu Bracelet","Paper Frog"],"acts_visited":["Exordium"],"potions_floor_usage":[14,14,16,16],"damage_taken":[{"damage":2,"enemies":"Jaw Worm","floor":1,"turns":3},{"damage":6,"enemies":"Cultist","floor":3,"turns":3},{"damage":8,"enemies":"Small Slimes","floor":5,"turns":2},{"damage":24,"enemies":"3 Sentries","floor":6,"turns":6},{"damage":34,"enemies":"Lagavulin","floor":8,"turns":8},{"damage":4,"enemies":"Red Slaver","floor":11,"turns":2},{"damage":14,"enemies":"3 Louse","floor":13,"turns":2},{"damage":0,"enemies":"2 Fungi Beasts","floor":14,"turns":2},{"damage":35,"enemies":"The Guardian","floor":16,"turns":6}],"seed_played":"-97290840978367934","potions_obtained":[{"floor":8,"key":"ColorlessPotion"},{"floor":11,"key":"Fire Potion"},{"floor":13,"key":"AttackPotion"},{"floor":14,"key":"FearPotion"}],"is_trial":false,"path_per_floor":["M","?","M","$","M","E","$","E","T","?","M","R","M","M","R","B"],"character_chosen":"IRONCLAD","items_purchased":["Fire Breathing","Twin Strike","Rupture"],"campfire_rested":0,"item_purchase_floors":[4,4,7],"current_hp_per_floor":[80,80,80,80,78,60,60,32,32,32,34,34,26,32,32,0,0],"gold":189,"neow_bonus":"RANDOM_COMMON_RELIC","is_daily":false,"chose_seed":false,"campfire_upgraded":2,"win_rate":0.0,"timestamp":1611994957,"path_taken":["M","?","M","?","M","E","$","E","T","?","M","R","M","M","R","BOSS"],"items_purchased_type":["Card","Card","Card"],"build_version":"2020-12-22","purchased_purges":0,"victory":false,"max_hp_per_floor":[80,80,80,80,80,80,80,80,80,80,80,80,80,80,80,80,80],"relic_stats":{"Centennial Puzzle":[24],"counters":[9,34],"Sundial":[2],"Juzu Bracelet":0,"obtain_stats":[{"Centennial Puzzle":0,"Sundial":6,"Juzu Bracelet":8,"Burning Blood":0,"Paper Frog":9},{"Centennial Puzzle":0,"Sundial":4,"Juzu Bracelet":5,"Burning Blood":0,"Paper Frog":5},{"Centennial Puzzle":0,"Sundial":14,"Juzu Bracelet":22,"Burning Blood":0,"Paper Frog":22}],"Burning Blood":44},"card_choices":[{"not_picked":["Perfected Strike","Havoc"],"picked":"Cleave","floor":1},{"not_picked":["Intimidate","Dropkick"],"picked":"Flex","floor":3},{"not_picked":["Whirlwind","Rupture"],"picked":"Headbutt","floor":5},{"not_picked":["Havoc","Dual Wield"],"picked":"Battle Trance","floor":6},{"not_picked":["True Grit","Sword Boomerang"],"picked":"Perfected Strike","floor":8},{"not_picked":["Thunderclap","True Grit"],"picked":"Pummel","floor":11},{"not_picked":["Twin Strike","Barricade"],"picked":"Armaments","floor":13},{"not_picked":["Havoc","Clash"],"picked":"Rampage","floor":14}],"player_experience":160296,"relics_obtained":[{"floor":6,"key":"Sundial"},{"floor":8,"key":"Juzu Bracelet"},{"floor":9,"key":"Paper Frog"}],"event_choices":[{"damage_healed":0,"gold_gain":0,"player_choice":"2 cards matched","damage_taken":0,"max_hp_gain":0,"max_hp_loss":0,"event_name":"Match and Keep!","floor":2,"gold_loss":0,"cards_obtained":["Barricade","Twin Strike"]},{"damage_healed":0,"gold_gain":100,"player_choice":"Pray","damage_taken":0,"max_hp_gain":0,"max_hp_loss":0,"event_name":"Golden Shrine","floor":10,"gold_loss":0}],"is_beta":false,"boss_relics":[],"items_purged_floors":[],"is_endless":false,"potions_floor_spawned":[8,11,13,14],"killed_by":"The Guardian","ascension_level":2}}