{"host":"bbvmu6yleqps41w7","time":1611984963,"event":{"mods":["BaseMod","Colored Map","Colored Powertips","Downfall","Hermit","Marisa????????","Minty Spire (QoL Compilation)","StSLib","The Bug Knight","The Cursed","The Servant 0.9.4"],"gold_per_floor":[99,99,99,99,84,103,128,128,171,197,46,115,115,142,159,272,272,272,301,310,319,346,346,346,346],"floor_reached":23,"language":"ENG","playtime":1391,"items_purged":[],"score":212,"play_id":"81575046-0a93-4635-a920-e33fa2867e04","local_time":"20210129223603","is_ascension_mode":false,"campfire_choices":[{"data":"champ:Execute","floor":1,"key":"SMITH"},{"data":"champ:PerfectedStrike","floor":13,"key":"SMITH"},{"data":"champ:MurderStrike","floor":18,"key":"SMITH"}],"circlet_count":0,"master_deck":["champ:Strike","champ:Strike","champ:Strike","champ:Strike","champ:Defend","champ:Defend","champ:Defend","champ:Defend","champ:Execute+1","champ:Taunt","champ:RisingSlash","champ:EnragedBash","champ:FalseCounter","champ:Devastate","champ:IronFortress","champ:DefensiveShout","champ:FocusedBerserking","champ:StrikeOfGenius","champ:PerfectedStrike+1","champ:FlashCut","champ:MurderStrike+1","champ:ArenaPreparation","Pride","downfall:Bewildered","champ:DefensiveShout+1"],"relics":["champ:ChampionCrown","downfall:HeartsMalice","CeramicFish","Darkstone Periapt","Strawberry","Bottled Flame","Runic Dome","Oddly Smooth Stone","sneckomod:BabySnecko"],"acts_visited":["Exordium","TheCity"],"potions_floor_usage":[14,16,16],"damage_taken":[{"damage":0,"enemies":"Jaw Worm","floor":2,"turns":1},{"damage":0,"enemies":"downfall:FleeingMerchant","floor":3,"turns":1},{"damage":0,"enemies":"Cultist","floor":4,"turns":1},{"damage":15,"enemies":"downfall:FleeingMerchant","floor":5,"turns":4},{"damage":15,"enemies":"2 Louse","floor":6,"turns":3},{"damage":53,"enemies":"HollowMod:MossKnight","floor":9,"turns":10},{"damage":22,"enemies":"2 Fungi Beasts","floor":10,"turns":3},{"damage":25,"enemies":"downfall:FleeingMerchant","floor":11,"turns":4},{"damage":34,"enemies":"3 Sentries","floor":12,"turns":4},{"damage":17,"enemies":"Blue Slaver","floor":14,"turns":2},{"damage":16,"enemies":"3 Louse","floor":15,"turns":3},{"damage":46,"enemies":"WA_ARCHETYPE_RETAIN","floor":16,"turns":5},{"damage":33,"enemies":"Shell Parasite","floor":19,"turns":3},{"damage":48,"enemies":"Centurion and Healer","floor":22,"turns":4},{"damage":73,"enemies":"Gremlin Leader","floor":23,"turns":5}],"seed_played":"-6575579012725704958","potions_obtained":[{"floor":6,"key":"DistilledChaos"},{"floor":10,"key":"PowerPotion"},{"floor":12,"key":"Swift Potion"},{"floor":14,"key":"Strength Potion"},{"floor":16,"key":"bronze:BurnAndBuffPotion"}],"is_trial":false,"path_per_floor":["R","M","$","M","$","M","T","?","E","M","$","?","R","M","M","B",null,"R","M","?","?","M","E"],"character_chosen":"THE_CHAMP","items_purchased":["Strawberry"],"campfire_rested":0,"item_purchase_floors":[11],"current_hp_per_floor":[90,90,90,90,90,90,90,75,67,60,62,58,58,46,40,9,97,97,89,95,101,63,0,0,0],"gold":346,"neow_bonus":"THREE_ENEMY_KILL","is_daily":false,"chose_seed":false,"campfire_upgraded":3,"win_rate":0.0,"timestamp":1611984963,"path_taken":["R","M","$","M","$","M","T","?","E","?","$","?","R","M","M","BOSS","R","M","?","?","M","E"],"items_purchased_type":["Relic"],"build_version":"2020-12-22","purchased_purges":0,"victory":false,"max_hp_per_floor":[90,90,90,90,90,90,90,90,90,90,97,97,97,97,97,97,97,97,97,103,109,109,109,109,109],"card_choices":[{"not_picked":["champ:FanOfKnives","champ:EnGarde"],"picked":"champ:RisingSlash","floor":2},{"not_picked":["champ:AdrenalArmor","champ:CrownThrow"],"picked":"champ:EnragedBash","floor":3},{"not_picked":["champ:GutPunch","champ:PreciseThrust"],"picked":"champ:FalseCounter","floor":4},{"not_picked":["champ:ShieldSlam","champ:StanceDance"],"picked":"champ:Devastate","floor":5},{"not_picked":["champ:CrownThrow","champ:BerserkersShout"],"picked":"champ:IronFortress","floor":6},{"not_picked":["champ:FanOfKnives","champ:Shatter"],"picked":"champ:DefensiveShout","floor":9},{"not_picked":["champ:CrookedStrike","champ:Shatter"],"picked":"champ:FocusedBerserking","floor":10},{"not_picked":["champ:ShieldSlam","champ:Circumvent"],"picked":"champ:StrikeOfGenius","floor":11},{"not_picked":["champ:CalledShot","champ:TornadoPunch"],"picked":"champ:PerfectedStrike","floor":12},{"not_picked":["champ:PreemptiveStrike","champ:SetATrap"],"picked":"champ:FlashCut","floor":14},{"not_picked":["champ:Parry","champ:Haymaker","champ:CrownThrow"],"picked":"SKIP","floor":15},{"not_picked":["champ:LastStand","champ:SwordThrow"],"picked":"champ:MurderStrike","floor":16},{"not_picked":["champ:Backstep+1","champ:DefensiveShout"],"picked":"champ:ArenaPreparation","floor":19},{"not_picked":["champ:Encircle","champ:EnragedBash"],"picked":"champ:DefensiveShout+1","floor":22}],"player_experience":612488,"relics_obtained":[{"floor":7,"key":"CeramicFish"},{"floor":9,"key":"Darkstone Periapt"},{"floor":12,"key":"Bottled Flame"}],"event_choices":[{"damage_healed":0,"gold_gain":0,"player_choice":"Stole Relic","damage_taken":0,"relics_obtained":["Oddly Smooth Stone"],"max_hp_gain":0,"max_hp_loss":0,"event_name":"Addict","floor":20,"gold_loss":0,"cards_obtained":["Pride"]}],"is_beta":false,"boss_relics":[{"not_picked":["Astrolabe","Black Star"],"picked":"Runic Dome"}],"items_purged_floors":[],"is_endless":false,"potions_floor_spawned":[6,10,12,14,15,16],"killed_by":"Gremlin Leader","ascension_level":0}}