{"host":"5p9hybygolzp0efr","time":1611985986,"event":{"mods":["AchievementEnabler","BaseMod","Bestiary","Colored Map","Minty Spire (QoL Compilation)","Permanent Neow","Relic Stats","StSLib"],"gold_per_floor":[112,126,137,137,153,78,94,169,193,193,212,212,112,122,122,122,122],"floor_reached":16,"language":"ENG","playtime":574,"items_purged":["Strike_P","Strike_P"],"score":94,"play_id":"bd1c1b1e-21ab-4ccf-bb4a-f42b12209eb0","local_time":"20210130135306","is_ascension_mode":false,"campfire_choices":[{"data":"Vigilance","floor":10,"key":"SMITH"},{"data":"Defend_P","floor":12,"key":"SMITH"},{"data":"Strike_P","floor":15,"key":"SMITH"}],"circlet_count":0,"master_deck":["Strike_P","Strike_P+1","Defend_P","Defend_P+1","Defend_P","Defend_P","Eruption","Vigilance+1","Worship"],"relics":["Snecko Eye"],"acts_visited":["Exordium"],"potions_floor_usage":[],"damage_taken":[{"damage":0,"enemies":"Small Slimes","floor":1,"turns":2},{"damage":0,"enemies":"2 Louse","floor":2,"turns":1},{"damage":0,"enemies":"Cultist","floor":3,"turns":2},{"damage":6,"enemies":"Gremlin Gang","floor":5,"turns":5},{"damage":2,"enemies":"Exordium Wildlife","floor":7,"turns":4},{"damage":0,"enemies":"2 Fungi Beasts","floor":11,"turns":2},{"damage":0,"enemies":"Blue Slaver","floor":14,"turns":4},{"damage":9,"enemies":"Hexaghost","floor":16,"turns":9}],"seed_played":"7995647887292021252","potions_obtained":[{"floor":1,"key":"Explosive Potion"},{"floor":3,"key":"Block Potion"},{"floor":11,"key":"AttackPotion"}],"is_trial":false,"path_per_floor":["M","M","M","?","M","$","M","?","T","R","M","R","$","M","R","B"],"character_chosen":"WATCHER","items_purchased":[],"campfire_rested":0,"item_purchase_floors":[],"current_hp_per_floor":[72,72,72,72,66,66,64,53,53,53,53,53,53,53,53,44,44],"gold":122,"neow_bonus":"BOSS_RELIC","is_daily":false,"chose_seed":false,"campfire_upgraded":3,"win_rate":0.0,"timestamp":1611985986,"path_taken":["M","M","M","?","M","$","M","?","T","R","M","R","$","M","R","BOSS"],"items_purchased_type":[],"build_version":"2020-12-22","purchased_purges":2,"victory":false,"max_hp_per_floor":[72,72,72,72,72,72,72,72,72,72,72,72,72,72,72,72,72],"relic_stats":{"counters":[8,29],"Snecko Eye":[47,55,57,38],"obtain_stats":[{"Velvet Choker":0,"Circlet":0,"Snecko Eye":0,"Juzu Bracelet":9,"PureWater":0},{"Velvet Choker":0,"Circlet":0,"Snecko Eye":0,"Juzu Bracelet":5,"PureWater":0},{"Velvet Choker":0,"Circlet":0,"Snecko Eye":0,"Juzu Bracelet":14,"PureWater":0}]},"card_choices":[{"not_picked":["SignatureMove","BowlingBash","Consecrate"],"picked":"SKIP","floor":1},{"not_picked":["Crescendo","Nirvana"],"picked":"Worship","floor":2},{"not_picked":["Halt","CarveReality","CrushJoints"],"picked":"SKIP","floor":3},{"not_picked":["SandsOfTime","JustLucky","ThirdEye"],"picked":"SKIP","floor":5},{"not_picked":["FlyingSleeves","Perseverance","SashWhip"],"picked":"SKIP","floor":7},{"not_picked":["Evaluate","Perseverance","Vengeance"],"picked":"SKIP","floor":11},{"not_picked":["FollowUp","Perseverance","ClearTheMind"],"picked":"SKIP","floor":14}],"player_experience":568569,"relics_obtained":[{"floor":9,"key":"Juzu Bracelet"}],"event_choices":[{"damage_healed":0,"gold_gain":0,"player_choice":"Fled","damage_taken":0,"max_hp_gain":0,"max_hp_loss":0,"event_name":"Scrap Ooze","floor":4,"gold_loss":0},{"damage_healed":0,"gold_gain":75,"player_choice":"Gather Gold","damage_taken":11,"max_hp_gain":0,"max_hp_loss":0,"event_name":"World of Goop","floor":8,"gold_loss":0}],"is_beta":false,"boss_relics":[],"items_purged_floors":[6,13],"is_endless":false,"potions_floor_spawned":[1,3,11],"killed_by":"Hexaghost","ascension_level":0}}