{"host":"cxvb37eaaiijvrl4","time":1611972351,"event":{"mods":["ATMod(阿瑾Mod)","BaseMod","Better Third Choice","Minty Spire (QoL Compilation)","MostiFishMod","Quick Restart","Rare Cards Sparkle","Shop Mod","Spicy Shops","StSLib","TestMod","Uncapped","残留之物"],"gold_per_floor":[119,131,131,146,146,146,175,175,199,225,50,50,64,75,75,146,146,164,164,184,59,59,90,90,118,118,118,132,148,175,25,25,100,100,115,115,128,128,528,556,570,601,601,652,690,231,231,287,287,412,462,462,462,90,173,198],"floor_reached":57,"language":"ZHS","playtime":1282,"items_purged":["Strike_R","Strike_R","Strike_R","Bash","Strike_R","Strike_R"],"score":4447,"play_id":"5c48c29e-757c-47dd-81b2-8855dec5eb53","local_time":"20210129180551","is_ascension_mode":true,"campfire_choices":[{"data":"Body Slam","floor":6.0,"key":"SMITH"},{"data":"MostiFishMod:Chiaki","floor":8.0,"key":"SMITH"},{"data":"AT_DivineConfetti","floor":12.0,"key":"SMITH"},{"data":"Shrug It Off","floor":15.0,"key":"SMITH"},{"data":"MostiFishMod:RacingGame","floor":24,"key":"SMITH"},{"data":"Seeing Red","floor":27,"key":"SMITH"},{"data":"Evolve","floor":32,"key":"SMITH"},{"data":"Seeing Red","floor":47,"key":"SMITH"},{"floor":49,"key":"RECALL"},{"data":"Berserk","floor":53,"key":"SMITH"}],"circlet_count":0,"master_deck":["AscendersBane","Defend_R","Defend_R","Defend_R","Defend_R","AT_DivineConfetti+1","Body Slam+1","Burning Pact","MostiFishMod:Chiaki+1","Shrug It Off+1","MostiFishMod:RacingGame+1","Sword Boomerang+1","Seeing Red+1","Intimidate","Evolve+1","Berserk+1","AT_DiedThrough+1","Seeing Red+1"],"relics":["Burning Blood","AT_ATBox","FeatherPendant","testmod-PortableAltar","SynthV:TestCard","Shuriken","Mango","AT_SeraphEmbrace","Omamori","testmod-Recursion","Strawberry","testmod-OneHitWonder","Lantern","Sozu","DaveBox","MetatronsCube","White Beast Statue","Orichalcum","AT_MibuBalloonWealth","Self Forming Clay","ImprovedEquipment","Singing Bowl","Civilization","AT_TimeSand"],"acts_visited":["Exordium","TheCity","TheBeyond","TheEnding"],"potions_floor_usage":[],"damage_taken":[{"damage":3.0,"enemies":"Cultist","floor":1.0,"turns":3.0},{"damage":4.0,"enemies":"Jaw Worm","floor":2.0,"turns":2.0},{"damage":3.0,"enemies":"2 Louse","floor":4.0,"turns":3.0},{"damage":1.0,"enemies":"Lagavulin","floor":7.0,"turns":2.0},{"damage":1.0,"enemies":"Gremlin Nob","floor":10.0,"turns":3.0},{"damage":0.0,"enemies":"Blue Slaver","floor":13.0,"turns":2.0},{"damage":0.0,"enemies":"Large Slime","floor":14.0,"turns":2.0},{"damage":8.0,"enemies":"Hexaghost","floor":16.0,"turns":4.0},{"damage":0.0,"enemies":"2 Thieves","floor":18.0,"turns":3.0},{"damage":0,"enemies":"Shell Parasite","floor":20,"turns":1},{"damage":0,"enemies":"Book of Stabbing","floor":23,"turns":1},{"damage":0,"enemies":"Slavers","floor":25,"turns":1},{"damage":0,"enemies":"Centurion and Healer","floor":28,"turns":1},{"damage":0,"enemies":"Snake Plant","floor":29,"turns":2},{"damage":0,"enemies":"Gremlin Leader","floor":30,"turns":1},{"damage":0,"enemies":"Champ","floor":33,"turns":1},{"damage":0,"enemies":"3 Shapes","floor":35,"turns":1},{"damage":0,"enemies":"3 Darklings","floor":37,"turns":1},{"damage":0,"enemies":"Giant Head","floor":40,"turns":1},{"damage":0,"enemies":"Spire Growth","floor":41,"turns":1},{"damage":0,"enemies":"Nemesis","floor":42,"turns":1},{"damage":0,"enemies":"Giant Head","floor":44,"turns":1},{"damage":0,"enemies":"Transient","floor":45,"turns":1},{"damage":0,"enemies":"Nemesis","floor":48,"turns":1},{"damage":0,"enemies":"Awakened One","floor":50,"turns":3},{"damage":0,"enemies":"Donu and Deca","floor":51,"turns":1},{"damage":0,"enemies":"Shield and Spear","floor":55,"turns":1},{"damage":0,"enemies":"The Heart","floor":56,"turns":2}],"seed_played":"9001376506590324808","potions_obtained":[{"floor":4.0,"key":"Swift Potion"},{"floor":7.0,"key":"SteroidPotion"},{"floor":13.0,"key":"ElixirPotion"}],"is_trial":false,"path_per_floor":["M","M","?","M","T","R","E","R","T","E","$","R","M","M","R","B",null,"M","?","M","$","?","E","R","E","T","R","M","M","E","$","R","B",null,"M","$","M","?","?","E","M","E","T","E","M","$","R","E","R","B","B",null,"R","$","E","B",null],"character_chosen":"IRONCLAD","items_purchased":["ImprovedEquipment","Civilization"],"campfire_rested":0,"item_purchase_floors":[46,54],"current_hp_per_floor":[78,80,79,78,77,76,89,88,87,86,85,84,83,82,81,78,79,78,77,76,75,74,80,79,78,77,76,75,74,73,72,71,70,69,68,67,66,65,64,63,62,61,60,59,58,57,56,57,56,55,54,53,52,51,54,56],"gold":198,"neow_bonus":"TEN_PERCENT_HP_BONUS","is_daily":false,"chose_seed":false,"campfire_upgraded":9,"win_rate":0.0,"timestamp":1611972351,"path_taken":["M","M","?","?","?","R","E","R","T","E","$","R","?","M","R","BOSS","M","?","M","$","?","E","R","E","T","R","M","M","E","$","R","BOSS","M","$","M","?","?","E","?","E","T","E","M","$","R","E","R","BOSS","BOSS","R","$","E","BOSS"],"items_purchased_type":["Relic","Relic"],"build_version":"2020-12-22","purchased_purges":6,"victory":true,"max_hp_per_floor":[81,80,79,78,77,76,89,88,87,86,85,84,83,82,81,80,79,78,77,76,75,74,80,79,78,77,76,75,74,73,72,71,70,69,68,67,66,65,64,63,62,61,60,59,58,57,56,57,56,55,54,53,52,51,54,56],"card_choices":[{"not_picked":["Dark Embrace","Clash"],"picked":"Body Slam","floor":1.0},{"not_picked":["Second Wind","Armaments","Wild Strike","Iron Wave"],"picked":"Burning Pact","floor":2.0},{"not_picked":["Pommel Strike","Rupture","Flex","Dropkick","Twin Strike"],"picked":"SKIP","floor":4.0},{"not_picked":["Headbutt","Searing Blow","Berserk","Iron Wave"],"picked":"MostiFishMod:Chiaki","floor":7.0},{"not_picked":["Perfected Strike","Heavy Blade","Pommel Strike","Clothesline"],"picked":"Shrug It Off","floor":10.0},{"not_picked":["Rage","Infernal Blade","True Grit","Metallicize","Shrug It Off"],"picked":"SKIP","floor":13.0},{"not_picked":["Uppercut","Whirlwind","Perfected Strike","Twin Strike","Pummel"],"picked":"SKIP","floor":14.0},{"not_picked":["MostiFishMod:FireWorks","Bludgeon","MostiFishMod:HellRitual","Brutality"],"picked":"MostiFishMod:RacingGame","floor":16.0},{"not_picked":["AT_IchimonjiDouble","Rupture","Disarm","Entrench+1"],"picked":"Sword Boomerang+1","floor":18.0},{"not_picked":["AT_BodySlamDance","MostiFishMod:#F4004+1","Entrench","Body Slam"],"picked":"Seeing Red","floor":20},{"not_picked":["Clothesline","Cleave","Headbutt+1","Second Wind","Rupture"],"picked":"SKIP","floor":23},{"not_picked":["Cleave+1","Demon Form","Perfected Strike","Infernal Blade","True Grit"],"picked":"SKIP","floor":25},{"not_picked":["Infernal Blade","Dark Embrace","Thunderclap","Dual Wield"],"picked":"Evolve","floor":28},{"not_picked":["Havoc","Sever Soul","Combust","AT_IchimonjiDouble","Thunderclap"],"picked":"SKIP","floor":29},{"not_picked":["Perfected Strike","AT_ShrugMaster","Infernal Blade","Anger","Second Wind+1"],"picked":"SKIP","floor":30},{"not_picked":["MostiFishMod:WingOfPhoenix","Impervious","MostiFishMod:KnuckleDown","Bludgeon"],"picked":"Berserk","floor":33},{"not_picked":["Uppercut","Body Slam","Cleave","Heavy Blade","Clash"],"picked":"SKIP","floor":35},{"not_picked":["Bloodletting+1","Shrug It Off","Cleave","Armaments","Heavy Blade+1"],"picked":"SKIP","floor":37},{"not_picked":["MostiFishMod:BrandingRite","Inflame+1","Intimidate","MostiFishMod:OrdinaryWorld"],"picked":"AT_DiedThrough+1","floor":40},{"not_picked":["Evolve+1","Perfected Strike","AT_IchimonjiDouble+1","Inflame","AT_DiedThrough"],"picked":"SKIP","floor":41},{"not_picked":["AT_ShrugMaster+1","Power Through","AT_IchimonjiDouble","AT_BodySlamDance"],"picked":"Seeing Red","floor":42},{"not_picked":["Havoc","Offering","Fire Breathing","Second Wind+1","Clash+1"],"picked":"SKIP","floor":44},{"not_picked":["Battle Trance","Wild Strike","Rupture","Armaments+1","MostiFishMod:BrandingRite+1"],"picked":"SKIP","floor":45},{"not_picked":["Spot Weakness","Dual Wield","Pommel Strike","Rampage","Rupture+1"],"picked":"Singing Bowl","floor":48},{"not_picked":["MostiFishMod:HellRitual","Headbutt","Exhume","Armaments","Cleave"],"picked":"Singing Bowl","floor":55}],"player_experience":717351,"relics_obtained":[{"floor":1.0,"key":"SynthV:TestCard"},{"floor":5.0,"key":"Shuriken"},{"floor":7.0,"key":"Mango"},{"floor":9.0,"key":"AT_ArchangelStaff"},{"floor":10.0,"key":"Omamori"},{"floor":23,"key":"Strawberry"},{"floor":25,"key":"testmod-OneHitWonder"},{"floor":30,"key":"Lantern"},{"floor":40,"key":"White Beast Statue"},{"floor":42,"key":"Orichalcum"},{"floor":43,"key":"AT_MibuBalloonWealth"},{"floor":44,"key":"Self Forming Clay"},{"floor":48,"key":"Singing Bowl"},{"floor":55,"key":"AT_TimeSand"}],"event_choices":[{"damage_healed":0.0,"max_hp_gain":0.0,"max_hp_loss":0.0,"gold_gain":0.0,"event_name":"WeMeetAgain","player_choice":"Ignored","floor":3.0,"gold_loss":0.0,"damage_taken":0.0},{"damage_healed":0,"gold_gain":0,"player_choice":"Ignored","damage_taken":0,"max_hp_gain":0,"max_hp_loss":0,"event_name":"Cursed Tome","floor":19,"gold_loss":0},{"damage_healed":0,"gold_gain":0,"player_choice":"Read","damage_taken":0,"max_hp_gain":0,"max_hp_loss":0,"event_name":"The Library","floor":22,"gold_loss":0,"cards_obtained":["Intimidate"]},{"damage_healed":0,"gold_gain":0,"player_choice":"Swap Relic","damage_taken":0,"relics_obtained":["DaveBox"],"max_hp_gain":0,"max_hp_loss":0,"event_name":"给自己的盒子","floor":38,"relics_lost":["DaveBox"],"gold_loss":0},{"damage_healed":0,"gold_gain":400,"player_choice":"Sell","damage_taken":0,"max_hp_gain":0,"max_hp_loss":0,"event_name":"恩洛斯的盘子","floor":39,"relics_lost":["testmod-TestBox"],"gold_loss":0}],"is_beta":false,"boss_relics":[{"not_picked":["Calling Bell","PlaceholderMod:LiveLive"],"picked":"testmod-Recursion"},{"not_picked":["SlaversCollar","RhineFirstAidKit"],"picked":"Sozu"}],"items_purged_floors":[11,11,21,31,46,54],"is_endless":false,"potions_floor_spawned":[4,7,13,14,16,20,29,37,41,42,44,45,48,55],"ascension_level":20}}