{"host":"5dhwd44u3dydylwe","time":1611990503,"event":{"mods":["AchievementEnabler","BaseMod","BetterRewards","Dota2Spire","Hubris","Minty Spire (QoL Compilation)","Shop Mod","StSLib","Wandering Minibosses"],"gold_per_floor":[111,111,125,137,157,157,157,157,209,209,237,237,298,298,313,327,327,454,454,464,508,66,83,83,83,96,159,185,185,185,217,261,293,293,425,425,466,466,483,529,529,588,258,293,318,318,164,164,197,216,216,246,246,246,1,30,60],"floor_reached":58,"language":"ENG","playtime":6353,"items_purged":["Strike_P","Strike_P","Defend_P","Defend_P","Regret"],"score":2044,"play_id":"38bcf353-9e60-4cf8-925b-6d1b7069abc9","local_time":"20210130150823","is_ascension_mode":true,"campfire_choices":[{"floor":6,"key":"RECALL"},{"data":"CutThroughFate","floor":12,"key":"SMITH"},{"data":"MentalFortress","floor":14,"key":"SMITH"},{"floor":17,"key":"REST"},{"data":"MentalFortress","floor":25,"key":"SMITH"},{"data":"ConjureBlade","floor":29,"key":"SMITH"},{"data":"Ragnarok","floor":34,"key":"SMITH"},{"data":"MasterReality","floor":51,"key":"SMITH"},{"data":"ForeignInfluence","floor":54,"key":"SMITH"}],"circlet_count":0,"master_deck":["Strike_P","Strike_P","Defend_P","Defend_P","Eruption","Vigilance","Protect","MentalFortress+1","Tantrum+1","BowlingBash+1","EmptyBody","InnerPeace","ThirdEye","CutThroughFate+1","Halt","MentalFortress+1","FollowUp","FearNoEvil","ForeignInfluence+1","CutThroughFate","ConjureBlade+1","PathToVictory+1","LikeWater+1","PathToVictory+1","EmptyBody+1","Wallop","Ragnarok+1","Indignation","FollowUp","MasterReality+1","Dramatic Entrance","FlyingSleeves+1","Wallop","ClearTheMind+1","FlyingSleeves","EmptyFist+1"],"relics":["PureWater","hubris:CuriousFeather","Dota2Spire:OrchidMalevolence","TheAbacus","Dota2Spire:ArcaneBoots","Bottled Flame","Chemical X","Bag of Marbles","Vajra","hubris:AstralHammer","Dota2Spire:HandOfMidas","Mercury Hourglass","hubris:Backtick","Dead Branch","PreservedInsect","Sling","Dota2Spire:PowerTreads","Gambling Chip","Oddly Smooth Stone","Dota2Spire:HeartOfTarrasque","Torii","Philosopher\u0027s Stone","wanderingMiniBosses:AbyssPearl","Potion Belt","Boot","Dota2Spire:CrimsonGuard","Dota2Spire:LotusOrb","hubris:Towel","hubris:EmptyBottle","HornCleat","hubris:Potato","Bag of Preparation","Nunchaku"],"acts_visited":["Exordium","TheCity","TheBeyond","TheEnding"],"potions_floor_usage":[20,35,57,57,57,57,57,57,57,57],"damage_taken":[{"damage":1,"enemies":"Small Slimes","floor":1,"turns":4},{"damage":0,"enemies":"Cultist","floor":3,"turns":4},{"damage":0,"enemies":"2 Louse","floor":4,"turns":7},{"damage":0,"enemies":"2 Fungi Beasts","floor":5,"turns":4},{"damage":3,"enemies":"3 Sentries","floor":11,"turns":5},{"damage":22,"enemies":"Lagavulin","floor":13,"turns":3},{"damage":0,"enemies":"Looter","floor":15,"turns":1},{"damage":0,"enemies":"Exordium Wildlife","floor":16,"turns":2},{"damage":0,"enemies":"Hexaghost","floor":18,"turns":4},{"damage":0,"enemies":"3 Byrds","floor":20,"turns":2},{"damage":9,"enemies":"Chosen","floor":21,"turns":4},{"damage":2,"enemies":"Sentry and Sphere","floor":23,"turns":2},{"damage":22,"enemies":"Cultist and Chosen","floor":26,"turns":2},{"damage":0,"enemies":"Gremlin Leader","floor":27,"turns":2},{"damage":0,"enemies":"Slavers","floor":31,"turns":2},{"damage":4,"enemies":"Centurion and Healer","floor":32,"turns":4},{"damage":3,"enemies":"Book of Stabbing","floor":33,"turns":3},{"damage":20,"enemies":"hubris:MusketHawk","floor":35,"turns":5},{"damage":0,"enemies":"3 Shapes","floor":37,"turns":8},{"damage":0,"enemies":"3 Darklings","floor":39,"turns":1},{"damage":0,"enemies":"4 Shapes","floor":40,"turns":3},{"damage":0,"enemies":"Giant Head","floor":42,"turns":4},{"damage":0,"enemies":"Reptomancer","floor":44,"turns":1},{"damage":0,"enemies":"Nemesis","floor":49,"turns":1},{"damage":0,"enemies":"Writhing Mass","floor":50,"turns":2},{"damage":22,"enemies":"Time Eater","floor":52,"turns":7},{"damage":0,"enemies":"Shield and Spear","floor":56,"turns":1},{"damage":6,"enemies":"The Heart","floor":57,"turns":6}],"seed_played":"-7425890281098368724","potions_obtained":[{"floor":1,"key":"Dexterity Potion"},{"floor":4,"key":"Block Potion"},{"floor":16,"key":"AttackPotion"},{"floor":18,"key":"SpeedPotion"},{"floor":20,"key":"BlessingOfTheForge"},{"floor":33,"key":"Dota2Spire:HealingSalve"},{"floor":49,"key":"Fire Potion"},{"floor":56,"key":"Dota2Spire:Clarity"}],"is_trial":false,"path_per_floor":["M","?","M","M","M","R","?","?","T","T","E","R","E","R","M","M","R","B",null,"M","M","$","M","$","R","M","E","T","R","?","E","M","E","R","B",null,"M","?","M","M","?","E","$","E","T","?","$","T","E","M","R","B",null,"R","$","E","B",null],"character_chosen":"WATCHER","items_purchased":["hubris:CuriousFeather","Dota2Spire:OrchidMalevolence","Protect","TheAbacus","MentalFortress","Tantrum","BowlingBash","Dota2Spire:ArcaneBoots","Bottled Flame","Chemical X","EmptyBody","InnerPeace","ThirdEye","PreservedInsect","Sling","Dota2Spire:PowerTreads","Boot","hubris:EmptyBottle","Bag of Preparation","FlyingSleeves","SpeedPotion"],"campfire_rested":1,"item_purchase_floors":[0,0,0,0,0,0,0,0,0,0,0,0,0,22,22,22,43,47,55,55,55],"current_hp_per_floor":[29,29,29,29,29,29,29,29,29,29,26,26,4,4,4,4,25,25,72,72,63,63,61,61,61,39,39,39,39,39,47,47,44,44,44,80,80,80,80,80,80,80,80,80,80,80,80,80,80,80,80,58,80,80,80,80,74],"gold":60,"neow_bonus":"","is_daily":false,"chose_seed":false,"campfire_upgraded":7,"win_rate":0.0,"timestamp":1611990503,"path_taken":["M","?","?","M","M","R","?","?","T","T","E","R","E","R","M","M","R","BOSS","M","M","?","M","$","R","M","E","T","R","?","E","M","E","R","BOSS","M","?","M","M","?","E","?","E","T","?","$","?","E","M","R","BOSS","R","$","E","BOSS"],"items_purchased_type":["Relic","Relic","Card","Relic","Card","Card","Card","Relic","Relic","Relic","Card","Card","Card","Relic","Relic","Relic","Relic","Relic","Relic","Card","Potion"],"build_version":"2020-12-22","purchased_purges":5,"victory":true,"max_hp_per_floor":[72,72,72,72,72,72,72,72,72,72,72,72,72,72,72,72,72,72,72,72,72,72,72,72,72,72,72,72,72,72,80,80,80,80,80,80,80,80,80,80,80,80,80,80,80,80,80,80,80,80,80,80,80,80,80,80,80],"card_choices":[{"not_picked":["FlurryOfBlows","JustLucky"],"picked":"CutThroughFate","floor":1},{"not_picked":["EmptyBody","Crescendo"],"picked":"Halt","floor":3},{"not_picked":["Halt","CrushJoints"],"picked":"MentalFortress","floor":4},{"not_picked":["CutThroughFate","Swivel","Indignation"],"picked":"SKIP","floor":5},{"not_picked":["Protect","Consecrate"],"picked":"FollowUp","floor":11},{"not_picked":["FlurryOfBlows","Vengeance"],"picked":"FearNoEvil","floor":13},{"not_picked":["Halt","Prostrate"],"picked":"ForeignInfluence","floor":15},{"not_picked":["ForeignInfluence","Evaluate"],"picked":"CutThroughFate","floor":16},{"not_picked":["DeusExMachina","Devotion"],"picked":"ConjureBlade","floor":18},{"not_picked":["Protect","Prostrate"],"picked":"PathToVictory+1","floor":20},{"not_picked":["Swivel","PathToVictory"],"picked":"LikeWater+1","floor":21},{"not_picked":["FlyingSleeves","Swivel+1"],"picked":"PathToVictory+1","floor":23},{"not_picked":["CutThroughFate","Evaluate"],"picked":"EmptyBody+1","floor":26},{"not_picked":["SashWhip","MentalFortress"],"picked":"Wallop","floor":27},{"not_picked":["SashWhip+1","FollowUp"],"picked":"Ragnarok","floor":31},{"not_picked":["Weave","FlurryOfBlows"],"picked":"Indignation","floor":32},{"not_picked":["Judgement","Perseverance"],"picked":"FollowUp","floor":33},{"not_picked":["Omniscience","Establishment"],"picked":"MasterReality","floor":35},{"not_picked":["Swivel+1","FlurryOfBlows+1","Protect"],"picked":"SKIP","floor":37},{"not_picked":["Finesse","Dark Shackles"],"picked":"Dramatic Entrance","floor":38},{"not_picked":["EmptyMind","SignatureMove+1","Nirvana+1"],"picked":"SKIP","floor":39},{"not_picked":["Collect+1","EmptyBody"],"picked":"FlyingSleeves+1","floor":40},{"not_picked":["WindmillStrike+1","Nirvana+1","BowlingBash+1"],"picked":"SKIP","floor":42},{"not_picked":["Vengeance","CrushJoints"],"picked":"Wallop","floor":44},{"not_picked":["Judgement","Sanctity","CutThroughFate+1"],"picked":"SKIP","floor":49},{"not_picked":["EmptyBody","Nirvana"],"picked":"ClearTheMind+1","floor":50},{"not_picked":["FlurryOfBlows+1","Weave"],"picked":"EmptyFist+1","floor":56}],"player_experience":121366,"relics_obtained":[{"floor":10,"key":"hubris:AstralHammer"},{"floor":11,"key":"Dota2Spire:HandOfMidas"},{"floor":13,"key":"Mercury Hourglass"},{"floor":27,"key":"Gambling Chip"},{"floor":28,"key":"Oddly Smooth Stone"},{"floor":31,"key":"Dota2Spire:HeartOfTarrasque"},{"floor":33,"key":"Torii"},{"floor":37,"key":"wanderingMiniBosses:AbyssPearl"},{"floor":42,"key":"Potion Belt"},{"floor":44,"key":"Dota2Spire:CrimsonGuard"},{"floor":45,"key":"Dota2Spire:LotusOrb"},{"floor":48,"key":"HornCleat"},{"floor":49,"key":"hubris:Potato"},{"floor":56,"key":"Nunchaku"}],"event_choices":[{"damage_healed":0,"gold_gain":0,"player_choice":"Upgraded","damage_taken":0,"max_hp_gain":0,"max_hp_loss":0,"event_name":"Upgrade Shrine","floor":2,"gold_loss":0,"cards_upgraded":["Tantrum"]},{"damage_healed":0,"gold_gain":0,"player_choice":"Box","damage_taken":0,"relics_obtained":["Bag of Marbles"],"max_hp_gain":0,"max_hp_loss":0,"event_name":"Big Fish","floor":7,"gold_loss":0,"cards_obtained":["Regret"]},{"damage_healed":0,"gold_gain":0,"player_choice":"Gave Potion","damage_taken":0,"relics_obtained":["Vajra"],"max_hp_gain":0,"max_hp_loss":0,"event_name":"WeMeetAgain","floor":8,"gold_loss":0},{"damage_healed":0,"gold_gain":0,"player_choice":"Memory 1","damage_taken":0,"max_hp_gain":0,"max_hp_loss":0,"event_name":"SensoryStone","floor":38,"gold_loss":0},{"damage_healed":0,"gold_gain":0,"player_choice":"Ignored","damage_taken":0,"max_hp_gain":0,"max_hp_loss":0,"event_name":"Tomb of Lord Red Mask","floor":41,"gold_loss":0}],"is_beta":false,"boss_relics":[{"not_picked":["HolyWater","VioletLotus"],"picked":"hubris:Backtick"},{"not_picked":["Runic Dome","hubris:GrandSneckoEye"],"picked":"Philosopher\u0027s Stone"}],"items_purged_floors":[0,0,0,0,43],"is_endless":false,"potions_floor_spawned":[1,4,16,18,20,21,23,33,37,39,49,56],"ascension_level":2}}