{"host":"2i1rjl87isetstuj","time":1611985749,"event":{"mods":["BaseMod","Better Vampires","Challenge The Spire","Lobotomy","LobotomyExtend","Marked Mod","Minty Spire (QoL Compilation)","Quick Restart","Shop Mod","StSLib","Waifu the Spire","óô»ðÖ¸ÄÏ"],"gold_per_floor":[118,130,540681,540756,540770,540083,540113,354384,354384,353805,353011,353011,352219,285310,284375,136017,136017],"floor_reached":16,"language":"ZHS","playtime":507,"items_purged":["Strike_P","Strike_P","Strike_P","Strike_P","Weave","Sweeping Beam+1"],"score":105,"play_id":"e5e2b326-5cda-4446-9cf0-5d3fca6a43ee","local_time":"20210130134909","is_ascension_mode":true,"campfire_choices":[],"circlet_count":0,"master_deck":["Defend_P","Defend_P","Defend_P","Defend_P","Eruption","Vigilance","VoidDream","BeautyBeast","Prostrate","Nirvana","MarkedMod:Acupuncture","PathToVictory","Scorched","MarkedMod:Acupuncture+1","Freischutz","MeatLantern","PathToVictory","MarkedMod:FirstStrike","MarkedMod:GracefulMovements","Wellcheers"],"relics":["PureWater","CogitoBucket","LetterFromLob","Toolbox","Toy Ornithopter","Shuriken","PrismaticShard","InkBottle","PreservedInsect","Tiny Chest","Whetstone","Medical Kit","Strawberry","Bronze Scales","Du-Vu Doll","Art of War","HandDrill","MarkedMod:AcupunctureKit","CaptainsWheel","TheAbacus","ResearcherNote","Bird Faced Urn","Melange","TungstenRod"],"acts_visited":["Exordium"],"potions_floor_usage":[],"damage_taken":[{"damage":0.0,"enemies":"Small Slimes","floor":1.0,"turns":3.0},{"damage":17.0,"enemies":"Jaw Worm","floor":2.0,"turns":2.0},{"damage":0.0,"enemies":"2 Louse","floor":5.0,"turns":2.0},{"damage":30.0,"enemies":"Gremlin Nob","floor":7.0,"turns":2.0},{"damage":0.0,"enemies":"Large Slime","floor":8.0,"turns":1.0},{"damage":4,"enemies":"2 Fungi Beasts","floor":14,"turns":2},{"damage":50,"enemies":"The Guardian","floor":16,"turns":2}],"seed_played":"8880895948583617460","potions_obtained":[{"floor":1.0,"key":"Fruit Juice"},{"floor":7.0,"key":"Strength Potion"}],"is_trial":false,"path_per_floor":["M","M","$","?","M","R","E","M","T","$","R","?","R","M","R","B"],"character_chosen":"WATCHER","items_purchased":["Nirvana","Toolbox","Toy Ornithopter","Shuriken","MarkedMod:Acupuncture","PathToVictory","PrismaticShard","InkBottle","PreservedInsect","MarkedMod:Acupuncture","Medical Kit","Strawberry","Bronze Scales","MarkedMod:FirstStrike","Du-Vu Doll","Art of War","HandDrill","MarkedMod:AcupunctureKit","CaptainsWheel","TheAbacus","MarkedMod:GracefulMovements","Bird Faced Urn","Melange","TungstenRod"],"campfire_rested":0,"item_purchase_floors":[3,3,3,3,3,3,6,6,6,6,10,10,10,11,11,11,11,13,13,13,13,15,15,15],"current_hp_per_floor":[77,60,60,49,49,49,19,19,19,26,26,26,26,22,22,0,0],"gold":136017,"neow_bonus":"","is_daily":false,"chose_seed":false,"campfire_upgraded":0,"win_rate":0.0,"timestamp":1611985749,"path_taken":["M","M","$","?","M","R","E","M","T","$","R","?","R","?","R","BOSS"],"items_purchased_type":["Card","Relic","Relic","Relic","Card","Card","Relic","Relic","Relic","Card","Relic","Relic","Relic","Card","Relic","Relic","Relic","Relic","Relic","Relic","Card","Relic","Relic","Relic"],"build_version":"2020-12-22","purchased_purges":6,"victory":false,"max_hp_per_floor":[77,77,77,77,77,77,77,77,77,84,84,84,84,84,84,84,84],"card_choices":[{"not_picked":["BeautyBeast","Bloodbath"],"picked":"VoidDream","floor":1.0},{"not_picked":["ClearTheMind","DeceiveReality"],"picked":"Weave","floor":1.0},{"not_picked":["WallGazer","Funeral"],"picked":"BeautyBeast","floor":2.0},{"not_picked":["Protect","Crescendo"],"picked":"Prostrate","floor":2.0},{"not_picked":["CherryBlossoms","LittlePrince"],"picked":"Scorched","floor":5.0},{"not_picked":["Scrawl","FlurryOfBlows","CarveReality"],"picked":"SKIP","floor":5.0},{"not_picked":["CherryBlossoms","FairyFestival"],"picked":"Freischutz","floor":7.0},{"not_picked":["Swift Strike","ThirdEye"],"picked":"Sweeping Beam","floor":7.0},{"not_picked":["MHz","HeroicMonk"],"picked":"MeatLantern","floor":8.0},{"not_picked":["Chill","Burning Pact"],"picked":"PathToVictory","floor":8.0},{"not_picked":["FairyFestival","SpiderBud"],"picked":"Wellcheers","floor":14},{"not_picked":["Calculated Gamble","Reckless Charge","Rampage"],"picked":"SKIP","floor":14},{"not_picked":["Calculated Gamble","Reckless Charge","Rampage"],"picked":"SKIP","floor":14}],"player_experience":107761,"relics_obtained":[{"floor":1.0,"key":"LetterFromLob"},{"floor":7.0,"key":"Tiny Chest"},{"floor":9.0,"key":"Whetstone"}],"event_choices":[{"damage_healed":0.0,"max_hp_gain":0.0,"max_hp_loss":0.0,"gold_gain":75.0,"event_name":"World of Goop","player_choice":"Gather Gold","floor":4.0,"gold_loss":0.0,"damage_taken":11.0},{"damage_healed":0.0,"max_hp_gain":0.0,"max_hp_loss":0.0,"gold_gain":0.0,"event_name":"Shining Light","player_choice":"Ignored","floor":12.0,"gold_loss":0.0,"damage_taken":0.0}],"is_beta":false,"boss_relics":[],"items_purged_floors":[3,6,10,11,13,15],"is_endless":false,"potions_floor_spawned":[1,7],"killed_by":"The Guardian","ascension_level":1}}