{"host":"gafwejejal4v72m6","time":1611994765,"event":{"mods":["AchievementEnabler","Aspiration","BaseMod","BetterRewards","Clockwork Mod","Conspire","Hermit","Hubris","Infinite Spire","Minty Spire (QoL Compilation)","Rare Cards Sparkle","Reliquary","Shop Mod","StS++","StSLib","The Animator","The Necromancer"],"gold_per_floor":[110,10,28,28,28,56,56,122,148,199,199,274,274,294,294,425,425,472,472,472,509,539,590,590,641,641,641,662,761,761,792,792,908,908,969,1014,1040,1040,902,937,937,551,627,658,735,735,771,821,821,821],"floor_reached":51,"language":"RUS","playtime":3116,"items_purged":["Injury","Strike_P+1"],"score":1031,"play_id":"8a396c98-2b36-4b78-8b2e-fa7851c3c565","local_time":"20210130151925","is_ascension_mode":true,"campfire_choices":[{"data":"Mayhem","floor":7.0,"key":"SMITH"},{"floor":15.0,"key":"REST"},{"floor":24.0,"key":"REST"},{"floor":27.0,"key":"REST"},{"data":"infinitespire:UltimateForm","floor":32.0,"key":"SMITH"},{"floor":41,"key":"REST"},{"floor":49,"key":"REST"}],"circlet_count":0,"master_deck":["Strike_P+1","Strike_P+1","Strike_P+1","Defend_P+1","Defend_P+1","Defend_P+1","Defend_P+1","Eruption","Vigilance","Mayhem+1","Study+1","Evaluate+1","Consecrate","FlyingSleeves+1","Wireheading","conspire:SpireCoStock","conspire:SpireCoStock+1","Fasting2+1","DevaForm+1","Fasting2+1","ClearTheMind","LessonLearned","Evaluate+1","Omniscience+1","TalkToTheHand","infinitespire:UltimateForm+1","ClearTheMind+1","CutThroughFate+1","Establishment","infinitespire:Execution+1","FlurryOfBlows","Pray+1","ForeignInfluence+1","Halt+1","Omniscience+1","Perseverance+1","Protect+1","JustLucky+1","Impatience+1","WaveOfTheHand+1","StSpp:Patience+1","Evaluate+1","Impatience+1","JustLucky","Prostrate+1","infinitespire:Oblivion","FlurryOfBlows"],"relics":["HolyWater","Kunai","hubris:GlazedTorus","Anchor","Dream Catcher","Ancient Tea Set","Toxic Egg 2","Strawberry","infinitespire:EmpoweringShard","Necronomicon","Letter Opener","Bottled Lightning","hubris:MedicalManual","MerchantsRug","reliquary:RosewoodLute","Melange","StSpp:TwinEgg","aspiration:Lifesprig","PreservedInsect"],"acts_visited":["Exordium","TheCity","TheBeyond"],"potions_floor_usage":[37,45],"damage_taken":[{"damage":0.0,"enemies":"Small Slimes","floor":1.0,"turns":3.0},{"damage":4.0,"enemies":"Jaw Worm","floor":3.0,"turns":4.0},{"damage":2.0,"enemies":"Lagavulin","floor":6.0,"turns":7.0},{"damage":23.0,"enemies":"Gremlin Nob","floor":8.0,"turns":4.0},{"damage":9.0,"enemies":"2 Louse","floor":10.0,"turns":5.0},{"damage":3.0,"enemies":"Looter","floor":14.0,"turns":3.0},{"damage":10.0,"enemies":"Slime Boss","floor":16.0,"turns":9.0},{"damage":6.0,"enemies":"Shell Parasite","floor":18.0,"turns":5.0},{"damage":22.0,"enemies":"Spheric Guardian","floor":21.0,"turns":6.0},{"damage":23.0,"enemies":"Snecko","floor":22.0,"turns":7.0},{"damage":62.0,"enemies":"Book of Stabbing","floor":23.0,"turns":7.0},{"damage":31.0,"enemies":"Nightmare","floor":25.0,"turns":9.0},{"damage":3.0,"enemies":"Centurion and Healer","floor":28.0,"turns":6.0},{"damage":40.0,"enemies":"Slavers","floor":31.0,"turns":4.0},{"damage":21.0,"enemies":"hubris:MusketHawk","floor":33.0,"turns":7.0},{"damage":23.0,"enemies":"3 Shapes","floor":35.0,"turns":4.0},{"damage":33,"enemies":"conspire:MimicChest","floor":36,"turns":5},{"damage":14,"enemies":"3 Darklings","floor":37,"turns":4},{"damage":0,"enemies":"Giant Head","floor":40,"turns":4},{"damage":8,"enemies":"Sphere and 2 Shapes","floor":44,"turns":3},{"damage":0,"enemies":"Reptomancer","floor":45,"turns":6},{"damage":11,"enemies":"Spire Growth","floor":47,"turns":4},{"damage":0,"enemies":"3 Darklings","floor":48,"turns":2},{"damage":17,"enemies":"infinitespire:MassOfShapes","floor":50,"turns":5}],"seed_played":"3800544227161567497","potions_obtained":[{"floor":3.0,"key":"Explosive Potion"},{"floor":6.0,"key":"LiquidBronze"},{"floor":18.0,"key":"SkillPotion"},{"floor":31.0,"key":"StSpp:ScatteredPotion"},{"floor":33.0,"key":"SkillPotion"},{"floor":40,"key":"SteroidPotion"},{"floor":44,"key":"SkillPotion"},{"floor":45,"key":"Weak Potion"},{"floor":48,"key":"BottledMiracle"}],"is_trial":false,"path_per_floor":["M","?","M","$","?","E","R","E","T","M","?","?","?","M","R","B",null,"M","AVR","?","M","M","E","R","NM","T","R","M","?","?","E","R","B",null,"M","?","M","?","$","E","R","$","T","M","E","AVR","M","M","R","B",null],"character_chosen":"WATCHER","items_purchased":["Mayhem","Study","Evaluate","Kunai","Consecrate","FlyingSleeves","MerchantsRug","Impatience+1","Melange","Evaluate+1","Impatience+1"],"campfire_rested":5,"item_purchase_floors":[0,0,0,0,0,0,39,39,42,42,42],"current_hp_per_floor":[72,72,68,68,68,66,66,43,43,34,34,23,23,20,41,31,72,66,66,66,44,21,32,55,24,24,47,44,44,28,63,63,42,79,56,23,9,9,9,9,32,32,32,24,24,24,13,13,36,19],"gold":821,"neow_bonus":"","is_daily":false,"chose_seed":false,"campfire_upgraded":2,"win_rate":0.0,"timestamp":1611994765,"path_taken":["M","?","M","$","?","E","R","E","T","M","?","?","?","M","R","BOSS","M","AVR","?","M","M","E","R","NM","T","R","M","?","?","E","R","BOSS","M","?","?","?","$","E","R","?","T","M","E","AVR","M","M","R","BOSS"],"items_purchased_type":["Card","Card","Card","Relic","Card","Card","Relic","Card","Relic","Card","Card"],"build_version":"2020-12-22","purchased_purges":2,"victory":true,"max_hp_per_floor":[72,72,72,72,72,72,72,72,72,72,72,72,72,72,72,72,72,72,72,72,72,72,79,79,79,79,79,79,79,79,79,79,79,79,79,79,79,79,79,79,79,79,79,79,79,79,79,79,79,79],"card_choices":[{"not_picked":["TalkToTheHand","FlurryOfBlows"],"picked":"Wireheading","floor":1.0},{"not_picked":["CrushJoints","StSpp:Renounce"],"picked":"Fasting2","floor":3.0},{"not_picked":["Tantrum","Perseverance"],"picked":"Fasting2","floor":6.0},{"not_picked":["EmptyBody","Protect"],"picked":"ClearTheMind","floor":8.0},{"not_picked":["StSpp:Renounce","Adaptation"],"picked":"LessonLearned","floor":10.0},{"not_picked":["PathToVictory+1","ThirdEye+1"],"picked":"Evaluate+1","floor":14.0},{"not_picked":["LessonLearned","Ragnarok"],"picked":"Omniscience+1","floor":16.0},{"not_picked":["PathToVictory+1","SashWhip"],"picked":"TalkToTheHand","floor":18.0},{"not_picked":["Halt+1","FlyingSleeves"],"picked":"ClearTheMind+1","floor":21.0},{"not_picked":["Crescendo+1","Indignation+1"],"picked":"CutThroughFate+1","floor":22.0},{"not_picked":["BowlingBash","ThirdEye+1"],"picked":"Establishment","floor":23.0},{"not_picked":["infinitespire:FutureSight","infinitespire:TheBestDefense"],"picked":"infinitespire:Execution","floor":25.0},{"not_picked":["Fasting2","EmptyBody+1"],"picked":"FlurryOfBlows","floor":25.0},{"not_picked":["EmptyBody+1","FearNoEvil+1"],"picked":"Pray+1","floor":27.0},{"not_picked":["Swivel+1","EmptyFist+1"],"picked":"ForeignInfluence+1","floor":28.0},{"not_picked":["SashWhip","ClearTheMind+1"],"picked":"Halt+1","floor":31.0},{"not_picked":["Ragnarok","DeusExMachina+1"],"picked":"Omniscience+1","floor":33.0},{"not_picked":["Protect+1","WreathOfFlame+1"],"picked":"Perseverance+1","floor":35.0},{"not_picked":["Halt+1","ThirdEye+1"],"picked":"Protect+1","floor":36},{"not_picked":["Halt+1","ClearTheMind+1"],"picked":"JustLucky+1","floor":37},{"not_picked":["Tantrum+1","SandsOfTime"],"picked":"WaveOfTheHand+1","floor":40},{"not_picked":["Evaluate+1","SashWhip+1"],"picked":"StSpp:Patience+1","floor":41},{"not_picked":["WaveOfTheHand+1","StSpp:Renounce+1"],"picked":"JustLucky","floor":44},{"not_picked":["CrushJoints","ThirdEye+1"],"picked":"Prostrate+1","floor":45},{"not_picked":["WaveOfTheHand+1","Adaptation"],"picked":"FlurryOfBlows","floor":47},{"not_picked":["JustLucky+1","SandsOfTime","FlyingSleeves"],"picked":"SKIP","floor":48}],"player_experience":140014,"relics_obtained":[{"floor":6.0,"key":"Anchor"},{"floor":8.0,"key":"Dream Catcher"},{"floor":9.0,"key":"Ancient Tea Set"},{"floor":23.0,"key":"Strawberry"},{"floor":25.0,"key":"infinitespire:EmpoweringShard"},{"floor":30.0,"key":"aspiration:Stabinomicon"},{"floor":31.0,"key":"Letter Opener"},{"floor":36,"key":"hubris:MedicalManual"},{"floor":40,"key":"reliquary:RosewoodLute"},{"floor":43,"key":"StSpp:TwinEgg"},{"floor":45,"key":"aspiration:Lifesprig"}],"event_choices":[{"damage_healed":0.0,"max_hp_gain":0.0,"max_hp_loss":0.0,"gold_gain":0.0,"event_name":"conspire:Investor","player_choice":"Invest 2","floor":2.0,"gold_loss":0.0,"damage_taken":0.0},{"damage_healed":0.0,"max_hp_gain":0.0,"max_hp_loss":0.0,"gold_gain":75.0,"event_name":"World of Goop","player_choice":"Gather Gold","floor":12.0,"gold_loss":0.0,"damage_taken":11.0},{"damage_healed":0.0,"max_hp_gain":0.0,"max_hp_loss":0.0,"gold_gain":0.0,"event_name":"Back to Basics","player_choice":"Simplicity","floor":20.0,"gold_loss":0.0,"damage_taken":0.0,"cards_upgraded":["Strike_P","Strike_P","Strike_P","Strike_P","Defend_P","Defend_P","Defend_P"]},{"damage_healed":0.0,"max_hp_gain":0.0,"max_hp_loss":0.0,"gold_gain":99.0,"event_name":"Nest","player_choice":"Stole From Cult","floor":29.0,"gold_loss":0.0,"damage_taken":0.0},{"damage_healed":0.0,"max_hp_gain":0.0,"max_hp_loss":0.0,"gold_gain":0.0,"event_name":"Cursed Tome","player_choice":"Obtained Book","floor":30.0,"gold_loss":0.0,"damage_taken":16.0}],"is_beta":false,"boss_relics":[{"not_picked":["Runic Dome","Snecko Eye"],"picked":"HolyWater"},{"not_picked":["Velvet Choker","reliquary:RedCape"],"picked":"hubris:Backtick"}],"items_purged_floors":[39,42],"is_endless":false,"potions_floor_spawned":[3,6,18,31,33,36,40,44,45,48],"ascension_level":2}}