{"host":"cyh4fejqtcjbfr7k","time":1611987391,"event":{"mods":["2.2 Compatiblity","AchievementEnabler","BaseMod","Colored Map","Colored Powertips","DeckTracker","Downfall","Googly Eyes","Hubris","Infinite Spire","Minty Spire (QoL Compilation)","Replay The Spire","Shop Mod","StSLib","SuperFastMode","Unceasing Turn Reminder"],"gold_per_floor":[112,126,126,141,160,160,191,191,191,266,266,266,297,307,307,307,307],"floor_reached":16,"language":"ENG","playtime":368,"items_purged":[],"score":132,"play_id":"c6429d29-d4f4-40c7-be58-aa2c48539de1","local_time":"20210129231631","is_ascension_mode":true,"campfire_choices":[{"data":"Spot Weakness","floor":6,"key":"SMITH"},{"floor":8,"key":"REST"},{"floor":15,"key":"REST"}],"circlet_count":0,"master_deck":["Strike_R","Strike_R","Strike_R","Strike_R","Strike_R","Defend_R","Defend_R","Defend_R","Defend_R","Bash","Spot Weakness","Spot Weakness+1","Pommel Strike","Cleave","Double Tap","Disarm"],"relics":["Burning Blood","hubris:SlimyHat","White Beast Statue","Golden Egg","Quantum Egg"],"acts_visited":["Exordium"],"potions_floor_usage":[1,2,2,4,5,5,13,13,14,16],"damage_taken":[{"damage":9,"enemies":"infinitespire:Voidling","floor":1,"turns":3},{"damage":0,"enemies":"Small Slimes","floor":2,"turns":4},{"damage":0,"enemies":"Cultist","floor":4,"turns":4},{"damage":8,"enemies":"Blue Slaver","floor":5,"turns":2},{"damage":40,"enemies":"Gremlin Nob","floor":7,"turns":5},{"damage":30,"enemies":"Lagavulin","floor":13,"turns":6},{"damage":9,"enemies":"3 Louse","floor":14,"turns":3},{"damage":64,"enemies":"Fading Forest","floor":16,"turns":7}],"seed_played":"-2007591490648615241","potions_obtained":[{"floor":0,"key":"champ:CounterPotion"},{"floor":0,"key":"AttackPotion"},{"floor":0,"key":"Guardian:BlockOnCardUsePotion"},{"floor":1,"key":"Dexterity Potion"},{"floor":3,"key":"SteroidPotion"},{"floor":3,"key":"CultistPotion"},{"floor":5,"key":"Dexterity Potion"},{"floor":7,"key":"ColorlessPotion"},{"floor":13,"key":"AttackPotion"},{"floor":14,"key":"Weak Potion"}],"is_trial":false,"path_per_floor":["M","M","?","M","M","R","E","R","T","?","?","T","E","M","R","B"],"character_chosen":"IRONCLAD","items_purchased":[],"campfire_rested":2,"item_purchase_floors":[],"current_hp_per_floor":[80,80,80,80,78,78,44,68,68,57,57,57,33,30,54,0,0],"gold":307,"neow_bonus":"THREE_SMALL_POTIONS","is_daily":false,"chose_seed":false,"campfire_upgraded":1,"win_rate":0.0,"timestamp":1611987391,"path_taken":["M","?","?","M","?","R","E","R","T","?","?","?","E","M","R","BOSS"],"items_purchased_type":[],"build_version":"2020-12-22","purchased_purges":0,"victory":false,"max_hp_per_floor":[80,80,80,80,80,80,80,80,80,80,80,80,80,80,80,80,80],"card_choices":[{"not_picked":["Iron Wave","Havoc"],"picked":"Spot Weakness","floor":1},{"not_picked":["Second Wind","Anger"],"picked":"Spot Weakness","floor":2},{"not_picked":["ReplayTheSpireMod:Corrosion Curse","hubris:CleavingFinish"],"picked":"Pommel Strike","floor":4},{"not_picked":["Run Through","Wild Strike"],"picked":"Cleave","floor":5},{"not_picked":["Havoc","Dark Embrace"],"picked":"Double Tap","floor":7},{"not_picked":["ReplayTheSpireMod:Strike From Hell","Warcry"],"picked":"Disarm","floor":13},{"not_picked":["Clothesline","Perfected Strike","Carnage"],"picked":"SKIP","floor":14}],"player_experience":621913,"relics_obtained":[{"floor":7,"key":"hubris:SlimyHat"},{"floor":9,"key":"White Beast Statue"},{"floor":12,"key":"Golden Egg"},{"floor":13,"key":"Quantum Egg"}],"event_choices":[{"damage_healed":0,"gold_gain":0,"player_choice":"Got Potions","damage_taken":0,"max_hp_gain":0,"max_hp_loss":0,"event_name":"Lab","floor":3,"gold_loss":0},{"damage_healed":0,"gold_gain":75,"player_choice":"Gather Gold","damage_taken":11,"max_hp_gain":0,"max_hp_loss":0,"event_name":"World of Goop","floor":10,"gold_loss":0},{"damage_healed":0,"gold_gain":0,"player_choice":"Ignored","damage_taken":0,"max_hp_gain":0,"max_hp_loss":0,"event_name":"Shining Light","floor":11,"gold_loss":0}],"is_beta":false,"boss_relics":[],"items_purged_floors":[],"is_endless":false,"potions_floor_spawned":[1,5,7,13,14],"killed_by":"Fading Forest","ascension_level":4}}