{"host":"zsnmfqgcm92hlreo","time":1611989578,"event":{"mods":["AchievementEnabler","BaseMod","Bestiary","Block Reminder","Colored Powertips","Minty Spire (QoL Compilation)","Permanent Neow","Quick Restart","Relic Stats","Weighted Paths"],"gold_per_floor":[114,132,142,160,172,172,172],"floor_reached":6,"language":"ENG","playtime":3768,"items_purged":[],"score":80,"play_id":"4830de14-3c6f-4d25-ac9b-918c94079bc5","local_time":"20210130005258","is_ascension_mode":true,"campfire_choices":[],"circlet_count":0,"master_deck":["AscendersBane","Strike_G","Strike_G","Strike_G","Strike_G","Strike_G","Defend_G","Defend_G","Defend_G","Defend_G","Defend_G","Survivor","Neutralize","Cloak And Dagger","Backflip","Blur","Dash","Crippling Poison"],"relics":["Fusion Hammer"],"acts_visited":["Exordium"],"potions_floor_usage":[5,6],"damage_taken":[{"damage":8,"enemies":"2 Louse","floor":1,"turns":3},{"damage":7,"enemies":"Jaw Worm","floor":2,"turns":5},{"damage":9,"enemies":"Small Slimes","floor":3,"turns":4},{"damage":6,"enemies":"3 Louse","floor":4,"turns":6},{"damage":0,"enemies":"Lots of Slimes","floor":5,"turns":7},{"damage":40,"enemies":"Lagavulin","floor":6,"turns":10}],"seed_played":"4193319259559671604","potions_obtained":[{"floor":2,"key":"Strength Potion"},{"floor":4,"key":"DistilledChaos"},{"floor":5,"key":"Weak Potion"}],"is_trial":false,"path_per_floor":["M","M","M","M","M","E"],"character_chosen":"THE_SILENT","items_purchased":[],"campfire_rested":0,"item_purchase_floors":[],"current_hp_per_floor":[51,44,35,29,29,0,0],"gold":172,"neow_bonus":"BOSS_RELIC","is_daily":false,"chose_seed":false,"campfire_upgraded":0,"win_rate":0.0,"timestamp":1611989578,"path_taken":["M","M","M","M","M","E"],"items_purchased_type":[],"build_version":"2020-12-22","purchased_purges":0,"victory":false,"max_hp_per_floor":[66,66,66,66,66,66,66],"relic_stats":{"counters":[6,35],"obtain_stats":[{"Fusion Hammer":0,"Ring of the Snake":0},{"Fusion Hammer":0,"Ring of the Snake":0},{"Fusion Hammer":0,"Ring of the Snake":0}]},"card_choices":[{"not_picked":["Dodge and Roll","Deadly Poison"],"picked":"Cloak And Dagger","floor":1},{"not_picked":["Acrobatics","Riddle With Holes"],"picked":"Backflip","floor":2},{"not_picked":["Dagger Spray","Deadly Poison"],"picked":"Blur","floor":3},{"not_picked":["Underhanded Strike","Masterful Stab"],"picked":"Dash","floor":4},{"not_picked":["Slice","Tools of the Trade"],"picked":"Crippling Poison","floor":5}],"player_experience":953473,"relics_obtained":[],"event_choices":[],"is_beta":false,"boss_relics":[],"items_purged_floors":[],"is_endless":false,"potions_floor_spawned":[2,4,5],"killed_by":"Lagavulin","ascension_level":20}}