{"host":"d5i1qeb9dejicw1z","time":1611975307,"event":{"mods":["AchievementEnabler","BaseMod","Better Note","BetterRewards","Gold Saver","Minty Spire (QoL Compilation)","Permanent Neow","Relic Filter Mod","Reliquary","StSLib"],"gold_per_floor":[734,734,734,734,237,257,288,288,359,369,112,143,143,159,159,233,233,251,251,251,1,14,14,33,33,87,116,130,5,5,5,5,77,127,145,145,161,172,191,191,103,103,103,103,113,129,129,73,73,73],"floor_reached":51,"language":"ENG","playtime":2812,"items_purged":["Strike_G","Defend_G","Defend_G"],"score":1209,"play_id":"7d7155bb-6111-4403-b7ef-81da255e986a","local_time":"20210129185507","is_ascension_mode":true,"campfire_choices":[{"floor":8,"key":"REST"},{"floor":13,"key":"REST"},{"floor":15,"key":"REST"},{"data":"Terror","floor":23,"key":"SMITH"},{"data":"Backflip","floor":25,"key":"SMITH"},{"floor":30,"key":"REST"},{"floor":32,"key":"REST"},{"floor":40,"key":"REST"},{"data":"Venomology","floor":42,"key":"SMITH"},{"data":"Blade Dance","floor":44,"key":"SMITH"},{"floor":49,"key":"REST"}],"circlet_count":0,"master_deck":["AscendersBane","Strike_G","Strike_G","Strike_G+1","Defend_G+1","Survivor","Neutralize+1","Deflect+1","Quick Slash+1","Backflip+1","Slice","Backflip","Footwork+1","Escape Plan+1","Die Die Die","Terror+1","Infinite Blades+1","Deflect","Venomology+1","Blade Dance+1","Blade Dance","Accuracy+1","Accuracy+1","Footwork+1"],"relics":["Ring of the Snake","Lantern","reliquary:BallBearing","Regal Pillow","Frozen Egg 2","Matryoshka","Empty Cage","War Paint","Vajra","Happy Flower","reliquary:Stiletto","Tiny House","Potion Belt","Question Card","HornCleat"],"acts_visited":["Exordium","TheCity","TheBeyond"],"potions_floor_usage":[7,16,27,28,35,38,46,50,50,50,50,50],"damage_taken":[{"damage":0,"enemies":"Cultist","floor":1,"turns":4},{"damage":1,"enemies":"Small Slimes","floor":6,"turns":3},{"damage":25,"enemies":"3 Sentries","floor":7,"turns":17},{"damage":0,"enemies":"2 Louse","floor":10,"turns":4},{"damage":40,"enemies":"Gremlin Nob","floor":12,"turns":5},{"damage":2,"enemies":"Exordium Thugs","floor":14,"turns":6},{"damage":2,"enemies":"Hexaghost","floor":16,"turns":10},{"damage":2,"enemies":"Shell Parasite","floor":18,"turns":7},{"damage":7,"enemies":"2 Thieves","floor":22,"turns":4},{"damage":8,"enemies":"Centurion and Healer","floor":24,"turns":10},{"damage":45,"enemies":"Gremlin Leader","floor":27,"turns":7},{"damage":4,"enemies":"Chosen and Byrds","floor":28,"turns":5},{"damage":47,"enemies":"Collector","floor":33,"turns":11},{"damage":4,"enemies":"3 Shapes","floor":35,"turns":4},{"damage":12,"enemies":"Orb Walker","floor":37,"turns":3},{"damage":8,"enemies":"4 Shapes","floor":38,"turns":4},{"damage":1,"enemies":"Sphere and 2 Shapes","floor":39,"turns":9},{"damage":4,"enemies":"Transient","floor":45,"turns":6},{"damage":13,"enemies":"Maw","floor":46,"turns":4},{"damage":50,"enemies":"Donu and Deca","floor":50,"turns":8}],"seed_played":"-6326308235576269786","potions_obtained":[{"floor":6,"key":"Block Potion"},{"floor":10,"key":"SmokeBomb"},{"floor":14,"key":"CultistPotion"},{"floor":20,"key":"CunningPotion"},{"floor":22,"key":"Fire Potion"},{"floor":34,"key":"SkillPotion"},{"floor":35,"key":"Explosive Potion"}],"is_trial":false,"path_per_floor":["M","?","?","?","$","M","E","R","T","M","$","E","R","M","R","B",null,"M","?","?","$","M","R","M","R","T","E","M","$","R","$","R","B",null,"M","?","M","M","M","R","$","R","T","R","M","M","T","$","R","B",null],"character_chosen":"THE_SILENT","items_purchased":["Lantern","reliquary:BallBearing","Footwork+1","Escape Plan","War Paint","Infinite Blades+1","Accuracy+1","Poison Potion"],"campfire_rested":7,"item_purchase_floors":[5,5,11,11,21,21,41,48],"current_hp_per_floor":[59,64,43,43,43,42,17,53,53,53,53,13,49,47,71,69,71,69,69,69,69,62,62,54,54,54,9,5,5,41,41,71,24,64,60,60,48,40,39,76,76,76,76,76,72,59,59,59,76,26],"gold":73,"neow_bonus":"UPGRADE_CARD","is_daily":false,"chose_seed":false,"campfire_upgraded":4,"win_rate":0.0,"timestamp":1611975307,"path_taken":["M","?","?","?","$","M","E","R","T","?","$","E","R","M","R","BOSS","M","?","?","$","M","R","?","R","T","E","M","$","R","?","R","BOSS","M","?","?","?","M","R","$","R","T","R","M","M","?","?","R","BOSS"],"items_purchased_type":["Relic","Relic","Card","Card","Relic","Card","Card","Potion"],"build_version":"2020-12-22","purchased_purges":3,"victory":true,"max_hp_per_floor":[66,71,71,71,71,71,71,71,71,71,71,71,71,71,71,71,71,71,71,71,71,71,71,71,71,71,71,71,71,71,71,71,71,76,76,76,76,76,76,76,76,76,76,76,76,76,76,76,76,76],"card_choices":[{"not_picked":["Quick Slash","Heel Hook"],"picked":"Deflect","floor":1},{"not_picked":["Dagger Throw","Underhanded Strike"],"picked":"Backflip","floor":6},{"not_picked":["Poisoned Stab","Riddle With Holes"],"picked":"Slice","floor":7},{"not_picked":["PiercingWail","Choke"],"picked":"Backflip","floor":10},{"not_picked":["Tactician","Reflex","Flying Knee"],"picked":"SKIP","floor":12},{"not_picked":["Bouncing Flask","Dagger Throw","Concentrate"],"picked":"SKIP","floor":14},{"not_picked":["Unload","Malaise"],"picked":"Die Die Die","floor":16},{"not_picked":["Choke","Backflip"],"picked":"Terror","floor":18},{"not_picked":["Heel Hook+1","Backflip","Flying Knee"],"picked":"SKIP","floor":22},{"not_picked":["Catalyst","Terror","Dagger Spray"],"picked":"SKIP","floor":24},{"not_picked":["Malaise","Grand Finale"],"picked":"Deflect","floor":27},{"not_picked":["Underhanded Strike","Dodge and Roll","Choke+1"],"picked":"SKIP","floor":28},{"not_picked":["Corpse Explosion","Envenom+1"],"picked":"Venomology","floor":33},{"not_picked":["Outmaneuver","PiercingWail+1"],"picked":"Blade Dance","floor":34},{"not_picked":["Dagger Spray+1","Distraction+1","Tactician+1"],"picked":"SKIP","floor":35},{"not_picked":["Concentrate","Catalyst"],"picked":"Blade Dance","floor":37},{"not_picked":["Crippling Poison","Prepared+1","Corpse Explosion"],"picked":"SKIP","floor":38},{"not_picked":["Bane","Deflect","Underhanded Strike+1"],"picked":"SKIP","floor":39},{"not_picked":["Prepared+1","Distraction","Dodge and Roll"],"picked":"Accuracy+1","floor":45},{"not_picked":["Cloak And Dagger","Flechettes","Outmaneuver+1"],"picked":"Footwork+1","floor":46}],"player_experience":1179105,"relics_obtained":[{"floor":7,"key":"Regal Pillow"},{"floor":9,"key":"Frozen Egg 2"},{"floor":12,"key":"Matryoshka"},{"floor":26,"key":"Vajra"},{"floor":26,"key":"Happy Flower"},{"floor":27,"key":"reliquary:Stiletto"},{"floor":43,"key":"Potion Belt"},{"floor":43,"key":"Question Card"},{"floor":47,"key":"HornCleat"}],"event_choices":[{"damage_healed":0,"gold_gain":0,"player_choice":"Donut","damage_taken":0,"max_hp_gain":5,"max_hp_loss":0,"event_name":"Big Fish","floor":2,"gold_loss":0},{"damage_healed":0,"gold_gain":0,"player_choice":"Entered Light","damage_taken":21,"max_hp_gain":0,"max_hp_loss":0,"event_name":"Shining Light","floor":3,"gold_loss":0,"cards_upgraded":["Strike_G","Defend_G"]},{"damage_healed":0,"gold_gain":0,"player_choice":"1 cards matched","damage_taken":0,"max_hp_gain":0,"max_hp_loss":0,"event_name":"Match and Keep!","floor":4,"gold_loss":0,"cards_obtained":["Quick Slash"]},{"cards_removed":["Escape Plan"],"damage_healed":0,"gold_gain":0,"player_choice":"Give","damage_taken":0,"max_hp_gain":0,"max_hp_loss":0,"event_name":"betterNote:BetterNote","floor":19,"gold_loss":0,"cards_obtained":["Strike_G"]},{"damage_healed":0,"gold_gain":0,"player_choice":"Got Potions","damage_taken":0,"max_hp_gain":0,"max_hp_loss":0,"event_name":"Lab","floor":20,"gold_loss":0},{"cards_removed":["Strike_G"],"damage_healed":0,"gold_gain":0,"player_choice":"Offered Basic","damage_taken":0,"max_hp_gain":0,"max_hp_loss":0,"event_name":"Bonfire Elementals","floor":36,"gold_loss":0}],"is_beta":false,"boss_relics":[{"not_picked":["Black Star","SacredBark"],"picked":"Empty Cage"},{"not_picked":["Sozu","Busted Crown"],"picked":"Tiny House"}],"items_purged_floors":[5,11,29],"is_endless":false,"potions_floor_spawned":[6,10,14,22,35,37],"ascension_level":18}}