{"host":"r7z4an43h95gvocz","time":1611973453,"event":{"mods":["AchievementEnabler","BaseMod","Colored Map","Colored Powertips","Downfall","Minty Spire (QoL Compilation)","StSLib"],"gold_per_floor":[99,114,114,124,136,46,46,46,78,94,113,13,13,32,49,149,149,149,168,180,180,65,65,65,65,79,79,79,90,104,124,135,232,232,232,252,112,131,181,201,256,256,56,41,55,55,66,66,66,66],"floor_reached":48,"language":"ENG","playtime":3197,"items_purged":["bronze:Strike","Pride","bronze:Defend"],"score":488,"play_id":"0f4abfc4-0d25-4f1b-b093-6716ea840a34","local_time":"20210129182413","is_ascension_mode":false,"campfire_choices":[{"data":"bronze:Replicate","floor":1.0,"key":"SMITH"},{"data":"bronze:CutThrough","floor":8.0,"key":"SMITH"},{"data":"bronze:DelayedSlice","floor":12.0,"key":"SMITH"},{"data":"bronze:AlphaBuild","floor":18.0,"key":"SMITH"},{"data":"bronze:MaxOutput","floor":23.0,"key":"SMITH"},{"data":"bronze:Format","floor":25.0,"key":"SMITH"},{"floor":35,"key":"RECALL"},{"data":"bronze:Repulsor","floor":43,"key":"SMITH"},{"data":"bronze:Goto","floor":46,"key":"SMITH"}],"circlet_count":0,"master_deck":["bronze:Strike","bronze:Defend","bronze:Defend","bronze:Defend","bronze:Replicate+1","bronze:Goto+1","bronze:DelayedGuard","bronze:Overheat","bronze:Invalidate","bronze:CutThrough+1","bronze:DelayedSlice+1","bronze:Format+1","bronze:Safeguard","bronze:AlphaBuild+1","bronze:Shell+1","bronze:MaxOutput+1","bronze:ItsAFeature","bronze:Repulsor+1","bronze:Shield+1","bronze:Turbo","bronze:BuggyMess","bronze:ItsAFeature+1","bronze:ShipIt"],"relics":["bronze:BronzeCore","Eternal Feather","Boot","downfall:HeartBlessingGreen","SacredBark","Anchor","Question Card","Black Star","Prayer Wheel","downfall:HeartBlessingRed","downfall:HeartBlessingBlue"],"acts_visited":["Exordium","TheCity","TheBeyond"],"potions_floor_usage":[39,40,40,40,40,47],"damage_taken":[{"damage":1.0,"enemies":"Jaw Worm","floor":2.0,"turns":3.0},{"damage":0.0,"enemies":"Cultist","floor":4.0,"turns":3.0},{"damage":2.0,"enemies":"2 Louse","floor":5.0,"turns":2.0},{"damage":0.0,"enemies":"downfall:FleeingMerchant","floor":6.0,"turns":4.0},{"damage":14.0,"enemies":"Lagavulin","floor":9.0,"turns":6.0},{"damage":1.0,"enemies":"Exordium Wildlife","floor":10.0,"turns":2.0},{"damage":12.0,"enemies":"Blue Slaver","floor":11.0,"turns":2.0},{"damage":5.0,"enemies":"3 Louse","floor":14.0,"turns":3.0},{"damage":9.0,"enemies":"Exordium Wildlife","floor":15.0,"turns":3.0},{"damage":49.0,"enemies":"IC_STATUS_ARCHETYPE","floor":16.0,"turns":10.0},{"damage":10.0,"enemies":"Shell Parasite","floor":19.0,"turns":7.0},{"damage":26.0,"enemies":"Snecko","floor":20.0,"turns":4.0},{"damage":0.0,"enemies":"downfall:FleeingMerchant","floor":22.0,"turns":4.0},{"damage":0.0,"enemies":"Snake Plant","floor":26.0,"turns":5.0},{"damage":12.0,"enemies":"Sentry and Sphere","floor":29.0,"turns":7.0},{"damage":27.0,"enemies":"Snecko","floor":30.0,"turns":9.0},{"damage":0.0,"enemies":"Cultist and Chosen","floor":31.0,"turns":8.0},{"damage":0.0,"enemies":"Snake Plant","floor":32.0,"turns":6.0},{"damage":42.0,"enemies":"WA_ARCHETYPE_CALM","floor":33.0,"turns":17.0},{"damage":23,"enemies":"Orb Walker","floor":36,"turns":4},{"damage":0,"enemies":"downfall:FleeingMerchant","floor":37,"turns":4},{"damage":0,"enemies":"3 Shapes","floor":38,"turns":7},{"damage":0,"enemies":"3 Shapes","floor":39,"turns":8},{"damage":22,"enemies":"Transient","floor":40,"turns":5},{"damage":16,"enemies":"downfall:FleeingMerchant","floor":44,"turns":4},{"damage":6,"enemies":"Writhing Mass","floor":45,"turns":11},{"damage":35,"enemies":"Sphere and 2 Shapes","floor":47,"turns":4},{"damage":69,"enemies":"Reptomancer","floor":48,"turns":4}],"seed_played":"7604887709657863377","potions_obtained":[{"floor":5.0,"key":"Regen Potion"},{"floor":9.0,"key":"PowerPotion"},{"floor":15.0,"key":"Regen Potion"},{"floor":26.0,"key":"PowerPotion"},{"floor":31.0,"key":"DistilledChaos"},{"floor":33.0,"key":"EntropicBrew"},{"floor":39,"key":"BlessingOfTheForge"}],"is_trial":false,"path_per_floor":["R","M","?","M","M","$","T","R","E","M","M","R","?","M","M","B",null,"R","M","M","?","$","R","T","R","M","?","?","M","M","M","M","B",null,"R","M","$","M","?","M","T","?","R","$","M","R","M","E"],"character_chosen":"THE_AUTOMATON","items_purchased":[],"campfire_rested":0,"item_purchase_floors":[],"current_hp_per_floor":[77,76,76,76,74,74,74,77,63,62,50,56,56,51,42,8,77,77,67,41,41,41,50,50,59,59,45,45,33,6,55,55,13,82,82,59,59,59,59,37,37,92,102,86,80,92,57,0,0,0],"gold":66,"neow_bonus":"TEN_PERCENT_HP_BONUS","is_daily":false,"chose_seed":false,"campfire_upgraded":8,"win_rate":0.0,"timestamp":1611973453,"path_taken":["R","M","?","?","M","?","T","R","E","M","M","R","?","M","M","BOSS","R","M","M","?","$","R","T","R","M","?","?","M","M","M","M","BOSS","R","M","$","M","?","M","T","?","R","$","M","R","M","E"],"items_purchased_type":[],"build_version":"2020-12-22","purchased_purges":3,"victory":false,"max_hp_per_floor":[77,77,77,77,77,77,77,77,77,77,77,77,77,77,77,77,77,77,77,77,77,77,77,77,77,77,82,82,82,82,82,82,82,82,82,82,82,82,82,82,82,92,102,102,102,102,102,102,102,102],"card_choices":[{"not_picked":["bronze:OilSpill","bronze:NullPointer"],"picked":"bronze:DelayedGuard","floor":2.0},{"not_picked":["bronze:Invalidate","bronze:DelayedGuard"],"picked":"bronze:Overheat","floor":4.0},{"not_picked":["bronze:ForLoop","bronze:ClassDefault"],"picked":"bronze:Invalidate","floor":5.0},{"not_picked":["bronze:ShipIt","bronze:Shield"],"picked":"bronze:CutThrough","floor":6.0},{"not_picked":["bronze:Mutator","bronze:Return"],"picked":"bronze:DelayedSlice","floor":9.0},{"not_picked":["bronze:Invalidate","bronze:BuggyMess","bronze:Shield"],"picked":"SKIP","floor":10.0},{"not_picked":["bronze:CutThrough","bronze:Backtrace","bronze:ForLoop"],"picked":"SKIP","floor":11.0},{"not_picked":["bronze:OilSpill","bronze:Branch"],"picked":"bronze:Format","floor":14.0},{"not_picked":["bronze:Frontload","bronze:BronzeOrb"],"picked":"bronze:Safeguard","floor":15.0},{"not_picked":["bronze:Virus","bronze:FindAndReplace"],"picked":"bronze:AlphaBuild","floor":16.0},{"not_picked":["bronze:Fortify","bronze:OilSpill"],"picked":"bronze:Shell+1","floor":19.0},{"not_picked":["bronze:DelayedGuard+1","bronze:Turbo","bronze:DelayedSlice"],"picked":"SKIP","floor":20.0},{"not_picked":["bronze:ClassDefault","bronze:DigitalCarnage"],"picked":"bronze:MaxOutput","floor":22.0},{"not_picked":["bronze:Return","bronze:Invalidate+1","bronze:BugBarrage"],"picked":"bronze:ItsAFeature","floor":26.0},{"not_picked":["bronze:Deprecate","bronze:GetLatest","bronze:OilSpill+1"],"picked":"bronze:Repulsor","floor":29.0},{"not_picked":["bronze:Frontload","bronze:FineTuning","bronze:OilSpill+1"],"picked":"bronze:Shield+1","floor":30.0},{"not_picked":["bronze:ThunderWave","bronze:CutThrough","bronze:DelayedSlice"],"picked":"bronze:Turbo","floor":31.0},{"not_picked":["bronze:Deprecate","bronze:FollowUp","bronze:DelayedGuard","bronze:ForLoop+1"],"picked":"SKIP","floor":32.0},{"not_picked":["bronze:HardenedForm","bronze:ThunderWave","bronze:AlphaBuild"],"picked":"bronze:ShipIt","floor":33.0},{"not_picked":["bronze:Deprecate","bronze:Overheat","bronze:DelayedSlice"],"picked":"bronze:BuggyMess","floor":36},{"not_picked":["bronze:Break","bronze:ChildClass","bronze:DelayedGuard+1"],"picked":"bronze:ItsAFeature+1","floor":37},{"not_picked":["bronze:CloningBeam","bronze:Return+1","bronze:DarkDash+1","bronze:GetLatest"],"picked":"SKIP","floor":38},{"not_picked":["bronze:Safeguard","bronze:DelayedSlice+1","bronze:BitShift+1","bronze:ItsAFeature"],"picked":"SKIP","floor":40},{"not_picked":["bronze:ChildClass","bronze:Iterate","bronze:BitShift+1","bronze:ItsAFeature+1"],"picked":"SKIP","floor":40},{"not_picked":["bronze:ForceShield","bronze:Shield","bronze:Philosophize","bronze:Backtrace"],"picked":"SKIP","floor":44},{"not_picked":["bronze:CutThrough","bronze:Branch","bronze:Overheat"],"picked":"bronze:ShipIt","floor":45},{"not_picked":["bronze:FineTuning+1","bronze:BugBarrage","bronze:DelayedSlice","bronze:WhirlingStrike"],"picked":"SKIP","floor":45},{"not_picked":["bronze:Allocate+1","bronze:Iterate","bronze:DelayedGuard+1","bronze:DelayedSlice+1"],"picked":"SKIP","floor":47},{"not_picked":["bronze:RecursiveStrike","bronze:Return","bronze:Iterate","bronze:Shield+1"],"picked":"SKIP","floor":47}],"player_experience":440000,"relics_obtained":[{"floor":7.0,"key":"Eternal Feather"},{"floor":9.0,"key":"Boot"},{"floor":24.0,"key":"Question Card"},{"floor":39,"key":"Prayer Wheel"}],"event_choices":[{"cards_removed":["bronze:Strike"],"damage_healed":0.0,"max_hp_gain":0.0,"max_hp_loss":0.0,"gold_gain":0.0,"event_name":"Living Wall","player_choice":"Forget","floor":13.0,"gold_loss":0.0,"damage_taken":0.0},{"damage_healed":0.0,"max_hp_gain":0.0,"max_hp_loss":0.0,"gold_gain":0.0,"event_name":"Addict","player_choice":"Stole Relic","floor":21.0,"gold_loss":0.0,"damage_taken":0.0,"relics_obtained":["Anchor"],"cards_obtained":["Pride"]}],"is_beta":false,"boss_relics":[{"not_picked":["Runic Pyramid","Pandora\u0027s Box"],"picked":"SacredBark"},{"not_picked":["Snecko Eye","Tiny House"],"picked":"Black Star"}],"items_purged_floors":[6,22,37],"is_endless":false,"potions_floor_spawned":[5,9,15,26,29,30,31,33,38,39],"killed_by":"Reptomancer","ascension_level":0}}