{"host":"ztbcjri4lmj3mep7","time":1611988333,"event":{"mods":["BaseMod","Become a monster ???","Better Altar","Better Match","Better Sensory Stone","Better Skull","Better Third Choice","Challenge The Spire","Colored Map","DeckTracker","Friendly Minions","Marisa????????","Minty Spire (QoL Compilation)","Quick Restart","Random Character Button","Reliquary","Robot Space Explorer","StSLib","SuperFastMode","Synergy Search","The Marked","The Runesmith","slay the spire mod where everything is the same but ironclad has a cowboy hat"],"gold_per_floor":[119,119,132,57,57,57,9,27,27,39,50,50,50,0,0,104,104,120,35,60,73,12,12,12],"floor_reached":23,"language":"ENG","playtime":1073,"items_purged":["Pain"],"score":179,"play_id":"2f56fc24-477b-4ba9-af76-6596ad6ae8a0","local_time":"20210130003213","is_ascension_mode":false,"campfire_choices":[{"data":"theMarked:SoldierOfQuellstein","floor":6,"key":"SMITH"},{"data":"theMarked:ResourceFulStrike","floor":12,"key":"SMITH"},{"data":"theMarked:OneWithTheBlade","floor":15,"key":"SMITH"}],"circlet_count":0,"master_deck":["theMarked:Strike","theMarked:Defend","theMarked:Defend","theMarked:Defend","theMarked:SoldierOfQuellstein+1","theMarked:ParalyzingBlade","theMarked:TwofoldDefense","theMarked:ResourceFulStrike+1","theMarked:OneWithTheBlade+1","theMarked:EternalStudent","theMarked:Electrify+1","theMarked:LightningStrikesTwice+1","theMarked:PowerFlow+1","theMarked:EmpowerWeapon+1","theMarked:Electrocute"],"relics":["theMarked:ArtifactOfAir","NeowsBlessing","WarpedTongs","The Courier","reliquary:PrincelyHelmet","Astrolabe","reliquary:PurpleTingedLeaf","reliquary:RoseTintedGlasses"],"acts_visited":["Exordium","TheCity"],"potions_floor_usage":[21,23],"damage_taken":[{"damage":0,"enemies":"2 Louse","floor":1,"turns":1},{"damage":0,"enemies":"Cultist","floor":3,"turns":1},{"damage":0,"enemies":"Jaw Worm","floor":8,"turns":1},{"damage":0,"enemies":"Exordium Wildlife","floor":10,"turns":4},{"damage":0,"enemies":"3 Louse","floor":11,"turns":4},{"damage":9,"enemies":"The Guardian","floor":16,"turns":13},{"damage":0,"enemies":"Spheric Guardian","floor":18,"turns":3},{"damage":0,"enemies":"3 Byrds","floor":21,"turns":5},{"damage":30,"enemies":"Slavers","floor":23,"turns":4}],"seed_played":"4615058315369523588","potions_obtained":[{"floor":1,"key":"FearPotion"},{"floor":8,"key":"GamblersBrew"},{"floor":16,"key":"SkillPotion"}],"is_trial":false,"path_per_floor":["M","?","M","$","?","R","$","M","T","M","M","R","T","?","R","B",null,"M","?","T","M","$","E"],"character_chosen":"THE_DEFAULT","items_purchased":["theMarked:ResourceFulStrike","theMarked:Electrocute"],"campfire_rested":0,"item_purchase_floors":[7,22],"current_hp_per_floor":[70,70,70,70,63,63,63,63,63,63,63,63,63,63,63,54,70,70,70,70,70,70,40,40],"gold":12,"neow_bonus":"THREE_ENEMY_KILL","is_daily":false,"chose_seed":false,"campfire_upgraded":3,"win_rate":0.0,"timestamp":1611988333,"path_taken":["M","?","?","$","?","R","?","M","T","M","M","R","?","?","R","BOSS","M","?","?","M","$","E"],"items_purchased_type":["Card","Card"],"build_version":"2020-12-22","purchased_purges":1,"victory":false,"max_hp_per_floor":[70,70,70,70,70,70,70,70,70,70,70,70,70,70,70,70,70,70,70,70,70,70,70,70],"card_choices":[{"not_picked":["theMarked:ChainLightning","theMarked:TakeCover"],"picked":"theMarked:ParalyzingBlade","floor":1},{"not_picked":["theMarked:ElectricStrings","theMarked:TunnelVision"],"picked":"theMarked:TwofoldDefense","floor":3},{"not_picked":["theMarked:Improvise","theMarked:TakeCover","theMarked:Electrocute"],"picked":"SKIP","floor":8},{"not_picked":["theMarked:HeightenedSenses","theMarked:WardOff","theMarked:RepellingDischarge"],"picked":"SKIP","floor":10},{"not_picked":["theMarked:Heritage","theMarked:CreepingChasm"],"picked":"theMarked:OneWithTheBlade","floor":11},{"not_picked":["theMarked:MagusForm","theMarked:TurnInvisible"],"picked":"theMarked:EternalStudent","floor":16},{"not_picked":["theMarked:ContemptForTheProud","theMarked:Aftermath"],"picked":"theMarked:EmpowerWeapon+1","floor":18},{"not_picked":["theMarked:Opportunist","theMarked:HeightenedSenses","theMarked:Frustration+1"],"picked":"SKIP","floor":21}],"player_experience":748147,"relics_obtained":[{"floor":9,"key":"The Courier"},{"floor":13,"key":"reliquary:PrincelyHelmet"},{"floor":20,"key":"reliquary:RoseTintedGlasses"}],"event_choices":[{"damage_healed":0,"gold_gain":0,"player_choice":"Rummage","damage_taken":0,"relics_obtained":["WarpedTongs"],"max_hp_gain":0,"max_hp_loss":0,"event_name":"Accursed Blacksmith","floor":2,"gold_loss":0,"cards_obtained":["Pain"]},{"cards_removed":["theMarked:Defend"],"damage_healed":0,"gold_gain":0,"player_choice":"Card Removal","damage_taken":7,"max_hp_gain":0,"max_hp_loss":0,"event_name":"Golden Wing","floor":5,"gold_loss":0},{"cards_removed":["theMarked:Strike"],"damage_healed":0,"gold_gain":0,"player_choice":"Card Removal","damage_taken":0,"max_hp_gain":0,"max_hp_loss":0,"event_name":"The Cleric","floor":14,"gold_loss":50},{"damage_healed":0,"gold_gain":0,"player_choice":"Obtained Relic","damage_taken":0,"relics_obtained":["reliquary:PurpleTingedLeaf"],"max_hp_gain":0,"max_hp_loss":0,"event_name":"Addict","floor":19,"gold_loss":85}],"is_beta":false,"boss_relics":[{"not_picked":["reliquary:KinkedSpring","Empty Cage"],"picked":"Astrolabe"}],"items_purged_floors":[4],"is_endless":false,"potions_floor_spawned":[1,8,16,18],"killed_by":"Slavers","ascension_level":0}}