{"host":"uu8qcv8llpcbwyus","time":1611987882,"event":{"mods":["100% Spire Juice","BaseMod","CapriCore","Conspire","Downfall","HololiveMod","Hubris","Marisa（霧雨　魔理沙）","Minty Spire (QoL Compilation)","Reimu（博??梦）","Remilia（蕾米莉?）","Replay The Spire","StSLib","The Administrix","The Animator","The Gatherer","The Immortal","The Servant 0.9.4","TheSwordswoman","WarShipGirlsR/??少女R mod","Yakumo Yukari mod"],"gold_per_floor":[86,86,97,97,111,111,148,148,148,148,148,224,224,239,239,346,346,372,372,297,374,262,262,292,318,318,330,330,279,305,305,305,419,419,438,459,305,330,369,414,414,464,464,497,497,520,520,470,470,478,478,478,178,213,219],"floor_reached":56,"language":"ENG","playtime":2525,"items_purged":["Parasite"],"score":1882,"play_id":"78d860a1-4007-40cb-94a2-a5e4b5888557","local_time":"20210129222442","is_ascension_mode":true,"campfire_choices":[{"data":"Hololive_CallSpadeEcho","floor":6,"key":"SMITH"},{"floor":11,"key":"DIG"},{"floor":13,"key":"DIG"},{"floor":15,"key":"DIG"},{"data":"Hololive_Nanodesu","floor":23,"key":"SMITH"},{"data":"Hololive_Yoholoon","floor":28,"key":"SMITH"},{"data":"Hololive_SummonFox","floor":32,"key":"SMITH"},{"floor":41,"key":"DIG"},{"floor":45,"key":"RECALL"},{"floor":49,"key":"DIG"},{"data":"Hololive_Thief","floor":52,"key":"SMITH"}],"circlet_count":0,"master_deck":["conspire:GhostlyStrike","conspire:GhostlyStrike","conspire:GhostlyDefend","conspire:GhostlyDefend","Hololive_CallYozoraMel+1","Hololive_CallShiroganeNoel+1","Hololive_CallSpadeEcho+1","Hololive_CallMoonaHoshinova","Hololive_CallInugamiKorone","Hololive_FlyingPonyTail","Hololive_CallYozoraMel","Hololive_CallMomosuzuNene+16","Hololive_Nanodesu+1","Hololive_Spy","Hololive_Yoholoon+1","Hololive_SummonFox+1","Hololive_FlyingPonyTail","Hololive_SummonFox+1","Hololive_Thief+1","Hololive_FlyingPonyTail","Hololive_CallSpadeEcho+1","Hololive_StrengthChampion+1","Hololive_Yoholoon","Hololive_CandyCastle","Hololive_CandyCastle+1","Hololive_CallAZKi+1","Hololive_DurableLive"],"relics":["Hololive_TheStar","Mango","Gremlin Food","Shovel","ReplayFunnel","Tiny Chest","CrazyTorch:ReiMu","Coffee Dripper","Question Card","Ornamental Fan","Potion Belt","Cursed Key","TheAbacus","Prayer Wheel","conspire:TopHat","Smiling Mask","Happy Flower","Oddly Smooth Stone","Orrery","ScarletDevilRocket"],"acts_visited":["Exordium","TheCity","TheBeyond","TheEnding"],"potions_floor_usage":[24,24,54,55,55,55],"damage_taken":[{"damage":0,"enemies":"Small Slimes","floor":1,"turns":2},{"damage":0,"enemies":"Jaw Worm","floor":3,"turns":2},{"damage":0,"enemies":"conspire:RoseBush","floor":5,"turns":2},{"damage":0,"enemies":"3 Sentries","floor":7,"turns":6},{"damage":0,"enemies":"Exordium Wildlife","floor":14,"turns":3},{"damage":0,"enemies":"Slime Boss","floor":16,"turns":4},{"damage":0,"enemies":"3 Byrds","floor":18,"turns":2},{"damage":15,"enemies":"Slavers","floor":24,"turns":5},{"damage":0,"enemies":"2 Thieves","floor":25,"turns":2},{"damage":0,"enemies":"Sentry and Sphere","floor":27,"turns":3},{"damage":0,"enemies":"Snecko","floor":30,"turns":3},{"damage":0,"enemies":"Automaton","floor":33,"turns":5},{"damage":0,"enemies":"Orb Walker","floor":35,"turns":2},{"damage":0,"enemies":"3 Darklings","floor":36,"turns":3},{"damage":0,"enemies":"4 Shapes","floor":38,"turns":4},{"damage":0,"enemies":"Transient","floor":39,"turns":5},{"damage":0,"enemies":"R_Hoarder","floor":40,"turns":6},{"damage":0,"enemies":"Giant Head","floor":42,"turns":6},{"damage":0,"enemies":"Writhing Mass","floor":44,"turns":3},{"damage":0,"enemies":"3 Darklings","floor":46,"turns":2},{"damage":0,"enemies":"Awakened One","floor":50,"turns":11},{"damage":0,"enemies":"Shield and Spear","floor":54,"turns":4},{"damage":0,"enemies":"The Heart","floor":55,"turns":7}],"seed_played":"569616968405645149","potions_obtained":[{"floor":1,"key":"Adrenaline Potion"},{"floor":3,"key":"Elixir"},{"floor":14,"key":"Death Potion"},{"floor":25,"key":"BlessingOfTheForge"},{"floor":27,"key":"Elixir"},{"floor":30,"key":"Adrenaline Potion"},{"floor":36,"key":"Adrenaline Potion"},{"floor":54,"key":"MagicPotion:ReiMu"}],"is_trial":false,"path_per_floor":["M","?","M","?","M","R","E","?","T","?","R","T","R","M","R","B",null,"M","?","?","T","$","R","E","M","T","M","R","$","M","?","R","B",null,"M","M","$","M","M","E","R","E","T","M","R","M","?","$","R","B",null,"R","$","E","B",null],"character_chosen":"Hololive_HololiveCharacter","items_purchased":["Hololive_Spy","Hololive_Yoholoon","Hololive_FlyingPonyTail","TheAbacus","Oddly Smooth Stone","Orrery"],"campfire_rested":0,"item_purchase_floors":[22,22,29,37,53,53],"current_hp_per_floor":[35,40,40,40,40,40,54,21,21,21,21,21,21,36,36,54,54,54,54,54,54,54,54,45,45,45,54,54,54,54,54,54,54,54,54,54,54,54,54,54,54,54,54,54,54,54,54,51,51,51,51,51,51,51,51],"gold":219,"neow_bonus":"UPGRADE_CARD","is_daily":false,"chose_seed":false,"campfire_upgraded":5,"win_rate":0.0,"timestamp":1611987882,"path_taken":["M","?","M","?","?","R","E","?","T","?","R","?","R","?","R","BOSS","M","?","?","?","$","R","E","M","T","M","R","$","M","?","R","BOSS","M","M","$","?","M","E","R","E","T","M","R","M","?","$","R","BOSS","R","$","E","BOSS"],"items_purchased_type":["Card","Card","Card","Relic","Relic","Relic"],"build_version":"2020-12-22","purchased_purges":1,"victory":true,"max_hp_per_floor":[35,40,40,40,40,40,54,54,54,54,54,54,54,54,54,54,54,54,54,54,54,54,54,54,54,54,54,54,54,54,54,54,54,54,54,54,54,54,54,54,54,54,54,54,54,54,54,51,51,51,51,51,51,51,51],"card_choices":[{"not_picked":["Hololive_CallKiryuuCoco","Hololive_RevenueBasedLive","Hololive_Breathe"],"picked":"Hololive_FlyingPonyTail","floor":1},{"not_picked":["Hololive_CallYogiri","Hololive_Trident","Hololive_Breathe","Hololive_Psychosis"],"picked":"SKIP","floor":3},{"not_picked":["Hololive_Drill","Hololive_CallShirakamiFubuki","Hololive_CocoNews"],"picked":"Hololive_CallYozoraMel","floor":5},{"not_picked":["Hololive_OvertimeWork","Hololive_Yoholoon","Hololive_CallInugamiKorone"],"picked":"Hololive_CallMomosuzuNene","floor":7},{"not_picked":["Hololive_CallFriendA","Hololive_RevenueBasedLive","Hololive_OvertimeWork","Hololive_CallYuzukiChoco"],"picked":"SKIP","floor":14},{"not_picked":["Hololive_BeCareful","Hololive_MaximGun","Hololive_OpenUp"],"picked":"Hololive_Nanodesu","floor":16},{"not_picked":["Hololive_Trident","Hololive_HuntDinosaur","Hololive_Rebound+1","Hololive_Breathe"],"picked":"SKIP","floor":18},{"not_picked":["Hololive_DDD","Hololive_Psychosis","Hololive_AWSL","Hololive_ILoveYou"],"picked":"Hololive_SummonFox+1","floor":24},{"not_picked":["Hololive_Sequa","Hololive_Trident+1","Hololive_Breathe","Hololive_CallShishiroBotan","Hololive_CallAkaiHaato"],"picked":"SKIP","floor":25},{"not_picked":["Hololive_CallOkamiMio","Hololive_CallMinatoAqua","Hololive_CallMomosuzuNene+1","Hololive_Psychosis","Hololive_Rebound"],"picked":"SKIP","floor":27},{"not_picked":["Hololive_CallYuzukiChoco","Hololive_Rebound","Hololive_Psychosis","Hololive_Trident","Hololive_CallAkaiHaato+1"],"picked":"SKIP","floor":30},{"not_picked":["Hololive_AWSL","Hololive_HighAtkLowDef","Hololive_FlareMind","Hololive_BeCareful"],"picked":"Hololive_Thief","floor":33},{"not_picked":["Hololive_Breathe","Hololive_LuckPotion","Hololive_CallKiryuuCoco","Hololive_HuntDinosaur+1"],"picked":"Hololive_FlyingPonyTail","floor":35},{"not_picked":["Hololive_CallTsunomakiWatame+1","Hololive_Sequa","Hololive_Psychosis","Hololive_Trident+1"],"picked":"Hololive_CallSpadeEcho+1","floor":36},{"not_picked":["Hololive_Drill+1","Hololive_CallShiranuiFlare","Hololive_HuntDinosaur","Hololive_Breathe"],"picked":"Hololive_StrengthChampion+1","floor":38},{"not_picked":["Hololive_StrengthChampion+1","Hololive_Trident","Hololive_Drill","Hololive_Yoholoon","Hololive_FlyingPonyTail+1"],"picked":"SKIP","floor":39},{"not_picked":["Hololive_StrengthChampion+1","Hololive_Trident","Hololive_Drill","Hololive_FlyingPonyTail+1"],"picked":"Hololive_Yoholoon","floor":39},{"not_picked":["Hololive_FlareMind","Hololive_LuckPotion+1","Hololive_FlyingPonyTail+1","Hololive_OvertimeWork+1"],"picked":"Hololive_CandyCastle","floor":40},{"not_picked":["Hololive_Breathe","Hololive_StrengthChampion","Hololive_Drill+1","Hololive_CocoNews"],"picked":"Hololive_CandyCastle+1","floor":42},{"not_picked":["Hololive_FlyingPonyTail","Hololive_Sequa+1","Hololive_CallTsunomakiWatame","Hololive_Rebound","Hololive_Breathe+1"],"picked":"SKIP","floor":44},{"not_picked":["Hololive_FlyingPonyTail+1","Hololive_CallOmaruPolka+1","Hololive_Sequa+1","Hololive_CocoNews+1","Hololive_CallYozoraMel"],"picked":"SKIP","floor":44},{"not_picked":["Hololive_CallTokinoSora","Hololive_CallAkaiHaato","Hololive_HuntDinosaur+1","Hololive_FlyingPonyTail","Hololive_CallKiryuuCoco+1"],"picked":"SKIP","floor":46},{"not_picked":["Hololive_FlareMind","Hololive_CallTsunomakiWatame+1","Hololive_OvertimeWork+1","Hololive_LuckPotion","Hololive_CallNekomataOkayu+1"],"picked":"SKIP","floor":46},{"not_picked":["Hololive_CallShiroganeNoel+1","Hololive_CallYuzukiChoco","Hololive_CallYukihanaLamy","Hololive_LuckPotion+1"],"picked":"Hololive_CallAZKi+1","floor":53},{"not_picked":["Hololive_Rebound+1","Hololive_ManjiGathering+1","Hololive_OvertimeWork","Hololive_Trident"],"picked":"Hololive_DurableLive","floor":53},{"not_picked":["Hololive_StrengthChampion","Hololive_ManjiGathering","Hololive_CallTsunomakiWatame+1","Hololive_DiamondStrike","Hololive_Trident"],"picked":"SKIP","floor":54}],"player_experience":1150681,"relics_obtained":[{"floor":7,"key":"Mango"},{"floor":9,"key":"Shovel"},{"floor":11,"key":"ReplayFunnel"},{"floor":13,"key":"Tiny Chest"},{"floor":15,"key":"CrazyTorch:ReiMu"},{"floor":21,"key":"Question Card"},{"floor":24,"key":"Ornamental Fan"},{"floor":26,"key":"Potion Belt"},{"floor":40,"key":"Prayer Wheel"},{"floor":41,"key":"conspire:TopHat"},{"floor":42,"key":"Smiling Mask"},{"floor":49,"key":"Happy Flower"},{"floor":54,"key":"ScarletDevilRocket"}],"event_choices":[{"damage_healed":0,"gold_gain":0,"player_choice":"Donut","damage_taken":0,"max_hp_gain":5,"max_hp_loss":0,"event_name":"Big Fish","floor":2,"gold_loss":0},{"damage_healed":0,"gold_gain":0,"player_choice":"Forge","damage_taken":0,"max_hp_gain":0,"max_hp_loss":0,"event_name":"Accursed Blacksmith","floor":4,"gold_loss":0,"cards_upgraded":["Hololive_CallShiroganeNoel"]},{"damage_healed":0,"gold_gain":0,"player_choice":"Success","damage_taken":33,"relics_obtained":["Gremlin Food"],"max_hp_gain":0,"max_hp_loss":0,"event_name":"Scrap Ooze","floor":8,"gold_loss":0},{"damage_healed":0,"gold_gain":0,"player_choice":"Agree","damage_taken":0,"max_hp_gain":0,"max_hp_loss":0,"event_name":"conspire:LoneGhost","floor":10,"gold_loss":0},{"damage_healed":0,"gold_gain":0,"player_choice":"Read","damage_taken":0,"max_hp_gain":0,"max_hp_loss":0,"event_name":"The Library","floor":19,"gold_loss":0,"cards_obtained":["SpreadBorder2:ReiMu"]},{"cards_removed":["Hololive_Sequa"],"damage_healed":0,"gold_gain":0,"player_choice":"Gave Gold","damage_taken":0,"max_hp_gain":0,"max_hp_loss":0,"event_name":"Beggar","floor":20,"gold_loss":75},{"damage_healed":0,"gold_gain":0,"cards_transformed":["SpreadBorder2:ReiMu"],"player_choice":"Transformed","damage_taken":0,"max_hp_gain":0,"max_hp_loss":0,"event_name":"Transmorgrifier","floor":31,"gold_loss":0,"cards_obtained":["Hololive_SummonFox"]},{"damage_healed":0,"gold_gain":0,"player_choice":"Ignored","damage_taken":0,"max_hp_gain":0,"max_hp_loss":0,"event_name":"Tomb of Lord Red Mask","floor":47,"gold_loss":0}],"is_beta":false,"boss_relics":[{"not_picked":["hubris:VirtuousBlindfold","Pandora\u0027s Box"],"picked":"Coffee Dripper"},{"not_picked":["Replay:Ancient Bell","hubris:GrandSneckoEye"],"picked":"Cursed Key"}],"items_purged_floors":[48],"is_endless":false,"potions_floor_spawned":[1,3,14,25,27,30,36,38,42,54],"ascension_level":6}}