{"host":"bgyhjzqafgkxdxsh","time":1611977424,"event":{"mods":["BaseMod","Colored Map","Downfall","Minty Spire (QoL Compilation)","Relic Stats","StSLib","everything is the same but u backflip on backflip"],"gold_per_floor":[99,118,25,36,36,65,90,90,103,203,215,245,145,145,163,268,268,168,178,178,196,28,54,54,54,54,54,74,101,1,1,16,114,114,114,127,139,157,172,14,82,82,100,100,100,175,188,200,220,220,220,220],"floor_reached":50,"language":"ENG","playtime":3184,"items_purged":["Writhe","Pride"],"score":592,"play_id":"05cc0b07-aac6-4296-aee7-6c59ac0497e3","local_time":"20210130133024","is_ascension_mode":false,"campfire_choices":[{"data":"sneckomod:TailWhip","floor":1,"key":"SMITH"},{"floor":13,"key":"RECALL"},{"data":"sneckomod:UnknownBoss","floor":26,"key":"SMITH"},{"data":"Adrenaline","floor":30,"key":"SMITH"},{"data":"sneckomod:TrashToTreasure","floor":35,"key":"SMITH"},{"data":"sneckomod:UnknownDraw","floor":42,"key":"SMITH"},{"data":"sneckomod:SnakeSap","floor":45,"key":"SMITH"}],"circlet_count":0,"master_deck":["sneckomod:Defend","sneckomod:Defend","sneckomod:Defend","sneckomod:TailWhip+1","sneckomod:SnekBite","sneckomod:Unknown","sneckomod:Unknown","sneckomod:DiceBlock","sneckomod:UnknownWeak","sneckomod:RainOfDice","Reinforced Body","sneckomod:UnknownDraw+1","sneckomod:QuickMove","sneckomod:UnknownRareSkill","sneckomod:UnknownBoss+1","Adrenaline+1","sneckomod:UnendingSupply+1","sneckomod:UnknownUncommonAttack+1","sneckomod:SoulDraw+1","sneckomod:UnknownRareAttack","sneckomod:Unknown1Cost+1","downfall:Icky","sneckomod:TrashToTreasure+1","sneckomod:UnknownUncommonPower+1","sneckomod:ImprovisedAttack+1","sneckomod:Cheat","sneckomod:ImprovisedAttack","sneckomod:CheapStock+1","sneckomod:SoulExchange","sneckomod:SnekBeam+1","Parasite","sneckomod:SnakeSap+1","Injury","sneckomod:IronFang","sneckomod:SoulDraw+1","Panacea"],"relics":["sneckomod:SneckoSoul","downfall:BrokenWingStatue","Frozen Egg 2","Happy Flower","Letter Opener","downfall:HeartBlessingGreen","Cursed Key","downfall:HeartBlessingRed","Orichalcum","InkBottle","Boot","Mango","downfall:HeartBlessingBlue","Busted Crown","ClockworkSouvenir","StrikeDummy","Medical Kit"],"acts_visited":["Exordium","TheCity","TheBeyond"],"potions_floor_usage":[6,21,23,23,33,40,49,50],"damage_taken":[{"damage":0,"enemies":"2 Louse","floor":2,"turns":2},{"damage":0,"enemies":"downfall:FleeingMerchant","floor":3,"turns":4},{"damage":16,"enemies":"Small Slimes","floor":4,"turns":5},{"damage":12,"enemies":"Gremlin Nob","floor":6,"turns":4},{"damage":6,"enemies":"Jaw Worm","floor":9,"turns":3},{"damage":1,"enemies":"Exordium Wildlife","floor":11,"turns":3},{"damage":17,"enemies":"3 Sentries","floor":12,"turns":9},{"damage":0,"enemies":"2 Fungi Beasts","floor":15,"turns":2},{"damage":36,"enemies":"IC_STATUS_ARCHETYPE","floor":16,"turns":11},{"damage":12,"enemies":"Spheric Guardian","floor":19,"turns":4},{"damage":0,"enemies":"Shell Parasite","floor":21,"turns":4},{"damage":0,"enemies":"downfall:FleeingMerchant","floor":22,"turns":4},{"damage":23,"enemies":"Gremlin Leader","floor":23,"turns":7},{"damage":8,"enemies":"Centurion and Healer","floor":28,"turns":4},{"damage":35,"enemies":"Book of Stabbing","floor":29,"turns":5},{"damage":9,"enemies":"Snecko","floor":32,"turns":4},{"damage":10,"enemies":"WA_ARCHETYPE_CALM","floor":33,"turns":8},{"damage":9,"enemies":"Orb Walker","floor":36,"turns":2},{"damage":24,"enemies":"3 Shapes","floor":37,"turns":3},{"damage":9,"enemies":"Writhing Mass","floor":38,"turns":7},{"damage":13,"enemies":"Maw","floor":39,"turns":7},{"damage":14,"enemies":"downfall:FleeingMerchant","floor":40,"turns":4},{"damage":22,"enemies":"4 Shapes","floor":43,"turns":5},{"damage":37,"enemies":"3 Darklings","floor":47,"turns":7},{"damage":0,"enemies":"downfall:FleeingMerchant","floor":48,"turns":3},{"damage":10,"enemies":"Spire Growth","floor":49,"turns":3},{"damage":82,"enemies":"DF_ARCHETYPE_ORBS","floor":50,"turns":6}],"seed_played":"-5401913719703768976","potions_obtained":[{"floor":2,"key":"champ:CounterPotion"},{"floor":6,"key":"SpeedPotion"},{"floor":11,"key":"Weak Potion"},{"floor":19,"key":"Fruit Juice"},{"floor":21,"key":"LiquidMemories"},{"floor":23,"key":"Block Potion"},{"floor":33,"key":"LiquidBronze"},{"floor":39,"key":"Strength Potion"},{"floor":43,"key":"SneckoOil"},{"floor":46,"key":"downfall:CursedFountainPotion"},{"floor":47,"key":"Slimebound:ThreeZeroPotion"},{"floor":49,"key":"SpeedPotion"}],"is_trial":false,"path_per_floor":["R","M","$","M","?","E","T","R","M","?","M","E","R","?","M","B",null,"R","M","?","M","$","E","T","?","R","?","M","E","R","?","M","B",null,"R","M","M","M","M","$","T","R","M","?","R","?","M","$","M","B"],"character_chosen":"THE_SNECKO","items_purchased":["sneckomod:UnknownBlock","sneckomod:UnendingSupply","sneckomod:UnknownRareAttack","ClockworkSouvenir","Medical Kit","Panacea"],"campfire_rested":0,"item_purchase_floors":[3,3,22,40,48,48],"current_hp_per_floor":[99,99,99,83,83,71,71,71,65,65,64,47,47,47,47,11,99,99,87,87,92,92,69,69,69,69,69,61,50,60,60,51,51,128,128,123,99,90,83,69,69,69,47,47,47,128,91,91,81,0,0,0],"gold":220,"neow_bonus":"TEN_PERCENT_HP_BONUS","is_daily":false,"chose_seed":false,"campfire_upgraded":6,"win_rate":0.0,"timestamp":1611977424,"path_taken":["R","M","$","M","?","E","T","R","M","?","M","E","R","?","M","BOSS","R","M","?","M","$","E","T","?","R","?","M","E","R","?","M","BOSS","R","M","M","M","M","$","T","R","M","?","R","?","?","$","M","BOSS"],"items_purchased_type":["Card","Card","Card","Relic","Relic","Card"],"build_version":"2020-12-22","purchased_purges":2,"victory":false,"max_hp_per_floor":[99,99,99,99,99,99,99,99,99,99,99,99,99,99,99,99,99,99,99,99,104,104,104,104,104,104,104,104,118,128,128,128,128,128,128,128,128,128,128,128,128,128,128,128,128,128,128,128,128,128,128,128],"relic_stats":{"Busted Crown":18,"Happy Flower":[38],"counters":[27,130],"Letter Opener":[171],"Orichalcum":[126],"Cursed Key":2,"Boot":[51],"Medical Kit":[0],"obtain_stats":[{"Happy Flower":7,"downfall:HeartBlessingRed":18,"downfall:HeartBlessingGreen":13,"Mango":29,"Letter Opener":12,"Frozen Egg 2":6,"Orichalcum":20,"sneckomod:SneckoSoul":0,"Cursed Key":17,"Boot":25,"Medical Kit":48,"ClockworkSouvenir":40,"downfall:BrokenWingStatue":5,"Busted Crown":34,"downfall:HeartBlessingBlue":30,"StrikeDummy":41,"InkBottle":23},{"Happy Flower":4,"downfall:HeartBlessingRed":9,"downfall:HeartBlessingGreen":7,"Mango":15,"Letter Opener":7,"Frozen Egg 2":4,"Orichalcum":10,"sneckomod:SneckoSoul":0,"Cursed Key":9,"Boot":13,"Medical Kit":25,"ClockworkSouvenir":22,"downfall:BrokenWingStatue":3,"Busted Crown":17,"downfall:HeartBlessingBlue":15,"StrikeDummy":22,"InkBottle":13},{"Happy Flower":15,"downfall:HeartBlessingRed":43,"downfall:HeartBlessingGreen":30,"Mango":71,"Letter Opener":30,"Frozen Egg 2":15,"Orichalcum":47,"sneckomod:SneckoSoul":0,"Cursed Key":43,"Boot":62,"Medical Kit":121,"ClockworkSouvenir":106,"downfall:BrokenWingStatue":11,"Busted Crown":83,"downfall:HeartBlessingBlue":71,"StrikeDummy":106,"InkBottle":62}],"InkBottle":[34]},"card_choices":[{"not_picked":["sneckomod:QuickBite","sneckomod:CheapStock"],"picked":"sneckomod:DiceBlock","floor":2},{"not_picked":["sneckomod:UnknownCommonAttack","sneckomod:CheapStock"],"picked":"sneckomod:UnknownExhaust","floor":3},{"not_picked":["sneckomod:SoulRoll","sneckomod:QuickBite"],"picked":"sneckomod:UnknownWeak","floor":4},{"not_picked":["sneckomod:QuickMove","sneckomod:UnknownVulnerable"],"picked":"sneckomod:RainOfDice","floor":6},{"not_picked":["sneckomod:UnknownUncommonAttack","sneckomod:Nope"],"picked":"sneckomod:UnknownDraw","floor":9},{"not_picked":["sneckomod:UnknownCommonAttack","sneckomod:DiceBlock"],"picked":"sneckomod:QuickMove","floor":11},{"not_picked":["sneckomod:QuickBite","sneckomod:ImprovisedAttack"],"picked":"sneckomod:UnknownRareSkill","floor":12},{"not_picked":["sneckomod:Unknown2Cost","sneckomod:ImprovisedAttack","sneckomod:QuickBite"],"picked":"SKIP","floor":15},{"not_picked":["sneckomod:UnlimitedRolls+1","sneckomod:Cheat"],"picked":"sneckomod:UnknownBoss","floor":16},{"not_picked":["sneckomod:UnknownDraw","sneckomod:WideSting"],"picked":"sneckomod:UnendingSupply+1","floor":19},{"not_picked":["sneckomod:UnknownClassGREEN","sneckomod:SoulCleanse"],"picked":"sneckomod:UnknownUncommonAttack+1","floor":21},{"not_picked":["sneckomod:QuickBite","sneckomod:UnknownDraw"],"picked":"sneckomod:SoulDraw+1","floor":22},{"not_picked":["sneckomod:RainOfDice+1","sneckomod:UnknownClassSLIMEBOUND"],"picked":"sneckomod:Unknown1Cost+1","floor":23},{"not_picked":["sneckomod:ImprovisedGuard","sneckomod:UnknownClassGREEN+1"],"picked":"sneckomod:UnknownUncommonPower+1","floor":28},{"not_picked":["sneckomod:Unknown2Cost","sneckomod:ImprovisedGuard"],"picked":"sneckomod:ImprovisedAttack+1","floor":29},{"not_picked":["sneckomod:UnknownCommonAttack+1","sneckomod:Unknown0Cost"],"picked":"sneckomod:CheapStock+1","floor":32},{"not_picked":["sneckomod:UnknownBoss","sneckomod:UnknownRareAttack"],"picked":"sneckomod:SoulExchange","floor":33},{"not_picked":["sneckomod:Unknown1Cost"],"picked":"SKIP","floor":36},{"not_picked":[],"picked":"sneckomod:SnekBeam+1","floor":37},{"not_picked":[],"picked":"sneckomod:SnakeSap","floor":38},{"not_picked":["sneckomod:MasterEye+1"],"picked":"SKIP","floor":39},{"not_picked":["sneckomod:UnknownClassGREEN"],"picked":"SKIP","floor":40},{"not_picked":[],"picked":"sneckomod:IronFang","floor":43},{"not_picked":["sneckomod:UnknownClassSLIMEBOUND"],"picked":"SKIP","floor":47},{"not_picked":[],"picked":"sneckomod:SoulDraw+1","floor":48},{"not_picked":["sneckomod:DiceBlock"],"picked":"SKIP","floor":49}],"player_experience":470351,"relics_obtained":[{"floor":6,"key":"Frozen Egg 2"},{"floor":7,"key":"Happy Flower"},{"floor":12,"key":"Letter Opener"},{"floor":23,"key":"InkBottle"},{"floor":29,"key":"Mango"},{"floor":41,"key":"StrikeDummy"}],"event_choices":[{"damage_healed":0,"gold_gain":0,"player_choice":"Stole Relic","damage_taken":0,"relics_obtained":["Boot"],"max_hp_gain":0,"max_hp_loss":0,"event_name":"Addict","floor":25,"gold_loss":0,"cards_obtained":["Pride"]},{"damage_healed":0,"gold_gain":0,"player_choice":"Read","damage_taken":0,"max_hp_gain":0,"max_hp_loss":0,"event_name":"The Library","floor":27,"gold_loss":0,"cards_obtained":["sneckomod:TrashToTreasure"]},{"damage_healed":0,"gold_gain":0,"cards_transformed":["sneckomod:Strike","sneckomod:Strike"],"player_choice":"Became Test Subject","damage_taken":0,"max_hp_gain":0,"max_hp_loss":0,"event_name":"Drug Dealer","floor":31,"gold_loss":0,"cards_obtained":["sneckomod:Cheat","sneckomod:ImprovisedAttack"]},{"cards_removed":["sneckomod:UnendingSupply"],"damage_healed":0,"gold_gain":0,"player_choice":"Removed Power","damage_taken":0,"max_hp_gain":0,"max_hp_loss":0,"event_name":"Falling","floor":44,"gold_loss":0}],"is_beta":false,"boss_relics":[{"not_picked":["Fusion Hammer","SacredBark"],"picked":"Cursed Key"},{"not_picked":["Coffee Dripper","Runic Pyramid"],"picked":"Busted Crown"}],"items_purged_floors":[22,48],"is_endless":false,"potions_floor_spawned":[2,6,11,19,21,23,33,39,43,47,49],"killed_by":"DF_ARCHETYPE_ORBS","ascension_level":0}}