{"host":"ow66nzv2xecjoor3","time":1611993583,"event":{"mods":["BaseMod","Bestiary","Block Reminder","Colored Powertips","Curses Come First","Highlight Path","Keyboard Shortcuts","Minty Spire (QoL Compilation)","Permanent Neow","Relic Stats","StSLib","UnlockEverythingMod"],"gold_per_floor":[115,115,132,179,194,219,233,233,301,301,326,341,358,302,302,378,378,390,390,390,420,438,438,438],"floor_reached":23,"language":"ENG","playtime":891,"items_purged":[],"score":402,"play_id":"ae1e2e4e-5a23-44e1-9534-b61c006df7f8","local_time":"20210130015943","is_ascension_mode":true,"campfire_choices":[{"floor":8,"key":"REST"},{"floor":15,"key":"REST"}],"circlet_count":0,"master_deck":["AscendersBane","Strike_B","Strike_B","Strike_B","Defend_B","Defend_B","Defend_B","Defend_B","Zap","Dualcast","Defragment","Ball Lightning","Compile Driver","Hologram","Chill","Compile Driver","Core Surge+1","Seek","FTL+1","Coolheaded","Ball Lightning+1","Beam Cell+1","Biased Cognition","Loop","Reinforced Body+1","Self Repair"],"relics":["Cracked Core","Dream Catcher","Orichalcum","Ginger","Molten Egg 2","PreservedInsect","SlaversCollar","Red Mask"],"acts_visited":["Exordium","TheCity"],"potions_floor_usage":[6,7,16,16,23],"damage_taken":[{"damage":7,"enemies":"2 Louse","floor":1,"turns":3},{"damage":4,"enemies":"Jaw Worm","floor":3,"turns":3},{"damage":4,"enemies":"Small Slimes","floor":5,"turns":3},{"damage":26,"enemies":"3 Sentries","floor":6,"turns":6},{"damage":0,"enemies":"Exordium Thugs","floor":7,"turns":4},{"damage":18,"enemies":"Gremlin Nob","floor":11,"turns":4},{"damage":6,"enemies":"2 Fungi Beasts","floor":12,"turns":3},{"damage":3,"enemies":"Large Slime","floor":13,"turns":3},{"damage":6,"enemies":"Hexaghost","floor":16,"turns":6},{"damage":0,"enemies":"Chosen","floor":18,"turns":3},{"damage":29,"enemies":"Masked Bandits","floor":21,"turns":4},{"damage":12,"enemies":"3 Byrds","floor":22,"turns":5},{"damage":24,"enemies":"Gremlin Leader","floor":23,"turns":5}],"seed_played":"-2185867041491823941","potions_obtained":[{"floor":3,"key":"Swift Potion"},{"floor":6,"key":"FearPotion"},{"floor":11,"key":"SkillPotion"},{"floor":12,"key":"Strength Potion"},{"floor":22,"key":"SkillPotion"}],"is_trial":false,"path_per_floor":["M","?","M","T","M","E","M","R","T","?","E","M","M","$","R","B",null,"M","?","?","?","M","E"],"character_chosen":"DEFECT","items_purchased":["Ball Lightning+1"],"campfire_rested":2,"item_purchase_floors":[14],"current_hp_per_floor":[57,50,46,46,42,16,16,37,37,37,19,13,10,10,31,25,60,60,60,60,31,19,0,0],"gold":438,"neow_bonus":"RANDOM_COMMON_RELIC","is_daily":false,"chose_seed":false,"campfire_upgraded":0,"win_rate":0.0,"timestamp":1611993583,"path_taken":["M","?","M","?","M","E","M","R","T","?","E","M","?","?","R","BOSS","M","?","?","?","M","E"],"items_purchased_type":["Card"],"build_version":"2020-12-22","purchased_purges":0,"victory":false,"max_hp_per_floor":[71,71,71,71,71,71,71,71,71,71,71,71,71,71,71,71,71,71,71,71,71,71,71,71],"relic_stats":{"Dream Catcher":2,"counters":[13,52],"PreservedInsect":47,"Ginger":[7],"Orichalcum":[168],"obtain_stats":[{"SlaversCollar":17,"Dream Catcher":0,"Molten Egg 2":9,"PreservedInsect":11,"Red Mask":21,"Ginger":6,"Orichalcum":4,"Cracked Core":0},{"SlaversCollar":9,"Dream Catcher":0,"Molten Egg 2":5,"PreservedInsect":6,"Red Mask":11,"Ginger":4,"Orichalcum":2,"Cracked Core":0},{"SlaversCollar":35,"Dream Catcher":0,"Molten Egg 2":19,"PreservedInsect":23,"Red Mask":42,"Ginger":15,"Orichalcum":6,"Cracked Core":0}]},"card_choices":[{"not_picked":["Go for the Eyes","Steam"],"picked":"Defragment","floor":1},{"not_picked":["Turbo","Leap"],"picked":"Ball Lightning","floor":3},{"not_picked":["Barrage","Redo"],"picked":"Compile Driver","floor":5},{"not_picked":["Compile Driver","Beam Cell"],"picked":"Hologram","floor":6},{"not_picked":["Compile Driver","Undo"],"picked":"Chill","floor":7},{"not_picked":["Storm","Steam"],"picked":"Compile Driver","floor":8},{"not_picked":["Sunder+1","Undo"],"picked":"Seek","floor":11},{"not_picked":["Reinforced Body","Leap"],"picked":"FTL+1","floor":12},{"not_picked":["Darkness","Skim"],"picked":"Coolheaded","floor":13},{"not_picked":["Rip and Tear+1","Gash+1"],"picked":"Beam Cell+1","floor":15},{"not_picked":["Electrodynamics","Hyperbeam+1"],"picked":"Biased Cognition","floor":16},{"not_picked":["Chaos","Hologram"],"picked":"Loop","floor":18},{"not_picked":["Ball Lightning+1","Beam Cell+1"],"picked":"Reinforced Body+1","floor":21},{"not_picked":["Genetic Algorithm","Streamline+1"],"picked":"Self Repair","floor":22}],"player_experience":2769618,"relics_obtained":[{"floor":4,"key":"Orichalcum"},{"floor":6,"key":"Ginger"},{"floor":9,"key":"Molten Egg 2"},{"floor":11,"key":"PreservedInsect"},{"floor":21,"key":"Red Mask"}],"event_choices":[{"cards_removed":["Strike_B"],"damage_healed":0,"gold_gain":0,"player_choice":"Card Removal","damage_taken":7,"max_hp_gain":0,"max_hp_loss":0,"event_name":"Golden Wing","floor":2,"gold_loss":0},{"damage_healed":0,"gold_gain":0,"player_choice":"1 cards matched","damage_taken":0,"max_hp_gain":0,"max_hp_loss":0,"event_name":"Match and Keep!","floor":10,"gold_loss":0,"cards_obtained":["Core Surge"]},{"damage_healed":0,"gold_gain":0,"player_choice":"Ignored","damage_taken":0,"max_hp_gain":0,"max_hp_loss":0,"event_name":"The Mausoleum","floor":19,"gold_loss":0},{"damage_healed":0,"gold_gain":0,"player_choice":"Ignored","damage_taken":0,"max_hp_gain":0,"max_hp_loss":0,"event_name":"Vampires","floor":20,"gold_loss":0},{"damage_healed":0,"gold_gain":0,"player_choice":"Fought Bandits","damage_taken":0,"max_hp_gain":0,"max_hp_loss":0,"event_name":"Masked Bandits","floor":21,"gold_loss":0}],"is_beta":false,"boss_relics":[{"not_picked":["Empty Cage","Calling Bell"],"picked":"SlaversCollar"}],"items_purged_floors":[],"is_endless":false,"potions_floor_spawned":[3,6,11,12,22],"killed_by":"Gremlin Leader","ascension_level":20}}