{"host":"guzbs4v8630hpsy6","time":1611988049,"event":{"mods":["2.2 Compatiblity","AchievementEnabler","BaseMod","Block Reminder","DeckTracker","Highlight Path","Minty Spire (QoL Compilation)","Relic Stats","SuperFastMode"],"gold_per_floor":[115,135,100,175,187,216,230,230,253,276,276,299,322,362,374,495,507,539,551,563,596,121,121,121],"floor_reached":23,"language":"ENG","playtime":735,"items_purged":["Strike_B"],"score":315,"play_id":"1e6c979a-478d-4374-bae2-933dde9733d0","local_time":"20210130142729","is_ascension_mode":true,"campfire_choices":[{"data":"Zap","floor":8.0,"key":"SMITH"},{"floor":15.0,"key":"REST"}],"circlet_count":0,"master_deck":["AscendersBane","Strike_B","Strike_B","Defend_B","Defend_B","Defend_B","Defend_B","Zap+1","Dualcast","Conserve Battery","Defragment","FTL","Coolheaded","Lockon","Ball Lightning","Doom and Gloom","Biased Cognition","Go for the Eyes","Hologram","Turbo","Capacitor"],"relics":["Cracked Core","Centennial Puzzle","MealTicket","CeramicFish","MawBank","Philosopher\u0027s Stone","White Beast Statue"],"acts_visited":["Exordium","TheCity"],"potions_floor_usage":[23,23],"damage_taken":[{"damage":8.0,"enemies":"2 Louse","floor":1.0,"turns":3.0},{"damage":2.0,"enemies":"Jaw Worm","floor":2.0,"turns":4.0},{"damage":2.0,"enemies":"Small Slimes","floor":5.0,"turns":3.0},{"damage":15.0,"enemies":"3 Sentries","floor":6.0,"turns":3.0},{"damage":2.0,"enemies":"3 Louse","floor":7.0,"turns":4.0},{"damage":15.0,"enemies":"Lots of Slimes","floor":10.0,"turns":5.0},{"damage":6.0,"enemies":"Looter","floor":12.0,"turns":3.0},{"damage":4.0,"enemies":"Blue Slaver","floor":13.0,"turns":3.0},{"damage":4.0,"enemies":"Lagavulin","floor":14.0,"turns":4.0},{"damage":20.0,"enemies":"The Guardian","floor":16.0,"turns":9.0},{"damage":9.0,"enemies":"Chosen","floor":18.0,"turns":3.0},{"damage":21.0,"enemies":"3 Byrds","floor":21.0,"turns":4.0},{"damage":31,"enemies":"Book of Stabbing","floor":23,"turns":4}],"seed_played":"-5529216351524568124","potions_obtained":[{"floor":2.0,"key":"ColorlessPotion"},{"floor":6.0,"key":"ColorlessPotion"},{"floor":7.0,"key":"EssenceOfSteel"},{"floor":12.0,"key":"FocusPotion"},{"floor":13.0,"key":"SteroidPotion"},{"floor":14.0,"key":"LiquidBronze"}],"is_trial":false,"path_per_floor":["M","M","?","?","M","E","M","R","T","M","?","M","M","E","R","B",null,"M","?","?","M","$","E"],"character_chosen":"DEFECT","items_purchased":["Turbo","Capacitor","White Beast Statue","Explosive Potion"],"campfire_rested":1,"item_purchase_floors":[22,22,22,22],"current_hp_per_floor":[60,58,75,64,62,47,45,45,45,30,23,17,13,9,31,11,59,50,36,36,15,30,0,0],"gold":121,"neow_bonus":"RANDOM_COMMON_RELIC","is_daily":false,"chose_seed":false,"campfire_upgraded":1,"win_rate":0.0,"timestamp":1611988049,"path_taken":["M","M","?","?","M","E","M","R","T","M","?","M","?","E","R","BOSS","M","?","?","M","$","E"],"items_purchased_type":["Card","Card","Relic","Potion"],"build_version":"2020-12-22","purchased_purges":1,"victory":false,"max_hp_per_floor":[75,75,75,75,75,75,75,75,75,75,75,75,75,75,75,75,75,75,80,80,80,80,80,80],"relic_stats":{"Centennial Puzzle":[39],"counters":[13,52],"CeramicFish":81,"MealTicket":15,"MawBank":96,"obtain_stats":[{"Centennial Puzzle":0,"CeramicFish":9,"MealTicket":6,"Philosopher\u0027s Stone":17,"Cracked Core":0,"MawBank":14,"White Beast Statue":22},{"Centennial Puzzle":0,"CeramicFish":5,"MealTicket":4,"Philosopher\u0027s Stone":10,"Cracked Core":0,"MawBank":9,"White Beast Statue":12},{"Centennial Puzzle":0,"CeramicFish":17,"MealTicket":13,"Philosopher\u0027s Stone":41,"Cracked Core":0,"MawBank":32,"White Beast Statue":48}]},"card_choices":[{"not_picked":["Hologram","Redo","Conserve Battery"],"picked":"SKIP","floor":1.0},{"not_picked":["Scrape","Amplify"],"picked":"Conserve Battery","floor":2.0},{"not_picked":["Force Field","Redo","Leap"],"picked":"SKIP","floor":5.0},{"not_picked":["Rebound","Go for the Eyes"],"picked":"Defragment","floor":6.0},{"not_picked":["Thunder Strike","Stack"],"picked":"FTL","floor":7.0},{"not_picked":["Scrape","Turbo"],"picked":"Coolheaded","floor":10.0},{"not_picked":["Turbo","Tempest"],"picked":"Lockon","floor":12.0},{"not_picked":["Redo","Seek"],"picked":"Ball Lightning","floor":13.0},{"not_picked":["Leap","Tempest"],"picked":"Doom and Gloom","floor":14.0},{"not_picked":["Hyperbeam","Reboot"],"picked":"Biased Cognition","floor":16.0},{"not_picked":["Turbo","Recycle"],"picked":"Go for the Eyes","floor":18.0},{"not_picked":["Conserve Battery","Go for the Eyes"],"picked":"Hologram","floor":21.0}],"player_experience":545713,"relics_obtained":[{"floor":6.0,"key":"MealTicket"},{"floor":9.0,"key":"CeramicFish"},{"floor":14.0,"key":"MawBank"}],"event_choices":[{"damage_healed":18.0,"max_hp_gain":0.0,"max_hp_loss":0.0,"gold_gain":0.0,"event_name":"The Cleric","player_choice":"Healed","floor":3.0,"gold_loss":35.0,"damage_taken":0.0},{"damage_healed":0.0,"max_hp_gain":0.0,"max_hp_loss":0.0,"gold_gain":75.0,"event_name":"World of Goop","player_choice":"Gather Gold","floor":4.0,"gold_loss":0.0,"damage_taken":11.0},{"cards_removed":["Strike_B"],"damage_healed":0.0,"max_hp_gain":0.0,"max_hp_loss":0.0,"gold_gain":0.0,"event_name":"Golden Wing","player_choice":"Card Removal","floor":11.0,"gold_loss":0.0,"damage_taken":7.0},{"damage_healed":0.0,"max_hp_gain":5.0,"max_hp_loss":0.0,"gold_gain":0.0,"event_name":"Forgotten Altar","player_choice":"Shed Blood","floor":19.0,"gold_loss":0.0,"damage_taken":19.0},{"damage_healed":0.0,"max_hp_gain":0.0,"max_hp_loss":0.0,"gold_gain":0.0,"event_name":"The Mausoleum","player_choice":"Ignored","floor":20.0,"gold_loss":0.0,"damage_taken":0.0}],"is_beta":false,"boss_relics":[{"not_picked":["Runic Dome","Astrolabe"],"picked":"Philosopher\u0027s Stone"}],"items_purged_floors":[22],"is_endless":false,"potions_floor_spawned":[2,6,7,12,13,14],"killed_by":"Book of Stabbing","ascension_level":11}}