{"host":"l4kdldlios54gl54","time":1611981287,"event":{"mods":["AchievementEnabler","BaseMod","Colored Map","Colored Powertips","Minty Spire (QoL Compilation)","Random Character Button"],"gold_per_floor":[10,23,42,57,57,57,83,83,83,102,102,114,134,59,59,137,137,152,172,68,68,68],"floor_reached":21,"language":"ENG","playtime":564,"items_purged":["Strike_R"],"score":416,"play_id":"813ae4f7-1cfd-485d-b78e-76ba5e6dda26","local_time":"20210130053447","is_ascension_mode":true,"campfire_choices":[{"data":"Hemokinesis","floor":6,"key":"SMITH"},{"data":"Hemokinesis","floor":8,"key":"SMITH"},{"data":"Rampage","floor":11,"key":"SMITH"},{"data":"True Grit","floor":15,"key":"SMITH"}],"circlet_count":0,"master_deck":["AscendersBane","Strike_R","Strike_R","Defend_R","Defend_R","Defend_R","Bash","Cleave","Hemokinesis+1","True Grit+1","Hemokinesis+1","Rampage+1","Evolve","Shrug It Off"],"relics":["Burning Blood","Centennial Puzzle","Art of War","Sozu"],"acts_visited":["Exordium","TheCity"],"potions_floor_usage":[3,7],"damage_taken":[{"damage":14,"enemies":"Jaw Worm","floor":1,"turns":4},{"damage":1,"enemies":"Cultist","floor":2,"turns":3},{"damage":3,"enemies":"Small Slimes","floor":3,"turns":3},{"damage":7,"enemies":"Looter","floor":4,"turns":4},{"damage":4,"enemies":"Gremlin Nob","floor":7,"turns":2},{"damage":14,"enemies":"Exordium Thugs","floor":10,"turns":3},{"damage":3,"enemies":"Exordium Wildlife","floor":12,"turns":2},{"damage":7,"enemies":"Blue Slaver","floor":13,"turns":2},{"damage":25,"enemies":"Slime Boss","floor":16,"turns":7},{"damage":28,"enemies":"Spheric Guardian","floor":18,"turns":4},{"damage":29,"enemies":"Shell Parasite","floor":19,"turns":3},{"damage":24,"enemies":"Shelled Parasite and Fungi","floor":21,"turns":4}],"seed_played":"-1529299946769033158","potions_obtained":[{"floor":2,"key":"EssenceOfSteel"},{"floor":3,"key":"DuplicationPotion"},{"floor":10,"key":"Dexterity Potion"}],"is_trial":false,"path_per_floor":["M","M","M","M","?","R","E","R","T","M","R","M","M","?","R","B",null,"M","M","$","M"],"character_chosen":"IRONCLAD","items_purchased":["Shrug It Off"],"campfire_rested":0,"item_purchase_floors":[20],"current_hp_per_floor":[60,65,68,67,75,75,75,75,75,67,67,70,69,69,69,50,69,47,24,24,0,0],"gold":68,"neow_bonus":"REMOVE_TWO","is_daily":false,"chose_seed":false,"campfire_upgraded":4,"win_rate":0.0,"timestamp":1611981287,"path_taken":["M","M","M","M","?","R","E","R","T","?","R","M","M","?","R","BOSS","M","M","$","M"],"items_purchased_type":["Card"],"build_version":"2020-12-22","purchased_purges":1,"victory":false,"max_hp_per_floor":[75,75,75,75,75,75,75,75,75,75,75,75,75,75,75,75,75,75,75,75,75,75],"card_choices":[{"not_picked":["Body Slam","Clash"],"picked":"Cleave","floor":1},{"not_picked":["Sword Boomerang","Clash"],"picked":"Hemokinesis","floor":2},{"not_picked":["Armaments","Anger"],"picked":"True Grit","floor":3},{"not_picked":["Shockwave","Shrug It Off"],"picked":"Hemokinesis","floor":4},{"not_picked":["Fiend Fire","Clash"],"picked":"Rampage","floor":7},{"not_picked":["Twin Strike","Armaments","Combust"],"picked":"SKIP","floor":10},{"not_picked":["Armaments","Clothesline","Flex"],"picked":"SKIP","floor":12},{"not_picked":["True Grit","Carnage"],"picked":"Evolve","floor":13},{"not_picked":["Twin Strike","Body Slam","Headbutt"],"picked":"SKIP","floor":18},{"not_picked":["Clothesline","Combust","Dropkick"],"picked":"SKIP","floor":19}],"player_experience":897859,"relics_obtained":[{"floor":7,"key":"Centennial Puzzle"},{"floor":9,"key":"Art of War"}],"event_choices":[{"damage_healed":8,"gold_gain":0,"player_choice":"Full Heal","damage_taken":0,"max_hp_gain":0,"max_hp_loss":0,"event_name":"Wheel of Change","floor":5,"gold_loss":0},{"cards_removed":["Strike_R"],"damage_healed":0,"gold_gain":0,"player_choice":"Card Removal","damage_taken":0,"max_hp_gain":0,"max_hp_loss":0,"event_name":"The Cleric","floor":14,"gold_loss":75}],"is_beta":false,"boss_relics":[{"not_picked":["Black Star","Runic Pyramid"],"picked":"Sozu"}],"items_purged_floors":[20],"is_endless":false,"potions_floor_spawned":[2,3,10],"killed_by":"Shelled Parasite and Fungi","ascension_level":20}}