{"host":"4kmvpqjeiacgn1pr","time":1611975239,"event":{"mods":["AchievementEnabler","BaseMod","Better Altar","Better Match","Better Note","Better Sensory Stone","Better Skull","Better Third Choice","Colored Map","Colored Powertips","Curses Come First","Downfall","Highlight Path","Hubris","Infinite Spire","Minty Spire (QoL Compilation)","Permanent Neow","Quick Restart","Rare Cards Sparkle","Replay The Spire","Spicy Shops","StSLib"],"gold_per_floor":[111,123,123,123,48,48,74,88,142,172,172,172,198,232,232,232,232],"floor_reached":16,"language":"ENG","playtime":601,"items_purged":["Strike_G"],"score":174,"play_id":"74388007-225f-4f7b-9c97-41a22c18cfd1","local_time":"20210129215359","is_ascension_mode":true,"campfire_choices":[{"data":"Neutralize","floor":6,"key":"SMITH"},{"floor":12,"key":"REST"}],"circlet_count":0,"master_deck":["AscendersBane","Strike_G","Strike_G","Defend_G","Defend_G","Defend_G","Defend_G","Survivor","Neutralize+1","Deadly Poison+1","Tactician","Escape Plan","All Out Attack","Grand Finale","Blade Dance","Crippling Poison"],"relics":["Ring of the Snake","infinitespire:Beetle Shell","hubris:BottledRain","Vajra","Replay:Mystery Machine","Golden Idol","Torii","Tiny Chest"],"acts_visited":["Exordium"],"potions_floor_usage":[10,10,14,16],"damage_taken":[{"damage":17,"enemies":"Cultist","floor":1,"turns":7},{"damage":2,"enemies":"2 Louse","floor":2,"turns":4},{"damage":22,"enemies":"3 Sentries","floor":7,"turns":10},{"damage":2,"enemies":"Jaw Worm","floor":8,"turns":4},{"damage":1,"enemies":"Lagavulin","floor":10,"turns":6},{"damage":1,"enemies":"Gremlin Nob","floor":14,"turns":3},{"damage":34,"enemies":"Fading Forest","floor":16,"turns":7}],"seed_played":"-8859464832518055965","potions_obtained":[{"floor":2,"key":"Reflective Coating"},{"floor":8,"key":"Strength Potion"},{"floor":10,"key":"AttackPotion"},{"floor":14,"key":"Energy Potion"}],"is_trial":false,"path_per_floor":["M","M","?","?","$","R","E","M","T","E","?","R","?","E","R_BF","B"],"character_chosen":"THE_SILENT","items_purchased":[],"campfire_rested":1,"item_purchase_floors":[],"current_hp_per_floor":[46,44,44,32,32,32,10,8,8,7,7,24,24,23,23,0,0],"gold":232,"neow_bonus":"REMOVE_TWO","is_daily":false,"chose_seed":false,"campfire_upgraded":1,"win_rate":0.0,"timestamp":1611975239,"path_taken":["M","?","?","?","?","R","E","M","T","E","?","R","?","E","R_BF","BOSS"],"items_purchased_type":[],"build_version":"2020-12-22","purchased_purges":1,"victory":false,"max_hp_per_floor":[63,63,63,63,63,63,63,63,63,63,58,58,58,58,58,58,58],"card_choices":[{"not_picked":["Bane","Dash"],"picked":"Deadly Poison","floor":1},{"not_picked":["hubris:SlightOfHand","Cloak And Dagger","Bane"],"picked":"SKIP","floor":2},{"not_picked":["Acrobatics","Outmaneuver"],"picked":"Tactician","floor":7},{"not_picked":["Cloak And Dagger","Slice"],"picked":"Escape Plan","floor":8},{"not_picked":["Endless Agony","ReplayTheSpireMod:Speed Training"],"picked":"All Out Attack","floor":10},{"not_picked":["Dagger Throw","Flying Knee"],"picked":"Grand Finale","floor":13},{"not_picked":["Dagger Spray","Calculated Gamble"],"picked":"Blade Dance","floor":14}],"player_experience":387497,"relics_obtained":[{"floor":7,"key":"hubris:BottledRain"},{"floor":9,"key":"Vajra"},{"floor":10,"key":"Replay:Mystery Machine"},{"floor":13,"key":"Torii"},{"floor":14,"key":"Tiny Chest"}],"event_choices":[{"damage_healed":0,"gold_gain":0,"player_choice":"Relic ","damage_taken":12,"max_hp_gain":0,"max_hp_loss":0,"event_name":"betterThird:BetterScrap","floor":4,"gold_loss":0,"cards_obtained":["Entrench"]},{"damage_healed":0,"gold_gain":0,"player_choice":"Lose Max HP","damage_taken":0,"relics_obtained":["Golden Idol"],"max_hp_gain":0,"max_hp_loss":5,"event_name":"Golden Idol","floor":11,"gold_loss":0}],"is_beta":false,"boss_relics":[],"items_purged_floors":[5],"is_endless":false,"potions_floor_spawned":[2,8,10,14],"killed_by":"Fading Forest","ascension_level":10}}