{"host":"r6jigiblrojhp6xe","time":1611973884,"event":{"mods":["AchievementEnabler","BaseMod","DeckTracker","Hermit","Minty Spire (QoL Compilation)","Quick Restart","Rare Cards Sparkle","Relic Stats","StSLib","SuperFastMode","everything is the same but u backflip on backflip"],"gold_per_floor":[13,13,33,51,76,76,95,139,139,139,164,164,164],"floor_reached":12,"language":"KOR","playtime":182,"items_purged":[],"score":164,"play_id":"6b8cd878-b5bb-4364-9dcf-576e04c97f1d","local_time":"20210130113124","is_ascension_mode":true,"campfire_choices":[{"data":"Eruption","floor":6,"key":"SMITH"},{"data":"BowlingBash","floor":10,"key":"SMITH"}],"circlet_count":0,"master_deck":["AscendersBane","Strike_P","Strike_P","Strike_P","Strike_P","Defend_P","Defend_P","Eruption+1","Vigilance","InnerPeace","EmptyBody","BowlingBash+1","Conclude"],"relics":["PureWater","Golden Idol","Blood Vial","StrikeDummy"],"acts_visited":["Exordium"],"potions_floor_usage":[8],"damage_taken":[{"damage":1,"enemies":"2 Louse","floor":1,"turns":2},{"damage":4,"enemies":"Jaw Worm","floor":3,"turns":3},{"damage":0,"enemies":"Small Slimes","floor":4,"turns":3},{"damage":8,"enemies":"2 Fungi Beasts","floor":5,"turns":3},{"damage":14,"enemies":"Exordium Wildlife","floor":7,"turns":4},{"damage":16,"enemies":"Gremlin Nob","floor":8,"turns":3},{"damage":10,"enemies":"Red Slaver","floor":11,"turns":3},{"damage":0,"enemies":"Lagavulin","floor":12,"turns":1}],"seed_played":"2232229689491985158","potions_obtained":[{"floor":5,"key":"DistilledChaos"},{"floor":8,"key":"PowerPotion"},{"floor":11,"key":"SkillPotion"}],"is_trial":false,"path_per_floor":["M","?","M","M","M","R","M","E","T","R","M","E"],"character_chosen":"WATCHER","items_purchased":[],"campfire_rested":0,"item_purchase_floors":[],"current_hp_per_floor":[60,60,56,56,48,48,34,18,18,18,10,12,12],"gold":164,"neow_bonus":"REMOVE_TWO","is_daily":false,"chose_seed":false,"campfire_upgraded":2,"win_rate":0.0,"timestamp":1611973884,"path_taken":["M","?","M","M","M","R","M","E","T","R","M","E"],"items_purchased_type":[],"build_version":"2020-12-22","purchased_purges":0,"victory":false,"max_hp_per_floor":[68,62,62,62,62,62,62,62,62,62,62,62,62],"relic_stats":{"Blood Vial":4,"counters":[8,22],"Golden Idol":31,"obtain_stats":[{"Blood Vial":8,"Golden Idol":2,"PureWater":0,"StrikeDummy":9},{"Blood Vial":6,"Golden Idol":1,"PureWater":0,"StrikeDummy":6},{"Blood Vial":18,"Golden Idol":2,"PureWater":0,"StrikeDummy":18}]},"card_choices":[{"not_picked":["JustLucky","FlyingSleeves","ThirdEye"],"picked":"SKIP","floor":1},{"not_picked":["Perseverance","Prostrate"],"picked":"InnerPeace","floor":3},{"not_picked":["Crescendo","Weave","SashWhip"],"picked":"SKIP","floor":4},{"not_picked":["JustLucky","PathToVictory","Nirvana"],"picked":"SKIP","floor":5},{"not_picked":["Study","CutThroughFate"],"picked":"EmptyBody","floor":7},{"not_picked":["Crescendo","PathToVictory"],"picked":"BowlingBash","floor":8},{"not_picked":["Sanctity","Meditate"],"picked":"Conclude","floor":11}],"player_experience":598400,"relics_obtained":[{"floor":8,"key":"Blood Vial"},{"floor":9,"key":"StrikeDummy"}],"event_choices":[{"damage_healed":0,"gold_gain":0,"player_choice":"Lose Max HP","damage_taken":0,"relics_obtained":["Golden Idol"],"max_hp_gain":0,"max_hp_loss":6,"event_name":"Golden Idol","floor":2,"gold_loss":0}],"is_beta":false,"boss_relics":[],"items_purged_floors":[],"is_endless":false,"potions_floor_spawned":[5,8,11],"killed_by":"Lagavulin","ascension_level":20}}