{"host":"w0r0bzsul0vy4upc","time":1611975488,"event":{"mods":["AchievementEnabler","Aspiration","BaseMod","Better Altar","Better Third Choice","BetterRewards","Colored Map","Colored Powertips","Downfall","Gold Saver","Minty Spire (QoL Compilation)","Quick Restart","Rare Cards Sparkle","Relic Stats","Shop Mod","Spicy Shops","StSLib","The Blue Laboratory","The Mystic","The Necromancer","The Poker Player"],"gold_per_floor":[418,418,418,487,498,498,515,530,530,544,544,666,666,666,666],"floor_reached":14,"language":"FRA","playtime":911,"items_purged":[],"score":80,"play_id":"e8d08056-6e70-40cc-9d9c-c5f65c492cf5","local_time":"20210129215808","is_ascension_mode":false,"campfire_choices":[{"data":"Summon_Undead_Army","floor":6,"key":"SMITH"}],"circlet_count":0,"master_deck":["Strike_W","Strike_W","Strike_W","Strike_W","Defend_W","Defend_W","Defend_W","Negative_Energy_Arrows","Bone_Wall","Summon_Undead_Army+1","Apotheosis+1","Finger_Of_Death","Negative_Energy_Javelin","Bone_Shift","Spectral_Walk"],"relics":["Vampire_Amulet","aspiration:HummingbirdHeart","Bag of Preparation","Dream Catcher"],"acts_visited":["Exordium"],"potions_floor_usage":[],"damage_taken":[{"damage":2,"enemies":"2 Louse","floor":1,"turns":4},{"damage":0,"enemies":"Jaw Worm","floor":5,"turns":3},{"damage":0,"enemies":"Cultist","floor":7,"turns":3},{"damage":0,"enemies":"3 Louse","floor":8,"turns":3},{"damage":0,"enemies":"2 Fungi Beasts","floor":10,"turns":3},{"damage":91,"enemies":"Gremlin Nob","floor":14,"turns":7}],"seed_played":"-638360194994060690","potions_obtained":[{"floor":1,"key":"EntropicBrew"},{"floor":7,"key":"GamblersBrew"},{"floor":8,"key":"blueLaboratory:CorrosionFlask"}],"is_trial":false,"path_per_floor":["M","?","?","T","M","R","M","M","T","M","?","?","?","E"],"character_chosen":"NECROMANCER","items_purchased":[],"campfire_rested":0,"item_purchase_floors":[],"current_hp_per_floor":[82,82,82,82,82,82,82,82,82,82,82,82,79,0,0],"gold":666,"neow_bonus":"TEN_PERCENT_HP_BONUS","is_daily":false,"chose_seed":false,"campfire_upgraded":1,"win_rate":0.0,"timestamp":1611975488,"path_taken":["M","?","?","?","?","R","M","M","T","M","?","?","?","E"],"items_purchased_type":[],"build_version":"2020-12-22","purchased_purges":0,"victory":false,"max_hp_per_floor":[82,82,82,82,82,82,82,82,82,82,82,82,82,82,82],"relic_stats":{"Dream Catcher":0,"counters":[6,23],"Bag of Preparation":[4],"obtain_stats":[{"Dream Catcher":13,"Vampire_Amulet":0,"aspiration:HummingbirdHeart":4,"Bag of Preparation":9},{"Dream Catcher":5,"Vampire_Amulet":0,"aspiration:HummingbirdHeart":1,"Bag of Preparation":4},{"Dream Catcher":16,"Vampire_Amulet":0,"aspiration:HummingbirdHeart":4,"Bag of Preparation":13}]},"card_choices":[{"not_picked":["Death_Knell","Vampiric_Strike"],"picked":"Summon_Undead_Army","floor":1},{"not_picked":["Vampiric_Strike","Death_Knell"],"picked":"Finger_Of_Death","floor":5},{"not_picked":["Death_Coil","Bone_Bullets"],"picked":"Negative_Energy_Javelin","floor":7},{"not_picked":["Shackles_Of_Pain","Finger_Of_Death"],"picked":"Bone_Shift","floor":8},{"not_picked":["Bone_Shift","Negative_Energy_Mist"],"picked":"Spectral_Walk","floor":10}],"player_experience":131453,"relics_obtained":[{"floor":4,"key":"aspiration:HummingbirdHeart"},{"floor":9,"key":"Bag of Preparation"}],"event_choices":[{"damage_healed":0,"gold_gain":0,"player_choice":"Ignored","damage_taken":0,"max_hp_gain":0,"max_hp_loss":0,"event_name":"Golden Wing","floor":2,"gold_loss":0},{"damage_healed":82,"gold_gain":0,"player_choice":"Embrace","damage_taken":0,"max_hp_gain":0,"max_hp_loss":82,"event_name":"betterThird:BetterShining","floor":3,"gold_loss":0},{"damage_healed":0,"gold_gain":0,"player_choice":"Ignored","damage_taken":544,"max_hp_gain":0,"max_hp_loss":0,"event_name":"betterThird:BetterSerpent","floor":11,"gold_loss":0},{"cards_removed":["Defend_W"],"damage_healed":0,"gold_gain":0,"player_choice":"Card Removal","damage_taken":0,"max_hp_gain":0,"max_hp_loss":0,"event_name":"The Cleric","floor":12,"gold_loss":50},{"damage_healed":0,"gold_gain":0,"player_choice":"Relic ","damage_taken":3,"max_hp_gain":0,"max_hp_loss":0,"event_name":"betterThird:BetterScrap","floor":13,"gold_loss":0,"cards_obtained":["Melter"]}],"is_beta":false,"boss_relics":[],"items_purged_floors":[],"is_endless":false,"potions_floor_spawned":[1,7,8],"killed_by":"Gremlin Nob","ascension_level":0}}