{"host":"rkezzvf6da7mjjsm","time":1611980885,"event":{"mods":["BaseMod","Colored Map","Minty Spire (QoL Compilation)","Relic Stats","StSLib"],"gold_per_floor":[119,136,136,136,151,151,151],"floor_reached":6,"language":"ENG","playtime":295,"items_purged":[],"score":72,"play_id":"9fb699d6-01aa-418b-88c2-c9ac66a6613f","local_time":"20210130152805","is_ascension_mode":true,"campfire_choices":[],"circlet_count":0,"master_deck":["AscendersBane","Strike_G","Strike_G","Strike_G","Strike_G","Defend_G","Defend_G","Defend_G","Defend_G","Defend_G","Survivor","Neutralize","Footwork","Dagger Spray","Heel Hook"],"relics":["Coffee Dripper"],"acts_visited":["Exordium"],"potions_floor_usage":[6],"damage_taken":[{"damage":3,"enemies":"2 Louse","floor":1,"turns":4},{"damage":0,"enemies":"Small Slimes","floor":2,"turns":5},{"damage":0,"enemies":"Cultist","floor":5,"turns":4},{"damage":40,"enemies":"Lagavulin","floor":6,"turns":13}],"seed_played":"306872225561558143","potions_obtained":[{"floor":1,"key":"Energy Potion"},{"floor":2,"key":"Weak Potion"}],"is_trial":false,"path_per_floor":["M","M","?","?","M","E"],"character_chosen":"THE_SILENT","items_purchased":[],"campfire_rested":0,"item_purchase_floors":[],"current_hp_per_floor":[56,56,56,56,56,16,16],"gold":151,"neow_bonus":"BOSS_RELIC","is_daily":false,"chose_seed":false,"campfire_upgraded":0,"win_rate":0.0,"timestamp":1611980885,"path_taken":["M","M","?","?","M","E"],"items_purchased_type":[],"build_version":"2020-12-22","purchased_purges":0,"victory":false,"max_hp_per_floor":[66,66,66,66,66,66,66],"relic_stats":{"counters":[4,26],"obtain_stats":[{"Coffee Dripper":0,"Ring of the Snake":0},{"Coffee Dripper":0,"Ring of the Snake":0},{"Coffee Dripper":0,"Ring of the Snake":0}]},"card_choices":[{"not_picked":["Concentrate","Bane"],"picked":"Footwork","floor":1},{"not_picked":["Calculated Gamble","Setup"],"picked":"Dagger Spray","floor":2},{"not_picked":["Slice","Escape Plan"],"picked":"Heel Hook","floor":5}],"player_experience":646580,"relics_obtained":[],"event_choices":[{"damage_healed":0,"gold_gain":0,"player_choice":"Ignored","damage_taken":0,"max_hp_gain":0,"max_hp_loss":0,"event_name":"Shining Light","floor":3,"gold_loss":0},{"cards_removed":["Strike_G"],"damage_healed":0,"gold_gain":0,"player_choice":"Offered Basic","damage_taken":0,"max_hp_gain":0,"max_hp_loss":0,"event_name":"Bonfire Elementals","floor":4,"gold_loss":0}],"is_beta":false,"boss_relics":[],"items_purged_floors":[],"is_endless":false,"potions_floor_spawned":[1,2],"killed_by":"Lagavulin","ascension_level":20}}