{"host":"y89x8uui45kcjy42","time":1611981770,"event":{"mods":["2.2 Compatiblity","BaseMod","CapriCore","Colored Map","Colored Powertips","Custom Start","Friendly Minions","Keyboard Shortcuts","Minty Spire (QoL Compilation)","Relic Stats","Slay the Relics Exporter","StSLib","SuperFastMode","Uncapped"],"gold_per_floor":[118,130,130,130,143,143,143,169,195,195,195,225,74,39,39,113,113,132,132,132,132,132,157,157,157,157,157,157,182,182,214,214,291,291,305,316,59,72,118,118,118,118,145,145,145,145,155,67,67,67,67,67,67,13,46,46],"floor_reached":57,"language":"KOR","playtime":1804,"items_purged":["Strike_G","Dagger Spray+1","Bite+1"],"score":2792,"play_id":"633adcaf-dc9c-4c51-9d64-3af4ebcbd16b","local_time":"20210130134250","is_ascension_mode":true,"campfire_choices":[{"data":"Acrobatics","floor":6,"key":"SMITH"},{"data":"Envenom","floor":7,"key":"SMITH"},{"data":"Reflex","floor":10,"key":"SMITH"},{"data":"Dagger Spray","floor":11,"key":"SMITH"},{"data":"Tactician","floor":15,"key":"SMITH"},{"data":"A Thousand Cuts","floor":24,"key":"SMITH"},{"data":"Footwork","floor":25,"key":"SMITH"},{"data":"Neutralize","floor":27,"key":"SMITH"},{"data":"Well Laid Plans","floor":28,"key":"SMITH"},{"data":"Dagger Throw","floor":30,"key":"SMITH"},{"data":"Bite","floor":32,"key":"SMITH"},{"data":"Concentrate","floor":40,"key":"SMITH"},{"data":"Envenom","floor":41,"key":"SMITH"},{"data":"Bite","floor":42,"key":"SMITH"},{"data":"Survivor","floor":44,"key":"SMITH"},{"floor":46,"key":"RECALL"},{"data":"A Thousand Cuts","floor":49,"key":"SMITH"},{"floor":53,"key":"REST"}],"circlet_count":0,"master_deck":["Survivor+1","Neutralize+1","Phantasmal Killer+1","Finesse+1","Flash of Steel+1","Reflex+1","Envenom+1","Dagger Throw+1","Acrobatics+1","A Thousand Cuts+1","Tactician+1","Well Laid Plans+1","Burst+1","Footwork+1","Bite+1","Envenom+1","Concentrate+1","A Thousand Cuts+1"],"relics":["Ring of the Snake","Shuriken","Vajra","Odd Mushroom","Cursed Key","Snake Skull","Nunchaku","Unceasing Top","Omamori","Ice Cream","SlaversCollar","Sling","Du-Vu Doll","Centennial Puzzle","Mummified Hand","Paper Crane"],"acts_visited":["Exordium","TheCity","TheBeyond","TheEnding"],"potions_floor_usage":[8,16,29,29,56],"damage_taken":[{"damage":12,"enemies":"2 Louse","floor":1,"turns":4},{"damage":12,"enemies":"Jaw Worm","floor":2,"turns":4},{"damage":0,"enemies":"Small Slimes","floor":5,"turns":2},{"damage":14,"enemies":"Lagavulin","floor":8,"turns":6},{"damage":18,"enemies":"The Mushroom Lair","floor":12,"turns":3},{"damage":0,"enemies":"Slime Boss","floor":16,"turns":5},{"damage":11,"enemies":"Spheric Guardian","floor":18,"turns":3},{"damage":0,"enemies":"Gremlin Leader","floor":23,"turns":5},{"damage":28,"enemies":"Slavers","floor":29,"turns":3},{"damage":26,"enemies":"Gremlin Leader","floor":31,"turns":5},{"damage":13,"enemies":"Champ","floor":33,"turns":3},{"damage":20,"enemies":"3 Darklings","floor":35,"turns":3},{"damage":4,"enemies":"Orb Walker","floor":36,"turns":2},{"damage":41,"enemies":"Sphere and 2 Shapes","floor":38,"turns":5},{"damage":18,"enemies":"2 Orb Walkers","floor":39,"turns":4},{"damage":2,"enemies":"Maw","floor":47,"turns":3},{"damage":47,"enemies":"Donu and Deca","floor":50,"turns":3},{"damage":2,"enemies":"Awakened One","floor":51,"turns":3},{"damage":0,"enemies":"Shield and Spear","floor":55,"turns":1},{"damage":67,"enemies":"The Heart","floor":56,"turns":6}],"seed_played":"-6419645691789292910","potions_obtained":[{"floor":2,"key":"FearPotion"},{"floor":8,"key":"Poison Potion"},{"floor":12,"key":"Weak Potion"},{"floor":23,"key":"Fire Potion"},{"floor":31,"key":"ColorlessPotion"},{"floor":38,"key":"Swift Potion"},{"floor":39,"key":"Ancient Potion"}],"is_trial":false,"path_per_floor":["M","M","$","?","M","R","R","E","T","R","R","?","$","?","R","B",null,"M","?","?","?","?","E","R","R","T","R","R","E","R","E","R","B",null,"M","M","$","M","?","R","R","R","T","R","$","R","M","$","R","B","B",null,"R","$","E","B",null],"character_chosen":"THE_SILENT","items_purchased":["Well Laid Plans","Sling","A Thousand Cuts","Dexterity Potion"],"campfire_rested":1,"item_purchase_floors":[13,37,48,54],"current_hp_per_floor":[57,45,45,38,38,38,38,24,24,24,24,8,8,25,25,27,59,50,50,50,50,50,62,62,62,62,62,62,46,46,32,32,27,59,43,39,39,9,57,57,57,57,57,57,57,57,70,70,70,38,51,65,70,70,70,27],"gold":46,"neow_bonus":"TRANSFORM_TWO_CARDS","is_daily":false,"chose_seed":false,"campfire_upgraded":16,"win_rate":0.0,"timestamp":1611981770,"path_taken":["M","M","$","?","M","R","R","E","T","R","R","?","?","?","R","BOSS","M","?","?","?","?","E","R","R","T","R","R","E","R","E","R","BOSS","M","?","$","?","?","R","R","R","T","R","$","R","M","$","R","BOSS","BOSS","R","$","E","BOSS"],"items_purchased_type":["Card","Relic","Card","Potion"],"build_version":"2020-12-22","purchased_purges":3,"victory":true,"max_hp_per_floor":[70,70,70,70,70,70,70,70,70,70,70,70,70,70,70,70,70,70,70,70,70,70,70,70,70,70,70,70,70,70,70,70,70,70,70,70,70,70,70,70,70,70,70,70,70,70,70,70,70,70,70,70,70,70,70,70],"relic_stats":{"Nunchaku":[17],"Centennial Puzzle":[12],"counters":[20,73],"Shuriken":[55],"Mummified Hand":[22],"Snake Skull":[160],"Cursed Key":2,"obtain_stats":[{"Ice Cream":31,"Vajra":9,"Snake Skull":20,"Omamori":17,"Odd Mushroom":12,"Paper Crane":55,"Cursed Key":17,"Sling":37,"Blood Vial":8,"Du-Vu Doll":39,"SlaversCollar":34,"Nunchaku":23,"Centennial Puzzle":43,"Shuriken":3,"Mummified Hand":49,"WingedGreaves":6,"Unceasing Top":29,"Ring of the Snake":0},{"Ice Cream":10,"Vajra":4,"Snake Skull":7,"Omamori":6,"Odd Mushroom":5,"Paper Crane":19,"Cursed Key":6,"Sling":13,"Blood Vial":4,"Du-Vu Doll":15,"SlaversCollar":11,"Nunchaku":8,"Centennial Puzzle":15,"Shuriken":2,"Mummified Hand":16,"WingedGreaves":3,"Unceasing Top":9,"Ring of the Snake":0},{"Ice Cream":40,"Vajra":16,"Snake Skull":27,"Omamori":24,"Odd Mushroom":19,"Paper Crane":67,"Cursed Key":24,"Sling":48,"Blood Vial":16,"Du-Vu Doll":57,"SlaversCollar":43,"Nunchaku":32,"Centennial Puzzle":57,"Shuriken":8,"Mummified Hand":60,"WingedGreaves":10,"Unceasing Top":35,"Ring of the Snake":0}],"Unceasing Top":[12],"Ring of the Snake":[40]},"card_choices":[{"not_picked":["Backstab","Leg Sweep"],"picked":"Dagger Spray","floor":1},{"not_picked":["Blur","Deadly Poison"],"picked":"Dagger Throw","floor":2},{"not_picked":["Deadly Poison","Bane"],"picked":"Acrobatics","floor":5},{"not_picked":["Expertise","Noxious Fumes"],"picked":"A Thousand Cuts","floor":8},{"not_picked":["Riddle With Holes","Slice"],"picked":"Tactician","floor":12},{"not_picked":["Doppelganger","Bullet Time"],"picked":"Burst","floor":16},{"not_picked":["Outmaneuver","Flying Knee","Poisoned Stab"],"picked":"SKIP","floor":18},{"not_picked":["Heel Hook","Expertise+1","Blur+1"],"picked":"SKIP","floor":23},{"not_picked":["Well Laid Plans","Dagger Throw","Dodge and Roll"],"picked":"SKIP","floor":29},{"not_picked":["Acrobatics","Backflip","Flying Knee+1"],"picked":"SKIP","floor":31},{"not_picked":["Bullet Time","Tools of the Trade"],"picked":"Envenom","floor":33},{"not_picked":["Caltrops+1","Quick Slash","Dodge and Roll"],"picked":"SKIP","floor":35},{"not_picked":["Dagger Spray","Catalyst","Well Laid Plans"],"picked":"SKIP","floor":36},{"not_picked":["Quick Slash","Cloak And Dagger","Underhanded Strike+1"],"picked":"SKIP","floor":38},{"not_picked":["Prepared","Tactician"],"picked":"Concentrate","floor":39},{"not_picked":["Acrobatics","Riddle With Holes+1","Dagger Spray"],"picked":"SKIP","floor":47},{"not_picked":["Cloak And Dagger","Masterful Stab","Dagger Spray"],"picked":"SKIP","floor":55}],"player_experience":667351,"relics_obtained":[{"floor":8,"key":"Blood Vial"},{"floor":9,"key":"Vajra"},{"floor":12,"key":"Odd Mushroom"},{"floor":23,"key":"Nunchaku"},{"floor":29,"key":"Unceasing Top"},{"floor":31,"key":"Ice Cream"},{"floor":39,"key":"Du-Vu Doll"},{"floor":43,"key":"Centennial Puzzle"},{"floor":55,"key":"Paper Crane"}],"event_choices":[{"cards_removed":["Defend_G"],"damage_healed":0,"gold_gain":0,"player_choice":"Card Removal","damage_taken":7,"max_hp_gain":0,"max_hp_loss":0,"event_name":"Golden Wing","floor":4,"gold_loss":0},{"damage_healed":0,"gold_gain":0,"player_choice":"Fought Mushrooms","damage_taken":0,"max_hp_gain":0,"max_hp_loss":0,"event_name":"Mushrooms","floor":12,"gold_loss":0},{"damage_healed":17,"gold_gain":0,"player_choice":"Healed","damage_taken":0,"max_hp_gain":0,"max_hp_loss":0,"event_name":"The Cleric","floor":14,"gold_loss":35},{"damage_healed":0,"gold_gain":0,"player_choice":"Read","damage_taken":0,"max_hp_gain":0,"max_hp_loss":0,"event_name":"The Library","floor":19,"gold_loss":0,"cards_obtained":["Footwork"]},{"damage_healed":0,"gold_gain":0,"player_choice":"Opened","damage_taken":0,"relics_obtained":["Snake Skull"],"max_hp_gain":0,"max_hp_loss":0,"event_name":"The Mausoleum","floor":20,"gold_loss":0,"cards_obtained":["Writhe"]},{"damage_healed":0,"gold_gain":0,"player_choice":"Became a vampire (Vial)","damage_taken":0,"max_hp_gain":0,"max_hp_loss":0,"event_name":"Vampires","floor":21,"relics_lost":["Blood Vial"],"gold_loss":0,"cards_obtained":["Bite","Bite","Bite","Bite","Bite"]},{"damage_healed":0,"gold_gain":0,"player_choice":"Upgraded","damage_taken":0,"max_hp_gain":0,"max_hp_loss":0,"event_name":"Upgrade Shrine","floor":22,"gold_loss":0,"cards_upgraded":["Burst"]},{"damage_healed":0,"gold_gain":0,"player_choice":"Fight","damage_taken":0,"max_hp_gain":0,"max_hp_loss":0,"event_name":"Mysterious Sphere","floor":39,"gold_loss":0}],"is_beta":false,"boss_relics":[{"not_picked":["Philosopher\u0027s Stone","Runic Dome"],"picked":"Cursed Key"},{"not_picked":["Fusion Hammer","Astrolabe"],"picked":"SlaversCollar"}],"items_purged_floors":[13,37,48],"is_endless":false,"potions_floor_spawned":[2,8,12,23,31,38,39,47],"ascension_level":20}}