{"host":"osk2oboccoevp2u5","time":1611983332,"event":{"mods":["AchievementEnabler","Alarm Clock","BaseMod","Colored Powertips","Disable Question Mark Monsters","Displayed Cursed Tome","Hermit","Key Reminder","Minty Spire (QoL Compilation)","Potion Indicator Mod","Quick Restart","Rare Cards Sparkle","Reorder Act Four","StSLib","Useless Jewels Mod"],"gold_per_floor":[112,130,143,143,157,157,180,180,227,250,273,273,46,71,71,202,202,217,142,142,162,181,181,181],"floor_reached":23,"language":"ENG","playtime":1846,"items_purged":["hermit:Strike_Hermit"],"score":274,"play_id":"0db51883-d7ee-483c-a6e2-57556da1cac4","local_time":"20210130010852","is_ascension_mode":true,"campfire_choices":[{"data":"hermit:Snapshot","floor":6,"key":"SMITH"},{"data":"hermit:Dive","floor":12,"key":"SMITH"},{"floor":15,"key":"REST"}],"circlet_count":0,"master_deck":["hermit:Strike_Hermit","hermit:Strike_Hermit","hermit:Defend_Hermit+1","hermit:Defend_Hermit","hermit:Defend_Hermit","hermit:Defend_Hermit","hermit:Snapshot+1","hermit:Covet","hermit:LuckOfTheDraw","hermit:Vantage+1","hermit:WideOpen","hermit:CursedWeapon","hermit:Dive+1","hermit:Roughhouse"],"relics":["Velvet Choker","Golden Idol","Omamori","hermit:DentedPlate","Nloth\u0027s Gift"],"acts_visited":["Exordium","TheCity"],"potions_floor_usage":[16,16,18,23],"damage_taken":[{"damage":0,"enemies":"Small Slimes","floor":1,"turns":2},{"damage":0,"enemies":"Cultist","floor":2,"turns":2},{"damage":0,"enemies":"Jaw Worm","floor":3,"turns":3},{"damage":0,"enemies":"Large Slime","floor":5,"turns":5},{"damage":33,"enemies":"Gremlin Gang","floor":7,"turns":7},{"damage":14,"enemies":"Exordium Thugs","floor":10,"turns":8},{"damage":2,"enemies":"Red Slaver","floor":11,"turns":5},{"damage":6,"enemies":"Large Slime","floor":14,"turns":10},{"damage":12,"enemies":"The Guardian","floor":16,"turns":12},{"damage":11,"enemies":"3 Byrds","floor":18,"turns":12},{"damage":4,"enemies":"Spheric Guardian","floor":21,"turns":4},{"damage":3,"enemies":"Snecko","floor":22,"turns":5},{"damage":31,"enemies":"Gremlin Leader","floor":23,"turns":5}],"seed_played":"-4633130418904113392","potions_obtained":[{"floor":2,"key":"Dexterity Potion"},{"floor":7,"key":"SkillPotion"},{"floor":14,"key":"BlessingOfTheForge"},{"floor":16,"key":"Weak Potion"},{"floor":22,"key":"Block Potion"}],"is_trial":false,"path_per_floor":["M","M","M","?","M","R","M","?","T","M","M","R","$","M","R","B",null,"M","?","?","M","M","E"],"character_chosen":"HERMIT","items_purchased":["War Paint"],"campfire_rested":1,"item_purchase_floors":[13],"current_hp_per_floor":[75,75,75,57,57,57,24,75,75,61,59,59,59,53,75,63,95,84,84,84,80,77,46,46],"gold":181,"neow_bonus":"BOSS_RELIC","is_daily":false,"chose_seed":false,"campfire_upgraded":2,"win_rate":0.0,"timestamp":1611983332,"path_taken":["M","M","M","?","M","R","M","?","T","M","?","R","$","M","R","BOSS","M","?","?","M","M","E"],"items_purchased_type":["Relic"],"build_version":"2020-12-22","purchased_purges":1,"victory":false,"max_hp_per_floor":[75,75,75,75,75,75,75,75,75,75,75,75,75,75,75,75,107,107,107,107,107,107,107,107],"card_choices":[{"not_picked":["hermit:SprayPray","hermit:DeadMansHand","hermit:CalledShot"],"picked":"SKIP","floor":1},{"not_picked":["hermit:Dive","hermit:Headshot"],"picked":"hermit:LuckOfTheDraw","floor":2},{"not_picked":["hermit:Quickdraw","hermit:Headshot"],"picked":"hermit:Vantage","floor":3},{"not_picked":["hermit:BodyArmor","hermit:Feint"],"picked":"hermit:LuckOfTheDraw","floor":5},{"not_picked":["hermit:Ricochet","hermit:OverwhelmingPower"],"picked":"hermit:WideOpen","floor":7},{"not_picked":["hermit:Coalescence","hermit:Brawl"],"picked":"hermit:CursedWeapon","floor":10},{"not_picked":["hermit:TakeCover","hermit:ItchyTrigger"],"picked":"hermit:Dive","floor":11},{"not_picked":["hermit:GhostlyPresence","hermit:HoleUp","hermit:Grudge"],"picked":"SKIP","floor":14},{"not_picked":["hermit:BigShot","hermit:Ricochet","hermit:Maintenance+1"],"picked":"SKIP","floor":18},{"not_picked":["hermit:PistolWhip","hermit:Combo"],"picked":"hermit:Roughhouse","floor":21},{"not_picked":["hermit:Snipe","hermit:Vantage","hermit:LowProfile"],"picked":"SKIP","floor":22}],"player_experience":975507,"relics_obtained":[{"floor":9,"key":"Omamori"}],"event_choices":[{"damage_healed":0,"gold_gain":0,"player_choice":"Take Damage","damage_taken":18,"relics_obtained":["Golden Idol"],"max_hp_gain":0,"max_hp_loss":0,"event_name":"Golden Idol","floor":4,"gold_loss":0},{"cards_removed":["hermit:LuckOfTheDraw"],"damage_healed":51,"gold_gain":0,"player_choice":"Offered Uncommon","damage_taken":0,"max_hp_gain":0,"max_hp_loss":0,"event_name":"Bonfire Elementals","floor":8,"gold_loss":0},{"cards_removed":["hermit:Strike_Hermit"],"damage_healed":0,"gold_gain":0,"player_choice":"Gave Gold","damage_taken":0,"max_hp_gain":0,"max_hp_loss":0,"event_name":"Beggar","floor":19,"gold_loss":75},{"damage_healed":0,"gold_gain":0,"player_choice":"Traded Relic","damage_taken":0,"relics_obtained":["Nloth\u0027s Gift"],"max_hp_gain":0,"max_hp_loss":0,"event_name":"N\u0027loth","floor":20,"relics_lost":["War Paint"],"gold_loss":0}],"is_beta":false,"boss_relics":[{"not_picked":["Pandora\u0027s Box","Cursed Key"],"picked":"hermit:DentedPlate"}],"items_purged_floors":[13],"is_endless":false,"potions_floor_spawned":[2,7,14,16,22],"killed_by":"Gremlin Leader","ascension_level":4}}