{"host":"928gv66myv2vlnsd","time":1611985719,"event":{"mods":["BaseMod","Minty Spire (QoL Compilation)","StSLib"],"gold_per_floor":[117,117,39,114,39,66,84,84,107,107,107],"floor_reached":10,"language":"ENG","playtime":308,"items_purged":["Pain"],"score":128,"play_id":"a388008f-9030-4566-bc4d-b40a73d22a15","local_time":"20210130004839","is_ascension_mode":true,"campfire_choices":[{"floor":8,"key":"REST"}],"circlet_count":0,"master_deck":["AscendersBane","Strike_R","Strike_R","Strike_R","Strike_R","Strike_R","Defend_R","Defend_R","Defend_R","Defend_R","Bash","Writhe","Reaper","Sword Boomerang","Flame Barrier","Sword Boomerang","Heavy Blade"],"relics":["Burning Blood","WarpedTongs","Prayer Wheel","Oddly Smooth Stone"],"acts_visited":["Exordium"],"potions_floor_usage":[],"damage_taken":[{"damage":7,"enemies":"Jaw Worm","floor":1,"turns":3},{"damage":56,"enemies":"3 Sentries","floor":6,"turns":13},{"damage":1,"enemies":"Cultist","floor":7,"turns":4},{"damage":63,"enemies":"Lagavulin","floor":10,"turns":10}],"seed_played":"-4172169291709557862","potions_obtained":[{"floor":1,"key":"Fruit Juice"},{"floor":7,"key":"CultistPotion"}],"is_trial":false,"path_per_floor":["M","?","$","?","$","E","M","R","T","E"],"character_chosen":"IRONCLAD","items_purchased":["Flame Barrier"],"campfire_rested":1,"item_purchase_floors":[3],"current_hp_per_floor":[67,67,67,56,56,18,27,49,49,0,0],"gold":107,"neow_bonus":"THREE_RARE_CARDS","is_daily":false,"chose_seed":false,"campfire_upgraded":0,"win_rate":0.0,"timestamp":1611985719,"path_taken":["M","?","?","?","$","E","M","R","T","E"],"items_purchased_type":["Card"],"build_version":"2020-12-22","purchased_purges":1,"victory":false,"max_hp_per_floor":[75,75,75,75,75,75,75,75,75,75,75],"card_choices":[{"not_picked":["Demon Form","Bludgeon"],"picked":"Reaper","floor":0},{"not_picked":["Havoc","Infernal Blade"],"picked":"Sword Boomerang","floor":1},{"not_picked":["Juggernaut","Perfected Strike"],"picked":"Sword Boomerang","floor":6},{"not_picked":["Havoc","Rupture"],"picked":"Heavy Blade","floor":7},{"not_picked":["Anger","Rampage","Uppercut"],"picked":"SKIP","floor":7}],"player_experience":1386014,"relics_obtained":[{"floor":6,"key":"Prayer Wheel"},{"floor":9,"key":"Oddly Smooth Stone"}],"event_choices":[{"damage_healed":0,"gold_gain":0,"player_choice":"Rummage","damage_taken":0,"relics_obtained":["WarpedTongs"],"max_hp_gain":0,"max_hp_loss":0,"event_name":"Accursed Blacksmith","floor":2,"gold_loss":0,"cards_obtained":["Pain"]},{"damage_healed":0,"gold_gain":75,"player_choice":"Gather Gold","damage_taken":11,"max_hp_gain":0,"max_hp_loss":0,"event_name":"World of Goop","floor":4,"gold_loss":0}],"is_beta":false,"boss_relics":[],"items_purged_floors":[5],"is_endless":false,"potions_floor_spawned":[1,7],"killed_by":"Lagavulin","ascension_level":20}}