{"host":"17xjy7b7ubl548g2","time":1611979135,"event":{"mods":["2.2 Compatiblity","Act Like it!","Aspiration","Astrologer","Bard","BaseMod","Challenge The Spire","ChefMod","Colored Map","Colored Powertips","Conspire","Elementarium","Energized Spire","Gensokyo","GifTheSpireLib","Halation","Hallownest","Hermit","Hubris","Humility","Infinite Spire","Jedi Mod","Jorbs\u0027s Wanderer Trilogy","Marisa（霧雨　魔理沙）","Marked Mod","Menagerie","Minty Spire (QoL Compilation)","Permanent Neow","Reliquary","Replay The Spire","Robot Space Explorer","Spicy Shops","Spire Arcade","StSLib","Stuff the Spire","The Blue Laboratory","The Bug Knight","The Construct","The Disciple","The Hayseed","The Hierophant","The Marked","The Runesmith","The Sage","TheFirefly"],"gold_per_floor":[117,117,130,130,147,147,173,199,199,199,3,13,27,27,27,27,27],"floor_reached":16,"language":"ENG","playtime":993,"items_purged":[],"score":145,"play_id":"52269442-20e1-4a7d-9404-178b49d75f07","local_time":"20210129225855","is_ascension_mode":true,"campfire_choices":[{"data":"MasterSpark","floor":6,"key":"SMITH"},{"data":"JA","floor":10,"key":"SMITH"},{"floor":15,"key":"REST"}],"circlet_count":0,"master_deck":["AscendersBane","Strike_MRS","Strike_MRS","Strike_MRS","Strike_MRS","Defend_MRS","Defend_MRS","Defend_MRS","Defend_MRS","MasterSpark+1","UpSweep","AbsoluteMagnitude+1","WitchLeyline","GalacticHalo+1","UnstableBomb","OneTimeOff","ChargingUp+1","JA+1","6A"],"relics":["MiniHakkero","Ginger","War Paint","conspire:Flyswatter","reliquary:Knoch"],"acts_visited":["Exordium"],"potions_floor_usage":[7],"damage_taken":[{"damage":7,"enemies":"Gensokyo:3_Fairies","floor":1,"turns":4},{"damage":0,"enemies":"Gensokyo:Gryphon","floor":3,"turns":3},{"damage":0,"enemies":"Gensokyo:Python","floor":5,"turns":2},{"damage":33,"enemies":"Gensokyo:Cirno","floor":7,"turns":6},{"damage":0,"enemies":"Gensokyo:LivingMonolith","floor":12,"turns":2},{"damage":12,"enemies":"Gensokyo:5_Fairies","floor":13,"turns":4},{"damage":26,"enemies":"Gensokyo:Reimu","floor":16,"turns":4}],"seed_played":"-4731734469001871771","potions_obtained":[{"floor":1,"key":"infinitespire:BlackPotion"},{"floor":3,"key":"Strength Potion"}],"is_trial":false,"path_per_floor":["M","?","M","?","M","R","E","T","T","R","$","M","M","$","R","B"],"character_chosen":"MARISA","items_purchased":["6A","reliquary:Knoch"],"campfire_rested":1,"item_purchase_floors":[11,11],"current_hp_per_floor":[61,61,61,61,61,61,28,28,28,28,28,28,16,16,36,10,10],"gold":27,"neow_bonus":"THREE_RARE_CARDS","is_daily":false,"chose_seed":false,"campfire_upgraded":2,"win_rate":0.0,"timestamp":1611979135,"path_taken":["M","?","M","?","M","R","E","?","T","R","$","?","M","?","R","BOSS"],"items_purchased_type":["Card","Relic"],"build_version":"2020-12-22","purchased_purges":0,"victory":false,"max_hp_per_floor":[68,68,68,68,68,68,68,68,68,68,68,68,68,68,68,68,68],"card_choices":[{"not_picked":["UltimateShortwave","ManaRampage"],"picked":"AbsoluteMagnitude","floor":0},{"not_picked":["WitchOfGreed","ShootingEcho"],"picked":"WitchLeyline","floor":1},{"not_picked":["ShootingEcho","MysteriousBeam"],"picked":"GalacticHalo","floor":2},{"not_picked":["GrandCross","ShootingEcho"],"picked":"UnstableBomb","floor":2},{"not_picked":["LuminesStrike","EnergyRecoil"],"picked":"OneTimeOff","floor":3},{"not_picked":["LuminesStrike","IllusionStar"],"picked":"ChargingUp","floor":5},{"not_picked":["UnstableBomb","DC"],"picked":"JA","floor":7},{"not_picked":["StarlightTyphoon","PropBag","UnstableBomb"],"picked":"SKIP","floor":12},{"not_picked":["ChargeUpSpray","IllusionStar","UnstableBomb"],"picked":"SKIP","floor":13}],"player_experience":2014399,"relics_obtained":[{"floor":7,"key":"Ginger"},{"floor":8,"key":"War Paint"},{"floor":9,"key":"conspire:Flyswatter"}],"event_choices":[],"is_beta":false,"boss_relics":[],"items_purged_floors":[],"is_endless":false,"potions_floor_spawned":[1,3],"killed_by":"Gensokyo:Reimu","ascension_level":10,"is_humility":true}}