{"host":"cwjcp8ldy62zu3uk","time":1611994831,"event":{"mods":["AchievementEnabler","Act Like it!","BaseMod","Better Note","CapriCore","Colored Powertips","DeckTracker","Friendly Minions","Gensokyo","GifTheSpireLib","KinomotoSakuraMod(ÙÊñýÜâ?)","Koishi","Marisa£¨Ùöéë¡¡Øª×âÞÞ£©","Minty Spire (QoL Compilation)","Random Character Button","Rare Cards Sparkle","Reimu£¨ÚÏ???£©","Remilia£¨?Ú·×é?£©","StSLib","The Hierophant","The Immortal","The Servant 0.9.4","Yakumo Yukari mod","Yuyuko"],"gold_per_floor":[110,158,16,16,26,26,358,376,376,376,390,400,434,294,294,394,394,405,405,440,440,185,210,210,237,264,264,483,483,494,504,504,624,624,655,655,655,400,410,444,476,476,556,556,546,575,571,583,583,583,583,583,122,114,114],"floor_reached":56,"language":"KOR","playtime":5222,"items_purged":[],"score":1520,"play_id":"70697684-34cb-4cb2-b5ad-5e2c26e17dac","local_time":"20210130172031","is_ascension_mode":false,"campfire_choices":[{"data":"ScarletImprint","floor":6,"key":"SMITH"},{"floor":15,"key":"DIG"},{"data":"BatForm","floor":24,"key":"SMITH"},{"floor":27,"key":"RECALL"},{"data":"CeilingFear","floor":29,"key":"SMITH"},{"data":"ScarletGensokyo","floor":32,"key":"SMITH"},{"data":"BlasphemousPunishment","floor":42,"key":"SMITH"},{"data":"ScarletNetherworld","floor":44,"key":"SMITH"},{"data":"UnderTheZenith","floor":49,"key":"SMITH"},{"floor":52,"key":"DIG"}],"circlet_count":0,"master_deck":["Strike_RM","Strike_RM","Defend_RM","Defend_RM","Defend_RM","RedMoon","ScarletShoot","ScarletNetherworld+1","MillenniumVampire","Ultimatum+1","ScarletDevilSign+1","MillenniumVampire","ScarletImprint+1","LeisurelyOfLord","CeilingFear+1","UnstableMagic","Stigmanizer+1","ScarletGensokyo+1","UnderTheZenith+1","BlasphemousPunishment+1","BatForm+1","ScarletDevilSign","MastersStateliness+1","MillenniumVampire","ForbiddenFruit","HellCatastrophe","QueenOfMidnight+1","ScarletImprint+1","MiserableFate+1","SuperhumanBloodyKnife+1","UnstableMagic+1","NightDance+1","EndlessAdversity+1","BloodAndWine+1"],"relics":["ScarletHat","Lizard Tail","Sundial","TungstenRod","Ancient Tea Set","Shovel","Bag of Marbles","Ginger","Art of War","ScarletEmblem","Gensokyo:SongOfSouls","Frozen Egg 2","Blood Vial","Gensokyo:Companionship","Vajra","WingedGreaves","SlaversCollar","Gensokyo:TheCrow","AntiCross","Nunchaku","MealTicket","Pantograph","Whetstone","Mummified Hand","Anchor","TentaclePot:ReiMu","Boot","Strawberry"],"acts_visited":["Gensokyo:Gensokyo","Gensokyo:Gensokyoer","Gensokyo:Gensokyoest","TheEnding"],"potions_floor_usage":[16,25,28,28,33,33,41,55],"damage_taken":[{"damage":0,"enemies":"Gensokyo:Python","floor":1,"turns":4},{"damage":0,"enemies":"Gensokyo:Mamizou","floor":2,"turns":9},{"damage":0,"enemies":"Gensokyo:Gryphon","floor":5,"turns":7},{"damage":0,"enemies":"Gensokyo:Mamizou","floor":7,"turns":11},{"damage":0,"enemies":"Gensokyo:3_Fairies","floor":8,"turns":4},{"damage":0,"enemies":"Gensokyo:Kitsune","floor":11,"turns":5},{"damage":0,"enemies":"Gensokyo:LivingMonolith","floor":12,"turns":2},{"damage":0,"enemies":"Gensokyo:Cirno","floor":13,"turns":10},{"damage":9,"enemies":"Gensokyo:Yukari","floor":16,"turns":9},{"damage":0,"enemies":"Gensokyo:CosmicMonolith","floor":18,"turns":3},{"damage":0,"enemies":"Gensokyo:3_Dogs","floor":20,"turns":5},{"damage":1,"enemies":"Gensokyo:Koishi","floor":23,"turns":8},{"damage":36,"enemies":"Gensokyo:Tenshi","floor":25,"turns":4},{"damage":0,"enemies":"Gensokyo:Swordslinger","floor":28,"turns":4},{"damage":15,"enemies":"Gensokyo:Slime_Group","floor":30,"turns":5},{"damage":13,"enemies":"Gensokyo:Monolith_and_Dog","floor":31,"turns":4},{"damage":18,"enemies":"Gensokyo:Kaguya","floor":33,"turns":8},{"damage":29,"enemies":"Gensokyo:3_Boulders","floor":35,"turns":6},{"damage":36,"enemies":"Gensokyo:AncientGuardian","floor":39,"turns":3},{"damage":5,"enemies":"Gensokyo:Marisa","floor":40,"turns":3},{"damage":9,"enemies":"Gensokyo:Doremy","floor":41,"turns":2},{"damage":7,"enemies":"Gensokyo:4_Bats","floor":45,"turns":4},{"damage":10,"enemies":"Gensokyo:Kasen","floor":46,"turns":4},{"damage":4,"enemies":"Gensokyo:SeedOfUnknown","floor":47,"turns":3},{"damage":22,"enemies":"Gensokyo:3_Boulders","floor":48,"turns":3},{"damage":11,"enemies":"Gensokyo:Yuyuko","floor":50,"turns":3},{"damage":57,"enemies":"Shield and Spear","floor":54,"turns":5},{"damage":46,"enemies":"The Heart","floor":55,"turns":4}],"seed_played":"899456136654444856","potions_obtained":[{"floor":1,"key":"ZuzhouPotion:ReiMu"},{"floor":8,"key":"FearPotion"},{"floor":11,"key":"Weak Potion"},{"floor":12,"key":"Explosive Potion"},{"floor":20,"key":"FearPotion"},{"floor":25,"key":"Dexterity Potion"},{"floor":28,"key":"FearPotion"},{"floor":30,"key":"Fire Potion"},{"floor":35,"key":"DuplicationPotion"},{"floor":40,"key":"DistilledChaos"},{"floor":47,"key":"Fire Potion"},{"floor":48,"key":"PanachePotion"}],"is_trial":false,"path_per_floor":["M","?","COS","?","M","R","E","M","T","?","M","M","E","?","R","B",null,"M","?","M","?","COS","E","R","E","T","R","M","R","M","M","R","B",null,"M","?","?","$","M","E","E","R","T","R","M","E","M","M","R","B",null,"R","$","E","B",null],"character_chosen":"REMILIA","items_purchased":["AntiCross","Anchor","TentaclePot:ReiMu","Boot"],"campfire_rested":0,"item_purchase_floors":[38,53,53,53],"current_hp_per_floor":[54,56,56,56,59,59,61,61,61,47,48,49,49,49,49,49,75,75,75,75,75,75,75,75,47,47,47,49,49,43,32,32,19,75,60,60,60,60,48,58,74,74,74,74,68,75,75,58,58,58,75,75,75,65,82],"gold":114,"neow_bonus":"TRANSFORM_TWO_CARDS","is_daily":false,"chose_seed":false,"campfire_upgraded":7,"win_rate":0.0,"timestamp":1611994831,"path_taken":["M","?","COS","?","M","R","E","?","T","?","M","M","E","?","R","BOSS","M","?","M","?","COS","E","R","E","T","R","M","R","M","M","R","BOSS","M","?","?","$","M","E","E","R","T","R","M","E","?","M","R","BOSS","R","$","E","BOSS"],"items_purchased_type":["Relic","Relic","Relic","Relic"],"build_version":"2020-12-22","purchased_purges":0,"victory":true,"max_hp_per_floor":[75,75,75,75,75,75,75,75,75,75,75,75,75,75,75,75,75,75,75,75,75,75,75,75,75,75,75,75,75,75,75,75,75,75,75,75,75,75,75,75,75,75,75,75,75,75,75,75,75,75,75,75,75,82,82],"card_choices":[{"not_picked":["MiserableFate","VampireKiss"],"picked":"Ultimatum","floor":1},{"not_picked":["BadLadyScramble","LeisurelyOfLord"],"picked":"ScarletDevilSign","floor":2},{"not_picked":["GlobalNightmare","EndlessAdversity"],"picked":"MillenniumVampire","floor":2},{"not_picked":["ForbiddenFruit","BloodHunter"],"picked":"ScarletImprint","floor":5},{"not_picked":["EndlessAdversity","RedNightlessCastle"],"picked":"LeisurelyOfLord","floor":5},{"not_picked":["BloodyCatastrophe","ChaoticDestiny"],"picked":"CeilingFear","floor":7},{"not_picked":["LeisurelyOfLord","ScarletDevil"],"picked":"UnstableMagic","floor":7},{"not_picked":["UnstableMagic","EndlessAdversity"],"picked":"Stigmanizer","floor":8},{"not_picked":["FitfulNightmare","RedRainbow"],"picked":"ScarletGensokyo","floor":11},{"not_picked":["StarOfDavid","FavorOfDestiny"],"picked":"UnderTheZenith","floor":12},{"not_picked":["Stigmanizer","ChainGang"],"picked":"BlasphemousPunishment","floor":13},{"not_picked":["ChaoticDestiny","DemonKingCradle"],"picked":"BatForm","floor":16},{"not_picked":["RedRainbow+1","BloodHunter"],"picked":"ScarletDevilSign","floor":18},{"not_picked":["BlasphemousPunishment","EmergencyRegeneration"],"picked":"MastersStateliness+1","floor":20},{"not_picked":["ScarletCoffin","ScarletDream"],"picked":"ForbiddenFruit","floor":23},{"not_picked":["VampireKiss","ScarletImprint+1"],"picked":"HellCatastrophe","floor":25},{"not_picked":["LeisurelyOfLord+1","ForbiddenFruit+1","RedRainbow"],"picked":"SKIP","floor":28},{"not_picked":["ForbiddenFruit","UnstableMagic","RedRainbow+1"],"picked":"SKIP","floor":30},{"not_picked":["StarOfDavid","EndlessAdversity","BloodHunter"],"picked":"SKIP","floor":31},{"not_picked":["DemonKingCradle+1","BloodyHallows"],"picked":"QueenOfMidnight+1","floor":33},{"not_picked":["MastersStateliness+1","ChainGang"],"picked":"ScarletImprint+1","floor":35},{"not_picked":["MastersStateliness+1","ScarletDevil+1"],"picked":"MiserableFate+1","floor":39},{"not_picked":["ScarletImprint","RedRainbow+1"],"picked":"SuperhumanBloodyKnife+1","floor":40},{"not_picked":["SuperhumanBloodyKnife","FavorOfDestiny"],"picked":"UnstableMagic+1","floor":41},{"not_picked":["TransientEternity+1","UnderTheZenith+1"],"picked":"NightDance+1","floor":45},{"not_picked":["EternalNight","Stigmanizer+1"],"picked":"EndlessAdversity+1","floor":46},{"not_picked":["BombardNight+1","FavorOfDestiny+1"],"picked":"BloodAndWine+1","floor":47},{"not_picked":["VampireSweep","VampireKiss+1","BloodHunter+1"],"picked":"SKIP","floor":48},{"not_picked":["ChainGang","KillingBlow","Maim"],"picked":"SKIP","floor":54}],"player_experience":293451,"relics_obtained":[{"floor":2,"key":"Lizard Tail"},{"floor":7,"key":"Sundial"},{"floor":9,"key":"TungstenRod"},{"floor":13,"key":"Bag of Marbles"},{"floor":15,"key":"Art of War"},{"floor":23,"key":"Frozen Egg 2"},{"floor":25,"key":"Blood Vial"},{"floor":40,"key":"Nunchaku"},{"floor":41,"key":"MealTicket"},{"floor":43,"key":"Pantograph"},{"floor":46,"key":"Whetstone"},{"floor":52,"key":"Mummified Hand"},{"floor":54,"key":"Strawberry"}],"event_choices":[],"is_beta":false,"boss_relics":[{"not_picked":["Busted Crown","Snecko Eye"],"picked":"ScarletEmblem"},{"not_picked":["Empty Cage","Astrolabe"],"picked":"SlaversCollar"}],"items_purged_floors":[],"is_endless":false,"potions_floor_spawned":[1,8,11,12,25,28,30,35,40,47,48,54],"ascension_level":0}}