{"host":"sav7uxregyirlf69","time":1611968148,"event":{"mods":["AchievementEnabler","BaseMod","Colored Map","DeckTracker","Keyboard Shortcuts","Minty Spire (QoL Compilation)","READ ME - Guardian Mod","StSLib","SuperFastMode"],"gold_per_floor":[111,111,125,135,147,147,182,16,42,42,92,111,111,128,128,205,205,220,220,200,211,136,136,152,152,225,225,225],"floor_reached":27,"language":"KOR","playtime":449,"items_purged":["Strike_G"],"score":426,"play_id":"cf12f172-c909-4b55-a470-fbfd21f84873","local_time":"20210130095548","is_ascension_mode":true,"campfire_choices":[{"data":"Masterful Stab","floor":6,"key":"SMITH"},{"data":"Deadly Poison","floor":10,"key":"SMITH"},{"data":"Envenom","floor":15,"key":"SMITH"},{"floor":23,"key":"REST"},{"floor":25,"key":"REST"}],"circlet_count":0,"master_deck":["AscendersBane","Strike_G","Strike_G","Strike_G","Strike_G","Defend_G","Defend_G","Defend_G","Defend_G","Defend_G","Survivor","Neutralize","Blade Dance","Flying Knee","Masterful Stab+1","Deadly Poison+1","Deadly Poison","Neutralize","Envenom+1","Escape Plan","Adrenaline","Backflip","Riddle With Holes+1","Tactician"],"relics":["Ring of the Snake","Anchor","Snake Skull","Orichalcum","Sozu"],"acts_visited":["Exordium","TheCity"],"potions_floor_usage":[16,16],"damage_taken":[{"damage":0,"enemies":"2 Louse","floor":1,"turns":4},{"damage":6,"enemies":"Cultist","floor":3,"turns":4},{"damage":2,"enemies":"Jaw Worm","floor":4,"turns":4},{"damage":5,"enemies":"Red Slaver","floor":5,"turns":4},{"damage":39,"enemies":"Lagavulin","floor":7,"turns":6},{"damage":9,"enemies":"Large Slime","floor":12,"turns":5},{"damage":0,"enemies":"Lots of Slimes","floor":14,"turns":4},{"damage":12,"enemies":"The Guardian","floor":16,"turns":10},{"damage":10,"enemies":"3 Byrds","floor":18,"turns":5},{"damage":5,"enemies":"Shell Parasite","floor":21,"turns":4},{"damage":20,"enemies":"Snecko","floor":24,"turns":4},{"damage":49,"enemies":"Cultist and Chosen","floor":27,"turns":6}],"seed_played":"-3805517263929272901","potions_obtained":[{"floor":1,"key":"GhostInAJar"},{"floor":4,"key":"Dexterity Potion"}],"is_trial":false,"path_per_floor":["M","?","M","M","M","R","E","$","T","R","?","M","?","M","R","B",null,"M","?","?","M","$","R","M","R","T","M"],"character_chosen":"THE_SILENT","items_purchased":["Snake Skull"],"campfire_rested":2,"item_purchase_floors":[8],"current_hp_per_floor":[44,76,70,68,63,63,24,24,24,24,24,15,15,15,15,3,58,48,26,26,21,21,45,25,49,49,0,0],"gold":225,"neow_bonus":"THREE_RARE_CARDS","is_daily":false,"chose_seed":false,"campfire_upgraded":3,"win_rate":0.0,"timestamp":1611968148,"path_taken":["M","?","M","M","M","R","E","?","T","R","?","?","?","?","R","BOSS","M","?","?","M","$","R","M","R","T","M"],"items_purchased_type":["Relic"],"build_version":"2020-12-22","purchased_purges":1,"victory":false,"max_hp_per_floor":[66,76,76,76,76,76,76,76,76,76,76,76,76,76,76,76,76,76,81,81,81,81,81,81,81,81,81,81],"card_choices":[{"not_picked":["Doppelganger","Venomology"],"picked":"Bullet Time","floor":0},{"not_picked":["Expertise","Dodge and Roll"],"picked":"Blade Dance","floor":1},{"not_picked":["Bane","Blade Dance"],"picked":"Flying Knee","floor":3},{"not_picked":["Underhanded Strike","Choke"],"picked":"Masterful Stab","floor":4},{"not_picked":["Underhanded Strike","Distraction"],"picked":"Deadly Poison","floor":5},{"not_picked":["Doppelganger","Acrobatics","Setup"],"picked":"SKIP","floor":7},{"not_picked":["Underhanded Strike","Dagger Throw"],"picked":"Deadly Poison","floor":12},{"not_picked":["Acrobatics","Accuracy"],"picked":"Escape Plan","floor":14},{"not_picked":["Doppelganger","Envenom"],"picked":"Adrenaline","floor":16},{"not_picked":["Prepared","Sucker Punch+1"],"picked":"Backflip","floor":18},{"not_picked":["Underhanded Strike","Bane"],"picked":"Riddle With Holes+1","floor":21},{"not_picked":["Prepared","Blade Dance"],"picked":"Tactician","floor":24}],"player_experience":1432374,"relics_obtained":[{"floor":7,"key":"Anchor"},{"floor":9,"key":"Orichalcum"}],"event_choices":[{"cards_removed":["Bullet Time"],"damage_healed":22,"gold_gain":0,"player_choice":"Offered Rare","damage_taken":0,"max_hp_gain":10,"max_hp_loss":0,"event_name":"Bonfire Elementals","floor":2,"gold_loss":0},{"damage_healed":0,"gold_gain":50,"player_choice":"Pray","damage_taken":0,"max_hp_gain":0,"max_hp_loss":0,"event_name":"Golden Shrine","floor":11,"gold_loss":0},{"damage_healed":0,"gold_gain":0,"player_choice":"2 cards matched","damage_taken":0,"max_hp_gain":0,"max_hp_loss":0,"event_name":"Match and Keep!","floor":13,"gold_loss":0,"cards_obtained":["Neutralize","Envenom"]},{"damage_healed":0,"gold_gain":0,"player_choice":"Shed Blood","damage_taken":27,"max_hp_gain":5,"max_hp_loss":0,"event_name":"Forgotten Altar","floor":19,"gold_loss":0},{"damage_healed":0,"gold_gain":0,"player_choice":"Bought 1 Potion","damage_taken":0,"max_hp_gain":0,"max_hp_loss":0,"event_name":"The Woman in Blue","floor":20,"gold_loss":0}],"is_beta":false,"boss_relics":[{"not_picked":["Busted Crown","Calling Bell"],"picked":"Sozu"}],"items_purged_floors":[22],"is_endless":false,"potions_floor_spawned":[1,4,14,18,21,24],"killed_by":"Cultist and Chosen","ascension_level":20}}