{"host":"zsnmfqgcm92hlreo","time":1611974587,"event":{"mods":["AchievementEnabler","BaseMod","Bestiary","Block Reminder","Colored Powertips","Minty Spire (QoL Compilation)","Permanent Neow","Quick Restart","Relic Stats","Weighted Paths"],"gold_per_floor":[130,187,226,277,307,307,344,437,460,547,586,586,655,269,269,294,294],"floor_reached":16,"language":"ENG","playtime":738,"items_purged":["Strike_G"],"score":200,"play_id":"cfd7a2af-42b8-4fb9-9149-cce77a4ae9a9","local_time":"20210129204307","is_ascension_mode":true,"campfire_choices":[{"data":"HandOfGreed","floor":6.0,"key":"SMITH"},{"floor":12,"key":"REST"},{"data":"Choke","floor":15,"key":"SMITH"}],"circlet_count":0,"master_deck":["AscendersBane","Strike_G","Strike_G","Strike_G","Strike_G","Defend_G","Defend_G","Defend_G","Defend_G","Defend_G","Survivor","Neutralize","HandOfGreed+1","Poisoned Stab","All Out Attack","Backflip","Backstab","Adrenaline","Choke+1","Blade Dance","All Out Attack","PiercingWail","Well Laid Plans"],"relics":["Ring of the Snake","Pen Nib","OrangePellets"],"acts_visited":["Exordium"],"potions_floor_usage":[10,16,16],"damage_taken":[{"damage":3.0,"enemies":"Cultist","floor":1.0,"turns":5.0},{"damage":4.0,"enemies":"Small Slimes","floor":2.0,"turns":4.0},{"damage":11.0,"enemies":"Jaw Worm","floor":3.0,"turns":5.0},{"damage":0.0,"enemies":"2 Fungi Beasts","floor":4.0,"turns":3.0},{"damage":4.0,"enemies":"Looter","floor":5.0,"turns":5.0},{"damage":3.0,"enemies":"Blue Slaver","floor":7.0,"turns":3.0},{"damage":7.0,"enemies":"Lots of Slimes","floor":8.0,"turns":6.0},{"damage":9,"enemies":"3 Louse","floor":10,"turns":6},{"damage":0,"enemies":"Blue Slaver","floor":11,"turns":2},{"damage":7,"enemies":"Exordium Wildlife","floor":13,"turns":6},{"damage":41,"enemies":"Slime Boss","floor":16,"turns":7}],"seed_played":"-2553799612690441679","potions_obtained":[{"floor":1.0,"key":"SneckoOil"},{"floor":2.0,"key":"Block Potion"},{"floor":4.0,"key":"Swift Potion"},{"floor":7.0,"key":"Regen Potion"},{"floor":11,"key":"SkillPotion"}],"is_trial":false,"path_per_floor":["M","M","M","M","M","R","M","M","T","M","M","R","M","$","R","B"],"character_chosen":"THE_SILENT","items_purchased":["OrangePellets","PiercingWail","Well Laid Plans"],"campfire_rested":1,"item_purchase_floors":[14,14,14],"current_hp_per_floor":[56,52,41,41,37,37,34,27,27,18,18,36,29,29,29,0,0],"gold":294,"neow_bonus":"RANDOM_COLORLESS_2","is_daily":false,"chose_seed":false,"campfire_upgraded":2,"win_rate":0.0,"timestamp":1611974587,"path_taken":["M","M","M","M","M","R","M","M","T","M","M","R","M","$","R","BOSS"],"items_purchased_type":["Relic","Card","Card"],"build_version":"2020-12-22","purchased_purges":1,"victory":false,"max_hp_per_floor":[60,60,60,60,60,60,60,60,60,60,60,60,60,60,60,60,60],"relic_stats":{"OrangePellets":[0],"counters":[11,52],"Pen Nib":[3],"obtain_stats":[{"OrangePellets":14,"Pen Nib":9,"Ring of the Snake":0},{"OrangePellets":10,"Pen Nib":7,"Ring of the Snake":0},{"OrangePellets":45,"Pen Nib":31,"Ring of the Snake":0}],"Ring of the Snake":[22]},"card_choices":[{"not_picked":["Thinking Ahead","Mayhem"],"picked":"HandOfGreed","floor":0.0},{"not_picked":["Deflect","Eviscerate"],"picked":"Poisoned Stab","floor":1.0},{"not_picked":["Quick Slash","Outmaneuver","Escape Plan"],"picked":"SKIP","floor":2.0},{"not_picked":["Concentrate","Dodge and Roll"],"picked":"All Out Attack","floor":3.0},{"not_picked":["Poisoned Stab","Blade Dance"],"picked":"Backflip","floor":4.0},{"not_picked":["Dodge and Roll","Dagger Throw"],"picked":"Backstab","floor":5.0},{"not_picked":["Slice","Quick Slash"],"picked":"Adrenaline","floor":7.0},{"not_picked":["Eviscerate","Predator","Dagger Spray"],"picked":"SKIP","floor":8.0},{"not_picked":["Flying Knee","Endless Agony"],"picked":"Choke","floor":10},{"not_picked":["Deadly Poison","Skewer"],"picked":"Blade Dance","floor":11},{"not_picked":["Envenom","Deadly Poison"],"picked":"All Out Attack","floor":13}],"player_experience":947142,"relics_obtained":[{"floor":9.0,"key":"Pen Nib"}],"event_choices":[],"is_beta":false,"boss_relics":[],"items_purged_floors":[14],"is_endless":false,"potions_floor_spawned":[1,2,4,7,11],"killed_by":"Slime Boss","ascension_level":20}}