{"host":"vhvubw4jk4f204qs","time":1611967412,"event":{"mods":["AchievementEnabler","BaseMod","DeckTracker","GifTheSpireLib","Minty Spire (QoL Compilation)","Permanent Neow","Quick Restart","StSLib","SuperFastMode","The IronCluck","slay the spire mod where everything is the same but ironclad has a cowboy hat"],"gold_per_floor":[117,36,50,150,164,198,198,226,226,257,60,71,71,85,85,187,187,197,215,233,245,17,44,56,100,112,124,161,173,185,209,221,335,347,375,387,448,477,6,6,0,29,29,64,77,100,117,147,147,147],"floor_reached":51,"language":"ENG","playtime":2893,"items_purged":["Strike_R","Strike_R"],"score":1200,"play_id":"e144dbf4-e180-46cf-afd2-2e88de503b86","local_time":"20210129194332","is_ascension_mode":true,"campfire_choices":[{"data":"Dual Wield","floor":13.0,"key":"SMITH"},{"data":"Pommel Strike","floor":15.0,"key":"SMITH"},{"data":"Double Tap","floor":24.0,"key":"SMITH"},{"data":"Warcry","floor":27.0,"key":"SMITH"},{"data":"Burning Pact","floor":32.0,"key":"SMITH"},{"data":"Thinking Ahead","floor":40.0,"key":"SMITH"},{"data":"Corruption","floor":49,"key":"SMITH"}],"circlet_count":0,"master_deck":["Strike_R","Strike_R","Defend_R","Defend_R","Bash","Anger+1","Flash of Steel","Anger","Dropkick","Battle Trance","Pommel Strike+1","Dual Wield+1","Dropkick","Burning Pact+1","Double Tap+1","Shrug It Off","Clash","Thunderclap","Clash+1","Warcry+1","Sever Soul","Clash+1","Thunderclap+1","Corruption+1","Berserk+1","Infernal Blade+1","Pummel+1","Clash+1","Master of Strategy","Deep Breath","Flash of Steel+1","Cleave+1","Spot Weakness+1","Burning Pact","Flash of Steel+1","Clash+1","Thinking Ahead+1","Dark Embrace+1","Iron Wave+1","Clash+1","Bloodletting+1","Limit Break"],"relics":["Burning Blood","Nunchaku","Omamori","Ornamental Fan","Boot","Strawberry","Sozu","Membership Card","Vajra","MawBank","Happy Flower","Molten Egg 2","Art of War","Gremlin Horn","Astrolabe","Lizard Tail","Juzu Bracelet","Brimstone","Bronze Scales","Red Mask","Centennial Puzzle","Bottled Flame","Bottled Tornado","Dream Catcher","Red Skull"],"acts_visited":["Exordium","TheCity","TheBeyond"],"potions_floor_usage":[],"damage_taken":[{"damage":2.0,"enemies":"Jaw Worm","floor":1.0,"turns":3.0},{"damage":0.0,"enemies":"Cultist","floor":3.0,"turns":3.0},{"damage":0.0,"enemies":"Small Slimes","floor":5.0,"turns":3.0},{"damage":32.0,"enemies":"Gremlin Nob","floor":6.0,"turns":4.0},{"damage":25.0,"enemies":"Lagavulin","floor":8.0,"turns":5.0},{"damage":13.0,"enemies":"3 Sentries","floor":10.0,"turns":7.0},{"damage":10.0,"enemies":"Exordium Thugs","floor":12.0,"turns":3.0},{"damage":6.0,"enemies":"Lots of Slimes","floor":14.0,"turns":3.0},{"damage":15.0,"enemies":"Hexaghost","floor":16.0,"turns":8.0},{"damage":3.0,"enemies":"Chosen","floor":18.0,"turns":2.0},{"damage":2.0,"enemies":"3 Byrds","floor":19.0,"turns":4.0},{"damage":8.0,"enemies":"Cultist and Chosen","floor":20.0,"turns":4.0},{"damage":3.0,"enemies":"Shelled Parasite and Fungi","floor":21.0,"turns":3.0},{"damage":0.0,"enemies":"Gremlin Leader","floor":23.0,"turns":3.0},{"damage":0.0,"enemies":"Slavers","floor":25.0,"turns":4.0},{"damage":21.0,"enemies":"Book of Stabbing","floor":28.0,"turns":4.0},{"damage":20.0,"enemies":"Snake Plant","floor":31.0,"turns":3.0},{"damage":48.0,"enemies":"Automaton","floor":33.0,"turns":7.0},{"damage":0.0,"enemies":"Orb Walker","floor":35.0,"turns":2.0},{"damage":19.0,"enemies":"2 Orb Walkers","floor":37.0,"turns":3.0},{"damage":0.0,"enemies":"3 Shapes","floor":38.0,"turns":1.0},{"damage":19.0,"enemies":"Nemesis","floor":42.0,"turns":3.0},{"damage":0.0,"enemies":"Reptomancer","floor":44.0,"turns":2.0},{"damage":0,"enemies":"Transient","floor":45,"turns":5},{"damage":0,"enemies":"3 Darklings","floor":47,"turns":1},{"damage":19,"enemies":"Nemesis","floor":48,"turns":2},{"damage":3,"enemies":"Awakened One","floor":50,"turns":3}],"seed_played":"6068151223663154113","potions_obtained":[{"floor":1.0,"key":"Dexterity Potion"},{"floor":8.0,"key":"DistilledChaos"},{"floor":10.0,"key":"BlessingOfTheForge"},{"floor":12.0,"key":"Swift Potion"},{"floor":14.0,"key":"CultistPotion"}],"is_trial":false,"path_per_floor":["M","$","M","?","M","E","?","E","T","E","$","M","R","M","R","B",null,"M","M","M","M","$","E","R","E","T","R","E","T","$","M","R","B",null,"M","?","?","M","$","R","?","E","T","E","M","T","M","E","R","B",null],"character_chosen":"IRONCLAD","items_purchased":["Flash of Steel","Pommel Strike","Dual Wield","Membership Card","Vajra","Burning Pact","Juzu Bracelet","Flash of Steel+1","Clash+1","Brimstone","Bronze Scales","Thinking Ahead"],"campfire_rested":0,"item_purchase_floors":[2,11,11,22,22,39,39,39,39,39,39,39],"current_hp_per_floor":[80,80,80,80,80,54,54,35,35,35,35,31,31,31,31,22,87,87,87,85,87,87,87,87,87,87,87,72,72,72,58,58,16,87,87,77,64,70,70,70,70,57,57,63,69,69,75,62,62,65],"gold":147,"neow_bonus":"RANDOM_COMMON_RELIC","is_daily":false,"chose_seed":false,"campfire_upgraded":7,"win_rate":0.0,"timestamp":1611967412,"path_taken":["M","$","M","?","?","E","?","E","T","E","?","M","R","M","R","BOSS","M","?","M","?","$","E","R","E","T","R","E","?","?","M","R","BOSS","M","?","?","M","$","R","?","E","T","E","M","?","M","E","R","BOSS"],"items_purchased_type":["Card","Card","Card","Relic","Relic","Card","Relic","Card","Card","Relic","Relic","Card"],"build_version":"2020-12-22","purchased_purges":2,"victory":true,"max_hp_per_floor":[80,80,80,80,80,80,80,80,80,87,87,87,87,87,87,87,87,87,87,87,87,87,87,87,87,87,87,87,87,87,87,87,87,87,87,87,87,87,87,87,87,87,87,87,87,87,87,87,87,87],"card_choices":[{"not_picked":["Disarm","Seeing Red"],"picked":"Anger","floor":1.0},{"not_picked":["Flame Barrier","Blood for Blood"],"picked":"Anger","floor":3.0},{"not_picked":["Sentinel","Combust"],"picked":"Dropkick","floor":5.0},{"not_picked":["Thunderclap","Brutality"],"picked":"Battle Trance","floor":6.0},{"not_picked":["Warcry","Dark Embrace","Clothesline"],"picked":"SKIP","floor":8.0},{"not_picked":["Ghostly Armor","Dark Embrace","Heavy Blade"],"picked":"SKIP","floor":10.0},{"not_picked":["Shrug It Off","Infernal Blade"],"picked":"Dropkick","floor":12.0},{"not_picked":["Flex","Iron Wave"],"picked":"Burning Pact","floor":14.0},{"not_picked":["Impervious","Brutality"],"picked":"Double Tap","floor":16.0},{"not_picked":["Twin Strike","Flex+1"],"picked":"Shrug It Off","floor":18.0},{"not_picked":["Intimidate","Headbutt"],"picked":"Clash","floor":19.0},{"not_picked":["Metallicize+1","Rampage"],"picked":"Thunderclap","floor":20.0},{"not_picked":["Pommel Strike","Armaments"],"picked":"Clash+1","floor":21.0},{"not_picked":["Shockwave","Reaper"],"picked":"Warcry","floor":23.0},{"not_picked":["Feel No Pain+1","Armaments+1"],"picked":"Sever Soul","floor":25.0},{"not_picked":["Perfected Strike+1","Armaments"],"picked":"Clash+1","floor":28.0},{"not_picked":["Dark Embrace","Sword Boomerang+1"],"picked":"Thunderclap+1","floor":31.0},{"not_picked":["Limit Break","Bludgeon+1"],"picked":"Corruption","floor":33.0},{"not_picked":["Intimidate","True Grit"],"picked":"Clash+1","floor":35.0},{"not_picked":["Mayhem","Violence"],"picked":"Master of Strategy","floor":36.0},{"not_picked":["Enlightenment","HandOfGreed+1"],"picked":"Deep Breath","floor":36.0},{"not_picked":["Master of Strategy","Blind"],"picked":"Flash of Steel+1","floor":36.0},{"not_picked":["Battle Trance+1","Hemokinesis+1"],"picked":"Cleave+1","floor":37.0},{"not_picked":["Inflame","Iron Wave+1"],"picked":"Spot Weakness+1","floor":38.0},{"not_picked":["Inflame","Armaments"],"picked":"Dark Embrace+1","floor":42.0},{"not_picked":["Combust","Twin Strike+1"],"picked":"Iron Wave+1","floor":44.0},{"not_picked":["Carnage+1","Wild Strike+1"],"picked":"Clash+1","floor":45},{"not_picked":["Shrug It Off","Twin Strike+1"],"picked":"Bloodletting+1","floor":47},{"not_picked":["Hemokinesis+1","Perfected Strike+1"],"picked":"Limit Break","floor":48}],"player_experience":736505,"relics_obtained":[{"floor":6.0,"key":"Omamori"},{"floor":8.0,"key":"Ornamental Fan"},{"floor":9.0,"key":"Boot"},{"floor":10.0,"key":"Strawberry"},{"floor":23.0,"key":"MawBank"},{"floor":25.0,"key":"Happy Flower"},{"floor":26.0,"key":"Molten Egg 2"},{"floor":28.0,"key":"Art of War"},{"floor":29.0,"key":"Gremlin Horn"},{"floor":37.0,"key":"Lizard Tail"},{"floor":42.0,"key":"Centennial Puzzle"},{"floor":43.0,"key":"Bottled Flame"},{"floor":44.0,"key":"Bottled Tornado"},{"floor":46,"key":"Dream Catcher"},{"floor":48,"key":"Red Skull"}],"event_choices":[{"damage_healed":0.0,"max_hp_gain":0.0,"max_hp_loss":0.0,"gold_gain":100.0,"event_name":"Golden Shrine","player_choice":"Pray","floor":4.0,"gold_loss":0.0,"damage_taken":0.0},{"damage_healed":0.0,"max_hp_gain":0.0,"max_hp_loss":0.0,"gold_gain":0.0,"event_name":"Upgrade Shrine","player_choice":"Upgraded","floor":7.0,"gold_loss":0.0,"damage_taken":0.0,"cards_upgraded":["Anger"]},{"damage_healed":0.0,"max_hp_gain":0.0,"max_hp_loss":0.0,"gold_gain":0.0,"event_name":"SensoryStone","player_choice":"Memory 3","floor":36.0,"gold_loss":0.0,"damage_taken":10.0},{"damage_healed":0.0,"max_hp_gain":0.0,"max_hp_loss":0.0,"gold_gain":0.0,"event_name":"Mysterious Sphere","player_choice":"Fight","floor":37.0,"gold_loss":0.0,"damage_taken":0.0},{"damage_healed":0.0,"max_hp_gain":0.0,"max_hp_loss":0.0,"gold_gain":0.0,"event_name":"Tomb of Lord Red Mask","player_choice":"Paid","floor":41.0,"gold_loss":6.0,"damage_taken":0.0,"relics_obtained":["Red Mask"]}],"is_beta":false,"boss_relics":[{"not_picked":["Black Blood","Cursed Key"],"picked":"Sozu"},{"not_picked":["Black Star","Runic Pyramid"],"picked":"Astrolabe"}],"items_purged_floors":[11,39],"is_endless":false,"potions_floor_spawned":[1,8,10,12,14,19,23,28,33,35,48],"ascension_level":3}}