{"host":"9j472d1lqxyi8fmj","time":1611974747,"event":{"mods":["AchievementEnabler","Aspiration","BaseMod","Better Note","BetterRewards","Block Reminder","Colored Powertips","Downfall","Hermit","Hubris","Infinite Spire","Minty Spire (QoL Compilation)","Potion Indicator Mod","Rare Cards Sparkle","Relic Filter","Reliquary","Spicy Shops","StSLib","The Runesmith","Virulent Crown"],"gold_per_floor":[117,134,145,145,145,162,162,172,188,199,214,227,227,254,254,359,359,378,389,11,25,25,25,94,94,94,94,110,127,13,13,13,117,117,135,155,205,205,205,219,266,285,285,297,35,110,122,141,141,141],"floor_reached":51,"language":"ENG","playtime":1920,"items_purged":[],"score":807,"play_id":"e52a9e35-2d36-44de-84e5-488aea53f747","local_time":"20210129214547","is_ascension_mode":false,"campfire_choices":[{"data":"champ:PerfectedStrike","floor":13,"key":"SMITH"},{"floor":15,"key":"REST"},{"data":"champ:Improvising","floor":23,"key":"SMITH"},{"data":"champ:StanceDance","floor":25,"key":"SMITH"},{"floor":32,"key":"REST"},{"floor":43,"key":"REST"},{"floor":49,"key":"REST"}],"circlet_count":0,"master_deck":["champ:Strike","champ:Strike","champ:Strike","champ:Strike","champ:Defend","champ:Defend","champ:Defend","champ:Defend","champ:Execute","champ:Taunt","champ:PerfectedStrike+1","champ:Encircle","champ:BladeFlurry+1","champ:FlashCut","champ:StanceDance+1","champ:IronFortress","champ:BladeFlurry","champ:RageSigil","champ:DefensiveShout","champ:Improvising+1","champ:PerfectedStrike","champ:FlashCut","champ:BerserkersShout","champ:Backstep","Pride","downfall:Bewildered","champ:BladeFlurry","champ:TornadoPunch","champ:RisingSlash","champ:FanOfKnives","champ:UltimateStance","CurseOfTheBell","champ:IronFortress+1","champ:CrookedStrike+1","champ:RapidStrikes","infinitespire:Starlight","infinitespire:Punishment","infinitespire:SevenWalls","champ:FlashCut+1","champ:BladeFlurry+1","champ:BerserkerStyle+1","champ:TripleStrike","champ:ShieldWall"],"relics":["champ:ChampionCrown","MealTicket","aspiration:StickyExplosives_weak","hubris:CuriousFeather","aspiration:FutureDiary","Shuriken","reliquary:Firecrackers","Slimebound:PreparedRelic","Mummified Hand","sneckomod:BabySnecko","aspiration:RitualStick","Calling Bell","Runesmith:AutoHammer","aspiration:HummingbirdHeart","Guardian:GemstoneGun","TungstenRod","Meat on the Bone","reliquary:JackalopeAntler","Fusion Hammer","infinitespire:Satchel","hubris:MysteriousPyramids","Runesmith:Nanobots"],"acts_visited":["Exordium","TheCity","TheBeyond"],"potions_floor_usage":[10,16,16,50],"damage_taken":[{"damage":21,"enemies":"Cultist","floor":1,"turns":4},{"damage":0,"enemies":"2 Louse","floor":2,"turns":2},{"damage":13,"enemies":"Jaw Worm","floor":3,"turns":2},{"damage":28,"enemies":"Large Slime","floor":6,"turns":4},{"damage":10,"enemies":"2 Fungi Beasts","floor":8,"turns":3},{"damage":10,"enemies":"Exordium Wildlife","floor":9,"turns":3},{"damage":0,"enemies":"Lots of Slimes","floor":10,"turns":2},{"damage":16,"enemies":"Exordium Thugs","floor":11,"turns":3},{"damage":26,"enemies":"2 Fungi Beasts","floor":12,"turns":3},{"damage":16,"enemies":"Gremlin Nob","floor":14,"turns":4},{"damage":71,"enemies":"DF_ARCHETYPE_STREAMLINE","floor":16,"turns":11},{"damage":5,"enemies":"Chosen","floor":18,"turns":4},{"damage":0,"enemies":"3 Byrds","floor":19,"turns":4},{"damage":20,"enemies":"downfall:FleeingMerchant","floor":20,"turns":4},{"damage":0,"enemies":"Sentry and Sphere","floor":21,"turns":3},{"damage":20,"enemies":"Snecko","floor":28,"turns":3},{"damage":28,"enemies":"Centurion and Healer","floor":29,"turns":5},{"damage":10,"enemies":"downfall:FleeingMerchant","floor":30,"turns":4},{"damage":20,"enemies":"WA_ARCHETYPE_CALM","floor":33,"turns":4},{"damage":12,"enemies":"Orb Walker","floor":35,"turns":3},{"damage":15,"enemies":"3 Shapes","floor":36,"turns":2},{"damage":21,"enemies":"3 Shapes","floor":37,"turns":4},{"damage":13,"enemies":"Jaw Worm Horde","floor":40,"turns":2},{"damage":42,"enemies":"4 Shapes","floor":42,"turns":4},{"damage":0,"enemies":"Spire Growth","floor":44,"turns":2},{"damage":0,"enemies":"downfall:FleeingMerchant","floor":45,"turns":2},{"damage":0,"enemies":"Jaw Worm Horde","floor":47,"turns":1},{"damage":1,"enemies":"Maw","floor":48,"turns":4},{"damage":43,"enemies":"IC_BLOCK_ARCHETYPE","floor":50,"turns":7}],"seed_played":"-7907064825122803860","potions_obtained":[{"floor":6,"key":"Dexterity Potion"},{"floor":9,"key":"Explosive Potion"},{"floor":10,"key":"Strength Potion"},{"floor":11,"key":"Energy Potion"},{"floor":12,"key":"Guardian:BlockOnCardUsePotion"},{"floor":19,"key":"Swift Potion"},{"floor":21,"key":"champ:UltimateStancePotion"}],"is_trial":false,"path_per_floor":["M","M","M","?","?","M","T","M","M","M","M","M","R","E","R","B",null,"M","M","$","M","?","R","T","R","?","?","M","M","$","?","R","B",null,"M","M","?","T","AVR","M","T","M","R","M","$","?","M","M","R","B",null],"character_chosen":"THE_CHAMP","items_purchased":["Shuriken","reliquary:Firecrackers","champ:RisingSlash","champ:FanOfKnives","hubris:MysteriousPyramids","Runesmith:Nanobots","champ:ShieldWall"],"campfire_rested":4,"item_purchase_floors":[20,20,30,30,45,45,45],"current_hp_per_floor":[89,89,86,86,86,78,78,78,78,78,72,61,61,45,72,16,90,85,85,80,80,80,80,80,80,80,80,75,52,67,49,76,76,90,88,73,62,62,62,64,64,49,76,76,90,90,90,89,90,74],"gold":141,"neow_bonus":"RANDOM_COMMON_RELIC","is_daily":false,"chose_seed":false,"campfire_upgraded":3,"win_rate":0.0,"timestamp":1611974747,"path_taken":["M","M","M","?","?","M","T","M","M","M","M","?","R","E","R","BOSS","M","M","$","M","?","R","T","R","?","?","?","?","?","?","R","BOSS","M","M","?","?","AVR","M","T","M","R","M","$","?","?","M","R","BOSS"],"items_purchased_type":["Relic","Relic","Card","Card","Relic","Relic","Card"],"build_version":"2020-12-22","purchased_purges":0,"victory":true,"max_hp_per_floor":[90,90,90,90,90,90,90,90,90,90,90,90,90,90,90,90,90,90,90,90,90,90,90,90,90,90,90,90,90,90,90,90,90,90,90,90,90,90,90,90,90,90,90,90,90,90,90,90,90,90],"card_choices":[{"not_picked":["champ:Shatter","champ:Circumvent"],"picked":"champ:PerfectedStrike","floor":1},{"not_picked":["champ:Backstep","champ:AdrenalArmor"],"picked":"champ:Encircle","floor":2},{"not_picked":["champ:BringItOn","champ:PreciseThrust"],"picked":"champ:BladeFlurry","floor":3},{"not_picked":["champ:BladeFlurry","champ:Parry"],"picked":"champ:FlashCut","floor":6},{"not_picked":["champ:Shatter","champ:Backstep"],"picked":"champ:StanceDance","floor":8},{"not_picked":["champ:GutPunch","champ:VampiricStrike"],"picked":"champ:IronFortress","floor":9},{"not_picked":["champ:GladiatorStyle","champ:ShieldWall"],"picked":"champ:BladeFlurry","floor":10},{"not_picked":["champ:TornadoPunch","champ:DefensiveStyle"],"picked":"champ:RageSigil","floor":11},{"not_picked":["champ:ShieldWall","champ:AdrenalArmor"],"picked":"champ:DefensiveShout","floor":12},{"not_picked":["champ:BringItOn","champ:PreciseThrust","champ:Shatter"],"picked":"SKIP","floor":14},{"not_picked":["champ:EnchantCrown","champ:DancingMaster"],"picked":"champ:Improvising","floor":16},{"not_picked":["champ:EndlessRage","champ:Haymaker"],"picked":"champ:PerfectedStrike","floor":18},{"not_picked":["champ:ArenaPreparation","champ:FalseCounter"],"picked":"champ:FlashCut","floor":19},{"not_picked":["champ:PreciseThrust+1","champ:Shatter"],"picked":"champ:BerserkersShout","floor":20},{"not_picked":["champ:PreciseThrust","champ:ShieldSigil+1"],"picked":"champ:Backstep","floor":21},{"not_picked":["champ:EnragedBash+1","champ:Encircle"],"picked":"champ:BladeFlurry","floor":28},{"not_picked":["champ:ShieldSigil","champ:BerserkersShout","champ:Shatter"],"picked":"SKIP","floor":29},{"not_picked":["champ:SwordThrow","champ:BerserkersShout"],"picked":"champ:TornadoPunch","floor":30},{"not_picked":["champ:HoldFirm","champ:GladiatorForm"],"picked":"champ:UltimateStance","floor":33},{"not_picked":["champ:ArenaPreparation","champ:DefensiveStyle"],"picked":"champ:IronFortress+1","floor":35},{"not_picked":["champ:FlashCut","champ:ArenaPreparation+1"],"picked":"champ:CrookedStrike+1","floor":36},{"not_picked":["champ:Encircle","champ:SwordSigil+1"],"picked":"champ:RapidStrikes","floor":37},{"not_picked":["champ:StanceDance+1","champ:DefensiveShout+1"],"picked":"champ:FlashCut+1","floor":40},{"not_picked":["champ:BerserkersShout+1","champ:CalledShot"],"picked":"champ:BladeFlurry+1","floor":42},{"not_picked":["champ:BerserkersShout+1","champ:DefensiveShout"],"picked":"champ:BerserkerStyle+1","floor":44},{"not_picked":["champ:DefensiveStyle","champ:GutPunch+1"],"picked":"champ:TripleStrike","floor":45},{"not_picked":["champ:Shatter+1","champ:Backstep","champ:ShieldSigil+1"],"picked":"SKIP","floor":47},{"not_picked":["champ:Backstep+1","champ:SwordSigil+1","champ:AdrenalArmor"],"picked":"SKIP","floor":48}],"player_experience":369498,"relics_obtained":[{"floor":7,"key":"aspiration:StickyExplosives_weak"},{"floor":14,"key":"hubris:CuriousFeather"},{"floor":24,"key":"Mummified Hand"},{"floor":34,"key":"Runesmith:AutoHammer"},{"floor":34,"key":"aspiration:HummingbirdHeart"},{"floor":34,"key":"Guardian:GemstoneGun"},{"floor":37,"key":"TungstenRod"},{"floor":38,"key":"Meat on the Bone"},{"floor":41,"key":"infinitespire:Satchel"}],"event_choices":[{"cards_removed":["champ:Defend"],"damage_healed":0,"gold_gain":0,"player_choice":"Give","damage_taken":0,"max_hp_gain":0,"max_hp_loss":0,"event_name":"betterNote:BetterNote","floor":5,"gold_loss":0,"cards_obtained":["hexamod:Strike"]},{"damage_healed":0,"gold_gain":0,"player_choice":"Stole Relic","damage_taken":0,"relics_obtained":["Slimebound:PreparedRelic"],"max_hp_gain":0,"max_hp_loss":0,"event_name":"Addict","floor":22,"gold_loss":0,"cards_obtained":["Pride"]}],"is_beta":false,"boss_relics":[{"not_picked":["aspiration:RitualDagger","Velvet Choker"],"picked":"aspiration:FutureDiary"},{"not_picked":["Cursed Key","Empty Cage"],"picked":"Calling Bell"}],"items_purged_floors":[],"is_endless":false,"potions_floor_spawned":[6,9,10,11,12,19,21,28,33,35,37,47],"ascension_level":0}}