{"host":"rn4c402gwd40h2z6","time":1611965221,"event":{"mods":["AchievementEnabler","Act Like it!","BaseMod","CapriCore","Card Forge","Challenge The Spire","Data Control","Downfall","Good Game Mod","Infinite Spire","Lobotomy","LobotomyExtend","Minty Spire (QoL Compilation)","Pale of the Ancients","Quick Restart","Random Character Button","Replay The Spire","RumiaBox-露米娅的神秘盒子","Shop Mod","StSLib","The Construct","The Jungle","[GremlinLeader]The Maniac","noobMod","【功能Mod】混沌之环修复补丁"],"gold_per_floor":[117,176,187,187,200,231,231,231,256,283,303,303,368,381,381,446,446,457,456,456,243,259,287,287,297,367,397,410,430,87,98,98,175,175,189,189,206,126,146,175,187,187,187,187,205,239,239,239],"floor_reached":47,"language":"ZHS","playtime":4047,"items_purged":[],"score":1682,"play_id":"b2580b5e-bf2a-4495-a6fc-c66ff6d5a86a","local_time":"20210130080701","is_ascension_mode":true,"campfire_choices":[{"floor":7.0,"key":"RECALL"},{"floor":15.0,"key":"REST"},{"data":"Pot Of Greed","floor":42,"key":"SMITH"}],"circlet_count":0,"master_deck":["AscendersBane","Strike_R+30","Strike_R+30","Strike_R+30","Bash+1","Riddle With Holes+1","Cleave+1","VoidDream","Heavy Blade+1","Shrug It Off+1","Iron Wave+1","Murderer","Clothesline+1","Pommel Strike+1","Shrug It Off+1","Cleave+1","Hemogenesis+1","Shrug It Off+1","Pommel Strike+1","Carnage+1","Clothesline+1","Impervious+1","Uppercut+1","Uppercut+1","Pot Of Greed+1","Pot Of Greed+1","Pot Of Greed+1","Pommel Strike+1","Parasite","Amnesia","Replay:Hysterical Blindness"],"relics":["Burning Blood","Hammer of Thor","Seething Fire","Anvil of the Gods","REME:ComplimentaryCards","ice","CogitoBucket","LetterFromLob","Baka2","RedMistMask","ReplayTheSpireMod:Lightbulb","WarpedTongs","Omamori","Bag of Marbles","ResearcherNote","MerchantsRug","Kunai","Du-Vu Doll","Replay:Bottled Steam","Simple Rune","HellTrain","AtMidnight","FossilizedHelix","Grinning Jar","Another Sword","bronze:DecasWashers","Torii"],"acts_visited":["Exordium","theJungle:Jungle","TheBeyond"],"potions_floor_usage":[],"damage_taken":[{"damage":7.0,"enemies":"Jaw Worm","floor":1.0,"turns":2.0},{"damage":0.0,"enemies":"Small Slimes","floor":3.0,"turns":1.0},{"damage":0.0,"enemies":"infinitespire:Voidling","floor":4.0,"turns":2.0},{"damage":0.0,"enemies":"Looter","floor":5.0,"turns":1.0},{"damage":58.0,"enemies":"Gremlin Nob","floor":6.0,"turns":4.0},{"damage":0.0,"enemies":"Replay:BlueRogue","floor":10.0,"turns":2.0},{"damage":11.0,"enemies":"3 Louse","floor":11.0,"turns":2.0},{"damage":0.0,"enemies":"Gremlin Nob","floor":13.0,"turns":2.0},{"damage":0.0,"enemies":"2 Fungi Beasts","floor":14.0,"turns":1.0},{"damage":0.0,"enemies":"The Guardian","floor":16.0,"turns":2.0},{"damage":0.0,"enemies":"theJungle:GiantWrat","floor":18.0,"turns":2.0},{"damage":6,"enemies":"theJungle:MUSHROOMGANG","floor":19,"turns":2},{"damage":0,"enemies":"theJungle:SlimyTreeVines","floor":22,"turns":2},{"damage":0,"enemies":"theJungle:Cassacara","floor":23,"turns":2},{"damage":0,"enemies":"theJungle:JungleHuntersEncounter","floor":25,"turns":1},{"damage":0,"enemies":"theJungle:2_Phrogs","floor":27,"turns":2},{"damage":0,"enemies":"theJungle:2_Snecko_Cultists","floor":28,"turns":1},{"damage":0,"enemies":"theJungle:Snecko_Cultist_And_Trap","floor":29,"turns":1},{"damage":3,"enemies":"theJungle:2_Flameangoes","floor":31,"turns":1},{"damage":0,"enemies":"theJungle:QueenSpyder","floor":33,"turns":1},{"damage":1,"enemies":"3 Darklings","floor":35,"turns":1},{"damage":0,"enemies":"3 Shapes","floor":37,"turns":1},{"damage":0,"enemies":"Spire Growth","floor":39,"turns":2},{"damage":0,"enemies":"Giant Head","floor":40,"turns":1},{"damage":0,"enemies":"Jaw Worm Horde","floor":41,"turns":2},{"damage":0,"enemies":"3 Darklings","floor":45,"turns":1},{"damage":0,"enemies":"R_Hoarder","floor":46,"turns":1},{"damage":4,"enemies":"infinitespire:Three Voidlings","floor":47,"turns":3},{"damage":58,"enemies":"Nightmare_Alpha","floor":47,"turns":3}],"seed_played":"-9097314925192022234","potions_obtained":[{"floor":1.0,"key":"Flashbang"},{"floor":4.0,"key":"FearPotion"}],"is_trial":false,"path_per_floor":["M","?","M","M","M","E","R","?","T","E","M","$","?","M","R","B",null,"M","M","?","$","M","E","?","M","T","E","M","M","$","M","R","B",null,"M","?","M","$","M","E","M","R","T","$","M","E","?"],"character_chosen":"IRONCLAD","items_purchased":["MerchantsRug","Shrug It Off","FossilizedHelix","Uppercut"],"campfire_rested":1,"item_purchase_floors":[21,21,30,38],"current_hp_per_floor":[67,67,73,78,78,33,33,33,33,39,34,34,40,46,69,75,77,78,78,78,78,78,78,78,78,78,78,78,78,78,78,78,78,78,78,78,78,78,78,78,78,78,78,78,78,78,71,71],"gold":239,"neow_bonus":"","is_daily":false,"chose_seed":false,"campfire_upgraded":1,"win_rate":0.0,"timestamp":1611965221,"path_taken":["M","?","M","M","M","E","R","?","T","E","M","$","?","M","R","BOSS","M","M","?","?","M","E","?","M","T","E","M","?","$","M","R","BOSS","M","?","M","$","M","E","?","R","T","?","M","E","?"],"items_purchased_type":["Relic","Card","Relic","Card"],"build_version":"2020-12-22","purchased_purges":0,"victory":false,"max_hp_per_floor":[75,75,75,78,78,78,78,78,78,78,78,78,78,78,78,78,78,78,78,78,78,78,78,78,78,78,78,78,78,78,78,78,78,78,78,78,78,78,78,78,78,78,78,78,78,78,80,80],"card_choices":[{"not_picked":["WallGazer","UniverseFragment","Bloodbath"],"picked":"Singing Bowl","floor":1.0},{"not_picked":["Perfected Strike","Anger"],"picked":"Cleave","floor":1.0},{"not_picked":["UniverseFragment","PunishingBird"],"picked":"VoidDream","floor":3.0},{"not_picked":["Body Slam","Reckless Charge"],"picked":"Heavy Blade","floor":3.0},{"not_picked":["BeautyBeast","Scarecrow","Scorched"],"picked":"Singing Bowl","floor":4.0},{"not_picked":["Seeing Red","Replay:Undeath\u0027s Touch","Run Through"],"picked":"SKIP","floor":4.0},{"not_picked":["PunishingBird","CrumblingArmor","OldLady"],"picked":"Singing Bowl","floor":5.0},{"not_picked":["Sword Boomerang","Thunderclap"],"picked":"Pommel Strike","floor":5.0},{"not_picked":["Variant","WallGazer","SpiderBud"],"picked":"Singing Bowl","floor":6.0},{"not_picked":["Thunderclap","Blood for Blood"],"picked":"Shrug It Off","floor":6.0},{"not_picked":["BodiesMountain","Bloodbath","FairyFestival"],"picked":"Singing Bowl","floor":10.0},{"not_picked":["Perfected Strike","Headbutt"],"picked":"Iron Wave","floor":10.0},{"not_picked":["Variant","PunishingBird"],"picked":"Murderer","floor":11.0},{"not_picked":["Armaments","Replay:Undeath\u0027s Touch"],"picked":"Clothesline","floor":11.0},{"not_picked":["BeautyBeast","DreamingCurrent","Scorched"],"picked":"Singing Bowl","floor":13.0},{"not_picked":["Clash","Twin Strike"],"picked":"Pommel Strike","floor":13.0},{"not_picked":["MHz","MeatLantern","Woodsman"],"picked":"Singing Bowl","floor":14.0},{"not_picked":["ReplayTheSpireMod:Strike From Hell","Perfected Strike"],"picked":"Shrug It Off","floor":14.0},{"not_picked":["Bloodbath","MeltingLove","Mercenary"],"picked":"Singing Bowl","floor":16.0},{"not_picked":["QueenOfHatred","CherryBlossoms","OSAHOGD"],"picked":"Singing Bowl","floor":18.0},{"not_picked":["Flex","Headbutt+1"],"picked":"Cleave","floor":18.0},{"not_picked":["HappyTeddy","CherryBlossoms","SpiderBud"],"picked":"Singing Bowl","floor":19},{"not_picked":["Headbutt","Cleave"],"picked":"Hemogenesis","floor":19},{"not_picked":["QueenOfHatred","Rudolta","CherryBlossoms"],"picked":"Singing Bowl","floor":22},{"not_picked":["Sever Soul","Evolve"],"picked":"infinitespire:OneForAll","floor":22},{"not_picked":["SnowQueen","LaLuna","Wellcheers"],"picked":"Singing Bowl","floor":23},{"not_picked":["Thunderclap+1","Shrug It Off"],"picked":"Pommel Strike","floor":23},{"not_picked":["BigBadWolf","LaLuna","DespairKnight"],"picked":"Singing Bowl","floor":25},{"not_picked":["Defy Death","Entrench"],"picked":"Carnage","floor":25},{"not_picked":["Dual Wield","Wild Strike+1"],"picked":"Clothesline","floor":27},{"not_picked":["Rudolta","Woodsman","BigBadWolf"],"picked":"Singing Bowl","floor":27},{"not_picked":["DreamingCurrent","FieryBird","BodiesMountain"],"picked":"Singing Bowl","floor":28},{"not_picked":["Clothesline","Warcry","Berserk"],"picked":"SKIP","floor":28},{"not_picked":["DreamingCurrent","Freischutz","MeatLantern"],"picked":"Singing Bowl","floor":29},{"not_picked":["Clothesline+1","ReplayTheSpireMod:LeadingStrike+1","Perfected Strike"],"picked":"SKIP","floor":29},{"not_picked":["PunishingBird","HappyTeddy","GalaxyChild"],"picked":"Singing Bowl","floor":31},{"not_picked":["Headbutt","Dark Embrace","Spot Weakness"],"picked":"SKIP","floor":31},{"not_picked":["PunishingBird","QueenBee","DreamingCurrent"],"picked":"Singing Bowl","floor":33},{"not_picked":["Double Tap","Exhume"],"picked":"Impervious","floor":33},{"not_picked":["BigBird","SpiderBud","GalaxyChild"],"picked":"Singing Bowl","floor":35},{"not_picked":["Evolve+1","Run Through+1","Bloodletting"],"picked":"SKIP","floor":35},{"not_picked":["DreamingCurrent","Scorched","BodiesMountain"],"picked":"Singing Bowl","floor":37},{"not_picked":["Feel No Pain+1","Clothesline"],"picked":"Uppercut","floor":37},{"not_picked":["Scorched","BlueStar","Rudolta"],"picked":"Singing Bowl","floor":39},{"not_picked":["Limit Break","Replay:Undeath\u0027s Touch"],"picked":"Pommel Strike+1","floor":39},{"not_picked":["QueenBee","RedShoes","SilentOrchestra"],"picked":"Singing Bowl","floor":40},{"not_picked":["Wild Strike","ReplayTheSpireMod:Corrosion Curse","Thunderclap+1"],"picked":"SKIP","floor":40},{"not_picked":["HappyTeddy","FieryBird","QueenOfHatred"],"picked":"Singing Bowl","floor":41},{"not_picked":["Armaments","Headbutt","Dark Embrace"],"picked":"SKIP","floor":41},{"not_picked":["BigBadWolf","HappyTeddy","FieryBird"],"picked":"Singing Bowl","floor":45},{"not_picked":["Body Slam","Pummel","Second Wind+1"],"picked":"SKIP","floor":45},{"not_picked":["BigBird","Porccubus","FieryBird"],"picked":"Singing Bowl","floor":46},{"not_picked":["Armaments","Perfected Strike","Flex"],"picked":"SKIP","floor":46}],"player_experience":86564,"relics_obtained":[{"floor":1.0,"key":"Baka"},{"floor":1.0,"key":"LetterFromLob"},{"floor":3.0,"key":"Baka2"},{"floor":3.0,"key":"RedMistMask"},{"floor":6.0,"key":"ReplayTheSpireMod:Lightbulb"},{"floor":10.0,"key":"Omamori"},{"floor":13.0,"key":"Bag of Marbles"},{"floor":23,"key":"Kunai"},{"floor":26,"key":"Replay:Bottled Steam"},{"floor":27,"key":"Simple Rune"},{"floor":28,"key":"AtMidnight"},{"floor":39,"key":"Grinning Jar"},{"floor":40,"key":"Another Sword"},{"floor":43,"key":"bronze:DecasWashers"},{"floor":46,"key":"Torii"}],"event_choices":[{"damage_healed":0.0,"max_hp_gain":0.0,"max_hp_loss":0.0,"gold_gain":59.0,"event_name":"Golden Wing","player_choice":"Gained Gold","floor":2.0,"gold_loss":0.0,"damage_taken":0.0},{"damage_healed":0.0,"max_hp_gain":0.0,"max_hp_loss":0.0,"gold_gain":0.0,"event_name":"Accursed Blacksmith","player_choice":"Rummage","floor":8.0,"gold_loss":0.0,"damage_taken":0.0,"relics_obtained":["WarpedTongs"],"cards_obtained":["Pain"]},{"damage_healed":0.0,"max_hp_gain":0.0,"max_hp_loss":0.0,"gold_gain":0.0,"event_name":"Dead Adventurer","player_choice":"Searched \u00271\u0027 times","floor":13.0,"gold_loss":0.0,"damage_taken":0.0},{"damage_healed":0,"gold_gain":0,"player_choice":"1 cards matched","damage_taken":0,"max_hp_gain":0,"max_hp_loss":0,"event_name":"Match and Keep!","floor":20,"gold_loss":0,"cards_obtained":["Battle Trance"]},{"cards_removed":["Battle Trance"],"damage_healed":0,"gold_gain":0,"player_choice":"Offered Uncommon","damage_taken":0,"max_hp_gain":0,"max_hp_loss":0,"event_name":"Bonfire Elementals","floor":36,"gold_loss":0}],"is_beta":false,"boss_relics":[{"not_picked":["Fusion Hammer","Ectoplasm","Kintsugi"]},{"not_picked":["Empty Cage","Mark of Pain","Pandora\u0027s Box"]}],"items_purged_floors":[],"is_endless":false,"potions_floor_spawned":[1,4,11,14,19,22,25,29,39,45,47],"killed_by":"Nightmare_Alpha","ascension_level":20}}