{"host":"6h0diz2ap0m56grs","time":1611990142,"event":{"mods":["2.2 Compatiblity","BaseMod","Colored Map","Marisa????????","Minty Spire (QoL Compilation)","Quick Restart","Replay The Spire","Shop Mod","StSLib","The Servant 0.9.4"],"gold_per_floor":[117,131,131,206,222,250,280,307,334,365,365,382,396,412,412,517,517,532,802,259,278,57,86,86,86,86,121,154,154,187,233,233,337,337,357,357,357],"floor_reached":36,"language":"ENG","playtime":1003,"items_purged":[],"score":880,"play_id":"f5b7cac7-381c-40a5-9d6c-a96d52c40dac","local_time":"20210130010222","daily_mods":["SealedDeck","Heirloom","Time Dilation","Flight"],"is_ascension_mode":true,"campfire_choices":[{"data":"Catalyst","floor":11,"key":"SMITH"},{"data":"Replay:Poison Smokescreen","floor":15,"key":"SMITH"},{"data":"ReplayUltimateDefense","floor":24,"key":"SMITH"},{"data":"Draining Mist","floor":25,"key":"SMITH"},{"data":"Draining Mist","floor":29,"key":"SMITH"},{"data":"Draining Mist","floor":32,"key":"SMITH"}],"circlet_count":0,"master_deck":["Underhanded Strike","Poisoned Stab","Dodge and Roll","Dagger Spray","Riddle With Holes","Bouncing Flask","Leg Sweep","Draining Mist+1","Draining Mist+1","Draining Mist+1","Replay:Poison Smokescreen+1","Poisoned Stab","Catalyst+1","Crippling Poison","Replay:Bag of Tricks+1","Draining Mist+1","ReplayUltimateDefense+1","ReplayTheSpireMod:Tripwire","ReplayTheSpireMod:Necrosis"],"relics":["Snecko Eye","Ring of Chaos","replay:Trail_Library","Snake Skull","Singing Bowl","PreservedInsect","Bag of Preparation","Coffee Dripper","Medical Kit","Happy Flower","MerchantsRug","War Paint","ClockworkSouvenir","InkBottle","Bottled Flame","The Courier","Orichalcum","Akabeko","Eternal Feather","SacredBark"],"acts_visited":["Exordium","TheCity","TheBeyond"],"potions_floor_usage":[],"damage_taken":[{"damage":0,"enemies":"2 Louse","floor":1,"turns":2},{"damage":0,"enemies":"Cultist","floor":2,"turns":2},{"damage":0,"enemies":"Jaw Worm","floor":5,"turns":1},{"damage":8,"enemies":"3 Sentries","floor":6,"turns":5},{"damage":0,"enemies":"Lagavulin","floor":7,"turns":2},{"damage":1,"enemies":"3 Sentries","floor":8,"turns":4},{"damage":0,"enemies":"Gremlin Nob","floor":10,"turns":1},{"damage":0,"enemies":"Gremlin Gang","floor":12,"turns":2},{"damage":0,"enemies":"3 Louse","floor":13,"turns":2},{"damage":0,"enemies":"2 Fungi Beasts","floor":14,"turns":1},{"damage":0,"enemies":"The Guardian","floor":16,"turns":5},{"damage":0,"enemies":"Chosen","floor":18,"turns":2},{"damage":0,"enemies":"Spheric Guardian","floor":21,"turns":2},{"damage":0,"enemies":"Replay:Snechameleon","floor":23,"turns":2},{"damage":0,"enemies":"Gremlin Leader","floor":27,"turns":3},{"damage":0,"enemies":"Slavers","floor":28,"turns":2},{"damage":0,"enemies":"Replay:Snechameleon","floor":30,"turns":2},{"damage":0,"enemies":"Automaton","floor":33,"turns":6},{"damage":0,"enemies":"3 Darklings","floor":35,"turns":3},{"damage":1,"enemies":"3 Shapes","floor":36,"turns":3}],"seed_played":"7663758747378957354","potions_obtained":[{"floor":2,"key":"Milkshake"},{"floor":7,"key":"Regen Potion"},{"floor":8,"key":"SkillPotion"},{"floor":13,"key":"Strength Potion"},{"floor":14,"key":"LifebloodPotion"},{"floor":18,"key":"Dexterity Potion"},{"floor":31,"key":"CultistPotion"}],"is_trial":true,"path_per_floor":["M","M","?","?","M","E","E","E","T","E","R","M","M","M","R","B",null,"M","?","$","M","$","E","R","R","T","E","E","R","E","?","R","B",null,"M","M"],"character_chosen":"THE_SILENT","items_purchased":["Medical Kit","Happy Flower","MerchantsRug","ReplayUltimateDefense","War Paint","ClockworkSouvenir"],"campfire_rested":0,"item_purchase_floors":[20,20,20,20,22,22],"current_hp_per_floor":[84,84,81,73,73,65,65,64,64,66,66,68,70,72,72,72,92,92,65,65,67,67,69,69,69,69,71,71,71,71,49,58,60,102,104,103,103],"gold":357,"neow_bonus":"","is_daily":false,"chose_seed":false,"campfire_upgraded":6,"win_rate":0.0,"timestamp":1611990142,"path_taken":["M","M","?","?","?","E","E","E","T","E","R","?","?","M","R","BOSS","M","?","$","?","$","E","R","R","T","E","E","R","E","?","R","BOSS","M","M"],"items_purchased_type":["Relic","Relic","Relic","Card","Relic","Relic"],"build_version":"2020-12-22","purchased_purges":0,"victory":false,"max_hp_per_floor":[84,84,84,84,84,84,84,84,84,86,86,88,90,92,92,92,92,92,92,92,94,94,96,96,96,96,98,98,98,98,100,100,102,102,104,104,104],"card_choices":[{"not_picked":["Blur","Underhanded Strike"],"picked":"Replay:Poison Smokescreen","floor":1},{"not_picked":["Sucker Punch","Dagger Throw","Expertise"],"picked":"SKIP","floor":2},{"not_picked":["Slice","Prepared","Choke"],"picked":"SKIP","floor":5},{"not_picked":["Outmaneuver","Finisher"],"picked":"Poisoned Stab","floor":6},{"not_picked":["Well Laid Plans","PiercingWail","Terror"],"picked":"SKIP","floor":7},{"not_picked":["Hidden Blade","Bane"],"picked":"Catalyst","floor":8},{"not_picked":["Eviscerate","Fluid Movement","PiercingWail"],"picked":"Singing Bowl","floor":10},{"not_picked":["Hidden Blade","Adrenaline","Finisher"],"picked":"Singing Bowl","floor":12},{"not_picked":["Dagger Spray","Riddle With Holes","Blade Dance"],"picked":"Singing Bowl","floor":13},{"not_picked":["Hidden Blade","Bouncing Flask","Quick Slash"],"picked":"Singing Bowl","floor":14},{"not_picked":["After Image","Poison Darts"],"picked":"Replay:Bag of Tricks","floor":16},{"not_picked":["Reflex","Dodge and Roll"],"picked":"Draining Mist","floor":18},{"not_picked":["Endless Agony","Dodge and Roll","Dagger Throw"],"picked":"Singing Bowl","floor":21},{"not_picked":["Deadly Poison","Acrobatics","Setup"],"picked":"Singing Bowl","floor":23},{"not_picked":["Slice","Tactician","Deadly Poison"],"picked":"Singing Bowl","floor":27},{"not_picked":["Backflip+1","Cloak And Dagger"],"picked":"ReplayTheSpireMod:Tripwire","floor":28},{"not_picked":["ReplayTheSpireMod:Scrap Shanks+1","Sucker Punch+1"],"picked":"ReplayTheSpireMod:Necrosis","floor":30},{"not_picked":["Slice","Backflip+1","Sucker Punch"],"picked":"Singing Bowl","floor":31},{"not_picked":["Phantasmal Killer","After Image","Tools of the Trade"],"picked":"Singing Bowl","floor":33},{"not_picked":["Flechettes+1","Heel Hook","Poisoned Stab"],"picked":"Singing Bowl","floor":35}],"player_experience":236742,"relics_obtained":[{"floor":6,"key":"Snake Skull"},{"floor":7,"key":"Regal Pillow"},{"floor":8,"key":"Singing Bowl"},{"floor":9,"key":"PreservedInsect"},{"floor":10,"key":"Bag of Preparation"},{"floor":23,"key":"InkBottle"},{"floor":26,"key":"Bottled Flame"},{"floor":27,"key":"The Courier"},{"floor":28,"key":"Orichalcum"},{"floor":30,"key":"Akabeko"},{"floor":31,"key":"Eternal Feather"}],"event_choices":[{"damage_healed":0,"gold_gain":0,"player_choice":"Success","damage_taken":3,"relics_obtained":["Replay:Kaleidoscope"],"max_hp_gain":0,"max_hp_loss":0,"event_name":"Scrap Ooze","floor":3,"gold_loss":0},{"damage_healed":0,"gold_gain":75,"player_choice":"Touch","damage_taken":8,"max_hp_gain":0,"max_hp_loss":0,"event_name":"FaceTrader","floor":4,"gold_loss":0},{"damage_healed":0,"gold_gain":270,"player_choice":"GOLD GOLD GOLD ","damage_taken":27,"max_hp_gain":0,"max_hp_loss":0,"event_name":"Knowing Skull","floor":19,"potions_obtained":[],"gold_loss":0,"cards_obtained":[]}],"is_beta":false,"boss_relics":[{"not_picked":["Philosopher\u0027s Stone","ChewingGum"],"picked":"Coffee Dripper"},{"not_picked":["Painkiller Herb","WristBlade"],"picked":"SacredBark"}],"items_purged_floors":[],"is_endless":false,"potions_floor_spawned":[2,7,8,10,13,14,18,21,30,33],"killed_by":"3 Shapes","ascension_level":1}}