{"host":"ebj6lkgm8suah319","time":1611974800,"event":{"mods":["2.2 Compatiblity","AchievementEnabler","BaseMod","Block Reminder","Colored Map","Colored Powertips","Minty Spire (QoL Compilation)","Quick Restart","Rare Cards Sparkle","Relic Stats","SuperFastMode"],"gold_per_floor":[111,127,127,127,127,127,144,117,117,117,129,162,178,205,205,306,306,326,97,115,115,165,165,194,194,246,263,275,302,302,312,312,407,407,424,424,17,32,47,75,75,110,110,110,136,152,170,195,195,195,195,195,6,55,55],"floor_reached":56,"language":"ENG","playtime":2661,"items_purged":["Eviscerate","Masterful Stab"],"score":1464,"play_id":"d6bf787a-95c3-4d58-aefa-868faf0cd2c2","local_time":"20210129214640","is_ascension_mode":true,"campfire_choices":[{"data":"Noxious Fumes","floor":6,"key":"SMITH"},{"data":"Neutralize","floor":10,"key":"SMITH"},{"floor":15,"key":"REST"},{"data":"Catalyst","floor":23,"key":"SMITH"},{"data":"Dodge and Roll","floor":25,"key":"SMITH"},{"data":"Catalyst","floor":30,"key":"SMITH"},{"data":"After Image","floor":32,"key":"SMITH"},{"floor":41,"key":"REST"},{"floor":44,"key":"RECALL"},{"floor":49,"key":"REST"},{"floor":52,"key":"REST"}],"circlet_count":0,"master_deck":["Survivor","Neutralize+1","Noxious Fumes+1","Catalyst+1","Backstab+1","Sucker Punch","Catalyst+1","Predator","Skewer","Caltrops","Envenom","After Image+1","Malaise","Sucker Punch","A Thousand Cuts","All Out Attack","Slice","Bullet Time","Dodge and Roll+1","Dodge and Roll+1","Infinite Blades","PiercingWail","Phantasmal Killer","Well Laid Plans+1","Flash of Steel","Dash","Acrobatics+1","Backflip+1","PiercingWail+1","Blur+1","Noxious Fumes+1","PiercingWail","Bouncing Flask","Catalyst+1"],"relics":["Ring of the Snake","Bird Faced Urn","Paper Crane","The Specimen","Pandora\u0027s Box","Toolbox","Meat on the Bone","Oddly Smooth Stone","Tiny Chest","Fusion Hammer","Mummified Hand","Medical Kit","PreservedInsect","MealTicket","Snake Skull","Gremlin Horn","HornCleat"],"acts_visited":["Exordium","TheCity","TheBeyond","TheEnding"],"potions_floor_usage":[14,24,24,33,39,39,55,55,55],"damage_taken":[{"damage":1,"enemies":"Small Slimes","floor":1,"turns":4},{"damage":3,"enemies":"2 Louse","floor":2,"turns":4},{"damage":0,"enemies":"Cultist","floor":7,"turns":4},{"damage":13,"enemies":"Exordium Thugs","floor":8,"turns":5},{"damage":4,"enemies":"Blue Slaver","floor":11,"turns":3},{"damage":12,"enemies":"Lagavulin","floor":12,"turns":5},{"damage":0,"enemies":"3 Louse","floor":13,"turns":3},{"damage":16,"enemies":"3 Sentries","floor":14,"turns":7},{"damage":38,"enemies":"Slime Boss","floor":16,"turns":10},{"damage":23,"enemies":"Chosen","floor":18,"turns":5},{"damage":31,"enemies":"2 Thieves","floor":20,"turns":4},{"damage":30,"enemies":"Slavers","floor":24,"turns":3},{"damage":4,"enemies":"Snecko","floor":27,"turns":4},{"damage":15,"enemies":"Snake Plant","floor":28,"turns":4},{"damage":15,"enemies":"Gremlin Leader","floor":29,"turns":5},{"damage":11,"enemies":"Shelled Parasite and Fungi","floor":31,"turns":8},{"damage":9,"enemies":"Champ","floor":33,"turns":9},{"damage":7,"enemies":"3 Shapes","floor":35,"turns":6},{"damage":4,"enemies":"3 Darklings","floor":38,"turns":4},{"damage":0,"enemies":"Jaw Worm Horde","floor":39,"turns":1},{"damage":21,"enemies":"Reptomancer","floor":40,"turns":6},{"damage":5,"enemies":"Giant Head","floor":42,"turns":7},{"damage":8,"enemies":"4 Shapes","floor":46,"turns":5},{"damage":21,"enemies":"Sphere and 2 Shapes","floor":47,"turns":7},{"damage":0,"enemies":"Nemesis","floor":48,"turns":5},{"damage":6,"enemies":"Time Eater","floor":50,"turns":8},{"damage":29,"enemies":"Shield and Spear","floor":54,"turns":5},{"damage":33,"enemies":"The Heart","floor":55,"turns":9}],"seed_played":"-9183851944212016719","potions_obtained":[{"floor":7,"key":"Strength Potion"},{"floor":13,"key":"Dexterity Potion"},{"floor":16,"key":"DistilledChaos"},{"floor":18,"key":"Regen Potion"},{"floor":27,"key":"BlessingOfTheForge"},{"floor":29,"key":"CunningPotion"},{"floor":38,"key":"LiquidMemories"},{"floor":40,"key":"PowerPotion"},{"floor":42,"key":"CunningPotion"}],"is_trial":false,"path_per_floor":["M","M","?","?","?","R","M","M","T","R","M","E","M","E","R","B",null,"M","$","M","?","?","R","E","R","T","M","M","E","R","M","R","B",null,"M","?","$","M","M","E","R","E","T","R","T","M","M","E","R","B",null,"R","$","E","B",null],"character_chosen":"THE_SILENT","items_purchased":["Toolbox","Mummified Hand","Medical Kit","PiercingWail","Bouncing Flask"],"campfire_rested":4,"item_purchase_floors":[19,37,37,53,53],"current_hp_per_floor":[69,66,71,64,49,49,49,36,36,36,34,24,26,14,36,4,75,60,60,41,41,41,41,31,31,31,45,42,39,39,40,40,45,75,75,65,65,71,75,56,75,72,72,72,72,75,62,75,75,69,75,75,75,58,43],"gold":55,"neow_bonus":"THREE_CARDS","is_daily":false,"chose_seed":false,"campfire_upgraded":6,"win_rate":0.0,"timestamp":1611974800,"path_taken":["M","M","?","?","?","R","M","M","T","R","M","E","M","E","R","BOSS","M","$","M","?","?","R","E","R","T","M","?","E","R","M","R","BOSS","M","?","$","M","M","E","R","E","T","R","?","M","M","E","R","BOSS","R","$","E","BOSS"],"items_purchased_type":["Relic","Relic","Relic","Card","Card"],"build_version":"2020-12-22","purchased_purges":2,"victory":true,"max_hp_per_floor":[70,70,75,75,75,75,75,75,75,75,75,75,75,75,75,75,75,75,75,75,75,75,75,75,75,75,75,75,75,75,75,75,75,75,75,75,75,75,75,75,75,75,75,75,75,75,75,75,75,75,75,75,75,75,75],"relic_stats":{"Gremlin Horn":[1,1],"counters":[28,150],"PreservedInsect":240,"Snake Skull":[74],"Medical Kit":[8],"Mummified Hand":[88],"Bird Faced Urn":[187],"Pandora\u0027s Box":["Malaise","Sucker Punch","Outmaneuver","A Thousand Cuts","Eviscerate","All Out Attack","Masterful Stab","Slice","Bullet Time"],"Tiny Chest":0,"MealTicket":0,"obtain_stats":[{"The Specimen":14,"Gremlin Horn":48,"Oddly Smooth Stone":26,"PreservedInsect":40,"Snake Skull":45,"Paper Crane":12,"Medical Kit":37,"HornCleat":54,"Mummified Hand":37,"Bird Faced Urn":9,"Toolbox":19,"Pandora\u0027s Box":17,"Tiny Chest":29,"MealTicket":42,"Fusion Hammer":34,"Ring of the Snake":0,"Meat on the Bone":24},{"The Specimen":8,"Gremlin Horn":25,"Oddly Smooth Stone":12,"PreservedInsect":21,"Snake Skull":22,"Paper Crane":6,"Medical Kit":18,"HornCleat":27,"Mummified Hand":18,"Bird Faced Urn":4,"Toolbox":10,"Pandora\u0027s Box":9,"Tiny Chest":15,"MealTicket":22,"Fusion Hammer":17,"Ring of the Snake":0,"Meat on the Bone":12},{"The Specimen":35,"Gremlin Horn":128,"Oddly Smooth Stone":57,"PreservedInsect":104,"Snake Skull":111,"Paper Crane":25,"Medical Kit":93,"HornCleat":141,"Mummified Hand":93,"Bird Faced Urn":17,"Toolbox":50,"Pandora\u0027s Box":45,"Tiny Chest":70,"MealTicket":111,"Fusion Hammer":87,"Ring of the Snake":0,"Meat on the Bone":57}],"Ring of the Snake":[56],"Meat on the Bone":12},"card_choices":[{"not_picked":["Footwork","Blade Dance"],"picked":"Noxious Fumes","floor":0},{"not_picked":["Outmaneuver","Flying Knee"],"picked":"Catalyst","floor":1},{"not_picked":["Underhanded Strike","Deflect"],"picked":"Backstab","floor":2},{"not_picked":["Blur","Escape Plan"],"picked":"Sucker Punch","floor":7},{"not_picked":["Expertise","Flying Knee"],"picked":"Catalyst","floor":8},{"not_picked":["Outmaneuver","Prepared"],"picked":"Predator","floor":11},{"not_picked":["Well Laid Plans","Blur"],"picked":"Skewer","floor":12},{"not_picked":["Cloak And Dagger","Deflect"],"picked":"Caltrops","floor":13},{"not_picked":["Outmaneuver","Dagger Spray"],"picked":"Envenom","floor":14},{"not_picked":["Malaise","Die Die Die"],"picked":"After Image","floor":16},{"not_picked":["Skewer","Outmaneuver","Caltrops"],"picked":"SKIP","floor":18},{"not_picked":["Underhanded Strike","Infinite Blades"],"picked":"Dodge and Roll+1","floor":20},{"not_picked":["Slice","Blur"],"picked":"Dodge and Roll","floor":24},{"not_picked":["Finisher","Accuracy+1"],"picked":"Infinite Blades","floor":27},{"not_picked":["Bane+1","Sucker Punch"],"picked":"PiercingWail","floor":28},{"not_picked":["Dagger Spray","Envenom"],"picked":"Phantasmal Killer","floor":29},{"not_picked":["Dagger Spray","Choke"],"picked":"Well Laid Plans+1","floor":31},{"not_picked":["All Out Attack+1","Underhanded Strike+1","Bane"],"picked":"SKIP","floor":35},{"not_picked":["Good Instincts","Deep Breath"],"picked":"Flash of Steel","floor":36},{"not_picked":["Underhanded Strike","Choke+1","Flechettes+1"],"picked":"SKIP","floor":38},{"not_picked":["Sucker Punch+1","Accuracy"],"picked":"Dash","floor":39},{"not_picked":["Calculated Gamble+1","Heel Hook+1"],"picked":"Acrobatics+1","floor":40},{"not_picked":["Dash+1","Flying Knee"],"picked":"Backflip+1","floor":42},{"not_picked":["Choke","Distraction"],"picked":"PiercingWail+1","floor":46},{"not_picked":["Deflect+1","Prepared+1"],"picked":"Blur+1","floor":47},{"not_picked":["Tactician","Blur"],"picked":"Noxious Fumes+1","floor":48},{"not_picked":["Bullet Time","Phantasmal Killer"],"picked":"Catalyst+1","floor":54}],"player_experience":88436,"relics_obtained":[{"floor":9,"key":"Bird Faced Urn"},{"floor":12,"key":"Paper Crane"},{"floor":14,"key":"The Specimen"},{"floor":24,"key":"Meat on the Bone"},{"floor":26,"key":"Oddly Smooth Stone"},{"floor":29,"key":"Tiny Chest"},{"floor":40,"key":"PreservedInsect"},{"floor":42,"key":"MealTicket"},{"floor":45,"key":"Snake Skull"},{"floor":48,"key":"Gremlin Horn"},{"floor":54,"key":"HornCleat"}],"event_choices":[{"damage_healed":0,"gold_gain":0,"player_choice":"Donut","damage_taken":0,"max_hp_gain":5,"max_hp_loss":0,"event_name":"Big Fish","floor":3,"gold_loss":0},{"cards_removed":["Strike_G"],"damage_healed":0,"gold_gain":0,"player_choice":"Card Removal","damage_taken":7,"max_hp_gain":0,"max_hp_loss":0,"event_name":"Golden Wing","floor":4,"gold_loss":0},{"damage_healed":0,"gold_gain":0,"player_choice":"Entered Light","damage_taken":15,"max_hp_gain":0,"max_hp_loss":0,"event_name":"Shining Light","floor":5,"gold_loss":0,"cards_upgraded":["Defend_G","Backstab"]},{"cards_removed":["Outmaneuver"],"damage_healed":0,"gold_gain":0,"player_choice":"Elegance","damage_taken":0,"max_hp_gain":0,"max_hp_loss":0,"event_name":"Back to Basics","floor":21,"gold_loss":0},{"damage_healed":0,"gold_gain":100,"player_choice":"Bet on Murderer","damage_taken":0,"max_hp_gain":0,"max_hp_loss":0,"event_name":"The Joust","floor":22,"gold_loss":50},{"damage_healed":0,"gold_gain":0,"player_choice":"Memory 3","damage_taken":10,"max_hp_gain":0,"max_hp_loss":0,"event_name":"SensoryStone","floor":36,"gold_loss":0}],"is_beta":false,"boss_relics":[{"not_picked":["Black Star","Snecko Eye"],"picked":"Pandora\u0027s Box"},{"not_picked":["Empty Cage","Runic Pyramid"],"picked":"Fusion Hammer"}],"items_purged_floors":[19,53],"is_endless":false,"potions_floor_spawned":[7,13,16,18,27,29,38,40,42,47],"ascension_level":3}}