{"host":"juoup3p5tvzzktl5","time":1611990615,"event":{"mods":["ATMod(∞¢Ë™Mod)","Aspiration","BaseMod","Better Vampires","BetterRewards","Colored Map","Colored Powertips","Downfall","Friendly Minions","GifTheSpireLib","Hermit","Hubris","Infinite Spire","KinomotoSakuraMod(ƒæ÷Æ±æ”£)","Koishi","KomeijiMod","Marisa£®ÏF”Í°°ƒß¿Ì…≥£©","Minty Spire (QoL Compilation)","Quick Restart","Reimu£®≤©¿ˆ¡È√Œ£©","Relic Filter Mod","Reliquary","Replay The Spire","Shop Mod","StSLib","The Administrix","The Alterego","The Bug Knight","The Construct","The Cursed","The Jungle","The Mystic","The Runesmith","The Senshi","Youmu£®ªÍ∆«—˝√Œ£©","Yuyuko"],"gold_per_floor":[99,114,114,126,126,156,156,172,206,218,230,230,140,150,163,163,163,163],"floor_reached":16,"language":"ZHS","playtime":890,"items_purged":["Pain","Guardian:Strike_Guardian"],"score":112,"play_id":"1b1379cd-dab5-40ca-8c27-89c32c43aa57","local_time":"20210130161015","is_ascension_mode":false,"campfire_choices":[{"data":"AT_FamilyPortrait","floor":1.0,"key":"SMITH"}],"circlet_count":0,"master_deck":["Guardian:Strike_Guardian","Guardian:Strike_Guardian","Guardian:Defend_Guardian+1","Guardian:Defend_Guardian+1","Guardian:Defend_Guardian+1","Guardian:Defend_Guardian+1","Guardian:CurlUp+1","Guardian:TwinSlam+1","AT_FamilyPortrait+1","Guardian:Planning+1","Guardian:TemporalShield+1","Guardian:Suspension+1","Guardian:RollAttack+1","Guardian:Planning+1","Guardian:Gem_Blue"],"relics":["AT_ATBox","SlaversCollar","WarpedTongs","AT_BellowingDragoncrestRing","AT_SilvercatRing","CrazyTorch:ReiMu"],"acts_visited":["Exordium"],"potions_floor_usage":[12,16,16],"damage_taken":[{"damage":0.0,"enemies":"Cultist","floor":2.0,"turns":2.0},{"damage":4.0,"enemies":"Jaw Worm","floor":4.0,"turns":3.0},{"damage":24.0,"enemies":"Gremlin Nob","floor":6.0,"turns":4.0},{"damage":4.0,"enemies":"2 Louse","floor":8.0,"turns":2.0},{"damage":19.0,"enemies":"3 Sentries","floor":9.0,"turns":6.0},{"damage":0,"enemies":"Exordium Thugs","floor":12,"turns":2},{"damage":0,"enemies":"downfall:FleeingMerchant","floor":13,"turns":5},{"damage":2,"enemies":"Lots of Slimes","floor":14,"turns":4},{"damage":1,"enemies":"2 Fungi Beasts","floor":15,"turns":3},{"damage":4,"enemies":"DF_ARCHETYPE_STREAMLINE","floor":16,"turns":4}],"seed_played":"-3461533936311821673","potions_obtained":[{"floor":2.0,"key":"ZuzhouPotion:ReiMu"},{"floor":9.0,"key":"SmokeBomb"},{"floor":15,"key":"Fire Potion"}],"is_trial":false,"path_per_floor":["R","M","?","M","$","E","T","M","E","?","?","M","$","M","M","B"],"character_chosen":"GUARDIAN","items_purchased":["AT_BellowingDragoncrestRing"],"campfire_rested":0,"item_purchase_floors":[5],"current_hp_per_floor":[80,80,80,76,54,30,30,26,7,7,7,7,7,5,4,0,0,0],"gold":163,"neow_bonus":"BOSS_RELIC","is_daily":false,"chose_seed":false,"campfire_upgraded":1,"win_rate":0.0,"timestamp":1611990615,"path_taken":["R","M","?","?","?","E","T","M","E","?","?","M","$","M","M","BOSS"],"items_purchased_type":["Relic"],"build_version":"2020-12-22","purchased_purges":2,"victory":false,"max_hp_per_floor":[80,80,80,80,80,80,80,80,80,80,80,80,80,80,80,80,80,80],"card_choices":[{"not_picked":["Guardian:Gem_Lightblue","Guardian:Gem_Green"],"picked":"Guardian:Gem_Cyan","floor":2.0},{"not_picked":["Guardian:Suspension","Guardian:PrimingBeam"],"picked":"Guardian:Planning","floor":4.0},{"not_picked":["Guardian:SentryBeam","Guardian:Gem_Fragmented"],"picked":"Guardian:TemporalShield","floor":6.0},{"not_picked":["Guardian:ShieldCharger","Guardian:Incinerate"],"picked":"Guardian:Suspension","floor":8.0},{"not_picked":["Guardian:TemporalShield","Guardian:EvasiveProtocol"],"picked":"Guardian:RollAttack","floor":9.0},{"not_picked":["Guardian:Gem_Lightblue","Guardian:Gem_Green"],"picked":"Guardian:Planning","floor":13},{"not_picked":["Guardian:WalkerClaw","Guardian:FierceBash"],"picked":"Guardian:Gem_Blue","floor":14},{"not_picked":["Guardian:Suspension","Guardian:VentSteam","Guardian:Preprogram"],"picked":"SKIP","floor":15}],"player_experience":1135039,"relics_obtained":[{"floor":6.0,"key":"AT_SilvercatRing"},{"floor":7.0,"key":"CrazyTorch:ReiMu"},{"floor":9.0,"key":"MawBank"}],"event_choices":[],"is_beta":false,"boss_relics":[],"items_purged_floors":[5,13],"is_endless":false,"potions_floor_spawned":[2,9,12,15],"killed_by":"DF_ARCHETYPE_STREAMLINE","ascension_level":0}}