{"host":"7qoz5gmva6til3yp","time":1611984716,"event":{"mods":["AchievementEnabler","BaseMod","Minty Spire (QoL Compilation)","StSLib","SuperFastMode"],"gold_per_floor":[117,132,132,155,171,171,188,213,213,241,241,166,191,201,201,306,306,326,276,294,165,183,212,212,240,266,266,276,276,293,313,313,414,414,433,383,402,452,54,87,87,87,87,87,87,87,115,163,163,163],"floor_reached":51,"language":"KOR","playtime":1625,"items_purged":["Strike_G","Strike_G","Defend_G","Survivor+1","Dash+1"],"score":1447,"play_id":"dfff996c-3271-4936-97cc-70eb83dff03a","local_time":"20210130143156","is_ascension_mode":true,"campfire_choices":[{"data":"Dash","floor":6.0,"key":"SMITH"},{"floor":11.0,"key":"REST"},{"floor":15.0,"key":"REST"},{"data":"Acrobatics","floor":24.0,"key":"SMITH"},{"data":"Prepared","floor":27.0,"key":"SMITH"},{"data":"Venomology","floor":32.0,"key":"SMITH"},{"floor":42.0,"key":"RECALL"},{"data":"Adrenaline","floor":46,"key":"SMITH"},{"data":"Choke","floor":49,"key":"SMITH"}],"circlet_count":0,"master_deck":["AscendersBane","Neutralize+1","Acrobatics+1","Prepared+1","Grand Finale","Backflip","Venomology+1","Backflip","Adrenaline+1","Prepared+1","Prepared","Terror+1","Choke+1"],"relics":["Ring of the Snake","Oddly Smooth Stone","War Paint","Centennial Puzzle","Calipers","Turnip","Calling Bell","Smiling Mask","InkBottle","Lizard Tail","Whetstone","Happy Flower","Bronze Scales","Cursed Key","Mango","FossilizedHelix","Gambling Chip","Ninja Scroll","Bird Faced Urn"],"acts_visited":["Exordium","TheCity","TheBeyond"],"potions_floor_usage":[47,48,50,50],"damage_taken":[{"damage":0.0,"enemies":"2 Louse","floor":1.0,"turns":4.0},{"damage":0.0,"enemies":"Jaw Worm","floor":2.0,"turns":4.0},{"damage":0.0,"enemies":"Cultist","floor":5.0,"turns":4.0},{"damage":2.0,"enemies":"Looter","floor":7.0,"turns":4.0},{"damage":16.0,"enemies":"3 Sentries","floor":10.0,"turns":7.0},{"damage":20.0,"enemies":"Lagavulin","floor":13.0,"turns":9.0},{"damage":4.0,"enemies":"2 Fungi Beasts","floor":14.0,"turns":3.0},{"damage":37.0,"enemies":"Slime Boss","floor":16.0,"turns":10.0},{"damage":17.0,"enemies":"2 Thieves","floor":18.0,"turns":5.0},{"damage":6.0,"enemies":"Shell Parasite","floor":20.0,"turns":9.0},{"damage":30.0,"enemies":"Cultist and Chosen","floor":22.0,"turns":10.0},{"damage":0.0,"enemies":"Book of Stabbing","floor":23.0,"turns":1.0},{"damage":0.0,"enemies":"Slavers","floor":25.0,"turns":1.0},{"damage":0.0,"enemies":"Snake Plant","floor":28.0,"turns":1.0},{"damage":0.0,"enemies":"3 Cultists","floor":30.0,"turns":1.0},{"damage":0.0,"enemies":"Snecko","floor":31.0,"turns":2.0},{"damage":0.0,"enemies":"Collector","floor":33.0,"turns":6.0},{"damage":0.0,"enemies":"3 Shapes","floor":35.0,"turns":1.0},{"damage":0.0,"enemies":"Orb Walker","floor":37.0,"turns":1.0},{"damage":0.0,"enemies":"Mind Bloom Boss Battle","floor":38.0,"turns":1.0},{"damage":0.0,"enemies":"Reptomancer","floor":40.0,"turns":1.0},{"damage":0,"enemies":"Giant Head","floor":47,"turns":1},{"damage":0,"enemies":"2 Orb Walkers","floor":48,"turns":1},{"damage":27,"enemies":"Awakened One","floor":50,"turns":4}],"seed_played":"4038629592940356225","potions_obtained":[{"floor":1.0,"key":"SneckoOil"},{"floor":2.0,"key":"Poison Potion"},{"floor":7.0,"key":"LiquidMemories"},{"floor":23.0,"key":"SmokeBomb"},{"floor":25.0,"key":"FairyPotion"},{"floor":48,"key":"Swift Potion"}],"is_trial":false,"path_per_floor":["M","M","?","T","M","R","M","T","T","E","R","$","E","M","R","B",null,"M","$","M","$","M","E","R","E","T","R","M","?","M","M","R","B",null,"M","$","M","?","$","E","?","R","T","$","?","R","E","?","R","B",null],"character_chosen":"THE_SILENT","items_purchased":["Venomology","Prepared","FossilizedHelix"],"campfire_rested":2,"item_purchase_floors":[21,39,39],"current_hp_per_floor":[63,63,49,49,49,49,47,47,47,31,52,52,32,28,49,12,56,39,39,33,33,3,3,3,3,3,3,3,3,3,3,3,3,53,53,53,53,67,67,67,67,67,67,67,67,67,67,67,67,40],"gold":163,"neow_bonus":"RANDOM_COMMON_RELIC","is_daily":false,"chose_seed":false,"campfire_upgraded":6,"win_rate":0.0,"timestamp":1611984716,"path_taken":["M","M","?","?","M","R","M","?","T","E","R","$","E","M","R","BOSS","M","$","M","$","M","E","R","E","T","R","M","?","?","M","R","BOSS","M","$","M","?","$","E","?","R","T","$","?","R","E","?","R","BOSS"],"items_purchased_type":["Card","Card","Relic"],"build_version":"2020-12-22","purchased_purges":5,"victory":true,"max_hp_per_floor":[70,70,70,70,70,70,70,70,70,70,70,70,70,70,70,70,70,70,70,70,70,70,70,70,70,70,70,70,70,70,70,70,70,70,70,70,70,84,84,84,80,80,80,80,80,80,80,80,80,80],"card_choices":[{"not_picked":["Quick Slash","Underhanded Strike"],"picked":"Dash","floor":1.0},{"not_picked":["Outmaneuver","Prepared"],"picked":"Acrobatics","floor":2.0},{"not_picked":["Blade Dance","Masterful Stab"],"picked":"Prepared","floor":5.0},{"not_picked":["Sucker Punch","Cloak And Dagger"],"picked":"Dagger Spray","floor":7.0},{"not_picked":["Endless Agony","Blade Dance"],"picked":"Grand Finale","floor":10.0},{"not_picked":["Deadly Poison","Sucker Punch","Predator"],"picked":"SKIP","floor":13.0},{"not_picked":["Flechettes","Quick Slash","PiercingWail"],"picked":"SKIP","floor":14.0},{"not_picked":["Night Terror","Envenom"],"picked":"Die Die Die","floor":16.0},{"not_picked":["Underhanded Strike","Flying Knee+1","Slice"],"picked":"SKIP","floor":18.0},{"not_picked":["Outmaneuver","Dagger Spray"],"picked":"Backflip","floor":20.0},{"not_picked":["Glass Knife","Dodge and Roll","Underhanded Strike"],"picked":"SKIP","floor":22.0},{"not_picked":["Deflect+1","Dodge and Roll","Skewer+1"],"picked":"SKIP","floor":23.0},{"not_picked":["Dagger Spray+1","Leg Sweep"],"picked":"Backflip","floor":25.0},{"not_picked":["Infinite Blades+1","Deadly Poison","Dash+1"],"picked":"SKIP","floor":28.0},{"not_picked":["Bane+1","Expertise","Deadly Poison"],"picked":"SKIP","floor":30.0},{"not_picked":["Slice+1","Deflect"],"picked":"Calculated Gamble","floor":31.0},{"not_picked":["Phantasmal Killer","Grand Finale"],"picked":"Adrenaline","floor":33.0},{"not_picked":["Dodge and Roll+1","Sucker Punch"],"picked":"Prepared+1","floor":35.0},{"not_picked":["Acrobatics","Dagger Spray","Prepared+1"],"picked":"SKIP","floor":37.0},{"not_picked":["Dagger Throw","Flying Knee+1"],"picked":"Terror+1","floor":40.0},{"not_picked":["Predator+1","Blur","Heel Hook+1"],"picked":"SKIP","floor":47},{"not_picked":["Caltrops","Cloak And Dagger+1"],"picked":"Choke","floor":48}],"player_experience":463732,"relics_obtained":[{"floor":4.0,"key":"War Paint"},{"floor":8.0,"key":"Centennial Puzzle"},{"floor":10.0,"key":"Calipers"},{"floor":13.0,"key":"Turnip"},{"floor":17.0,"key":"Smiling Mask"},{"floor":17.0,"key":"InkBottle"},{"floor":17.0,"key":"Lizard Tail"},{"floor":23.0,"key":"Whetstone"},{"floor":25.0,"key":"Happy Flower"},{"floor":26.0,"key":"Bronze Scales"},{"floor":38.0,"key":"Mango"},{"floor":40.0,"key":"Gambling Chip"},{"floor":47,"key":"Ninja Scroll"},{"floor":48,"key":"Bird Faced Urn"}],"event_choices":[{"damage_healed":0.0,"max_hp_gain":0.0,"max_hp_loss":0.0,"gold_gain":0.0,"event_name":"Shining Light","player_choice":"Entered Light","floor":3.0,"gold_loss":0.0,"damage_taken":14.0,"cards_upgraded":["Strike_G","Survivor"]},{"cards_removed":["Dagger Spray"],"damage_healed":0.0,"max_hp_gain":0.0,"max_hp_loss":0.0,"gold_gain":0.0,"event_name":"Purifier","player_choice":"Purged","floor":29.0,"gold_loss":0.0,"damage_taken":0.0},{"damage_healed":0.0,"max_hp_gain":0.0,"max_hp_loss":0.0,"gold_gain":0.0,"event_name":"MindBloom","player_choice":"Fight","floor":38.0,"gold_loss":0.0,"damage_taken":0.0},{"damage_healed":0.0,"max_hp_gain":0.0,"max_hp_loss":4.0,"gold_gain":0.0,"event_name":"Winding Halls","player_choice":"Max HP","floor":41.0,"gold_loss":0.0,"damage_taken":0.0},{"cards_removed":["Calculated Gamble"],"damage_healed":0,"gold_gain":0,"player_choice":"Removed Skill","damage_taken":0,"max_hp_gain":0,"max_hp_loss":0,"event_name":"Falling","floor":45,"gold_loss":0},{"damage_healed":0,"gold_gain":0,"player_choice":"Fight","damage_taken":0,"max_hp_gain":0,"max_hp_loss":0,"event_name":"Mysterious Sphere","floor":48,"gold_loss":0}],"is_beta":false,"boss_relics":[{"not_picked":["WristBlade","Snecko Eye"],"picked":"Calling Bell"},{"not_picked":["Astrolabe","Runic Dome"],"picked":"Cursed Key"}],"items_purged_floors":[12,19,21,36,39],"is_endless":false,"potions_floor_spawned":[1,2,7,23,25,31,33,38,47,48],"ascension_level":11}}