{"host":"7qoz5gmva6til3yp","time":1611983042,"event":{"mods":["AchievementEnabler","BaseMod","Minty Spire (QoL Compilation)","StSLib","SuperFastMode"],"gold_per_floor":[111,111,177,152,220,220,246,246,246,275,87,119,23,38,38,140,140,152,202,252,265,283,283,83,117,117,50,50,116,135,154,154,253,253,263,115,165,215,230,230,248,276,302,302,334,259,57,74,74,74,74],"floor_reached":50,"language":"KOR","playtime":1136,"items_purged":["Strike_G","Strike_G","Underhanded Strike","Dagger Spray"],"score":898,"play_id":"2762cdbd-9804-4704-87b3-08339ac4650b","local_time":"20210130140402","is_ascension_mode":true,"campfire_choices":[{"data":"Poisoned Stab","floor":6.0,"key":"SMITH"},{"data":"Phantasmal Killer","floor":8.0,"key":"SMITH"},{"data":"All Out Attack","floor":15.0,"key":"SMITH"},{"floor":23.0,"key":"REST"},{"floor":28.0,"key":"REST"},{"data":"Malaise","floor":32.0,"key":"SMITH"},{"data":"Adrenaline","floor":40.0,"key":"SMITH"},{"data":"Adrenaline","floor":44,"key":"SMITH"},{"data":"Calculated Gamble","floor":49,"key":"SMITH"}],"circlet_count":0,"master_deck":["AscendersBane","Survivor","Neutralize","Poisoned Stab+1","All Out Attack+1","Phantasmal Killer+1","Noxious Fumes","Deadly Poison","Flash of Steel","Malaise+1","Backflip","Glass Knife","Prepared+1","Adrenaline+1","Riddle With Holes","Quick Slash","Bullet Time","Slice","Dagger Throw","Prepared","Flash of Steel","Calculated Gamble+1","Adrenaline+1","Escape Plan"],"relics":["Ring of the Snake","NeowsBlessing","SsserpentHead","Question Card","Ornamental Fan","Du-Vu Doll","Akabeko","Pen Nib","Philosopher\u0027s Stone","Bronze Scales","FossilizedHelix","TwistedFunnel","Happy Flower","Eternal Feather","Pandora\u0027s Box","Chemical X","StoneCalendar","PreservedInsect","Dead Branch"],"acts_visited":["Exordium","TheCity","TheBeyond"],"potions_floor_usage":[50,50],"damage_taken":[{"damage":0.0,"enemies":"Jaw Worm","floor":1.0,"turns":1.0},{"damage":0.0,"enemies":"Cultist","floor":3.0,"turns":1.0},{"damage":0.0,"enemies":"Small Slimes","floor":5.0,"turns":1.0},{"damage":27.0,"enemies":"Gremlin Nob","floor":7.0,"turns":5.0},{"damage":29.0,"enemies":"3 Sentries","floor":10.0,"turns":8.0},{"damage":13.0,"enemies":"Lagavulin","floor":12.0,"turns":4.0},{"damage":6.0,"enemies":"Looter","floor":14.0,"turns":2.0},{"damage":8.0,"enemies":"Slime Boss","floor":16.0,"turns":9.0},{"damage":4.0,"enemies":"Chosen","floor":18.0,"turns":3.0},{"damage":3.0,"enemies":"Shell Parasite","floor":21.0,"turns":4.0},{"damage":18.0,"enemies":"Snake Plant","floor":22.0,"turns":3.0},{"damage":22.0,"enemies":"Gremlin Leader","floor":25.0,"turns":3.0},{"damage":1.0,"enemies":"Cultist and Chosen","floor":29.0,"turns":4.0},{"damage":23.0,"enemies":"Snecko","floor":30.0,"turns":4.0},{"damage":0.0,"enemies":"3 Cultists","floor":31.0,"turns":3.0},{"damage":59.0,"enemies":"Collector","floor":33.0,"turns":8.0},{"damage":0.0,"enemies":"Orb Walker","floor":35.0,"turns":2.0},{"damage":1.0,"enemies":"3 Shapes","floor":39.0,"turns":2.0},{"damage":0.0,"enemies":"Jaw Worm Horde","floor":41.0,"turns":2.0},{"damage":15,"enemies":"Reptomancer","floor":42,"turns":4},{"damage":0,"enemies":"Giant Head","floor":45,"turns":5},{"damage":0,"enemies":"Writhing Mass","floor":48,"turns":2},{"damage":73,"enemies":"Time Eater","floor":50,"turns":5}],"seed_played":"3711350912678148166","potions_obtained":[{"floor":7.0,"key":"SpeedPotion"},{"floor":10.0,"key":"Poison Potion"},{"floor":12.0,"key":"AttackPotion"},{"floor":14.0,"key":"LiquidMemories"},{"floor":25.0,"key":"FearPotion"},{"floor":30.0,"key":"FairyPotion"},{"floor":35.0,"key":"Dexterity Potion"}],"is_trial":false,"path_per_floor":["M","?","M","$","M","R","E","R","T","E","$","E","$","M","R","B",null,"M","?","T","M","M","R","$","E","T","$","R","M","M","M","R","B",null,"M","$","?","?","M","R","M","E","T","R","E","$","$","M","R","B"],"character_chosen":"THE_SILENT","items_purchased":["Noxious Fumes","Akabeko","Flash of Steel","TwistedFunnel","Glass Knife","Chemical X","Block Potion"],"campfire_rested":2,"item_purchase_floors":[11,11,13,24,27,36,47],"current_hp_per_floor":[63,63,63,63,63,63,36,36,36,7,7,57,57,51,51,43,63,59,59,59,56,38,59,59,37,37,37,70,69,46,46,58,21,58,58,58,58,58,57,69,69,54,54,69,69,69,69,69,70,0,0],"gold":74,"neow_bonus":"THREE_ENEMY_KILL","is_daily":false,"chose_seed":false,"campfire_upgraded":7,"win_rate":0.0,"timestamp":1611983042,"path_taken":["M","?","?","?","?","R","E","R","T","E","$","E","$","M","R","BOSS","M","?","?","M","M","R","?","E","T","$","R","?","M","M","R","BOSS","M","$","?","?","M","R","M","E","T","R","E","?","$","M","R","BOSS"],"items_purchased_type":["Card","Relic","Card","Relic","Card","Relic","Potion"],"build_version":"2020-12-22","purchased_purges":4,"victory":false,"max_hp_per_floor":[70,70,70,70,70,70,70,70,70,70,70,70,70,70,70,70,70,70,70,70,70,70,70,70,70,70,70,70,70,70,70,70,70,70,70,70,70,70,70,70,70,70,70,70,70,70,70,70,70,70,70],"card_choices":[{"not_picked":["Slice","Underhanded Strike"],"picked":"Poisoned Stab","floor":1.0},{"not_picked":["Calculated Gamble","Deadly Poison"],"picked":"All Out Attack","floor":3.0},{"not_picked":["Reflex","Leg Sweep","Distraction"],"picked":"SKIP","floor":5.0},{"not_picked":["Dodge and Roll","Heel Hook"],"picked":"Phantasmal Killer","floor":7.0},{"not_picked":["Accuracy","Skewer","Outmaneuver","Sucker Punch"],"picked":"SKIP","floor":10.0},{"not_picked":["Blur","Quick Slash","Outmaneuver"],"picked":"Deadly Poison","floor":12.0},{"not_picked":["Distraction","Masterful Stab","Blur","Blade Dance"],"picked":"SKIP","floor":14.0},{"not_picked":["Doppelganger","Envenom","Grand Finale"],"picked":"Malaise","floor":16.0},{"not_picked":["Outmaneuver","Quick Slash","PiercingWail"],"picked":"Dagger Spray","floor":18.0},{"not_picked":["Quick Slash+1","Expertise","Poisoned Stab","Blade Dance"],"picked":"SKIP","floor":21.0},{"not_picked":["Backstab","Dagger Spray","Poisoned Stab","All Out Attack"],"picked":"SKIP","floor":22.0},{"not_picked":["Tools of the Trade","Backstab","Choke+1"],"picked":"Backflip","floor":25.0},{"not_picked":["Flying Knee","Masterful Stab","Leg Sweep+1"],"picked":"Prepared+1","floor":29.0},{"not_picked":["All Out Attack","Deflect","Prepared","Infinite Blades"],"picked":"SKIP","floor":30.0},{"not_picked":["Dodge and Roll","Backflip","All Out Attack","Infinite Blades"],"picked":"SKIP","floor":31.0},{"not_picked":["Unload","Glass Knife","Die Die Die"],"picked":"Adrenaline","floor":33.0},{"not_picked":["Accuracy","Deadly Poison","Dagger Spray","Outmaneuver"],"picked":"SKIP","floor":35.0},{"not_picked":["Finesse","Dark Shackles","Swift Strike"],"picked":"Flash of Steel","floor":37.0},{"not_picked":["Finisher+1","Dagger Throw","Dodge and Roll+1"],"picked":"Calculated Gamble","floor":39.0},{"not_picked":["Sucker Punch+1","Slice+1","Well Laid Plans+1","Quick Slash+1"],"picked":"SKIP","floor":41.0},{"not_picked":["Acrobatics","Flying Knee+1","Blade Dance"],"picked":"Adrenaline","floor":42},{"not_picked":["Backflip+1","Flechettes","Distraction"],"picked":"Escape Plan","floor":45},{"not_picked":["Outmaneuver+1","PiercingWail","Dodge and Roll","Quick Slash+1"],"picked":"SKIP","floor":48}],"player_experience":462596,"relics_obtained":[{"floor":7.0,"key":"Question Card"},{"floor":9.0,"key":"Ornamental Fan"},{"floor":10.0,"key":"Du-Vu Doll"},{"floor":12.0,"key":"Pen Nib"},{"floor":20.0,"key":"FossilizedHelix"},{"floor":25.0,"key":"Happy Flower"},{"floor":26.0,"key":"Eternal Feather"},{"floor":42,"key":"StoneCalendar"},{"floor":43,"key":"PreservedInsect"},{"floor":45,"key":"Dead Branch"}],"event_choices":[{"damage_healed":0.0,"max_hp_gain":0.0,"max_hp_loss":0.0,"gold_gain":0.0,"event_name":"FaceTrader","player_choice":"Trade","floor":2.0,"gold_loss":0.0,"damage_taken":0.0,"relics_obtained":["SsserpentHead"]},{"damage_healed":0.0,"max_hp_gain":0.0,"max_hp_loss":0.0,"gold_gain":0.0,"event_name":"The Mausoleum","player_choice":"Opened","floor":19.0,"gold_loss":0.0,"damage_taken":0.0,"relics_obtained":["Bronze Scales"]},{"damage_healed":0.0,"max_hp_gain":0.0,"max_hp_loss":0.0,"gold_gain":0.0,"event_name":"SensoryStone","player_choice":"Memory 1","floor":37.0,"gold_loss":0.0,"damage_taken":0.0},{"cards_removed":["Tools of the Trade"],"damage_healed":0.0,"max_hp_gain":0.0,"max_hp_loss":0.0,"gold_gain":0.0,"event_name":"Falling","player_choice":"Removed Power","floor":38.0,"gold_loss":0.0,"damage_taken":0.0}],"is_beta":false,"boss_relics":[{"not_picked":["Snecko Eye","HoveringKite"],"picked":"Philosopher\u0027s Stone"},{"not_picked":["Empty Cage","WristBlade"],"picked":"Pandora\u0027s Box"}],"items_purged_floors":[4,24,46,47],"is_endless":false,"potions_floor_spawned":[7,10,12,14,22,25,30,31,35],"killed_by":"Time Eater","ascension_level":11}}