{"host":"gcl0wx4kxpuh49bt","time":1611998924,"event":{"mods":["AchievementEnabler","BaseMod","DeckTracker","Minty Spire (QoL Compilation)","StSLib"],"gold_per_floor":[114,130,58,58,58,93,18,38,93,114,114,49,65,79,79,203,203,223,247,147,161,176,176,191,227,227,227,102,227,227,241,241,364,364,379,379,395,415,433,433,448,482,482,496,264,277,298,333,333,333,333,333,14,48,48],"floor_reached":56,"language":"KOR","playtime":2847,"items_purged":["Strike_R","Strike_R","Strike_R","Strike_R","Bash"],"score":1556,"play_id":"d7e1f28c-acc3-4281-8791-994e72f05c26","local_time":"20210130182844","is_ascension_mode":true,"campfire_choices":[{"data":"Fire Breathing","floor":11.0,"key":"SMITH"},{"data":"Wild Strike","floor":15.0,"key":"SMITH"},{"data":"Barricade","floor":23.0,"key":"SMITH"},{"data":"Power Through","floor":27.0,"key":"SMITH"},{"data":"Seeing Red","floor":30.0,"key":"SMITH"},{"data":"Pommel Strike","floor":32.0,"key":"SMITH"},{"data":"Fire Breathing","floor":40.0,"key":"SMITH"},{"floor":49.0,"key":"RECALL"},{"data":"Dark Embrace","floor":52.0,"key":"SMITH"}],"circlet_count":0,"master_deck":["Defend_R","Defend_R","Defend_R","Defend_R","Wild Strike+1","Fire Breathing+1","Power Through+1","Pommel Strike+1","Disarm","Shrug It Off","Impervious","Pommel Strike+1","Armaments+1","Barricade+1","Shockwave","Seeing Red+1","Evolve","Immolate","Fire Breathing+1","Disarm+1","Second Wind+1","Dark Embrace+1","Body Slam+1"],"relics":["Black Blood","NeowsBlessing","Anchor","Golden Idol","Bag of Marbles","MealTicket","Boot","Philosopher\u0027s Stone","HornCleat","Ornamental Fan","Ginger","Shuriken","Gambling Chip","Art of War","Oddly Smooth Stone","Vajra"],"acts_visited":["Exordium","TheCity","TheBeyond","TheEnding"],"potions_floor_usage":[55,55],"damage_taken":[{"damage":0.0,"enemies":"Jaw Worm","floor":1.0,"turns":1.0},{"damage":0.0,"enemies":"2 Louse","floor":2.0,"turns":1.0},{"damage":0.0,"enemies":"Lagavulin","floor":6.0,"turns":1.0},{"damage":0.0,"enemies":"Cultist","floor":8.0,"turns":3.0},{"damage":1.0,"enemies":"3 Louse","floor":10.0,"turns":4.0},{"damage":0.0,"enemies":"2 Fungi Beasts","floor":13.0,"turns":3.0},{"damage":13.0,"enemies":"Lots of Slimes","floor":14.0,"turns":4.0},{"damage":27.0,"enemies":"Hexaghost","floor":16.0,"turns":10.0},{"damage":0.0,"enemies":"3 Byrds","floor":18.0,"turns":6.0},{"damage":0.0,"enemies":"Chosen","floor":19.0,"turns":4.0},{"damage":11.0,"enemies":"Centurion and Healer","floor":21.0,"turns":6.0},{"damage":0.0,"enemies":"Cultist and Chosen","floor":22.0,"turns":4.0},{"damage":0.0,"enemies":"Snecko","floor":24.0,"turns":5.0},{"damage":38.0,"enemies":"Book of Stabbing","floor":25.0,"turns":6.0},{"damage":25.0,"enemies":"Colosseum Slavers","floor":29.0,"turns":6.0},{"damage":16.0,"enemies":"Colosseum Nobs","floor":29.0,"turns":6.0},{"damage":0.0,"enemies":"Snake Plant","floor":31.0,"turns":5.0},{"damage":27.0,"enemies":"Automaton","floor":33.0,"turns":9.0},{"damage":17.0,"enemies":"3 Darklings","floor":35.0,"turns":4.0},{"damage":2.0,"enemies":"Orb Walker","floor":37.0,"turns":4.0},{"damage":12.0,"enemies":"Jaw Worm Horde","floor":38.0,"turns":4.0},{"damage":28.0,"enemies":"Sphere and 2 Shapes","floor":39.0,"turns":6.0},{"damage":4.0,"enemies":"4 Shapes","floor":41.0,"turns":4.0},{"damage":63.0,"enemies":"Reptomancer","floor":42.0,"turns":6.0},{"damage":0.0,"enemies":"Maw","floor":44.0,"turns":9.0},{"damage":14.0,"enemies":"3 Darklings","floor":46.0,"turns":5.0},{"damage":2.0,"enemies":"Transient","floor":47.0,"turns":5.0},{"damage":0.0,"enemies":"Nemesis","floor":48.0,"turns":7.0},{"damage":22.0,"enemies":"Donu and Deca","floor":50.0,"turns":7.0},{"damage":42.0,"enemies":"Shield and Spear","floor":54.0,"turns":5.0},{"damage":38,"enemies":"The Heart","floor":55,"turns":8}],"seed_played":"7176157641432384377","potions_obtained":[{"floor":2.0,"key":"Energy Potion"},{"floor":8.0,"key":"Dexterity Potion"},{"floor":14.0,"key":"Block Potion"},{"floor":24.0,"key":"GamblersBrew"},{"floor":31.0,"key":"Regen Potion"},{"floor":33.0,"key":"BlessingOfTheForge"},{"floor":37.0,"key":"BloodPotion"},{"floor":42.0,"key":"Dexterity Potion"},{"floor":44.0,"key":"HeartOfIron"},{"floor":46.0,"key":"GamblersBrew"},{"floor":54,"key":"Strength Potion"}],"is_trial":false,"path_per_floor":["M","M","$","?","?","E","$","M","T","M","R","?","M","M","R","B",null,"M","M","$","M","M","R","M","E","T","R","$","?","R","M","R","B",null,"M","?","M","M","M","R","M","E","T","M","$","M","M","E","R","B",null,"R","$","E","B",null],"character_chosen":"IRONCLAD","items_purchased":["Power Through","Dark Embrace","Oddly Smooth Stone"],"campfire_rested":0,"item_purchase_floors":[3,45,53],"current_hp_per_floor":[78,80,80,77,57,63,63,69,69,74,74,74,80,73,73,52,73,79,80,80,75,80,80,80,48,48,48,63,34,34,40,40,24,66,61,61,71,71,55,55,63,28,28,40,55,53,63,75,75,65,76,76,80,50,24],"gold":48,"neow_bonus":"THREE_ENEMY_KILL","is_daily":false,"chose_seed":false,"campfire_upgraded":8,"win_rate":0.0,"timestamp":1611998924,"path_taken":["M","M","$","?","?","E","?","M","T","M","R","?","M","M","R","BOSS","M","?","$","M","M","R","M","E","T","R","$","?","R","M","R","BOSS","M","?","M","M","M","R","M","E","T","M","$","?","M","E","R","BOSS","R","$","E","BOSS"],"items_purchased_type":["Card","Card","Relic"],"build_version":"2020-12-22","purchased_purges":5,"victory":true,"max_hp_per_floor":[80,80,80,80,80,80,80,80,80,80,80,80,80,80,80,80,80,80,80,80,80,80,80,80,80,80,80,80,80,80,80,80,80,80,80,80,80,80,80,80,80,80,80,80,80,80,80,80,80,80,80,80,80,80,80],"card_choices":[{"not_picked":["Rage","True Grit"],"picked":"Wild Strike","floor":1.0},{"not_picked":["Body Slam","Warcry"],"picked":"Fire Breathing","floor":2.0},{"not_picked":["Perfected Strike","True Grit"],"picked":"Pommel Strike","floor":6.0},{"not_picked":["Cleave","Bludgeon"],"picked":"Disarm","floor":8.0},{"not_picked":["Disarm","Clash","Twin Strike"],"picked":"SKIP","floor":10.0},{"not_picked":["Spot Weakness","Iron Wave","Flex"],"picked":"SKIP","floor":13.0},{"not_picked":["Pommel Strike","Perfected Strike"],"picked":"Shrug It Off","floor":14.0},{"not_picked":["Barricade","Demon Form"],"picked":"Impervious","floor":16.0},{"not_picked":["Anger","Warcry","Cleave"],"picked":"SKIP","floor":18.0},{"not_picked":["Sever Soul","Flex"],"picked":"Pommel Strike+1","floor":19.0},{"not_picked":["True Grit","Power Through"],"picked":"Armaments+1","floor":21.0},{"not_picked":["Flex","Perfected Strike+1"],"picked":"Barricade","floor":22.0},{"not_picked":["Clothesline","Rampage"],"picked":"Shockwave","floor":24.0},{"not_picked":["Dark Embrace+1","Infernal Blade","Shockwave+1"],"picked":"SKIP","floor":25.0},{"not_picked":["Inflame","Whirlwind"],"picked":"Seeing Red","floor":29.0},{"not_picked":["Body Slam","Iron Wave+1"],"picked":"Evolve","floor":31.0},{"not_picked":["Berserk","Feed"],"picked":"Immolate","floor":33.0},{"not_picked":["Sever Soul","Shockwave+1","Sentinel+1"],"picked":"SKIP","floor":35.0},{"not_picked":["Headbutt+1","Evolve"],"picked":"Disarm+1","floor":37.0},{"not_picked":["Flex","Headbutt"],"picked":"Second Wind+1","floor":38.0},{"not_picked":["Anger+1","Heavy Blade+1","Flame Barrier+1"],"picked":"SKIP","floor":39.0},{"not_picked":["Rupture+1","True Grit","Havoc"],"picked":"SKIP","floor":41.0},{"not_picked":["Iron Wave+1","Whirlwind+1","True Grit"],"picked":"SKIP","floor":42.0},{"not_picked":["Twin Strike+1","Warcry","Cleave"],"picked":"SKIP","floor":44.0},{"not_picked":["Flex","Iron Wave","Anger"],"picked":"SKIP","floor":46.0},{"not_picked":["Anger","Brutality","Evolve+1"],"picked":"SKIP","floor":47.0},{"not_picked":["Clothesline","Shrug It Off+1","Havoc+1"],"picked":"SKIP","floor":48.0},{"not_picked":["Spot Weakness","Pommel Strike+1"],"picked":"Body Slam+1","floor":54}],"player_experience":158963,"relics_obtained":[{"floor":6.0,"key":"Bag of Marbles"},{"floor":9.0,"key":"MealTicket"},{"floor":25.0,"key":"HornCleat"},{"floor":26.0,"key":"Ornamental Fan"},{"floor":29.0,"key":"Ginger"},{"floor":29.0,"key":"Shuriken"},{"floor":42.0,"key":"Gambling Chip"},{"floor":48.0,"key":"Art of War"},{"floor":54,"key":"Vajra"}],"event_choices":[{"damage_healed":0.0,"max_hp_gain":0.0,"max_hp_loss":0.0,"gold_gain":0.0,"event_name":"Scrap Ooze","player_choice":"Success","floor":4.0,"gold_loss":0.0,"damage_taken":3.0,"relics_obtained":["Anchor"]},{"damage_healed":0.0,"max_hp_gain":0.0,"max_hp_loss":0.0,"gold_gain":0.0,"event_name":"Golden Idol","player_choice":"Take Damage","floor":5.0,"gold_loss":0.0,"damage_taken":20.0,"relics_obtained":["Golden Idol"]},{"damage_healed":0.0,"max_hp_gain":0.0,"max_hp_loss":0.0,"gold_gain":0.0,"event_name":"WeMeetAgain","player_choice":"Paid Gold","floor":12.0,"gold_loss":65.0,"damage_taken":0.0,"relics_obtained":["Boot"]},{"damage_healed":0.0,"max_hp_gain":0.0,"max_hp_loss":0.0,"gold_gain":0.0,"event_name":"Colosseum","player_choice":"Fight","floor":29.0,"gold_loss":0.0,"damage_taken":0.0},{"damage_healed":0.0,"max_hp_gain":0.0,"max_hp_loss":0.0,"gold_gain":0.0,"event_name":"Colosseum","player_choice":"Fled From Nobs","floor":29.0,"gold_loss":0.0,"damage_taken":0.0},{"damage_healed":0.0,"max_hp_gain":0.0,"max_hp_loss":0.0,"gold_gain":0.0,"event_name":"Colosseum","player_choice":"Fought Nobs","floor":29.0,"gold_loss":0.0,"damage_taken":0.0},{"damage_healed":0.0,"max_hp_gain":0.0,"max_hp_loss":0.0,"gold_gain":0.0,"cards_transformed":["Strike_R"],"event_name":"Transmorgrifier","player_choice":"Transformed","floor":36.0,"gold_loss":0.0,"damage_taken":0.0,"cards_obtained":["Fire Breathing"]}],"is_beta":false,"boss_relics":[{"not_picked":["Fusion Hammer","Ectoplasm"],"picked":"Philosopher\u0027s Stone"},{"not_picked":["SacredBark","Sozu"],"picked":"Black Blood"}],"items_purged_floors":[7,20,28,45,53],"is_endless":false,"potions_floor_spawned":[2,8,14,24,29,31,33,37,42,44,46,54],"ascension_level":6}}