{"host":"49pjgf1q9ev52n8z","time":1611993723,"event":{"mods":["BaseMod","Bestiary","Colored Map","Minty Spire (QoL Compilation)","Relic Stats","StSLib"],"gold_per_floor":[366,386,404,417,15,47,47,47,47],"floor_reached":8,"language":"ENG","playtime":773,"items_purged":[],"score":113,"play_id":"ecce4553-4d29-49ce-8c4f-75ee626eebba","local_time":"20210130000203","is_ascension_mode":true,"campfire_choices":[{"data":"Predator","floor":7,"key":"SMITH"}],"circlet_count":0,"master_deck":["AscendersBane","Strike_G","Strike_G","Strike_G","Strike_G","Strike_G","Defend_G","Defend_G","Defend_G","Defend_G","Defend_G","Survivor","Neutralize","Predator+1","Slice","Sucker Punch","Poisoned Stab","Envenom"],"relics":["Ring of the Snake","Meat on the Bone","Boot"],"acts_visited":["Exordium"],"potions_floor_usage":[6,6],"damage_taken":[{"damage":1,"enemies":"2 Louse","floor":1,"turns":3},{"damage":0,"enemies":"Small Slimes","floor":2,"turns":5},{"damage":1,"enemies":"Cultist","floor":3,"turns":4},{"damage":1,"enemies":"Blue Slaver","floor":4,"turns":3},{"damage":22,"enemies":"Lagavulin","floor":6,"turns":5},{"damage":42,"enemies":"3 Sentries","floor":8,"turns":6}],"seed_played":"6959126963891156510","potions_obtained":[{"floor":1,"key":"FearPotion"}],"is_trial":false,"path_per_floor":["M","M","M","M","$","E","R","E"],"character_chosen":"THE_SILENT","items_purchased":["Meat on the Bone","Regen Potion","Poisoned Stab"],"campfire_rested":0,"item_purchase_floors":[5,5,5],"current_hp_per_floor":[58,58,57,56,56,39,39,0,0],"gold":47,"neow_bonus":"TWO_FIFTY_GOLD","is_daily":false,"chose_seed":false,"campfire_upgraded":1,"win_rate":0.0,"timestamp":1611993723,"path_taken":["M","M","M","M","$","E","R","E"],"items_purchased_type":["Relic","Potion","Card"],"build_version":"2020-12-22","purchased_purges":0,"victory":false,"max_hp_per_floor":[60,60,60,60,60,60,60,60,60],"relic_stats":{"counters":[6,26],"Boot":[4],"obtain_stats":[{"Boot":6,"Ring of the Snake":0,"Meat on the Bone":5},{"Boot":5,"Ring of the Snake":0,"Meat on the Bone":4},{"Boot":20,"Ring of the Snake":0,"Meat on the Bone":15}],"Ring of the Snake":[12],"Meat on the Bone":0},"card_choices":[{"not_picked":["Concentrate","Skewer"],"picked":"Predator","floor":1},{"not_picked":["Flying Knee","Masterful Stab"],"picked":"Slice","floor":2},{"not_picked":["Underhanded Strike","Concentrate"],"picked":"Sucker Punch","floor":3},{"not_picked":["Calculated Gamble","Predator","Outmaneuver"],"picked":"SKIP","floor":4},{"not_picked":["Footwork","Sucker Punch"],"picked":"Envenom","floor":6}],"player_experience":644978,"relics_obtained":[{"floor":6,"key":"Boot"}],"event_choices":[],"is_beta":false,"boss_relics":[],"items_purged_floors":[],"is_endless":false,"potions_floor_spawned":[1],"killed_by":"3 Sentries","ascension_level":19}}