{"host":"ebj6lkgm8suah319","time":1611978320,"event":{"mods":["2.2 Compatiblity","AchievementEnabler","BaseMod","Block Reminder","Colored Map","Colored Powertips","Minty Spire (QoL Compilation)","Quick Restart","Rare Cards Sparkle","Relic Stats","SuperFastMode"],"gold_per_floor":[117,129,129,143,143,143,172,172,172,172,206,217,230,245,245,347,347,332,182,182,182,192,218,230,259,259,290,290,16,29,29,29,29,29],"floor_reached":33,"language":"ENG","playtime":1190,"items_purged":["Strike_G","Strike_G+1"],"score":419,"play_id":"94b86a92-12e8-45fd-af12-43bd1c2d6d65","local_time":"20210129224520","is_ascension_mode":true,"campfire_choices":[{"data":"Bouncing Flask","floor":6,"key":"SMITH"},{"data":"Noxious Fumes","floor":8,"key":"SMITH"},{"data":"Footwork","floor":15,"key":"SMITH"},{"data":"Night Terror","floor":32,"key":"SMITH"}],"circlet_count":0,"master_deck":["Strike_G+1","Strike_G+1","Strike_G+1","Defend_G+1","Defend_G+1","Defend_G+1","Defend_G+1","Defend_G+1","Survivor+1","Neutralize","Night Terror","Bouncing Flask+1","Dagger Throw","Calculated Gamble","Noxious Fumes+1","Blade Dance","Poisoned Stab","Footwork+1","After Image","Dash+1","Footwork","Well Laid Plans","Ghostly","Ghostly","Ghostly","Ghostly","Ghostly","Cloak And Dagger+1","Calculated Gamble+1","Backstab","PiercingWail","Adrenaline","Night Terror+1"],"relics":["Ring of the Serpent","Torii","Meat on the Bone","Gremlin Horn","The Courier","HornCleat","Nunchaku","TungstenRod","Toy Ornithopter","Shuriken","Singing Bowl"],"acts_visited":["Exordium","TheCity"],"potions_floor_usage":[23,25,27],"damage_taken":[{"damage":3,"enemies":"Small Slimes","floor":1,"turns":6},{"damage":2,"enemies":"2 Louse","floor":2,"turns":4},{"damage":0,"enemies":"Cultist","floor":4,"turns":3},{"damage":10,"enemies":"Lagavulin","floor":7,"turns":6},{"damage":12,"enemies":"Gremlin Nob","floor":11,"turns":4},{"damage":1,"enemies":"2 Fungi Beasts","floor":12,"turns":3},{"damage":10,"enemies":"Large Slime","floor":13,"turns":5},{"damage":1,"enemies":"Looter","floor":14,"turns":3},{"damage":21,"enemies":"The Guardian","floor":16,"turns":8},{"damage":13,"enemies":"2 Thieves","floor":18,"turns":4},{"damage":0,"enemies":"Chosen","floor":22,"turns":6},{"damage":8,"enemies":"Book of Stabbing","floor":23,"turns":8},{"damage":0,"enemies":"Snake Plant","floor":24,"turns":7},{"damage":1,"enemies":"Gremlin Leader","floor":25,"turns":11},{"damage":18,"enemies":"Book of Stabbing","floor":27,"turns":9},{"damage":0,"enemies":"Shelled Parasite and Fungi","floor":30,"turns":7},{"damage":22,"enemies":"Champ","floor":33,"turns":11}],"seed_played":"-5909575174470876315","potions_obtained":[{"floor":1,"key":"ColorlessPotion"},{"floor":2,"key":"EssenceOfSteel"},{"floor":12,"key":"SpeedPotion"},{"floor":14,"key":"AttackPotion"},{"floor":22,"key":"GhostInAJar"},{"floor":23,"key":"DuplicationPotion"},{"floor":27,"key":"Strength Potion"}],"is_trial":false,"path_per_floor":["M","M","?","M","?","R","E","R","T","?","E","M","M","M","R","B",null,"M","$","?","?","M","E","M","E","T","E","?","$","M","T","R","B"],"character_chosen":"THE_SILENT","items_purchased":["Footwork","Well Laid Plans","Shuriken"],"campfire_rested":0,"item_purchase_floors":[19,19,29],"current_hp_per_floor":[67,65,51,51,51,51,41,41,41,41,41,40,42,41,41,32,61,48,48,35,35,35,27,27,26,26,20,20,20,20,20,20,0,0],"gold":29,"neow_bonus":"ONE_RANDOM_RARE_CARD","is_daily":false,"chose_seed":false,"campfire_upgraded":4,"win_rate":0.0,"timestamp":1611978320,"path_taken":["M","M","?","M","?","R","E","R","T","?","E","M","?","M","R","BOSS","M","$","?","?","M","E","M","E","T","E","?","$","?","?","R","BOSS"],"items_purchased_type":["Card","Card","Relic"],"build_version":"2020-12-22","purchased_purges":2,"victory":false,"max_hp_per_floor":[70,70,70,70,70,70,70,70,70,70,70,70,70,70,70,70,70,70,70,35,35,35,35,35,35,35,35,35,35,35,35,35,35,35],"relic_stats":{"Nunchaku":[4],"Torii":28,"Gremlin Horn":[11,11],"Singing Bowl":0,"counters":[17,105],"Shuriken":[9],"obtain_stats":[{"Nunchaku":25,"HornCleat":23,"Torii":7,"Gremlin Horn":10,"Singing Bowl":31,"Shuriken":29,"The Courier":11,"Ring of the Serpent":17,"TungstenRod":26,"Toy Ornithopter":27,"Ring of the Snake":0,"Meat on the Bone":9},{"Nunchaku":14,"HornCleat":12,"Torii":4,"Gremlin Horn":4,"Singing Bowl":16,"Shuriken":15,"The Courier":5,"Ring of the Serpent":9,"TungstenRod":14,"Toy Ornithopter":15,"Ring of the Snake":0,"Meat on the Bone":4},{"Nunchaku":78,"HornCleat":60,"Torii":19,"Gremlin Horn":19,"Singing Bowl":94,"Shuriken":87,"The Courier":23,"Ring of the Serpent":42,"TungstenRod":78,"Toy Ornithopter":87,"Ring of the Snake":0,"Meat on the Bone":19}],"TungstenRod":12,"Toy Ornithopter":0,"Meat on the Bone":48},"card_choices":[{"not_picked":["Underhanded Strike","Setup"],"picked":"Bouncing Flask","floor":1},{"not_picked":["Quick Slash","Flechettes"],"picked":"Dagger Throw","floor":2},{"not_picked":["Backflip","Sucker Punch"],"picked":"Calculated Gamble","floor":4},{"not_picked":["Riddle With Holes","Escape Plan"],"picked":"Noxious Fumes","floor":7},{"not_picked":["Endless Agony","Unload","Dodge and Roll"],"picked":"SKIP","floor":11},{"not_picked":["Endless Agony","Dodge and Roll"],"picked":"Blade Dance","floor":12},{"not_picked":["Sucker Punch","Flying Knee"],"picked":"Poisoned Stab","floor":13},{"not_picked":["Blade Dance","Flying Knee"],"picked":"Footwork","floor":14},{"not_picked":["Phantasmal Killer","A Thousand Cuts"],"picked":"After Image","floor":16},{"not_picked":["Dodge and Roll","Quick Slash+1"],"picked":"Dash+1","floor":18},{"not_picked":["Slice+1","Doppelganger"],"picked":"Cloak And Dagger+1","floor":22},{"not_picked":["Dagger Spray","Flying Knee"],"picked":"Calculated Gamble+1","floor":23},{"not_picked":["Acrobatics+1","Blade Dance"],"picked":"Backstab","floor":24},{"not_picked":["Dagger Throw","Noxious Fumes"],"picked":"PiercingWail","floor":25},{"not_picked":["Tactician","Deflect"],"picked":"Adrenaline","floor":27},{"not_picked":["Deflect","Slice","Outmaneuver"],"picked":"SKIP","floor":30}],"player_experience":93245,"relics_obtained":[{"floor":7,"key":"Torii"},{"floor":9,"key":"Meat on the Bone"},{"floor":11,"key":"The Courier"},{"floor":23,"key":"HornCleat"},{"floor":25,"key":"Nunchaku"},{"floor":26,"key":"TungstenRod"},{"floor":27,"key":"Toy Ornithopter"},{"floor":31,"key":"Singing Bowl"}],"event_choices":[{"damage_healed":0,"gold_gain":0,"player_choice":"Entered Light","damage_taken":14,"max_hp_gain":0,"max_hp_loss":0,"event_name":"Shining Light","floor":3,"gold_loss":0,"cards_upgraded":["Survivor","Strike_G"]},{"damage_healed":0,"gold_gain":0,"player_choice":"Ignored","damage_taken":0,"max_hp_gain":0,"max_hp_loss":0,"event_name":"Liars Game","floor":5,"gold_loss":0},{"damage_healed":0,"gold_gain":0,"player_choice":"Gave Potion","damage_taken":0,"relics_obtained":["Gremlin Horn"],"max_hp_gain":0,"max_hp_loss":0,"event_name":"WeMeetAgain","floor":10,"gold_loss":0},{"damage_healed":0,"gold_gain":0,"player_choice":"Became a Ghost","damage_taken":0,"max_hp_gain":0,"max_hp_loss":35,"event_name":"Ghosts","floor":20,"gold_loss":0,"cards_obtained":["Ghostly","Ghostly","Ghostly","Ghostly","Ghostly"]},{"damage_healed":0,"gold_gain":0,"player_choice":"Simplicity","damage_taken":0,"max_hp_gain":0,"max_hp_loss":0,"event_name":"Back to Basics","floor":21,"gold_loss":0,"cards_upgraded":["Strike_G","Strike_G","Strike_G","Defend_G","Defend_G","Defend_G","Defend_G","Defend_G"]},{"damage_healed":0,"gold_gain":0,"player_choice":"1 cards matched","damage_taken":0,"max_hp_gain":0,"max_hp_loss":0,"event_name":"Match and Keep!","floor":28,"gold_loss":0,"cards_obtained":["Night Terror"]}],"is_beta":false,"boss_relics":[{"not_picked":["Velvet Choker","SacredBark"],"picked":"Ring of the Serpent"}],"items_purged_floors":[19,29],"is_endless":false,"potions_floor_spawned":[1,2,12,14,22,23,27],"killed_by":"Champ","ascension_level":5}}