{"host":"i0avyit1s6jb1siw","time":1611999548,"event":{"mods":["BaseMod","DeckTracker","Dota2Spire","Highlight Path","Minty Spire (QoL Compilation)","Quick Restart","StSLib","SuperFastMode"],"gold_per_floor":[12,12,12,12,30,30,93,119,119,193,193,163,175,194,208,208,279,279,279,356,356,356,194,194,194,194,194,194,194,194,194,55,55,55,0,0,0,0,0,0,0,0,0,0,0,0,0,0,0,0,0,0,0,0,0,0,0,0,0,0,0,0,0,0],"floor_reached":65,"language":"ENG","playtime":1625,"items_purged":[],"score":4019,"play_id":"272d0c78-00ec-4b11-a5de-be2f1db1f255","local_time":"20210130103908","is_ascension_mode":true,"campfire_choices":[{"data":"Magnetism","floor":6.0,"key":"SMITH"},{"floor":11,"key":"REST"},{"data":"Perfected Strike","floor":16,"key":"SMITH"},{"data":"Perfected Strike","floor":19,"key":"SMITH"},{"data":"Corruption","floor":28,"key":"SMITH"},{"data":"Barricade","floor":37,"key":"SMITH"},{"floor":45,"key":"RECALL"},{"data":"Evolve","floor":54,"key":"SMITH"},{"data":"Burning Pact","floor":57,"key":"SMITH"},{"data":"Feel No Pain","floor":61,"key":"SMITH"}],"circlet_count":0,"master_deck":["AscendersBane","Strike_R","Strike_R","Strike_R","Strike_R","Defend_R","Defend_R","Defend_R","Defend_R","Bash","Magnetism+1","Offering","Corruption+1","Perfected Strike+1","Perfected Strike+1","Immolate","Twin Strike+1","Feel No Pain+1","Pommel Strike","Perfected Strike","True Grit+1","Seeing Red","Barricade+1","Armaments+1","Twin Strike+1","Power Through","Body Slam+1","Shockwave","Wild Strike+1","Exhume","Dark Embrace","Burning Pact+1","Power Through","Flame Barrier+1","Shrug It Off","Evolve+1","Flame Barrier"],"relics":["Burning Blood","Dota2Spire:EyeOfSkadi","Paper Frog","StrikeDummy","SacredBark","Ectoplasm","Lantern","Molten Egg 2","Akabeko","InkBottle","Torii","Dota2Spire:AssaultCuirass","Eternal Feather","Snecko Eye","Pear","Mummified Hand","Du-Vu Doll","Ginger","Dota2Spire:MagicBottle","Dota2Spire:AghanimScepter","Dota2Spire:ShadowBlade"],"acts_visited":["Exordium","TheCity","TheBeyond","TheEnding"],"potions_floor_usage":[22,25,33,42,59,64],"damage_taken":[{"damage":14.0,"enemies":"Jaw Worm","floor":1.0,"turns":4.0},{"damage":8.0,"enemies":"Small Slimes","floor":5.0,"turns":3.0},{"damage":42,"enemies":"Gremlin Nob","floor":8,"turns":4},{"damage":0,"enemies":"Cultist","floor":13,"turns":2},{"damage":8,"enemies":"Looter","floor":14,"turns":2},{"damage":9,"enemies":"Blue Slaver","floor":15,"turns":3},{"damage":12,"enemies":"Slime Boss","floor":17,"turns":7},{"damage":6,"enemies":"Slime Boss","floor":20,"turns":5},{"damage":6,"enemies":"3 Byrds","floor":22,"turns":2},{"damage":10,"enemies":"Shell Parasite","floor":24,"turns":3},{"damage":0,"enemies":"Snake Plant","floor":25,"turns":2},{"damage":6,"enemies":"Sentry and Sphere","floor":26,"turns":3},{"damage":21,"enemies":"Book of Stabbing","floor":27,"turns":3},{"damage":48,"enemies":"Gremlin Leader","floor":29,"turns":5},{"damage":23,"enemies":"Book of Stabbing","floor":33,"turns":3},{"damage":0,"enemies":"Centurion and Healer","floor":34,"turns":4},{"damage":2,"enemies":"Colosseum Slavers","floor":36,"turns":3},{"damage":0,"enemies":"Colosseum Nobs","floor":36,"turns":4},{"damage":0,"enemies":"Automaton","floor":38,"turns":6},{"damage":6,"enemies":"3 Darklings","floor":40,"turns":2},{"damage":0,"enemies":"Orb Walker","floor":41,"turns":2},{"damage":6,"enemies":"Spire Growth","floor":42,"turns":2},{"damage":0,"enemies":"Transient","floor":46,"turns":5},{"damage":0,"enemies":"Giant Head","floor":47,"turns":4},{"damage":7,"enemies":"Reptomancer","floor":50,"turns":4},{"damage":8,"enemies":"Mind Bloom Boss Battle","floor":51,"turns":3},{"damage":6,"enemies":"Giant Head","floor":52,"turns":6},{"damage":0,"enemies":"Sphere and 2 Shapes","floor":53,"turns":2},{"damage":6,"enemies":"Spire Growth","floor":55,"turns":2},{"damage":6,"enemies":"Reptomancer","floor":56,"turns":2},{"damage":70,"enemies":"Awakened One","floor":58,"turns":6},{"damage":17,"enemies":"Donu and Deca","floor":59,"turns":4},{"damage":6,"enemies":"Shield and Spear","floor":63,"turns":4},{"damage":26,"enemies":"The Heart","floor":64,"turns":5}],"seed_played":"-6485388850153501878","potions_obtained":[{"floor":12,"key":"SmokeBomb"},{"floor":12,"key":"LiquidBronze"},{"floor":13,"key":"Block Potion"},{"floor":22,"key":"FearPotion"},{"floor":25,"key":"Energy Potion"},{"floor":29,"key":"Regen Potion"},{"floor":38,"key":"ElixirPotion"},{"floor":41,"key":"Dexterity Potion"},{"floor":46,"key":"Weak Potion"},{"floor":55,"key":"Regen Potion"}],"is_trial":false,"path_per_floor":["M","?","?","$","M","R","?","E","T","T","R","?","M","M","M","R","B",null,"R","B",null,"M","$","M","M","M","E","R","E","T","T","$","E","M","?","?","R","B",null,"M","M","M","?","?","R","M","E","T","T","E","?","E","M","R","M","E","R","B","B",null,"R","$","E","B",null],"character_chosen":"IRONCLAD","items_purchased":["Feel No Pain","Pommel Strike","Perfected Strike","Power Through","Body Slam+1"],"campfire_rested":1,"item_purchase_floors":[23,23,23,32,32],"current_hp_per_floor":[60,60,60,60,58,58,58,27,27,27,51,51,57,55,52,52,46,46,46,46,72,72,72,68,74,74,59,59,17,17,17,17,10,16,16,26,44,50,73,73,79,79,79,76,76,76,86,86,86,85,83,83,86,86,86,86,86,22,38,74,86,86,86,66],"gold":0,"neow_bonus":"RANDOM_COLORLESS_2","is_daily":false,"chose_seed":false,"campfire_upgraded":8,"win_rate":0.0,"timestamp":1611999548,"path_taken":["M","?","?","$","?","R","?","E","T","T","R","?","M","M","M","R","BOSS","R","BOSS","M","$","M","M","M","E","R","E","T","T","$","E","M","?","?","R","BOSS","M","M","M","?","?","R","M","E","T","T","E","?","E","M","R","M","E","R","BOSS","BOSS","R","$","E","BOSS"],"items_purchased_type":["Card","Card","Card","Card","Card"],"build_version":"2020-12-22","purchased_purges":0,"victory":true,"max_hp_per_floor":[75,75,75,75,75,75,75,80,80,80,80,80,80,80,80,80,80,80,80,80,80,80,80,80,80,80,80,80,80,80,80,80,80,80,80,80,80,80,80,80,80,80,80,76,76,76,86,86,86,86,86,86,86,86,86,86,86,86,86,86,86,86,86,86],"card_choices":[{"not_picked":["Mayhem","Metamorphosis"],"picked":"Magnetism","floor":0.0},{"not_picked":["Headbutt","Body Slam"],"picked":"Wild Strike","floor":1.0},{"not_picked":["Iron Wave","Infernal Blade","Metallicize"],"picked":"SKIP","floor":5.0},{"not_picked":["Heavy Blade","True Grit"],"picked":"Corruption","floor":8},{"not_picked":["Feel No Pain","Anger"],"picked":"Perfected Strike","floor":13},{"not_picked":["Body Slam","Anger","Cleave"],"picked":"SKIP","floor":14},{"not_picked":["Intimidate","Clash"],"picked":"Perfected Strike","floor":15},{"not_picked":["Impervious","Feed"],"picked":"Immolate","floor":20},{"not_picked":["Iron Wave","True Grit"],"picked":"Twin Strike+1","floor":22},{"not_picked":["Sword Boomerang+1","Anger+1"],"picked":"True Grit+1","floor":24},{"not_picked":["Bloodletting","Thunderclap"],"picked":"Seeing Red","floor":25},{"not_picked":["Pommel Strike","Shrug It Off"],"picked":"Barricade","floor":26},{"not_picked":["Clash","Iron Wave"],"picked":"Armaments+1","floor":27},{"not_picked":["Dropkick+1","Flex"],"picked":"Twin Strike+1","floor":29},{"not_picked":["Whirlwind+1","Brutality","Thunderclap+1"],"picked":"SKIP","floor":33},{"not_picked":["Uppercut+1","Anger+1"],"picked":"Shockwave","floor":34},{"not_picked":["Armaments","True Grit"],"picked":"Wild Strike+1","floor":36},{"not_picked":["Demon Form","Immolate+1"],"picked":"Exhume","floor":38},{"not_picked":["Rampage+1","Uppercut+1"],"picked":"Dark Embrace","floor":40},{"not_picked":["Havoc+1","Clash+1"],"picked":"Burning Pact","floor":41},{"not_picked":["Headbutt+1","Metallicize+1","Flex+1"],"picked":"SKIP","floor":42},{"not_picked":["Carnage+1","Clash+1"],"picked":"Power Through","floor":46},{"not_picked":["Fiend Fire+1","Rupture"],"picked":"Flame Barrier+1","floor":47},{"not_picked":["Wild Strike+1","Dropkick+1"],"picked":"Shrug It Off","floor":50},{"not_picked":["Sword Boomerang+1","Blood for Blood+1"],"picked":"Evolve","floor":51},{"not_picked":["Iron Wave+1","Evolve","Uppercut+1"],"picked":"SKIP","floor":52},{"not_picked":["Uppercut+1","Pommel Strike+1"],"picked":"Flame Barrier","floor":53},{"not_picked":["Sword Boomerang+1","Carnage+1","Headbutt+1"],"picked":"SKIP","floor":55},{"not_picked":["Heavy Blade+1","Thunderclap+1","Anger+1"],"picked":"SKIP","floor":56},{"not_picked":["Sword Boomerang+1","Warcry","Iron Wave+1"],"picked":"SKIP","floor":63}],"player_experience":2378640,"relics_obtained":[{"floor":8,"key":"Dota2Spire:EyeOfSkadi"},{"floor":9,"key":"Paper Frog"},{"floor":10,"key":"StrikeDummy"},{"floor":27,"key":"Lantern"},{"floor":29,"key":"Molten Egg 2"},{"floor":30,"key":"Akabeko"},{"floor":31,"key":"InkBottle"},{"floor":33,"key":"Torii"},{"floor":36,"key":"Dota2Spire:AssaultCuirass"},{"floor":36,"key":"Eternal Feather"},{"floor":47,"key":"Pear"},{"floor":48,"key":"Mummified Hand"},{"floor":50,"key":"Du-Vu Doll"},{"floor":51,"key":"Ginger"},{"floor":52,"key":"Dota2Spire:MagicBottle"},{"floor":56,"key":"Dota2Spire:AghanimScepter"},{"floor":63,"key":"Dota2Spire:ShadowBlade"}],"event_choices":[{"damage_healed":0.0,"max_hp_gain":0.0,"max_hp_loss":0.0,"gold_gain":0.0,"cards_transformed":["Strike_R"],"event_name":"Living Wall","player_choice":"Change","floor":2.0,"gold_loss":0.0,"damage_taken":0.0,"cards_obtained":["Offering"]},{"damage_healed":0.0,"max_hp_gain":0.0,"max_hp_loss":0.0,"gold_gain":0.0,"event_name":"Match and Keep!","player_choice":"0 cards matched","floor":3.0,"gold_loss":0.0,"damage_taken":0.0,"cards_obtained":[]},{"damage_healed":0.0,"max_hp_gain":0.0,"max_hp_loss":0.0,"gold_gain":63.0,"event_name":"Golden Wing","player_choice":"Gained Gold","floor":7.0,"gold_loss":0.0,"damage_taken":0.0},{"damage_healed":0,"gold_gain":0,"player_choice":"Bought 2 Potions","damage_taken":0,"max_hp_gain":0,"max_hp_loss":0,"event_name":"The Woman in Blue","floor":12,"gold_loss":0},{"damage_healed":0,"gold_gain":0,"player_choice":"Paid Fearfully","damage_taken":0,"max_hp_gain":0,"max_hp_loss":0,"event_name":"Masked Bandits","floor":35,"gold_loss":55},{"damage_healed":0,"gold_gain":0,"player_choice":"Fight","damage_taken":0,"max_hp_gain":0,"max_hp_loss":0,"event_name":"Colosseum","floor":36,"gold_loss":0},{"damage_healed":0,"gold_gain":0,"player_choice":"Fought Nobs","damage_taken":0,"max_hp_gain":0,"max_hp_loss":0,"event_name":"Colosseum","floor":36,"gold_loss":0},{"cards_removed":["Wild Strike"],"damage_healed":0,"gold_gain":0,"player_choice":"Removed Attack","damage_taken":0,"max_hp_gain":0,"max_hp_loss":0,"event_name":"Falling","floor":43,"gold_loss":0},{"damage_healed":0,"gold_gain":0,"player_choice":"Max HP","damage_taken":0,"max_hp_gain":0,"max_hp_loss":4,"event_name":"Winding Halls","floor":44,"gold_loss":0},{"damage_healed":0,"gold_gain":0,"player_choice":"Fight","damage_taken":0,"max_hp_gain":0,"max_hp_loss":0,"event_name":"MindBloom","floor":51,"gold_loss":0}],"is_beta":false,"boss_relics":[{"not_picked":["Black Star","Tiny House"],"picked":"SacredBark"},{"not_picked":["Runic Dome","SlaversCollar"],"picked":"Ectoplasm"},{"not_picked":["Dota2Spire:RefresherOrb","Busted Crown"],"picked":"Snecko Eye"}],"items_purged_floors":[],"is_endless":false,"potions_floor_spawned":[13,15,22,25,27,29,38,41,46,51,55],"ascension_level":20}}