{"host":"ifd7sfhtlbe34qll","time":1611965442,"event":{"mods":["2.2 Compatiblity","Act Like it!","BaseMod","Block Reminder","Colored Map","Curses Come First","Highlight Path","Minty Spire (QoL Compilation)","Potion Indicator Mod","Quick Restart","Random Character Button","Relic Stats","StSLib","SuperFastMode"],"gold_per_floor":[114,126,126,126,138,173,198,198,198,216,216,232,264,283,283,283,283],"floor_reached":16,"language":"ENG","playtime":458,"items_purged":[],"score":224,"play_id":"75a0efa5-22af-4235-ad6f-4fdfaa55feb2","local_time":"20210129181042","is_ascension_mode":true,"campfire_choices":[{"data":"Whirlwind","floor":8,"key":"SMITH"},{"data":"Blood for Blood","floor":11,"key":"SMITH"},{"data":"Demon Form","floor":15,"key":"SMITH"}],"circlet_count":0,"master_deck":["AscendersBane","Strike_R","Strike_R","Strike_R","Strike_R","Strike_R","Defend_R","Defend_R","Defend_R","Defend_R","Bash+1","Perfected Strike+1","Whirlwind+1","Blood for Blood+1","Reaper","Sword Boomerang","Anger","Demon Form+1","Battle Trance"],"relics":["Burning Blood","Blue Candle","Odd Mushroom","Gremlin Horn","Magic Flower"],"acts_visited":["Exordium"],"potions_floor_usage":[12,16],"damage_taken":[{"damage":9,"enemies":"Jaw Worm","floor":1,"turns":4},{"damage":0,"enemies":"Small Slimes","floor":2,"turns":2},{"damage":1,"enemies":"Cultist","floor":5,"turns":3},{"damage":31,"enemies":"Gremlin Nob","floor":6,"turns":4},{"damage":22,"enemies":"The Mushroom Lair","floor":7,"turns":4},{"damage":11,"enemies":"3 Louse","floor":10,"turns":3},{"damage":8,"enemies":"Blue Slaver","floor":12,"turns":2},{"damage":35,"enemies":"Lagavulin","floor":13,"turns":5},{"damage":13,"enemies":"Red Slaver","floor":14,"turns":4},{"damage":28,"enemies":"Slime Boss","floor":16,"turns":5}],"seed_played":"-6343720106574899834","potions_obtained":[{"floor":2,"key":"LiquidBronze"},{"floor":10,"key":"DuplicationPotion"},{"floor":13,"key":"Energy Potion"},{"floor":14,"key":"Swift Potion"}],"is_trial":false,"path_per_floor":["M","M","?","?","M","E","?","R","T","M","R","M","E","M","R","B"],"character_chosen":"IRONCLAD","items_purchased":[],"campfire_rested":0,"item_purchase_floors":[],"current_hp_per_floor":[65,71,71,76,80,55,47,47,47,54,54,52,23,25,25,0,0],"gold":283,"neow_bonus":"UPGRADE_CARD","is_daily":false,"chose_seed":false,"campfire_upgraded":3,"win_rate":0.0,"timestamp":1611965442,"path_taken":["M","M","?","?","M","E","?","R","T","?","R","M","E","M","R","BOSS"],"items_purchased_type":[],"build_version":"2020-12-22","purchased_purges":0,"victory":false,"max_hp_per_floor":[75,75,75,80,80,80,80,80,80,80,80,80,80,80,80,80,80],"relic_stats":{"Gremlin Horn":[2,2],"counters":[10,36],"Blue Candle":[0],"Magic Flower":[5],"obtain_stats":[{"Gremlin Horn":9,"Blue Candle":6,"Magic Flower":13,"Odd Mushroom":7,"Burning Blood":0},{"Gremlin Horn":5,"Blue Candle":4,"Magic Flower":8,"Odd Mushroom":5,"Burning Blood":0},{"Gremlin Horn":17,"Blue Candle":13,"Magic Flower":27,"Odd Mushroom":17,"Burning Blood":0}],"Burning Blood":56},"card_choices":[{"not_picked":["Clash","Havoc"],"picked":"Perfected Strike","floor":1},{"not_picked":["Headbutt","Thunderclap"],"picked":"Whirlwind","floor":2},{"not_picked":["Iron Wave","Rage"],"picked":"Blood for Blood","floor":5},{"not_picked":["Iron Wave","Flame Barrier"],"picked":"Reaper","floor":6},{"not_picked":["Flex","Body Slam"],"picked":"Sword Boomerang","floor":7},{"not_picked":["Searing Blow","Shrug It Off"],"picked":"Anger","floor":10},{"not_picked":["Clothesline","Entrench","Flex"],"picked":"SKIP","floor":12},{"not_picked":["Power Through","Carnage"],"picked":"Demon Form","floor":13},{"not_picked":["Clash","Anger"],"picked":"Battle Trance","floor":14}],"player_experience":1464507,"relics_obtained":[{"floor":6,"key":"Blue Candle"},{"floor":7,"key":"Odd Mushroom"},{"floor":9,"key":"Gremlin Horn"},{"floor":13,"key":"Magic Flower"}],"event_choices":[{"damage_healed":0,"gold_gain":0,"player_choice":"Grow","damage_taken":0,"max_hp_gain":0,"max_hp_loss":0,"event_name":"Living Wall","floor":3,"gold_loss":0,"cards_upgraded":["Perfected Strike"]},{"damage_healed":0,"gold_gain":0,"player_choice":"Donut","damage_taken":0,"max_hp_gain":5,"max_hp_loss":0,"event_name":"Big Fish","floor":4,"gold_loss":0},{"damage_healed":0,"gold_gain":0,"player_choice":"Fought Mushrooms","damage_taken":0,"max_hp_gain":0,"max_hp_loss":0,"event_name":"Mushrooms","floor":7,"gold_loss":0}],"is_beta":false,"boss_relics":[],"items_purged_floors":[],"is_endless":false,"potions_floor_spawned":[2,10,13,14],"killed_by":"Slime Boss","ascension_level":20}}