{"host":"2se5dq1do2gp0x9k","time":1611996472,"event":{"mods":["AchievementEnabler","BaseMod","Block Reminder","Colored Map","Colored Powertips","Minty Spire (QoL Compilation)","Relic Stats","StSLib","SuperFastMode"],"gold_per_floor":[119,143,143,6,6,47,60,93,116,153,90,102,130,142,154,166,166],"floor_reached":16,"language":"ENG","playtime":279,"items_purged":[],"score":266,"play_id":"770822e8-ecc7-4b30-b538-7ee5cdce4786","local_time":"20210130004752","is_ascension_mode":true,"campfire_choices":[{"data":"Hyperbeam","floor":12,"key":"SMITH"},{"data":"Leap","floor":15,"key":"SMITH"}],"circlet_count":0,"master_deck":["AscendersBane","Strike_B","Strike_B","Defend_B","Defend_B","Defend_B","Defend_B","Zap","Dualcast","Leap+1","Hello World","Hologram","Hyperbeam+1","Go for the Eyes","Stack+1","Hologram+1"],"relics":["Cracked Core","NeowsBlessing","Potion Belt","Golden Idol","Question Card","Toxic Egg 2","PreservedInsect","MawBank"],"acts_visited":["Exordium"],"potions_floor_usage":[8,16],"damage_taken":[{"damage":0,"enemies":"Cultist","floor":1,"turns":1},{"damage":0,"enemies":"3 Sentries","floor":6,"turns":2},{"damage":0,"enemies":"Jaw Worm","floor":7,"turns":1},{"damage":35,"enemies":"Lagavulin","floor":8,"turns":8},{"damage":2,"enemies":"2 Louse","floor":10,"turns":2},{"damage":3,"enemies":"Blue Slaver","floor":13,"turns":2},{"damage":16,"enemies":"Slime Boss","floor":16,"turns":4}],"seed_played":"-7130443943411290985","potions_obtained":[{"floor":6,"key":"Strength Potion"},{"floor":8,"key":"EssenceOfSteel"},{"floor":10,"key":"PotionOfCapacity"},{"floor":13,"key":"AttackPotion"}],"is_trial":false,"path_per_floor":["M","T","?","$","?","E","M","E","T","M","?","R","M","?","R","B"],"character_chosen":"DEFECT","items_purchased":["Hello World","Hologram"],"campfire_rested":0,"item_purchase_floors":[4,4],"current_hp_per_floor":[64,64,64,64,59,59,59,24,24,22,22,22,19,12,12,0,0],"gold":166,"neow_bonus":"THREE_ENEMY_KILL","is_daily":false,"chose_seed":false,"campfire_upgraded":2,"win_rate":0.0,"timestamp":1611996472,"path_taken":["M","?","?","$","?","E","?","E","T","M","?","R","M","?","R","BOSS"],"items_purchased_type":["Card","Card"],"build_version":"2020-12-22","purchased_purges":0,"victory":false,"max_hp_per_floor":[71,71,64,64,64,64,64,64,64,64,64,64,64,64,64,64,64],"relic_stats":{"counters":[7,20],"Golden Idol":26,"PreservedInsect":0,"Question Card":5,"MawBank":84,"obtain_stats":[{"Potion Belt":2,"NeowsBlessing":0,"Golden Idol":3,"PreservedInsect":8,"Toxic Egg 2":6,"Cracked Core":0,"Question Card":5,"MawBank":9},{"Potion Belt":1,"NeowsBlessing":0,"Golden Idol":1,"PreservedInsect":4,"Toxic Egg 2":2,"Cracked Core":0,"Question Card":1,"MawBank":4},{"Potion Belt":1,"NeowsBlessing":0,"Golden Idol":1,"PreservedInsect":12,"Toxic Egg 2":3,"Cracked Core":0,"Question Card":1,"MawBank":12}]},"card_choices":[{"not_picked":["Turbo","Force Field"],"picked":"Leap","floor":1},{"not_picked":["Steam Power+1","Go for the Eyes","Storm"],"picked":"Hyperbeam","floor":6},{"not_picked":["Barrage","Tempest+1","Steam+1","Compile Driver"],"picked":"SKIP","floor":7},{"not_picked":["Cold Snap","Stack+1","Turbo+1"],"picked":"Go for the Eyes","floor":8},{"not_picked":["Turbo+1","Heatsinks","Capacitor"],"picked":"Stack+1","floor":10},{"not_picked":["Sweeping Beam","Stack+1","Coolheaded+1"],"picked":"Hologram+1","floor":13}],"player_experience":3991043,"relics_obtained":[{"floor":2,"key":"Potion Belt"},{"floor":6,"key":"Toxic Egg 2"},{"floor":8,"key":"PreservedInsect"},{"floor":9,"key":"MawBank"}],"event_choices":[{"damage_healed":0,"gold_gain":0,"player_choice":"Lose Max HP","damage_taken":0,"relics_obtained":["Golden Idol"],"max_hp_gain":0,"max_hp_loss":7,"event_name":"Golden Idol","floor":3,"gold_loss":0},{"damage_healed":0,"gold_gain":0,"player_choice":"Success","damage_taken":5,"relics_obtained":["Question Card"],"max_hp_gain":0,"max_hp_loss":0,"event_name":"Scrap Ooze","floor":5,"gold_loss":0},{"cards_removed":["Strike_B"],"damage_healed":0,"gold_gain":0,"player_choice":"Card Removal","damage_taken":0,"max_hp_gain":0,"max_hp_loss":0,"event_name":"The Cleric","floor":11,"gold_loss":75},{"cards_removed":["Strike_B"],"damage_healed":0,"gold_gain":0,"player_choice":"Card Removal","damage_taken":7,"max_hp_gain":0,"max_hp_loss":0,"event_name":"Golden Wing","floor":14,"gold_loss":0}],"is_beta":false,"boss_relics":[],"items_purged_floors":[],"is_endless":false,"potions_floor_spawned":[6,8,10,13],"killed_by":"Slime Boss","ascension_level":20}}