{"host":"zsnmfqgcm92hlreo","time":1611975454,"event":{"mods":["AchievementEnabler","BaseMod","Bestiary","Block Reminder","Colored Powertips","Minty Spire (QoL Compilation)","Permanent Neow","Quick Restart","Relic Stats","Weighted Paths"],"gold_per_floor":[35,90,140,140,140,140,207,283,283,327,327,371,371,427,427,500,500,516,516,239,239,239,239],"floor_reached":22,"language":"ENG","playtime":821,"items_purged":["Strike_G"],"score":388,"play_id":"74841fcf-e386-47d8-9799-dfdf2b06d38b","local_time":"20210129205734","is_ascension_mode":true,"campfire_choices":[{"data":"HandOfGreed","floor":6.0,"key":"SMITH"},{"floor":11,"key":"REST"},{"floor":15,"key":"REST"}],"circlet_count":0,"master_deck":["AscendersBane","Strike_G","Strike_G","Strike_G","Defend_G","Defend_G","Defend_G","Defend_G","Defend_G","Survivor","Neutralize","HandOfGreed+1","Slice+1","Phantasmal Killer+1","Poisoned Stab","Caltrops","Cloak And Dagger","PiercingWail","Crippling Poison","Slice","Cloak And Dagger","After Image","Cloak And Dagger","Noxious Fumes","Ghostly","Ghostly","Ghostly"],"relics":["Ring of the Snake","Potion Belt","Tiny Chest","HornCleat","Snecko Eye","Enchiridion","TwistedFunnel"],"acts_visited":["Exordium","TheCity"],"potions_floor_usage":[16,16],"damage_taken":[{"damage":2.0,"enemies":"Jaw Worm","floor":1.0,"turns":3.0},{"damage":1.0,"enemies":"Small Slimes","floor":2.0,"turns":4.0},{"damage":0.0,"enemies":"2 Louse","floor":3.0,"turns":5.0},{"damage":24.0,"enemies":"Exordium Wildlife","floor":7.0,"turns":7.0},{"damage":20,"enemies":"3 Sentries","floor":8,"turns":9},{"damage":5,"enemies":"2 Fungi Beasts","floor":10,"turns":4},{"damage":7,"enemies":"Large Slime","floor":12,"turns":8},{"damage":14,"enemies":"Lagavulin","floor":14,"turns":6},{"damage":17,"enemies":"Hexaghost","floor":16,"turns":9},{"damage":6,"enemies":"3 Byrds","floor":18,"turns":4},{"damage":25,"enemies":"Spheric Guardian","floor":22,"turns":5}],"seed_played":"-6526400639212110537","potions_obtained":[{"floor":2.0,"key":"BlessingOfTheForge"},{"floor":3.0,"key":"SteroidPotion"},{"floor":8,"key":"Energy Potion"},{"floor":12,"key":"EntropicBrew"}],"is_trial":false,"path_per_floor":["M","M","M","?","?","R","M","E","T","M","R","M","?","E","R","B",null,"M","?","$","?","M"],"character_chosen":"THE_SILENT","items_purchased":["Noxious Fumes","TwistedFunnel"],"campfire_rested":2,"item_purchase_floors":[20,20],"current_hp_per_floor":[57,56,56,36,58,58,34,14,14,9,28,21,21,7,26,9,52,46,25,25,25,0,0],"gold":239,"neow_bonus":"RANDOM_COLORLESS_2","is_daily":false,"chose_seed":false,"campfire_upgraded":1,"win_rate":0.0,"timestamp":1611975454,"path_taken":["M","M","M","?","?","R","M","E","T","M","R","M","?","E","R","BOSS","M","?","$","?","M"],"items_purchased_type":["Card","Relic"],"build_version":"2020-12-22","purchased_purges":1,"victory":false,"max_hp_per_floor":[66,66,66,66,66,66,66,66,66,66,66,66,66,66,66,66,66,66,66,66,33,33,33],"relic_stats":{"counters":[11,64],"Snecko Eye":[15,16,20,14],"Tiny Chest":0,"obtain_stats":[{"Potion Belt":8,"TwistedFunnel":20,"HornCleat":14,"Snecko Eye":17,"Enchiridion":19,"Tiny Chest":9,"Ring of the Snake":0},{"Potion Belt":5,"TwistedFunnel":10,"HornCleat":8,"Snecko Eye":9,"Enchiridion":10,"Tiny Chest":5,"Ring of the Snake":0},{"Potion Belt":28,"TwistedFunnel":59,"HornCleat":46,"Snecko Eye":55,"Enchiridion":59,"Tiny Chest":28,"Ring of the Snake":0}],"Ring of the Snake":[22]},"card_choices":[{"not_picked":["Secret Weapon","Violence"],"picked":"HandOfGreed","floor":0.0},{"not_picked":["Calculated Gamble","Sucker Punch"],"picked":"Slice","floor":1.0},{"not_picked":["Sucker Punch","Calculated Gamble"],"picked":"Phantasmal Killer","floor":2.0},{"not_picked":["Predator","Prepared"],"picked":"Poisoned Stab","floor":3.0},{"not_picked":["Bane","Crippling Poison"],"picked":"Caltrops","floor":7},{"not_picked":["Escape Plan","Dagger Spray"],"picked":"Cloak And Dagger","floor":8},{"not_picked":["Bane","Distraction"],"picked":"PiercingWail","floor":10},{"not_picked":["PiercingWail","Quick Slash"],"picked":"Crippling Poison","floor":12},{"not_picked":["Sucker Punch","Heel Hook"],"picked":"Cloak And Dagger","floor":14},{"not_picked":["Wraith Form v2","A Thousand Cuts"],"picked":"After Image","floor":16},{"not_picked":["Reflex+1","Poisoned Stab"],"picked":"Cloak And Dagger","floor":18}],"player_experience":948295,"relics_obtained":[{"floor":8,"key":"Potion Belt"},{"floor":9,"key":"Tiny Chest"},{"floor":14,"key":"HornCleat"},{"floor":19,"key":"Enchiridion"}],"event_choices":[{"damage_healed":0.0,"max_hp_gain":0.0,"max_hp_loss":0.0,"gold_gain":0.0,"event_name":"Shining Light","player_choice":"Entered Light","floor":4.0,"gold_loss":0.0,"damage_taken":20.0,"cards_upgraded":["Phantasmal Killer","Slice"]},{"damage_healed":22.0,"max_hp_gain":0.0,"max_hp_loss":0.0,"gold_gain":0.0,"event_name":"Big Fish","player_choice":"Banana","floor":5.0,"gold_loss":0.0,"damage_taken":0.0},{"damage_healed":0,"gold_gain":0,"cards_transformed":["Strike_G"],"player_choice":"Change","damage_taken":0,"max_hp_gain":0,"max_hp_loss":0,"event_name":"Living Wall","floor":13,"gold_loss":0,"cards_obtained":["Slice"]},{"damage_healed":0,"gold_gain":0,"player_choice":"Obtained Book","damage_taken":21,"max_hp_gain":0,"max_hp_loss":0,"event_name":"Cursed Tome","floor":19,"gold_loss":0},{"damage_healed":0,"gold_gain":0,"player_choice":"Became a Ghost","damage_taken":0,"max_hp_gain":0,"max_hp_loss":33,"event_name":"Ghosts","floor":21,"gold_loss":0,"cards_obtained":["Ghostly","Ghostly","Ghostly"]}],"is_beta":false,"boss_relics":[{"not_picked":["Empty Cage","Coffee Dripper"],"picked":"Snecko Eye"}],"items_purged_floors":[20],"is_endless":false,"potions_floor_spawned":[2,3,8,12],"killed_by":"Spheric Guardian","ascension_level":20}}