{"host":"8lno9xwgef3sjccz","time":1611974132,"event":{"mods":["AchievementEnabler","BaseMod","Minty Spire (QoL Compilation)","Relic Stats"],"gold_per_floor":[116,133,146,156,167,167,196,196,222,241,241,274,40,73,73,176,176,194,207,97,110,135,170,170,170,170],"floor_reached":25,"language":"ENG","playtime":1497,"items_purged":["Strike_G"],"score":281,"play_id":"7aac6571-d342-4d71-8522-1719db2a2115","local_time":"20210129213532","is_ascension_mode":true,"campfire_choices":[{"data":"Calculated Gamble","floor":6,"key":"SMITH"},{"data":"Blur","floor":8,"key":"SMITH"},{"data":"Footwork","floor":11,"key":"SMITH"},{"data":"Catalyst","floor":15,"key":"SMITH"},{"data":"Noxious Fumes","floor":24,"key":"SMITH"}],"circlet_count":0,"master_deck":["Strike_G","Strike_G","Strike_G","Strike_G","Defend_G","Defend_G","Defend_G","Defend_G","Defend_G","Survivor","Neutralize","Malaise","Deadly Poison","Backflip","Deflect","Bane","Calculated Gamble+1","Blur+1","Footwork+1","Dagger Throw","Catalyst+1","Blur+1","Flying Knee","Wraith Form v2","CurseOfTheBell","Leg Sweep","Outmaneuver","Noxious Fumes+1","PiercingWail","Concentrate+1"],"relics":["Ring of the Snake","Vajra","Snake Skull","Blood Vial","DollysMirror","Bag of Preparation","Calling Bell","Oddly Smooth Stone","Blue Candle","Dead Branch","Red Mask","Bird Faced Urn"],"acts_visited":["Exordium","TheCity"],"potions_floor_usage":[7,7,7,16,23],"damage_taken":[{"damage":0,"enemies":"2 Louse","floor":1,"turns":3},{"damage":6,"enemies":"Small Slimes","floor":2,"turns":5},{"damage":0,"enemies":"Jaw Worm","floor":3,"turns":4},{"damage":2,"enemies":"3 Louse","floor":4,"turns":7},{"damage":0,"enemies":"Exordium Wildlife","floor":5,"turns":5},{"damage":12,"enemies":"Gremlin Nob","floor":7,"turns":5},{"damage":2,"enemies":"Blue Slaver","floor":10,"turns":4},{"damage":0,"enemies":"Lagavulin","floor":12,"turns":7},{"damage":6,"enemies":"Gremlin Nob","floor":14,"turns":4},{"damage":3,"enemies":"The Guardian","floor":16,"turns":11},{"damage":20,"enemies":"3 Byrds","floor":18,"turns":8},{"damage":0,"enemies":"Chosen","floor":19,"turns":4},{"damage":6,"enemies":"Centurion and Healer","floor":21,"turns":10},{"damage":19,"enemies":"Masked Bandits","floor":22,"turns":5},{"damage":18,"enemies":"Book of Stabbing","floor":23,"turns":6},{"damage":21,"enemies":"Gremlin Leader","floor":25,"turns":3}],"seed_played":"6235436454166873548","potions_obtained":[{"floor":3,"key":"AttackPotion"},{"floor":4,"key":"Block Potion"},{"floor":5,"key":"PowerPotion"},{"floor":7,"key":"Explosive Potion"},{"floor":12,"key":"SpeedPotion"},{"floor":21,"key":"AttackPotion"},{"floor":23,"key":"Strength Potion"}],"is_trial":false,"path_per_floor":["M","M","M","M","M","R","E","R","T","M","R","E","$","E","R","B",null,"M","M","$","M","?","E","R","E"],"character_chosen":"THE_SILENT","items_purchased":["Catalyst","DollysMirror","Noxious Fumes"],"campfire_rested":0,"item_purchase_floors":[13,13,20],"current_hp_per_floor":[70,64,64,62,62,62,50,50,50,48,48,48,48,44,44,43,70,50,52,52,48,31,15,15,0,0],"gold":170,"neow_bonus":"ONE_RANDOM_RARE_CARD","is_daily":false,"chose_seed":false,"campfire_upgraded":5,"win_rate":0.0,"timestamp":1611974132,"path_taken":["M","M","M","M","M","R","E","R","T","M","R","E","$","E","R","BOSS","M","M","$","M","?","E","R","E"],"items_purchased_type":["Card","Relic","Card"],"build_version":"2020-12-22","purchased_purges":1,"victory":false,"max_hp_per_floor":[70,70,70,70,70,70,70,70,70,70,70,70,70,70,70,70,70,70,70,70,70,70,70,70,70,70],"relic_stats":{"Blood Vial":14,"counters":[16,91],"Blue Candle":[0],"Dead Branch":[11],"Bird Faced Urn":[2],"Snake Skull":[58],"Bag of Preparation":[14],"obtain_stats":[{"Blood Vial":12,"Calling Bell":17,"DollysMirror":13,"Blue Candle":17,"Dead Branch":17,"Bird Faced Urn":23,"Vajra":7,"Oddly Smooth Stone":17,"Snake Skull":9,"Bag of Preparation":14,"Red Mask":22,"Ring of the Snake":0},{"Blood Vial":8,"Calling Bell":10,"DollysMirror":8,"Blue Candle":10,"Dead Branch":10,"Bird Faced Urn":15,"Vajra":6,"Oddly Smooth Stone":10,"Snake Skull":6,"Bag of Preparation":9,"Red Mask":14,"Ring of the Snake":0},{"Blood Vial":40,"Calling Bell":55,"DollysMirror":40,"Blue Candle":55,"Dead Branch":55,"Bird Faced Urn":88,"Vajra":29,"Oddly Smooth Stone":55,"Snake Skull":29,"Bag of Preparation":44,"Red Mask":82,"Ring of the Snake":0}],"Ring of the Snake":[32]},"card_choices":[{"not_picked":["Skewer","Flechettes"],"picked":"Deadly Poison","floor":1},{"not_picked":["Infinite Blades","Cloak And Dagger"],"picked":"Backflip","floor":2},{"not_picked":["All Out Attack","Distraction"],"picked":"Deflect","floor":3},{"not_picked":["Predator","Quick Slash"],"picked":"Bane","floor":4},{"not_picked":["Slice","Cloak And Dagger"],"picked":"Calculated Gamble","floor":5},{"not_picked":["Outmaneuver","Slice"],"picked":"Blur","floor":7},{"not_picked":["Dagger Spray","After Image"],"picked":"Footwork","floor":10},{"not_picked":["Calculated Gamble","Reflex"],"picked":"Dagger Throw","floor":12},{"not_picked":["Outmaneuver","Underhanded Strike"],"picked":"Flying Knee","floor":14},{"not_picked":["Phantasmal Killer","Envenom"],"picked":"Wraith Form v2","floor":16},{"not_picked":["Dagger Throw","Deadly Poison"],"picked":"Leg Sweep","floor":18},{"not_picked":["Dagger Throw","Dodge and Roll"],"picked":"Outmaneuver","floor":19},{"not_picked":["Dash","Distraction"],"picked":"PiercingWail","floor":21},{"not_picked":["Sucker Punch","Dagger Throw"],"picked":"Concentrate+1","floor":22},{"not_picked":["Dagger Throw","Skewer","Bane"],"picked":"SKIP","floor":23}],"player_experience":62962,"relics_obtained":[{"floor":7,"key":"Vajra"},{"floor":9,"key":"Snake Skull"},{"floor":12,"key":"Blood Vial"},{"floor":14,"key":"Bag of Preparation"},{"floor":17,"key":"Oddly Smooth Stone"},{"floor":17,"key":"Blue Candle"},{"floor":17,"key":"Dead Branch"},{"floor":22,"key":"Red Mask"},{"floor":23,"key":"Bird Faced Urn"}],"event_choices":[{"damage_healed":0,"gold_gain":0,"player_choice":"Fought Bandits","damage_taken":0,"max_hp_gain":0,"max_hp_loss":0,"event_name":"Masked Bandits","floor":22,"gold_loss":0}],"is_beta":false,"boss_relics":[{"not_picked":["Coffee Dripper","Empty Cage"],"picked":"Calling Bell"}],"items_purged_floors":[20],"is_endless":false,"potions_floor_spawned":[3,4,5,7,12,21,23],"killed_by":"Gremlin Leader","ascension_level":1}}