{"host":"0buepsujecqpt684","time":1611993545,"event":{"mods":["AchievementEnabler","AlwaysNeverKeys","BaseMod","Bestiary","Better Altar","Better Match","Better Note","Better Sensory Stone","Better Skull","Better Third Choice","Better-Laid Plans","Dota2Spire","Downfall","GifTheSpireLib","GungeonMod","Hyrulean Relics","Ironclad Rager","Minty Spire (QoL Compilation)","Reliquary","Spicy Shops","StSLib","The Wild Card","Treasure Hunter"],"gold_per_floor":[118,129,146,79,79,107,107,124,193,193,208,208,208],"floor_reached":12,"language":"ENG","playtime":808,"items_purged":[],"score":80,"play_id":"dca60fa5-ae2f-40e7-b4e7-fa088f6c5f59","local_time":"20210130025905","is_ascension_mode":false,"campfire_choices":[{"floor":7,"key":"REST"},{"floor":10,"key":"REST"}],"circlet_count":0,"master_deck":["Strike_B","Strike_B","Strike_B","Strike_B","Defend_B","Defend_B","Defend_B","Defend_B","Zap","Dualcast","Defragment","Barrage","Coolheaded","Creative AI+1","Leap","Chaos"],"relics":["Cracked Core","NeowsBlessing","White Beast Statue","Dota2Spire:EtherealBlade","DemoMod:GlassGuonStoneRelic"],"acts_visited":["Exordium"],"potions_floor_usage":[11,11],"damage_taken":[{"damage":0,"enemies":"Cultist","floor":1,"turns":1},{"damage":0,"enemies":"Small Slimes","floor":2,"turns":1},{"damage":0,"enemies":"Jaw Worm","floor":3,"turns":1},{"damage":64,"enemies":"Gremlin Nob","floor":6,"turns":7},{"damage":32,"enemies":"Gremlin Gang","floor":8,"turns":4},{"damage":21,"enemies":"Exordium Wildlife","floor":11,"turns":6},{"damage":8,"enemies":"3 Sentries","floor":12,"turns":1}],"seed_played":"-2290955979877512515","potions_obtained":[{"floor":3,"key":"bronze:BurnAndBuffPotion"},{"floor":6,"key":"Energy Potion"},{"floor":8,"key":"bronze:BurnAndBuffPotion"},{"floor":11,"key":"PotionOfCapacity"}],"is_trial":false,"path_per_floor":["M","M","M","$","?","E","R","M","T","R","M","E"],"character_chosen":"DEFECT","items_purchased":["Creative AI"],"campfire_rested":2,"item_purchase_floors":[4],"current_hp_per_floor":[75,75,75,75,75,11,33,1,1,23,2,0,0],"gold":208,"neow_bonus":"THREE_ENEMY_KILL","is_daily":false,"chose_seed":false,"campfire_upgraded":0,"win_rate":0.0,"timestamp":1611993545,"path_taken":["M","?","M","$","?","E","R","M","T","R","?","E"],"items_purchased_type":["Card"],"build_version":"2020-12-22","purchased_purges":0,"victory":false,"max_hp_per_floor":[75,75,75,75,75,75,75,75,75,75,75,75,75],"card_choices":[{"not_picked":["Cold Snap","Barrage"],"picked":"Defragment","floor":1},{"not_picked":["Go for the Eyes","Streamline"],"picked":"Barrage","floor":2},{"not_picked":["Go for the Eyes","Defragment"],"picked":"Coolheaded","floor":3},{"not_picked":["Turbo","Skim"],"picked":"Leap","floor":6},{"not_picked":["TH:ElvenBoots","TH:CursedSword"],"picked":"SKIP","floor":6},{"not_picked":["Darkness","Streamline"],"picked":"Chaos","floor":8},{"not_picked":["TH:ElvenBoots","TH:CursedSword"],"picked":"SKIP","floor":9},{"not_picked":["Cold Snap","FTL","Undo"],"picked":"SKIP","floor":11}],"player_experience":280395,"relics_obtained":[{"floor":6,"key":"White Beast Statue"},{"floor":9,"key":"Dota2Spire:EtherealBlade"}],"event_choices":[{"damage_healed":0,"gold_gain":0,"player_choice":"Forge","damage_taken":0,"max_hp_gain":0,"max_hp_loss":0,"event_name":"Accursed Blacksmith","floor":5,"gold_loss":0,"cards_upgraded":["Creative AI"]}],"is_beta":false,"boss_relics":[],"items_purged_floors":[],"is_endless":false,"potions_floor_spawned":[3,6,8,11],"killed_by":"3 Sentries","ascension_level":0}}