{"host":"6zvpb25n18ixfmh8","time":1611985683,"event":{"mods":["Arknights The Spire","Aspiration","BaseMod","Beaked The Cultist","Bestiary","Better Skull","Better Vampires","Colored Map","Colored Powertips","Conspire","Downfall","Energized Spire","Hermit","Hubris","Infinite Spire","Minty Spire (QoL Compilation)","Quick Restart","Replay The Spire","Robot Space Explorer","Spicy Shops","StSLib","The Animator","The Construct","The Cursed","The Marked","The Servant 0.9.4","everything is the same but u backflip on backflip","slay the spire mod where everything is the same but ironclad has a cowboy hat"],"gold_per_floor":[131,149,219,273,373,401,401,412,439,439,454,454,465,475,475,475,475],"floor_reached":16,"language":"ENG","playtime":1465,"items_purged":[],"score":102,"play_id":"b7c1cb12-afed-48c0-9e92-b01453b8230a","local_time":"20210129234803","is_ascension_mode":false,"campfire_choices":[{"floor":7,"key":"REST"},{"data":"animator:Vesta","floor":10,"key":"SMITH"},{"data":"animator:GazelDwargon","floor":12,"key":"SMITH"},{"floor":15,"key":"REST"}],"circlet_count":0,"master_deck":["animator:Strike_TenSura","animator:Defend_TenSura","animator:Strike","animator:Strike","animator:Strike","animator:Defend","animator:Defend","animator:Defend","animator:Benimaru","animator:Shuna","animator:Vesta+1","animator:CrowleyEusford","animator:Tatsumaki","animator:GazelDwargon+1","animator:Genos","animator:KyokoSakura"],"relics":["animator:LivingPicture","animator:TheMissingPiece","Champion Belt","Pet Ghost","Meat on the Bone","PreservedInsect"],"acts_visited":["Exordium"],"potions_floor_usage":[6,16],"damage_taken":[{"damage":9,"enemies":"Jaw Worm","floor":1,"turns":4},{"damage":0,"enemies":"Small Slimes","floor":2,"turns":4},{"damage":14,"enemies":"Lagavulin","floor":6,"turns":6},{"damage":0,"enemies":"Cultist","floor":8,"turns":3},{"damage":4,"enemies":"3 Louse","floor":11,"turns":4},{"damage":22,"enemies":"Exordium Wildlife","floor":13,"turns":4},{"damage":10,"enemies":"Lots of Slimes","floor":14,"turns":2},{"damage":56,"enemies":"Slime Boss","floor":16,"turns":7}],"seed_played":"2341456861215591188","potions_obtained":[{"floor":2,"key":"DuplicationPotion"},{"floor":6,"key":"Elixir"},{"floor":14,"key":"SkillPotion"}],"is_trial":false,"path_per_floor":["M","M","?","T","?","E","R","M","T","R","M","R","M","M","R","B"],"character_chosen":"THE_ANIMATOR","items_purchased":[],"campfire_rested":2,"item_purchase_floors":[],"current_hp_per_floor":[39,39,39,39,39,25,44,45,45,45,41,41,31,33,53,0,0],"gold":475,"neow_bonus":"ONE_RARE_RELIC","is_daily":false,"chose_seed":false,"campfire_upgraded":2,"win_rate":0.0,"timestamp":1611985683,"path_taken":["M","M","?","?","?","E","R","M","T","R","M","R","M","?","R","BOSS"],"items_purchased_type":[],"build_version":"2020-12-22","purchased_purges":0,"victory":false,"max_hp_per_floor":[66,66,66,66,66,66,66,67,67,67,67,67,67,67,67,67,67],"card_choices":[{"not_picked":["animator:UneriGinkaku","animator:Shigure"],"picked":"animator:Vesta","floor":1},{"not_picked":["animator:Pride","animator:Konayuki"],"picked":"animator:CrowleyEusford","floor":2},{"not_picked":["animator:ElricAlphonse","animator:Entoma"],"picked":"animator:Tatsumaki","floor":6},{"not_picked":["animator:Benimaru","animator:Souei"],"picked":"animator:GazelDwargon","floor":8},{"not_picked":["animator:Togame","animator:OrikoMikuni"],"picked":"animator:Genos","floor":11},{"not_picked":["animator:NarberalGamma","animator:YuiTsuruno"],"picked":"animator:KyokoSakura","floor":13},{"not_picked":["animator:Yoichi","animator:Tatsumaki","animator:WinryRockbell"],"picked":"SKIP","floor":14}],"player_experience":193323,"relics_obtained":[{"floor":4,"key":"Pet Ghost"},{"floor":6,"key":"Meat on the Bone"},{"floor":9,"key":"PreservedInsect"}],"event_choices":[{"damage_healed":0,"gold_gain":70,"player_choice":"Gained Gold","damage_taken":0,"max_hp_gain":0,"max_hp_loss":0,"event_name":"Golden Wing","floor":3,"gold_loss":0},{"damage_healed":0,"gold_gain":100,"player_choice":"Pray","damage_taken":0,"max_hp_gain":0,"max_hp_loss":0,"event_name":"Golden Shrine","floor":5,"gold_loss":0}],"is_beta":false,"boss_relics":[],"items_purged_floors":[],"is_endless":false,"potions_floor_spawned":[2,6,14],"killed_by":"Slime Boss","ascension_level":0}}