{"host":"6rz02yiipefhcw4r","time":1611987139,"event":{"mods":["2.2 Compatiblity","BaseMod","Block Reminder","Colored Map","Curses Come First","DeckTracker","Googly Eyes","Minty Spire (QoL Compilation)","Quick Restart","Rare Cards Sparkle","StSLib"],"gold_per_floor":[117,133,133,153,171,205,220,247,271,290,303,303,334,409,409,483,483,483,483,483,483,483,483,483,483,483,483,433,21,21,21,21,21,21,21,21,21,21,21,21,21,21,21,21,21],"floor_reached":44,"language":"ENG","playtime":1988,"items_purged":["Defend_R"],"score":1083,"play_id":"f17160b0-261a-433d-921c-90ef0b26730d","local_time":"20210130041219","is_ascension_mode":true,"campfire_choices":[{"floor":12,"key":"REST"},{"data":"Bludgeon","floor":15,"key":"SMITH"},{"data":"Combust","floor":23,"key":"SMITH"},{"floor":27,"key":"REST"},{"data":"Shockwave","floor":32,"key":"SMITH"},{"floor":40,"key":"REST"}],"circlet_count":0,"master_deck":["AscendersBane","Bash","Bludgeon+1","Combust+1","Thunderclap","Feed","Shrug It Off","Shrug It Off","Exhume","Iron Wave","Shockwave+1","Offering","Offering","Rage+1","Impervious","Clothesline","Combust+1","Metallicize","Blind","Rupture","Pommel Strike","Infernal Blade","Sentinel","Power Through","Spot Weakness","Intimidate","Demon Form","Shrug It Off","Spot Weakness+1","Battle Trance","True Grit+1","Rupture+1","True Grit"],"relics":["Burning Blood","Blue Candle","TungstenRod","Regal Pillow","Nunchaku","Ectoplasm","Lantern","Ancient Tea Set","DollysMirror","Pen Nib","Pandora\u0027s Box","Girya","Gremlin Horn"],"acts_visited":["Exordium","TheCity","TheBeyond"],"potions_floor_usage":[11,13,31,39,42,42],"damage_taken":[{"damage":6.0,"enemies":"Cultist","floor":1.0,"turns":3.0},{"damage":12.0,"enemies":"Jaw Worm","floor":2.0,"turns":2.0},{"damage":0.0,"enemies":"Small Slimes","floor":4.0,"turns":2.0},{"damage":7.0,"enemies":"Looter","floor":5.0,"turns":3.0},{"damage":24.0,"enemies":"Lagavulin","floor":6.0,"turns":5.0},{"damage":25.0,"enemies":"Lots of Slimes","floor":7.0,"turns":4.0},{"damage":21.0,"enemies":"Gremlin Nob","floor":8.0,"turns":4.0},{"damage":6.0,"enemies":"Exordium Wildlife","floor":10.0,"turns":5.0},{"damage":11,"enemies":"Blue Slaver","floor":11,"turns":7},{"damage":11,"enemies":"3 Sentries","floor":13,"turns":6},{"damage":55,"enemies":"Hexaghost","floor":16,"turns":9},{"damage":10,"enemies":"Shell Parasite","floor":18,"turns":2},{"damage":5,"enemies":"3 Byrds","floor":20,"turns":4},{"damage":10,"enemies":"Snake Plant","floor":21,"turns":6},{"damage":18,"enemies":"Shelled Parasite and Fungi","floor":22,"turns":5},{"damage":33,"enemies":"Book of Stabbing","floor":24,"turns":5},{"damage":15,"enemies":"Sentry and Sphere","floor":25,"turns":4},{"damage":14,"enemies":"Gremlin Leader","floor":30,"turns":4},{"damage":5,"enemies":"3 Cultists","floor":31,"turns":2},{"damage":48,"enemies":"Champ","floor":33,"turns":8},{"damage":13,"enemies":"Orb Walker","floor":35,"turns":4},{"damage":29,"enemies":"3 Darklings","floor":36,"turns":4},{"damage":41,"enemies":"Maw","floor":37,"turns":7},{"damage":5,"enemies":"Mind Bloom Boss Battle","floor":39,"turns":10},{"damage":21,"enemies":"Sphere and 2 Shapes","floor":41,"turns":7},{"damage":59,"enemies":"Giant Head","floor":42,"turns":8},{"damage":0,"enemies":"Jaw Worm Horde","floor":44,"turns":1}],"seed_played":"6464881519243577206","potions_obtained":[{"floor":1.0,"key":"Weak Potion"},{"floor":2.0,"key":"FearPotion"},{"floor":7.0,"key":"SteroidPotion"},{"floor":10.0,"key":"GamblersBrew"},{"floor":13,"key":"FairyPotion"},{"floor":20,"key":"Energy Potion"},{"floor":21,"key":"ColorlessPotion"},{"floor":22,"key":"SteroidPotion"},{"floor":25,"key":"BloodPotion"},{"floor":30,"key":"AttackPotion"},{"floor":33,"key":"AttackPotion"},{"floor":36,"key":"Strength Potion"},{"floor":37,"key":"DuplicationPotion"},{"floor":41,"key":"Energy Potion"}],"is_trial":false,"path_per_floor":["M","M","?","M","M","E","M","E","T","M","M","R","E","?","R","B",null,"M","?","M","M","M","R","E","M","T","R","?","$","E","M","R","B",null,"M","M","M","$","?","R","M","E","T","M"],"character_chosen":"IRONCLAD","items_purchased":["DollysMirror","Metallicize","Blind"],"campfire_rested":3,"item_purchase_floors":[29,29,29],"current_hp_per_floor":[68,62,62,68,67,52,36,21,21,27,25,64,62,52,52,31,72,68,68,69,65,56,56,32,23,23,65,65,65,57,61,61,19,76,69,46,14,14,15,59,44,10,10,10,10],"gold":21,"neow_bonus":"THREE_RARE_CARDS","is_daily":false,"chose_seed":false,"campfire_upgraded":3,"win_rate":0.0,"timestamp":1611987139,"path_taken":["M","?","?","M","M","E","M","E","T","M","?","R","E","?","R","BOSS","M","?","?","M","M","R","E","M","T","R","?","$","E","M","R","BOSS","M","?","M","$","?","R","M","E","T","M"],"items_purchased_type":["Relic","Card","Card"],"build_version":"2020-12-22","purchased_purges":1,"victory":false,"max_hp_per_floor":[68,68,68,68,68,71,74,74,74,80,83,83,86,86,86,86,86,86,86,86,86,89,89,92,92,92,92,92,92,92,95,95,95,95,95,95,98,98,98,98,98,98,98,98,98],"card_choices":[{"not_picked":["Impervious","Exhume"],"picked":"Bludgeon","floor":0.0},{"not_picked":["Sever Soul","Second Wind"],"picked":"Combust","floor":1.0},{"not_picked":["Armaments","Rage"],"picked":"Thunderclap","floor":2.0},{"not_picked":["Clash","Headbutt","Cleave"],"picked":"SKIP","floor":4.0},{"not_picked":["Rampage","Twin Strike"],"picked":"Feed","floor":5.0},{"not_picked":["Hemokinesis","Perfected Strike"],"picked":"Shrug It Off","floor":6.0},{"not_picked":["Heavy Blade","Iron Wave"],"picked":"Shrug It Off","floor":7.0},{"not_picked":["Sentinel","Pommel Strike"],"picked":"Exhume","floor":8.0},{"not_picked":["Body Slam","Cleave"],"picked":"Iron Wave","floor":10.0},{"not_picked":["Whirlwind","Dropkick"],"picked":"Shockwave","floor":11},{"not_picked":["Havoc","Iron Wave"],"picked":"Offering","floor":13},{"not_picked":["Feed","Demon Form"],"picked":"Offering","floor":16},{"not_picked":["Thunderclap","Hemokinesis+1","Perfected Strike"],"picked":"SKIP","floor":18},{"not_picked":["Intimidate","Iron Wave"],"picked":"Rage+1","floor":20},{"not_picked":["Pummel","Sword Boomerang","Thunderclap"],"picked":"SKIP","floor":21},{"not_picked":["Dropkick","Sever Soul","Power Through"],"picked":"SKIP","floor":22},{"not_picked":["Thunderclap","Dropkick"],"picked":"Impervious","floor":24},{"not_picked":["Whirlwind","Wild Strike+1"],"picked":"Clothesline","floor":25},{"not_picked":["Perfected Strike","Body Slam"],"picked":"Rupture","floor":30},{"not_picked":["Dropkick","Whirlwind"],"picked":"Pommel Strike","floor":31},{"not_picked":["Hemokinesis","Feel No Pain"],"picked":"Shrug It Off","floor":35},{"not_picked":["Flex","Shrug It Off+1"],"picked":"Spot Weakness+1","floor":36},{"not_picked":["Anger","Headbutt"],"picked":"Battle Trance","floor":37},{"not_picked":["Perfected Strike","Spot Weakness"],"picked":"True Grit+1","floor":39},{"not_picked":["Dropkick","Havoc"],"picked":"Rupture+1","floor":41},{"not_picked":["Fire Breathing","Pommel Strike"],"picked":"True Grit","floor":42}],"player_experience":760238,"relics_obtained":[{"floor":6.0,"key":"Blue Candle"},{"floor":8.0,"key":"TungstenRod"},{"floor":9.0,"key":"Regal Pillow"},{"floor":13,"key":"Nunchaku"},{"floor":24,"key":"Lantern"},{"floor":26,"key":"Ancient Tea Set"},{"floor":30,"key":"Pen Nib"},{"floor":39,"key":"Girya"},{"floor":42,"key":"Gremlin Horn"}],"event_choices":[{"cards_removed":["Strike_R"],"damage_healed":0.0,"max_hp_gain":0.0,"max_hp_loss":0.0,"gold_gain":0.0,"event_name":"Purifier","player_choice":"Purged","floor":3.0,"gold_loss":0.0,"damage_taken":0.0},{"damage_healed":0,"gold_gain":75,"player_choice":"Gather Gold","damage_taken":11,"max_hp_gain":0,"max_hp_loss":0,"event_name":"World of Goop","floor":14,"gold_loss":0},{"cards_removed":["Strike_R"],"damage_healed":0,"gold_gain":0,"player_choice":"Purged","damage_taken":0,"max_hp_gain":0,"max_hp_loss":0,"event_name":"Purifier","floor":19,"gold_loss":0},{"damage_healed":0,"gold_gain":0,"player_choice":"Bet on Owner","damage_taken":0,"max_hp_gain":0,"max_hp_loss":0,"event_name":"The Joust","floor":28,"gold_loss":50},{"damage_healed":0,"gold_gain":0,"player_choice":"Fight","damage_taken":0,"max_hp_gain":0,"max_hp_loss":0,"event_name":"MindBloom","floor":39,"gold_loss":0}],"is_beta":false,"boss_relics":[{"not_picked":["SacredBark","Black Blood"],"picked":"Ectoplasm"},{"not_picked":["Coffee Dripper","Tiny House"],"picked":"Pandora\u0027s Box"}],"items_purged_floors":[29],"is_endless":false,"potions_floor_spawned":[1,2,7,10,13,20,21,22,25,30,33,36,37,41],"killed_by":"Jaw Worm Horde","ascension_level":20}}