{"host":"aqym1xxr3lb31d9m","time":1611985204,"event":{"mods":["BaseMod","Block Reminder","Colored Map","Colored Powertips","DeckTracker","Highlight Path","Minty Spire (QoL Compilation)","Quick Restart","Random Character Button","StSLib","SuperFastMode","UnlockEverythingMod"],"gold_per_floor":[117,60,75,75,75,75,105,122,122,133,159,159,192,203,203,280,280,300,316,326,326,326,343,343,371,371,133,143,143,17,31,31,108,108,122,139,189,189,204,204,230,230,230,230,280,294,324,340,340,340,340,340,340,0,33,33],"floor_reached":57,"language":"JPN","playtime":4573,"items_purged":["Normality","Pain","Normality"],"score":2714,"play_id":"a3e8e8d3-2750-45e7-8b59-d3dec7405144","local_time":"20210130144004","is_ascension_mode":true,"campfire_choices":[{"data":"Streamline","floor":6,"key":"SMITH"},{"data":"Fission","floor":12,"key":"SMITH"},{"floor":15,"key":"REST"},{"data":"Sunder","floor":24,"key":"SMITH"},{"data":"Glacier","floor":29,"key":"SMITH"},{"floor":32,"key":"REST"},{"floor":40,"key":"RECALL"},{"floor":44,"key":"REST"},{"floor":49,"key":"REST"},{"floor":53,"key":"REST"}],"circlet_count":0,"master_deck":["AscendersBane","Strike_B+1","Strike_B+1","Strike_B+1","Strike_B+1","Defend_B+1","Defend_B+1","Defend_B+1","Defend_B+1","Zap","Dualcast","Tempest","Streamline+1","Ball Lightning","Echo Form","Sunder+1","Loop+1","Fission+1","Chill","Glacier+1","Rainbow","Hologram","Coolheaded","Hologram","Shame","Sunder+1","Hologram","Cold Snap","Capacitor+1","Echo Form+1","Self Repair+1","Hologram","Skim","Hologram","Defragment+1","Apotheosis","Panacea","Defragment+1","Compile Driver","Loop+1","Defragment+1"],"relics":["Cursed Key","WarpedTongs","Gambling Chip","Frozen Egg 2","Happy Flower","Calipers","Snecko Eye","Red Mask","Meat on the Bone","DollysMirror","Fusion Hammer","WingedGreaves","Unceasing Top","DataDisk","Anchor","Shuriken"],"acts_visited":["Exordium","TheCity","TheBeyond","TheEnding"],"potions_floor_usage":[11,13,16,20,47,56,56],"damage_taken":[{"damage":2.0,"enemies":"2 Louse","floor":1.0,"turns":3.0},{"damage":1,"enemies":"Cultist","floor":3,"turns":3},{"damage":21,"enemies":"3 Sentries","floor":7,"turns":6},{"damage":8,"enemies":"Jaw Worm","floor":8,"turns":4},{"damage":0,"enemies":"3 Louse","floor":10,"turns":2},{"damage":8,"enemies":"Lagavulin","floor":11,"turns":4},{"damage":2,"enemies":"Gremlin Nob","floor":13,"turns":2},{"damage":7,"enemies":"Exordium Thugs","floor":14,"turns":3},{"damage":35,"enemies":"Slime Boss","floor":16,"turns":9},{"damage":15,"enemies":"Shell Parasite","floor":18,"turns":5},{"damage":2,"enemies":"Chosen","floor":19,"turns":3},{"damage":10,"enemies":"Shelled Parasite and Fungi","floor":20,"turns":3},{"damage":15,"enemies":"Snake Plant","floor":23,"turns":5},{"damage":5,"enemies":"Masked Bandits","floor":25,"turns":2},{"damage":4,"enemies":"Snecko","floor":28,"turns":3},{"damage":0,"enemies":"Shelled Parasite and Fungi","floor":31,"turns":1},{"damage":19,"enemies":"Automaton","floor":33,"turns":8},{"damage":0,"enemies":"3 Darklings","floor":35,"turns":9},{"damage":0,"enemies":"3 Shapes","floor":36,"turns":6},{"damage":0,"enemies":"2 Orb Walkers","floor":37,"turns":5},{"damage":3,"enemies":"Transient","floor":39,"turns":6},{"damage":28,"enemies":"Giant Head","floor":41,"turns":11},{"damage":6,"enemies":"4 Shapes","floor":46,"turns":10},{"damage":28,"enemies":"Nemesis","floor":47,"turns":7},{"damage":0,"enemies":"3 Darklings","floor":48,"turns":9},{"damage":58,"enemies":"Awakened One","floor":50,"turns":24},{"damage":25,"enemies":"Time Eater","floor":51,"turns":15},{"damage":35,"enemies":"Shield and Spear","floor":55,"turns":9},{"damage":30,"enemies":"The Heart","floor":56,"turns":9}],"seed_played":"-675578511694013646","potions_obtained":[{"floor":7,"key":"Block Potion"},{"floor":10,"key":"DuplicationPotion"},{"floor":13,"key":"FocusPotion"},{"floor":14,"key":"SteroidPotion"},{"floor":20,"key":"Swift Potion"},{"floor":31,"key":"DuplicationPotion"},{"floor":47,"key":"PowerPotion"}],"is_trial":false,"path_per_floor":["M","$","M","?","?","R","E","M","T","M","E","R","E","M","R","B",null,"M","M","M","?","?","M","R","?","T","$","M","R","$","M","R","B",null,"M","M","?","T","M","R","E","?","T","R","?","M","E","M","R","B","B",null,"R","$","E","B",null],"character_chosen":"DEFECT","items_purchased":["Streamline","DollysMirror","Cold Snap","Defragment+1","Anchor"],"campfire_rested":5,"item_purchase_floors":[2,27,30,54,54],"current_hp_per_floor":[62,62,61,61,61,61,40,32,32,32,24,24,22,15,36,1,54,39,37,27,41,41,26,26,21,21,21,29,29,29,41,62,43,64,64,71,71,71,71,71,63,53,53,71,71,71,63,71,71,45,52,66,71,71,36,28],"gold":33,"neow_bonus":"BOSS_RELIC","is_daily":false,"chose_seed":false,"campfire_upgraded":4,"win_rate":0.0,"timestamp":1611985204,"path_taken":["M","$","M","?","?","R","E","M","T","?","E","R","E","M","R","BOSS","M","M","?","?","?","M","R","?","T","$","M","R","$","M","R","BOSS","M","M","?","?","M","R","E","?","T","R","?","M","E","?","R","BOSS","BOSS","R","$","E","BOSS"],"items_purchased_type":["Card","Relic","Card","Card","Relic"],"build_version":"2020-12-22","purchased_purges":3,"victory":true,"max_hp_per_floor":[71,71,71,71,71,71,71,71,71,71,71,71,71,71,71,71,71,71,71,71,71,71,71,71,71,71,71,71,71,71,71,71,71,71,71,71,71,71,71,71,71,71,71,71,71,71,71,71,71,71,71,71,71,71,71,71],"card_choices":[{"not_picked":["Gash","Storm"],"picked":"Tempest","floor":1.0},{"not_picked":["Go for the Eyes","Reprogram"],"picked":"Ball Lightning","floor":3},{"not_picked":["Cold Snap","Turbo"],"picked":"Echo Form","floor":7},{"not_picked":["Compile Driver","Beam Cell"],"picked":"Sunder","floor":8},{"not_picked":["FTL","Conserve Battery"],"picked":"Loop+1","floor":10},{"not_picked":["Rainbow","Auto Shields"],"picked":"Fission","floor":11},{"not_picked":["Sweeping Beam","Compile Driver"],"picked":"Chill","floor":13},{"not_picked":["Scrape","Go for the Eyes"],"picked":"Glacier","floor":14},{"not_picked":["Thunder Strike","Machine Learning+1"],"picked":"Rainbow","floor":16},{"not_picked":["Heatsinks+1","Go for the Eyes","Force Field"],"picked":"SKIP","floor":18},{"not_picked":["Auto Shields","Gash"],"picked":"Hologram","floor":19},{"not_picked":["Gash","Turbo","Auto Shields"],"picked":"SKIP","floor":20},{"not_picked":["Stack","Consume"],"picked":"Coolheaded","floor":23},{"not_picked":["Compile Driver","Streamline"],"picked":"Hologram","floor":25},{"not_picked":["Redo","Go for the Eyes"],"picked":"Hologram","floor":28},{"not_picked":["Hologram","Undo"],"picked":"Capacitor+1","floor":31},{"not_picked":["Rainbow","Amplify"],"picked":"Echo Form+1","floor":33},{"not_picked":["Reprogram","Coolheaded"],"picked":"Self Repair+1","floor":35},{"not_picked":["Go for the Eyes","Leap"],"picked":"Hologram","floor":36},{"not_picked":["Steam","Gash"],"picked":"Skim","floor":37},{"not_picked":["Barrage","Cold Snap"],"picked":"Hologram","floor":39},{"not_picked":["Steam","Compile Driver"],"picked":"Defragment+1","floor":41},{"not_picked":["Impatience","Chrysalis"],"picked":"Apotheosis","floor":42},{"not_picked":["Chrysalis","Impatience"],"picked":"Panacea","floor":42},{"not_picked":["Gash","Turbo"],"picked":"Defragment+1","floor":46},{"not_picked":["Coolheaded","FTL"],"picked":"Compile Driver","floor":47},{"not_picked":["Rebound+1","Blizzard+1"],"picked":"Loop+1","floor":48},{"not_picked":["Compile Driver+1","Recycle+1","Storm+1"],"picked":"SKIP","floor":55}],"player_experience":4127178,"relics_obtained":[{"floor":7,"key":"Gambling Chip"},{"floor":9,"key":"Frozen Egg 2"},{"floor":11,"key":"Happy Flower"},{"floor":13,"key":"Calipers"},{"floor":25,"key":"Red Mask"},{"floor":26,"key":"Meat on the Bone"},{"floor":37,"key":"WingedGreaves"},{"floor":41,"key":"Unceasing Top"},{"floor":47,"key":"DataDisk"},{"floor":55,"key":"Shuriken"}],"event_choices":[{"damage_healed":0,"gold_gain":0,"player_choice":"Ignored","damage_taken":0,"max_hp_gain":0,"max_hp_loss":0,"event_name":"Liars Game","floor":4,"gold_loss":0},{"damage_healed":0,"gold_gain":0,"player_choice":"Rummage","damage_taken":0,"relics_obtained":["WarpedTongs"],"max_hp_gain":0,"max_hp_loss":0,"event_name":"Accursed Blacksmith","floor":5,"gold_loss":0,"cards_obtained":["Pain"]},{"damage_healed":14,"gold_gain":0,"player_choice":"Heal","damage_taken":0,"max_hp_gain":0,"max_hp_loss":0,"event_name":"The Library","floor":21,"gold_loss":0},{"damage_healed":0,"gold_gain":0,"player_choice":"Simplicity","damage_taken":0,"max_hp_gain":0,"max_hp_loss":0,"event_name":"Back to Basics","floor":22,"gold_loss":0,"cards_upgraded":["Strike_B","Strike_B","Strike_B","Strike_B","Defend_B","Defend_B","Defend_B","Defend_B"]},{"damage_healed":0,"gold_gain":0,"player_choice":"Fought Bandits","damage_taken":0,"max_hp_gain":0,"max_hp_loss":0,"event_name":"Masked Bandits","floor":25,"gold_loss":0},{"damage_healed":0,"gold_gain":0,"player_choice":"Fight","damage_taken":0,"max_hp_gain":0,"max_hp_loss":0,"event_name":"Mysterious Sphere","floor":37,"gold_loss":0},{"damage_healed":0,"gold_gain":0,"player_choice":"Memory 3","damage_taken":10,"max_hp_gain":0,"max_hp_loss":0,"event_name":"SensoryStone","floor":42,"gold_loss":0},{"damage_healed":0,"gold_gain":50,"player_choice":"Pray","damage_taken":0,"max_hp_gain":0,"max_hp_loss":0,"event_name":"Golden Shrine","floor":45,"gold_loss":0}],"is_beta":false,"boss_relics":[{"not_picked":["Calling Bell","Pandora\u0027s Box"],"picked":"Snecko Eye"},{"not_picked":["Astrolabe","SlaversCollar"],"picked":"Fusion Hammer"}],"items_purged_floors":[27,30,54],"is_endless":false,"potions_floor_spawned":[7,10,13,14,20,31,33,37,46,47],"ascension_level":20}}