{"host":"drjz7zl15rqtgg20","time":1611966174,"event":{"mods":["BaseMod","Colored Map","Downfall","Minty Spire (QoL Compilation)","StSLib"],"gold_per_floor":[99,115,135,135,147,147,172,204,4,4,0,15,15,30,40,142,142,142,160,174,174,174,500,500,500,516,516,516,530,541,391,409,513,513,513,529,548,548,565,575,575,475,509,509,509,555,747,772,791,791,791,823,20,20,20,20],"floor_reached":57,"language":"ENG","playtime":4443,"items_purged":["hexamod:Sear","expansioncontent:LastStand"],"score":1284,"play_id":"e9926fd8-7cd4-43e8-b1a7-60fb2c877e2d","local_time":"20210129192254","is_ascension_mode":false,"campfire_choices":[{"floor":1,"key":"RECALL"},{"data":"hexamod:EmpoweredFlame","floor":9,"key":"SMITH"},{"data":"hexamod:SpectersWail","floor":13,"key":"SMITH"},{"data":"hexamod:ForkedFlame","floor":18,"key":"SMITH"},{"data":"RitualDagger","floor":25,"key":"SMITH"},{"data":"hexamod:StepThrough","floor":27,"key":"SMITH"},{"data":"hexamod:ForkedFlame","floor":35,"key":"SMITH"},{"data":"hexamod:EmpoweredFlame","floor":42,"key":"SMITH"},{"floor":54,"key":"REST"}],"circlet_count":0,"master_deck":["hexamod:Float","hexamod:SpectersWail+1","hexamod:ThermalTransfer","hexamod:FirstSeal","hexamod:EmpoweredFlame+1","hexamod:GhostOfSpireFuture","hexamod:ForkedFlame+1","hexamod:AdvancingGuard+1","RitualDagger+1","hexamod:RadiantFlame","hexamod:StepThrough+1","hexamod:CouncilsJustice","hexamod:CouncilsJustice","hexamod:CouncilsJustice","Ghostly","Ghostly","Ghostly","hexamod:FastForward","hexamod:EmpoweredFlame+1","hexamod:ShieldOfDarkness","hexamod:ForkedFlame+1","hexamod:SwordOfDarkness+1","hexamod:StepThrough+1","RitualDagger+1","hexamod:GhostflameBarrier+1","hexamod:CatchUp","hexamod:HexaLevel","Secret Weapon"],"relics":["hexamod:SpiritBrand","downfall:ShatteredFragment","Vajra","Bottled Tornado","downfall:HeartBlessingRed","downfall:HeartBlessingGreen","SlaversCollar","Old Coin","Kunai","Philosopher\u0027s Stone","downfall:HeartBlessingBlue","hexamod:MatchstickCase","White Beast Statue","Pocketwatch","Smiling Mask","Pantograph","Bronze Scales","Toolbox","Nunchaku"],"acts_visited":["Exordium","TheCity","TheBeyond","TheEnding"],"potions_floor_usage":[8,16,30,48,55,56,56,56,56,56],"damage_taken":[{"damage":0,"enemies":"Cultist","floor":2,"turns":3},{"damage":5,"enemies":"Small Slimes","floor":3,"turns":3},{"damage":0,"enemies":"Jaw Worm","floor":5,"turns":3},{"damage":9,"enemies":"Gremlin Nob","floor":8,"turns":3},{"damage":0,"enemies":"downfall:FleeingMerchant","floor":11,"turns":4},{"damage":0,"enemies":"3 Louse","floor":12,"turns":3},{"damage":0,"enemies":"Blue Slaver","floor":14,"turns":2},{"damage":5,"enemies":"Large Slime","floor":15,"turns":4},{"damage":11,"enemies":"WA_ARCHETYPE_RETAIN","floor":16,"turns":6},{"damage":1,"enemies":"Shell Parasite","floor":19,"turns":5},{"damage":0,"enemies":"Cultist and Chosen","floor":20,"turns":4},{"damage":0,"enemies":"Gremlin Leader","floor":23,"turns":4},{"damage":0,"enemies":"Centurion and Healer","floor":26,"turns":3},{"damage":0,"enemies":"Snake Plant","floor":29,"turns":3},{"damage":1,"enemies":"Snecko","floor":30,"turns":3},{"damage":0,"enemies":"Centurion and Healer","floor":32,"turns":5},{"damage":11,"enemies":"SI_MIRROR_ARCHETYPE","floor":33,"turns":6},{"damage":6,"enemies":"3 Darklings","floor":36,"turns":4},{"damage":0,"enemies":"Orb Walker","floor":37,"turns":3},{"damage":1,"enemies":"Sphere and 2 Shapes","floor":39,"turns":4},{"damage":6,"enemies":"Writhing Mass","floor":40,"turns":4},{"damage":0,"enemies":"Giant Head","floor":43,"turns":6},{"damage":0,"enemies":"2 Orb Walkers","floor":46,"turns":4},{"damage":0,"enemies":"downfall:FleeingMerchant","floor":47,"turns":4},{"damage":0,"enemies":"Reptomancer","floor":48,"turns":4},{"damage":0,"enemies":"4 Shapes","floor":49,"turns":3},{"damage":9,"enemies":"DF_ARCHETYPE_ORBS","floor":50,"turns":6},{"damage":54,"enemies":"downfall:CharBossMerchant","floor":52,"turns":7},{"damage":14,"enemies":"downfall:NeowBoss","floor":55,"turns":11},{"damage":56,"enemies":"downfall:NeowBossFinal","floor":56,"turns":8}],"seed_played":"6638179408922671092","potions_obtained":[{"floor":2,"key":"ColorlessPotion"},{"floor":5,"key":"hexamod:SoulburnPotion"},{"floor":14,"key":"hexamod:DoubleChargePotion"},{"floor":26,"key":"Explosive Potion"},{"floor":32,"key":"Strength Potion"},{"floor":33,"key":"hexamod:DoubleChargePotion"},{"floor":48,"key":"EntropicBrew"}],"is_trial":false,"path_per_floor":["R","M","M","?","M","?","T","E","R","?","$","M","R","M","M","B",null,"R","M","M","?","?","E","T","R","M","R","?","M","M","?","M","B",null,"R","M","M","?","M","M","T","R","E","?","?","?","$","E","M","B",null,"E","$","R","B","B",null],"character_chosen":"THE_SPIRIT","items_purchased":["hexamod:CatchUp","hexamod:HexaLevel","Bronze Scales","Toolbox","Nunchaku","Secret Weapon"],"campfire_rested":1,"item_purchase_floors":[47,53,53,53,53,53],"current_hp_per_floor":[77,77,72,65,72,51,51,49,49,49,56,63,63,63,58,47,77,77,77,77,77,71,77,77,77,77,77,38,38,37,48,48,37,48,48,48,48,48,47,41,41,51,58,58,58,58,58,58,58,49,58,11,11,28,46,2],"gold":20,"neow_bonus":"TEN_PERCENT_HP_BONUS","is_daily":false,"chose_seed":false,"campfire_upgraded":7,"win_rate":0.0,"timestamp":1611966174,"path_taken":["R","M","M","?","M","?","T","E","R","?","$","M","R","M","M","BOSS","R","M","M","?","?","E","T","R","M","R","?","M","M","?","M","BOSS","R","M","?","?","?","M","T","R","E","?","?","?","$","E","M","BOSS","E","$","R","BOSS","BOSS"],"items_purchased_type":["Card","Card","Relic","Relic","Relic","Card"],"build_version":"2020-12-22","purchased_purges":2,"victory":true,"max_hp_per_floor":[77,77,77,77,77,77,77,77,77,77,77,77,77,77,77,77,77,77,77,77,77,77,77,77,77,77,77,38,38,38,48,48,48,48,48,48,48,48,48,48,48,58,58,58,58,58,58,58,58,58,58,58,58,58,58,58],"card_choices":[{"not_picked":["hexamod:HeatCrush","hexamod:Incineration"],"picked":"hexamod:SpectersWail","floor":2},{"not_picked":["hexamod:Hexaguard","hexamod:GhostShield"],"picked":"hexamod:ThermalTransfer","floor":3},{"not_picked":["hexamod:SpectersWail","hexamod:SwordOfDarkness"],"picked":"hexamod:EmpoweredFlame","floor":5},{"not_picked":["hexamod:GhostLash","hexamod:SpectersWail","hexamod:NightmareGuise"],"picked":"SKIP","floor":8},{"not_picked":["hexamod:BacktrackSmack","hexamod:Hexaguard","hexamod:FifthSeal"],"picked":"SKIP","floor":11},{"not_picked":["hexamod:RainOfEmbers","hexamod:NightmareStrike","hexamod:SpectersWail"],"picked":"SKIP","floor":12},{"not_picked":["hexamod:NightmareStrike","hexamod:SecondSeal","hexamod:BacktrackSmack"],"picked":"SKIP","floor":14},{"not_picked":["hexamod:HeatCrush","hexamod:RainOfEmbers"],"picked":"hexamod:GhostOfSpireFuture","floor":15},{"not_picked":["hexamod:FlameSwitch","hexamod:FifthSeal"],"picked":"hexamod:ForkedFlame","floor":16},{"not_picked":["hexamod:Firestarter","hexamod:GhostOfSpirePast"],"picked":"hexamod:AdvancingGuard+1","floor":19},{"not_picked":["hexamod:SecondSeal","hexamod:FirstSeal","hexamod:SuperheatedStrike"],"picked":"SKIP","floor":20},{"not_picked":["hexamod:AdvancingGuard+1","hexamod:HeatMetal"],"picked":"hexamod:RadiantFlame","floor":23},{"not_picked":["hexamod:BacktrackSmack","hexamod:ExtraCrispy"],"picked":"hexamod:StepThrough","floor":26},{"not_picked":["hexamod:EmpoweredFlame","hexamod:DynamicBlow"],"picked":"hexamod:FastForward","floor":29},{"not_picked":["hexamod:GhostShield+1","hexamod:BurningTouch"],"picked":"hexamod:EmpoweredFlame","floor":30},{"not_picked":["hexamod:Firestarter+1","hexamod:NightmareStrike"],"picked":"hexamod:ShieldOfDarkness","floor":32},{"not_picked":["hexamod:UnlimitedPower","hexamod:GhostOfSpirePresent"],"picked":"hexamod:ForkedFlame","floor":33},{"not_picked":["hexamod:InspiringFlames+1","hexamod:NightmareGuise"],"picked":"hexamod:SwordOfDarkness+1","floor":36},{"not_picked":["hexamod:FirstSeal","hexamod:SkipABeat"],"picked":"hexamod:StepThrough+1","floor":37},{"not_picked":["hexamod:Incineration+1","hexamod:Firestarter+1"],"picked":"hexamod:GhostflameBarrier+1","floor":39},{"not_picked":["hexamod:SpectralAdrenaline+1","hexamod:ThermalTransfer","hexamod:Rewind"],"picked":"SKIP","floor":40},{"not_picked":["hexamod:SoulSteal+1","hexamod:HeatCrush+1","hexamod:NightmareStrike+1"],"picked":"SKIP","floor":43},{"not_picked":["expansioncontent:DecaShield","expansioncontent:GuardianWhirl"],"picked":"expansioncontent:LastStand","floor":44},{"not_picked":["hexamod:FlamesFromBeyond","hexamod:ShieldOfDarkness","hexamod:AdvancingGuard"],"picked":"SKIP","floor":47},{"not_picked":["hexamod:SkipABeat+1","hexamod:RetreatToShadows","hexamod:SpectersWail+1"],"picked":"SKIP","floor":48},{"not_picked":["hexamod:SpectersWail","hexamod:SkipABeat","hexamod:SearingWound"],"picked":"SKIP","floor":49},{"not_picked":["hexamod:ForkedFlame","hexamod:Firestarter","hexamod:HauntingEcho"],"picked":"SKIP","floor":52}],"player_experience":633725,"relics_obtained":[{"floor":7,"key":"Vajra"},{"floor":8,"key":"Bottled Tornado"},{"floor":23,"key":"Old Coin"},{"floor":24,"key":"Kunai"},{"floor":43,"key":"hexamod:MatchstickCase"},{"floor":45,"key":"White Beast Statue"},{"floor":46,"key":"Pocketwatch"},{"floor":48,"key":"Smiling Mask"},{"floor":52,"key":"Pantograph"}],"event_choices":[{"cards_removed":["hexamod:Strike"],"damage_healed":0,"gold_gain":0,"player_choice":"Forget","damage_taken":0,"max_hp_gain":0,"max_hp_loss":0,"event_name":"Living Wall","floor":10,"gold_loss":0},{"damage_healed":0,"gold_gain":0,"player_choice":"Ignored","damage_taken":0,"max_hp_gain":0,"max_hp_loss":0,"event_name":"Vampires","floor":21,"gold_loss":0},{"damage_healed":0,"gold_gain":0,"player_choice":"Fight","damage_taken":0,"max_hp_gain":0,"max_hp_loss":0,"event_name":"Mysterious Sphere","floor":46,"gold_loss":0}],"is_beta":false,"boss_relics":[{"not_picked":["Calling Bell","SacredBark"],"picked":"SlaversCollar"},{"not_picked":["Cursed Key","Runic Dome"],"picked":"Philosopher\u0027s Stone"}],"items_purged_floors":[47,53],"is_endless":false,"potions_floor_spawned":[2,5,14,26,32,33,36,43,46,47,48,49,52],"ascension_level":0}}