{"host":"ix2a18c4ohfsrslv","time":1611965596,"event":{"mods":["BaseMod","Better Third Choice","Downfall","Hubris","Minty Spire (QoL Compilation)","StSLib","TheFirefly"],"gold_per_floor":[110,110,127,78,78,108,108,126,126,194,208,208,55,3,3,100,100,116,98,110,110,110,138,158,174,199,199,219,319,319,332,332,428,428,438,45,45,45,45,45,45,45,45,65,65,80,98,128,128,128,128],"floor_reached":50,"language":"ENG","playtime":3542,"items_purged":["thefirefly:Defend","thefirefly:Ruminate"],"score":540,"play_id":"cd15566f-1b40-49c2-81b0-7798a1c08b1a","local_time":"20210129161316","is_ascension_mode":false,"campfire_choices":[{"data":"thefirefly:ArtillleryBeam","floor":7.0,"key":"SMITH"},{"data":"thefirefly:ShieldArray","floor":15.0,"key":"SMITH"},{"floor":27.0,"key":"REST"},{"floor":32,"key":"REST"},{"data":"thefirefly:Unweft","floor":40,"key":"SMITH"},{"data":"thefirefly:Kugelblitz","floor":42,"key":"SMITH"},{"floor":49,"key":"REST"}],"circlet_count":0,"master_deck":["thefirefly:StealthMode","thefirefly:PhotonBlast+1","thefirefly:EvasiveManeuver","thefirefly:Boost","thefirefly:ArtillleryBeam+1","thefirefly:RollBack","thefirefly:DecoyShot","thefirefly:ShieldArray+1","thefirefly:ChargedLaser","thefirefly:CreateClone","thefirefly:EphemeronForm","thefirefly:EMP","thefirefly:DecoyShot","thefirefly:FlareScreen","thefirefly:Kugelblitz+1","thefirefly:ChargedLaser","thefirefly:Flight+1","thefirefly:Preload","thefirefly:InterceptingShot","thefirefly:Boost","thefirefly:StoredPower+1","thefirefly:FullProjection+1","thefirefly:Unweft+1","CurseOfTheBell","thefirefly:QuantumTunneling+1","hubris:Insight"],"relics":["thefirefly:StealthSystem","NeowsBlessing","NlothsMask","Tiny Chest","hubris:TinFlute","thefirefly:WeaponPreloader","Pandora\u0027s Box","hubris:Spice","Juzu Bracelet","hubris:MedicalManual","Matryoshka","hubris:Icosahedron","Calling Bell","Bottled Flame","PreservedInsect","Girya","Kunai"],"acts_visited":["Exordium","TheCity","TheBeyond"],"potions_floor_usage":[31,47,47,48,50],"damage_taken":[{"damage":0.0,"enemies":"Jaw Worm","floor":1.0,"turns":1.0},{"damage":0.0,"enemies":"Cultist","floor":3.0,"turns":2.0},{"damage":0.0,"enemies":"3 Sentries","floor":6.0,"turns":2.0},{"damage":4.0,"enemies":"Small Slimes","floor":8.0,"turns":4.0},{"damage":0.0,"enemies":"Gremlin Gang","floor":11.0,"turns":2.0},{"damage":37.0,"enemies":"Hexaghost","floor":16.0,"turns":11.0},{"damage":1.0,"enemies":"Shell Parasite","floor":18.0,"turns":5.0},{"damage":2.0,"enemies":"2 Thieves","floor":19.0,"turns":4.0},{"damage":6.0,"enemies":"Sentry and Sphere","floor":20.0,"turns":5.0},{"damage":28.0,"enemies":"Gremlin Leader","floor":23.0,"turns":8.0},{"damage":4.0,"enemies":"3 Cultists","floor":24.0,"turns":3.0},{"damage":19.0,"enemies":"Cultist and Chosen","floor":25.0,"turns":5.0},{"damage":8,"enemies":"Centurion and Healer","floor":28,"turns":3},{"damage":0,"enemies":"Colosseum Slavers","floor":29,"turns":1},{"damage":9,"enemies":"Colosseum Nobs","floor":29,"turns":5},{"damage":40,"enemies":"Snecko","floor":31,"turns":8},{"damage":32,"enemies":"hubris:MusketHawk","floor":33,"turns":13},{"damage":0,"enemies":"3 Darklings","floor":35,"turns":2},{"damage":0,"enemies":"Orb Walker","floor":44,"turns":3},{"damage":3,"enemies":"3 Darklings","floor":46,"turns":2},{"damage":7,"enemies":"Transient","floor":47,"turns":5},{"damage":18,"enemies":"Giant Head","floor":48,"turns":9},{"damage":26,"enemies":"hubris:GrandSnecko","floor":50,"turns":4}],"seed_played":"-5575811696041273717","potions_obtained":[{"floor":1.0,"key":"FearPotion"},{"floor":11.0,"key":"bronze:BurnAndBuffPotion"},{"floor":16.0,"key":"DistilledChaos"},{"floor":20.0,"key":"Guardian:BlockOnCardUsePotion"},{"floor":23.0,"key":"bronze:BurnAndBuffPotion"},{"floor":33,"key":"Block Potion"},{"floor":35,"key":"DistilledChaos"},{"floor":48,"key":"ColorlessPotion"}],"is_trial":false,"path_per_floor":["M","?","M","$","?","E","R","M","T","T","M","T","$","$","R","B",null,"M","M","M","?","T","E","M","M","T","R","M","?","?","M","R","B",null,"M","$","T","?","?","R","?","R","T","M","T","M","M","E","R","B"],"character_chosen":"THE_FIREFLY","items_purchased":["thefirefly:ArtillleryBeam","thefirefly:ChargedLaser","Dexterity Potion","hubris:Spice"],"campfire_rested":3,"item_purchase_floors":[4,13,14,36],"current_hp_per_floor":[55,55,55,55,55,55,55,51,51,51,51,51,51,51,51,14,55,51,51,47,47,47,29,27,10,10,32,26,19,19,21,33,3,42,42,34,26,25,25,25,25,25,25,25,25,22,17,7,10,0,0],"gold":128,"neow_bonus":"THREE_ENEMY_KILL","is_daily":false,"chose_seed":false,"campfire_upgraded":4,"win_rate":0.0,"timestamp":1611965596,"path_taken":["M","?","M","$","?","E","R","?","T","?","?","?","?","$","R","BOSS","M","M","?","?","?","E","?","M","T","R","M","?","?","M","R","BOSS","M","$","?","?","?","R","?","R","T","M","?","M","M","E","R","BOSS"],"items_purchased_type":["Card","Card","Potion","Relic"],"build_version":"2020-12-22","purchased_purges":2,"victory":false,"max_hp_per_floor":[55,55,55,55,55,55,55,55,55,55,55,55,55,55,55,55,55,57,59,61,61,61,71,73,75,75,75,77,79,79,40,40,42,42,42,34,26,25,25,25,25,25,25,25,25,25,19,13,13,7,7],"card_choices":[{"not_picked":["thefirefly:Reposition","thefirefly:StoredPower"],"picked":"thefirefly:EvasiveManeuver","floor":1.0},{"not_picked":["thefirefly:StarCinder","thefirefly:LifeSupport"],"picked":"thefirefly:Boost","floor":3.0},{"not_picked":["thefirefly:Regeneration","thefirefly:StarCinder"],"picked":"thefirefly:RollBack","floor":6.0},{"not_picked":["thefirefly:Reposition","thefirefly:Teleport"],"picked":"thefirefly:DecoyShot","floor":8.0},{"not_picked":["thefirefly:EMP","thefirefly:NebulaVeil"],"picked":"thefirefly:ShieldArray","floor":11.0},{"not_picked":["thefirefly:BreachMissile","thefirefly:EphemeronForm"],"picked":"thefirefly:CreateClone","floor":16.0},{"not_picked":["thefirefly:NebulaVeil","thefirefly:ShieldArray"],"picked":"thefirefly:Flight+1","floor":18.0},{"not_picked":["thefirefly:Prominence","thefirefly:LifeSupport"],"picked":"thefirefly:Preload","floor":19.0},{"not_picked":["thefirefly:LaserBarrage","thefirefly:MirrorShield+1"],"picked":"thefirefly:InterceptingShot","floor":20.0},{"not_picked":["thefirefly:SoulStrike","thefirefly:EMP"],"picked":"thefirefly:Boost","floor":23.0},{"not_picked":["thefirefly:RollBack","thefirefly:ShieldArray"],"picked":"thefirefly:StoredPower+1","floor":24.0},{"not_picked":["thefirefly:Boost","thefirefly:Prominence","thefirefly:EnergyShield"],"picked":"SKIP","floor":25.0},{"not_picked":["thefirefly:Lamentation+1","thefirefly:ChargedLaser+1"],"picked":"thefirefly:FullProjection+1","floor":28},{"not_picked":["thefirefly:Prominence","thefirefly:Quine","thefirefly:Reposition"],"picked":"SKIP","floor":31},{"not_picked":["thefirefly:Nova","thefirefly:CreateClone"],"picked":"thefirefly:Unweft","floor":33},{"not_picked":["thefirefly:Flight+1","thefirefly:Reposition"],"picked":"thefirefly:QuantumTunneling+1","floor":35},{"not_picked":["Chrysalis","Secret Weapon"],"picked":"hubris:Insight","floor":39},{"not_picked":["thefirefly:Flight","thefirefly:AuroralDischarge","thefirefly:Boost"],"picked":"SKIP","floor":44},{"not_picked":["thefirefly:Boost+1","thefirefly:Teleport+1","thefirefly:Rend"],"picked":"SKIP","floor":46},{"not_picked":["thefirefly:Ruminate+1","thefirefly:MirrorShield"],"picked":"hubris:SpiceAddiction","floor":47},{"not_picked":["thefirefly:PhantomStrike+1","thefirefly:ArtillleryBeam+1","thefirefly:LaserBarrage"],"picked":"SKIP","floor":48}],"player_experience":181135,"relics_obtained":[{"floor":6.0,"key":"Tiny Chest"},{"floor":10.0,"key":"hubris:TinFlute"},{"floor":12.0,"key":"thefirefly:WeaponPreloader"},{"floor":23.0,"key":"hubris:Spice"},{"floor":26.0,"key":"Juzu Bracelet"},{"floor":29,"key":"hubris:MedicalManual"},{"floor":29,"key":"Matryoshka"},{"floor":34,"key":"hubris:Spice"},{"floor":34,"key":"hubris:Spice"},{"floor":37,"key":"hubris:Spice"},{"floor":37,"key":"Bottled Flame"},{"floor":43,"key":"PreservedInsect"},{"floor":43,"key":"Girya"},{"floor":45,"key":"Kunai"},{"floor":48,"key":"hubris:Spice"}],"event_choices":[{"damage_healed":0.0,"max_hp_gain":0.0,"max_hp_loss":0.0,"gold_gain":0.0,"event_name":"FaceTrader","player_choice":"Trade","floor":5.0,"gold_loss":0.0,"damage_taken":0.0,"relics_obtained":["NlothsMask"]},{"damage_healed":0.0,"max_hp_gain":0.0,"max_hp_loss":0.0,"gold_gain":0.0,"event_name":"Vampires","player_choice":"Ignored","floor":21.0,"gold_loss":0.0,"damage_taken":0.0},{"damage_healed":0,"gold_gain":0,"player_choice":"Fight","damage_taken":0,"max_hp_gain":0,"max_hp_loss":0,"event_name":"Colosseum","floor":29,"gold_loss":0},{"damage_healed":0,"gold_gain":0,"player_choice":"Fought Nobs","damage_taken":0,"max_hp_gain":0,"max_hp_loss":0,"event_name":"Colosseum","floor":29,"gold_loss":0},{"damage_healed":0,"gold_gain":0,"player_choice":"Max HP","damage_taken":0,"max_hp_gain":0,"max_hp_loss":1,"event_name":"Winding Halls","floor":38,"gold_loss":0},{"damage_healed":0,"gold_gain":0,"player_choice":"Memory 1","damage_taken":0,"max_hp_gain":0,"max_hp_loss":0,"event_name":"SensoryStone","floor":39,"gold_loss":0}],"is_beta":false,"boss_relics":[{"not_picked":["Velvet Choker","hubris:CrackedHourglass"],"picked":"Pandora\u0027s Box"},{"not_picked":["hubris:BlackHole","Sozu"],"picked":"Calling Bell"}],"items_purged_floors":[13,36],"is_endless":false,"potions_floor_spawned":[1,11,16,20,23,29,33,35,48],"killed_by":"hubris:GrandSnecko","ascension_level":0}}