{"host":"Kdaddybrian","time":1611990382,"event":{"mods":["AchievementEnabler","BaseMod","Bestiary","Colored Powertips","Minty Spire (QoL Compilation)","Potion Indicator Mod","Quick Restart","Rare Cards Sparkle","Relic Stats","StSLib","Uncapped"],"gold_per_floor":[115,130,130,305,34,68,68,100,100,128,143,143,43,63,63,168,168,180,199,199,209,209,209,209],"floor_reached":23,"language":"ENG","playtime":819,"items_purged":["Doubt"],"score":355,"play_id":"68cf4e2a-2db2-4a02-92e5-5dd6456a967f","local_time":"20210130020622","is_ascension_mode":true,"campfire_choices":[{"data":"Scrawl","floor":7.0,"key":"SMITH"},{"data":"Eruption","floor":12.0,"key":"SMITH"},{"data":"MentalFortress","floor":15.0,"key":"SMITH"}],"circlet_count":0,"master_deck":["Strike_P","Strike_P","Strike_P","Strike_P","Defend_P","Defend_P","Defend_P","Defend_P","Eruption+1","Vigilance","Consecrate","CarveReality","Scrawl+1","Tantrum","FearNoEvil","ThirdEye","ThirdEye","MentalFortress+1","Consecrate","FlurryOfBlows","Perseverance","DeusExMachina","WheelKick+1","Crescendo","InnerPeace+1","DevaForm","FearNoEvil","ThirdEye+1","Necronomicurse"],"relics":["PureWater","NeowsBlessing","Art of War","Matryoshka","Prayer Wheel","Orichalcum","Mummified Hand","Potion Belt","Philosopher\u0027s Stone","Necronomicon"],"acts_visited":["Exordium","TheCity"],"potions_floor_usage":[23],"damage_taken":[{"damage":0.0,"enemies":"Jaw Worm","floor":1.0,"turns":1.0},{"damage":0.0,"enemies":"2 Louse","floor":2.0,"turns":1.0},{"damage":0.0,"enemies":"3 Sentries","floor":6.0,"turns":1.0},{"damage":0.0,"enemies":"Gremlin Nob","floor":8.0,"turns":2.0},{"damage":14.0,"enemies":"3 Sentries","floor":10.0,"turns":6.0},{"damage":2.0,"enemies":"Small Slimes","floor":11.0,"turns":2.0},{"damage":10.0,"enemies":"2 Fungi Beasts","floor":14.0,"turns":2.0},{"damage":0.0,"enemies":"Slime Boss","floor":16.0,"turns":6.0},{"damage":9.0,"enemies":"3 Byrds","floor":18.0,"turns":3.0},{"damage":24,"enemies":"2 Thieves","floor":19,"turns":3},{"damage":2,"enemies":"Centurion and Healer","floor":21,"turns":4},{"damage":27,"enemies":"Gremlin Leader","floor":23,"turns":1}],"seed_played":"4166821654208990282","potions_obtained":[{"floor":1.0,"key":"Swift Potion"},{"floor":6.0,"key":"CultistPotion"},{"floor":14.0,"key":"SpeedPotion"}],"is_trial":false,"path_per_floor":["M","M","?","?","$","E","R","E","T","E","M","R","$","M","R","B",null,"M","M","?","M","?","E"],"character_chosen":"WATCHER","items_purchased":["Art of War","Strength Potion","MentalFortress","Consecrate"],"campfire_rested":0,"item_purchase_floors":[5,5,13,13],"current_hp_per_floor":[72,72,77,77,77,77,77,77,77,63,61,61,61,51,51,51,77,68,44,44,42,26,0,0],"gold":209,"neow_bonus":"THREE_ENEMY_KILL","is_daily":false,"chose_seed":false,"campfire_upgraded":3,"win_rate":0.0,"timestamp":1611990382,"path_taken":["M","M","?","?","$","E","R","E","T","E","M","R","?","M","R","BOSS","M","M","?","M","?","E"],"items_purchased_type":["Relic","Potion","Card","Card"],"build_version":"2020-12-18","purchased_purges":1,"victory":false,"max_hp_per_floor":[72,72,77,77,77,77,77,77,77,77,77,77,77,77,77,77,77,77,77,77,77,77,77,77],"relic_stats":{"counters":[12,32],"Mummified Hand":[3],"Prayer Wheel":5,"Art of War":[1],"Necronomicon":[0],"Orichalcum":[24],"obtain_stats":[{"Potion Belt":10,"Matryoshka":6,"NeowsBlessing":0,"Mummified Hand":9,"Prayer Wheel":8,"Philosopher\u0027s Stone":17,"Art of War":5,"Necronomicon":22,"PureWater":0,"Orichalcum":9},{"Potion Belt":5,"Matryoshka":3,"NeowsBlessing":0,"Mummified Hand":4,"Prayer Wheel":4,"Philosopher\u0027s Stone":8,"Art of War":2,"Necronomicon":11,"PureWater":0,"Orichalcum":4},{"Potion Belt":11,"Matryoshka":3,"NeowsBlessing":0,"Mummified Hand":5,"Prayer Wheel":5,"Philosopher\u0027s Stone":21,"Art of War":2,"Necronomicon":31,"PureWater":0,"Orichalcum":5}]},"card_choices":[{"not_picked":["Indignation","Evaluate"],"picked":"Consecrate","floor":1.0},{"not_picked":["FlyingSleeves","ThirdEye"],"picked":"CarveReality","floor":2.0},{"not_picked":["CrushJoints","ReachHeaven"],"picked":"Scrawl","floor":6.0},{"not_picked":["Perseverance","Halt"],"picked":"Tantrum","floor":8.0},{"not_picked":["LikeWater","Crescendo"],"picked":"FearNoEvil","floor":10.0},{"not_picked":["FlyingSleeves","Vengeance"],"picked":"ThirdEye","floor":11.0},{"not_picked":["Collect","Prostrate"],"picked":"ThirdEye","floor":11.0},{"not_picked":["PathToVictory","WreathOfFlame"],"picked":"FlurryOfBlows","floor":14.0},{"not_picked":["BowlingBash","Fasting2"],"picked":"Perseverance","floor":14.0},{"not_picked":["MasterReality","ConjureBlade"],"picked":"DeusExMachina","floor":16.0},{"not_picked":["Prostrate+1","BattleHymn"],"picked":"WheelKick+1","floor":18.0},{"not_picked":["CutThroughFate+1","ThirdEye"],"picked":"Crescendo","floor":18.0},{"not_picked":["FlyingSleeves","PathToVictory+1"],"picked":"InnerPeace+1","floor":19},{"not_picked":["Nirvana","Consecrate"],"picked":"DevaForm","floor":19},{"not_picked":["DeceiveReality","ClearTheMind"],"picked":"ThirdEye+1","floor":21},{"not_picked":["Evaluate","FollowUp","BowlingBash"],"picked":"SKIP","floor":21}],"player_experience":2981844,"relics_obtained":[{"floor":6.0,"key":"Matryoshka"},{"floor":8.0,"key":"Prayer Wheel"},{"floor":9.0,"key":"Orichalcum"},{"floor":9.0,"key":"Mummified Hand"},{"floor":10.0,"key":"Potion Belt"},{"floor":22,"key":"Necronomicon"}],"event_choices":[{"damage_healed":0.0,"max_hp_gain":5.0,"max_hp_loss":0.0,"gold_gain":0.0,"event_name":"Big Fish","player_choice":"Donut","floor":3.0,"gold_loss":0.0,"damage_taken":0.0},{"damage_healed":0.0,"max_hp_gain":0.0,"max_hp_loss":0.0,"gold_gain":175.0,"event_name":"Liars Game","player_choice":"AGREE","floor":4.0,"gold_loss":0.0,"damage_taken":0.0,"cards_obtained":["Doubt"]},{"damage_healed":0,"gold_gain":0,"player_choice":"Read","damage_taken":0,"max_hp_gain":0,"max_hp_loss":0,"event_name":"The Library","floor":20,"gold_loss":0,"cards_obtained":["FearNoEvil"]},{"damage_healed":0,"gold_gain":0,"player_choice":"Obtained Book","damage_taken":16,"max_hp_gain":0,"max_hp_loss":0,"event_name":"Cursed Tome","floor":22,"gold_loss":0}],"is_beta":true,"boss_relics":[{"not_picked":["Astrolabe","Ectoplasm"],"picked":"Philosopher\u0027s Stone"}],"items_purged_floors":[5],"is_endless":false,"potions_floor_spawned":[1,6,8,14],"killed_by":"Gremlin Leader","ascension_level":3}}