{"host":"gf8hyl7jhl0is674","time":1611987869,"event":{"mods":["2.2 Compatiblity","Act Like it!","BaseMod","Chen","Colored Map","Gensokyo","KinomotoSakuraMod(????)","Koishi","Marisa????????","Minty Spire (QoL Compilation)","StSLib","The Servant 0.9.4","Waifu the Spire"],"gold_per_floor":[111,41,56,71,88,88,120,120,120,120,140,172,272,272,272,376,376,394,409,409,429,448,477,477,504,529,93,103,103,16,16,16,121,121,141,17,17,28,28,60,60,78,78,112,112,112,7,7,7,7],"floor_reached":51,"language":"ENG","playtime":5588,"items_purged":["Defend_S","Strike_S"],"score":751,"play_id":"248e07e1-3465-4216-8cc7-55bb403c56ce","local_time":"20210129232429","is_ascension_mode":false,"campfire_choices":[{"data":"Defy","floor":6.0,"key":"SMITH"},{"data":"Initiator","floor":10.0,"key":"SMITH"},{"floor":15.0,"key":"REST"},{"data":"Ricochet","floor":24.0,"key":"SMITH"},{"data":"BestPractice","floor":29.0,"key":"SMITH"},{"data":"SurpressingFire","floor":32.0,"key":"SMITH"},{"floor":41,"key":"REST"},{"floor":45,"key":"REST"},{"floor":49,"key":"REST"}],"circlet_count":0,"master_deck":["Defend_S+1","Defend_S+1","KidneyShot","Exchange+1","Ricochet+1","Rewind","Defy+1","Defy","Initiator+1","ShiftingGears","RealityMarble","Duplication","ShatteredReality","Gensokyo:SevenSchoolMysteries","SpecialFormula","BestPractice+1","SurpressingFire+1","Writhe","CurseOfTheBell","Contraction+1","Advance+1","Comet+1","Gensokyo:ReactiveArmor"],"relics":["Uniform","Shuriken","Calipers","White Beast Statue","Du-Vu Doll","Busted Crown","Blood Vial","Pantograph","Strawberry","Membership Card","HornCleat","Mercury Hourglass","Calling Bell","Centennial Puzzle","Question Card","Torii","Singing Bowl","StoneCalendar","Ginger","Orichalcum","Bottled Lightning"],"acts_visited":["Gensokyo:Gensokyo","Gensokyo:Gensokyoer","Gensokyo:Gensokyoest"],"potions_floor_usage":[40,40,40,44,44,50],"damage_taken":[{"damage":2.0,"enemies":"Gensokyo:3_Fairies","floor":1.0,"turns":4.0},{"damage":1.0,"enemies":"Gensokyo:2_Kodama","floor":3.0,"turns":3.0},{"damage":3.0,"enemies":"Gensokyo:Python","floor":4.0,"turns":4.0},{"damage":0.0,"enemies":"Gensokyo:Kitsune","floor":5.0,"turns":3.0},{"damage":5.0,"enemies":"Gensokyo:Cirno","floor":7.0,"turns":6.0},{"damage":0.0,"enemies":"Gensokyo:2_Rabbits","floor":11.0,"turns":3.0},{"damage":27.0,"enemies":"Gensokyo:Aya","floor":12.0,"turns":6.0},{"damage":31.0,"enemies":"Gensokyo:Reimu","floor":16.0,"turns":9.0},{"damage":1.0,"enemies":"Gensokyo:AngelMirror","floor":18.0,"turns":5.0},{"damage":2.0,"enemies":"Gensokyo:2_Gloops","floor":19.0,"turns":3.0},{"damage":2.0,"enemies":"Gensokyo:Wraith","floor":21.0,"turns":6.0},{"damage":0.0,"enemies":"Gensokyo:Slime_Group","floor":22.0,"turns":4.0},{"damage":7.0,"enemies":"Gensokyo:Reisen","floor":23.0,"turns":7.0},{"damage":5.0,"enemies":"Gensokyo:Tenshi","floor":25.0,"turns":4.0},{"damage":2.0,"enemies":"Gensokyo:Chomper_and_Gloop","floor":28.0,"turns":4.0},{"damage":8.0,"enemies":"Gensokyo:Eiki","floor":33.0,"turns":8.0},{"damage":2,"enemies":"Gensokyo:AncientGuardian","floor":35,"turns":6},{"damage":0,"enemies":"Gensokyo:3_Bats","floor":38,"turns":3},{"damage":1,"enemies":"Gensokyo:Kasen","floor":40,"turns":8},{"damage":20,"enemies":"Gensokyo:Sharpion","floor":42,"turns":4},{"damage":40,"enemies":"Gensokyo:Marisa","floor":44,"turns":7},{"damage":0,"enemies":"Gensokyo:Shinki","floor":50,"turns":9}],"seed_played":"-5659798304847388060","potions_obtained":[{"floor":3.0,"key":"SteroidPotion"},{"floor":11.0,"key":"GamblersBrew"},{"floor":12.0,"key":"GamblersBrew"},{"floor":16.0,"key":"Ancient Potion"},{"floor":18.0,"key":"AttackPotion"},{"floor":21.0,"key":"Energy Potion"},{"floor":22.0,"key":"EntropicBrew"},{"floor":23.0,"key":"Strength Potion"},{"floor":25.0,"key":"SpeedPotion"},{"floor":28.0,"key":"LiquidMemories"},{"floor":33.0,"key":"SpeedPotion"},{"floor":35,"key":"Weak Potion"},{"floor":40,"key":"FearPotion"},{"floor":42,"key":"PowerPotion"},{"floor":44,"key":"ColorlessPotion"}],"is_trial":false,"path_per_floor":["M","?","M","M","M","R","E","T","T","R","M","E","?","?","R","B",null,"M","M","?","M","M","E","R","E","T","$","M","R","$","?","R","B",null,"M","$","?","M","?","E","R","M","T","E","R","?","COS","$","R","B",null],"character_chosen":"THE_SERVANT","items_purchased":["Membership Card","HornCleat","Mercury Hourglass","SurpressingFire","Singing Bowl"],"campfire_rested":4,"item_purchase_floors":[27,27,27,30,36],"current_hp_per_floor":[63,63,62,59,59,59,54,54,54,54,54,27,27,14,33,2,65,64,62,59,57,59,52,52,54,61,61,64,64,64,64,64,63,66,64,64,64,66,40,49,66,56,56,26,46,46,46,46,66,68],"gold":7,"neow_bonus":"UPGRADE_CARD","is_daily":false,"chose_seed":false,"campfire_upgraded":5,"win_rate":0.0,"timestamp":1611987869,"path_taken":["M","?","M","M","?","R","E","?","T","R","M","E","?","?","R","BOSS","M","?","?","M","M","E","R","E","T","$","M","R","$","?","R","BOSS","M","?","?","?","?","E","R","M","T","E","R","?","COS","?","R","BOSS"],"items_purchased_type":["Relic","Relic","Relic","Card","Relic"],"build_version":"2020-12-22","purchased_purges":2,"victory":true,"max_hp_per_floor":[65,65,65,65,65,65,65,65,65,65,65,65,65,65,65,65,65,65,65,59,59,59,59,59,59,66,66,66,66,66,66,66,66,66,66,66,66,66,66,66,66,68,68,68,68,68,68,68,68,68],"card_choices":[{"not_picked":["SpecialFormula","Starlight"],"picked":"Ricochet","floor":1.0},{"not_picked":["Revamp","Alleviate"],"picked":"Rewind","floor":3.0},{"not_picked":["Read","Advance"],"picked":"Defy","floor":4.0},{"not_picked":["Advance","LightFlow"],"picked":"Defy","floor":5.0},{"not_picked":["Spin","Rewind"],"picked":"Initiator","floor":7.0},{"not_picked":["Rearm","BottledTime"],"picked":"ShiftingGears","floor":11.0},{"not_picked":["GearUp","SurpressingFire"],"picked":"RealityMarble","floor":12.0},{"not_picked":["LightFlow","Sunlight"],"picked":"Duplication","floor":16.0},{"not_picked":["Ricochet+1"],"picked":"SKIP","floor":18.0},{"not_picked":[],"picked":"ShatteredReality","floor":19.0},{"not_picked":[],"picked":"Gensokyo:SevenSchoolMysteries","floor":20.0},{"not_picked":[],"picked":"SpecialFormula","floor":21.0},{"not_picked":["Rewind"],"picked":"SKIP","floor":22.0},{"not_picked":["Defy+1"],"picked":"SKIP","floor":23.0},{"not_picked":["StarChef"],"picked":"SKIP","floor":25.0},{"not_picked":[],"picked":"BestPractice","floor":28.0},{"not_picked":["Unruled+1","FastForward"],"picked":"SKIP","floor":35},{"not_picked":["Rewind+1"],"picked":"Contraction+1","floor":38},{"not_picked":["PendulumOfEternity"],"picked":"Advance+1","floor":40},{"not_picked":["FanOfKnives","Rearm+1"],"picked":"Singing Bowl","floor":42},{"not_picked":["Collapse"],"picked":"Comet+1","floor":44}],"player_experience":326301,"relics_obtained":[{"floor":7.0,"key":"Shuriken"},{"floor":8.0,"key":"Calipers"},{"floor":9.0,"key":"White Beast Statue"},{"floor":12.0,"key":"Du-Vu Doll"},{"floor":23.0,"key":"Blood Vial"},{"floor":25.0,"key":"Pantograph"},{"floor":26.0,"key":"Strawberry"},{"floor":34,"key":"Centennial Puzzle"},{"floor":34,"key":"Question Card"},{"floor":34,"key":"Torii"},{"floor":40,"key":"Ginger"},{"floor":43,"key":"Orichalcum"},{"floor":44,"key":"Bottled Lightning"}],"event_choices":[],"is_beta":false,"boss_relics":[{"not_picked":["Runic Pyramid","Fusion Hammer"],"picked":"Busted Crown"},{"not_picked":["Astrolabe","Black Star"],"picked":"Calling Bell"}],"items_purged_floors":[27,30],"is_endless":false,"potions_floor_spawned":[3,11,12,16,18,19,21,22,23,25,28,33,35,38,40,42,44],"ascension_level":0}}