{"host":"hkj1blq6xqcrzx6o","time":1611990412,"event":{"mods":["BaseMod","Downfall","Marisa£®ÏF”Í°°ƒß¿Ì…≥£©","Minty Spire (QoL Compilation)","Reimu£®≤©¿ˆ¡È√Œ£©","Remilia£®¿Ÿ√◊¿Ú—«£©","Replay The Spire","StSLib","The Cursed","The Senshi","The Servant 0.9.4"],"gold_per_floor":[112,31,31,31,106,140,158,158,532,554,554,579,579,53,53,166,166,193,293,318,320,320],"floor_reached":21,"language":"ZHS","playtime":1147,"items_purged":[],"score":302,"play_id":"9522f12a-a6dd-4af3-9f8c-bacd1a6c1b40","local_time":"20210130150652","is_ascension_mode":false,"campfire_choices":[{"data":"Tools of the Trade","floor":8,"key":"SMITH"},{"data":"ReplayTheSpireMod:Necrosis","floor":15,"key":"SMITH"}],"circlet_count":0,"master_deck":["Strike_G","Strike_G","Strike_G","Strike_G","Defend_G","Defend_G","Defend_G","Survivor","Neutralize+1","Leg Sweep","Escape Plan","Hallucinations","Tools of the Trade+1","Bouncing Flask","Wraith","Prepared","Infinite Blades","ReplayTheSpireMod:Necrosis+1","Voices","Envenom","Injury","CommonCold","PiercingWail","Shame","Slice"],"relics":["Ring of the Snake","NeowsBlessing","ReplayTheSpireMod:Ring of Collecting","Replay:Bottled Flurry","Gremlin Food","Ring of Greed","Replay:Bandana","Old Coin","ReplayTheSpireMod:Ring of Challenge","Sundial","CaptainsWheel","Frozen Eye","Kintsugi"],"acts_visited":["Exordium","TheCity"],"potions_floor_usage":[16,16,21],"damage_taken":[{"damage":0,"enemies":"Cultist","floor":1,"turns":1},{"damage":0,"enemies":"Replay:BlueRogue","floor":6,"turns":1},{"damage":0,"enemies":"Small Slimes","floor":7,"turns":1},{"damage":0,"enemies":"2 Louse","floor":10,"turns":3},{"damage":2,"enemies":"2 Fungi Beasts","floor":12,"turns":4},{"damage":34,"enemies":"Fading Forest","floor":16,"turns":11},{"damage":34,"enemies":"3 Byrds","floor":18,"turns":6},{"damage":21,"enemies":"Chosen","floor":20,"turns":6},{"damage":18,"enemies":"Shelled Parasite and Fungi","floor":21,"turns":1}],"seed_played":"3409576126286189331","potions_obtained":[{"floor":1,"key":"Swift Potion"},{"floor":7,"key":"Dexterity Potion"},{"floor":10,"key":"DuplicationPotion"},{"floor":16,"key":"Strength Potion"},{"floor":20,"key":"Fire Potion"}],"is_trial":false,"path_per_floor":["M","$","?","?","?","E","M","R","T","M","T","M","?","$","R","B",null,"M","?","M","M"],"character_chosen":"THE_SILENT","items_purchased":["Escape Plan","CaptainsWheel","Frozen Eye","ReplayTheSpireMod:Necrosis"],"campfire_rested":0,"item_purchase_floors":[2,14,14,14],"current_hp_per_floor":[70,70,70,70,59,59,59,59,59,59,59,57,57,57,57,23,70,36,36,15,0,0],"gold":320,"neow_bonus":"THREE_ENEMY_KILL","is_daily":false,"chose_seed":false,"campfire_upgraded":2,"win_rate":0.0,"timestamp":1611990412,"path_taken":["M","?","?","?","?","E","M","R","T","?","?","?","?","$","R","BOSS","M","?","?","M"],"items_purchased_type":["Card","Relic","Relic","Card"],"build_version":"2020-12-22","purchased_purges":0,"victory":false,"max_hp_per_floor":[70,70,70,70,70,70,70,70,70,70,70,70,70,70,70,70,70,70,70,70,70,70],"card_choices":[{"not_picked":["Expertise","Choke"],"picked":"Leg Sweep","floor":1},{"not_picked":["Quick Slash","Predator"],"picked":"Tools of the Trade","floor":6},{"not_picked":["Blade Dance","Masterful Stab"],"picked":"Bouncing Flask","floor":7},{"not_picked":["Skewer","Deadly Poison"],"picked":"Prepared","floor":10},{"not_picked":["Poisoned Stab","Quick Slash"],"picked":"Infinite Blades","floor":12},{"not_picked":["Bullet Time","Wraith Form v2"],"picked":"Envenom","floor":16},{"not_picked":["Acrobatics","Dagger Throw"],"picked":"PiercingWail","floor":18},{"not_picked":["Dagger Throw","Deflect"],"picked":"Slice","floor":20}],"player_experience":15934,"relics_obtained":[{"floor":4,"key":"ReplayTheSpireMod:Ring of Collecting"},{"floor":6,"key":"Replay:Bottled Flurry"},{"floor":9,"key":"Gremlin Food"},{"floor":9,"key":"Ring of Greed"},{"floor":9,"key":"Replay:Bandana"},{"floor":9,"key":"Old Coin"},{"floor":11,"key":"ReplayTheSpireMod:Ring of Challenge"},{"floor":11,"key":"Sundial"}],"event_choices":[{"damage_healed":0,"gold_gain":75,"player_choice":"Gather Gold","damage_taken":11,"max_hp_gain":0,"max_hp_loss":0,"event_name":"World of Goop","floor":5,"gold_loss":0},{"cards_removed":["Normality"],"damage_healed":0,"gold_gain":0,"player_choice":"Forget","damage_taken":0,"max_hp_gain":0,"max_hp_loss":0,"event_name":"Living Wall","floor":13,"gold_loss":0},{"damage_healed":0,"gold_gain":100,"player_choice":"Pray","damage_taken":0,"max_hp_gain":0,"max_hp_loss":0,"event_name":"Golden Shrine","floor":19,"gold_loss":0}],"is_beta":false,"boss_relics":[{"not_picked":["Coffee Dripper","Philosopher\u0027s Stone"],"picked":"Kintsugi"}],"items_purged_floors":[],"is_endless":false,"potions_floor_spawned":[1,7,10,16,20],"killed_by":"Shelled Parasite and Fungi","ascension_level":0}}