{"host":"lnt5dzsuhru0aonl","time":1611994479,"event":{"mods":["2.2 Compatiblity","BaseMod","Colored Map","Colored Powertips","DeckTracker","Keyboard Shortcuts","Minty Spire (QoL Compilation)","Permanent Neow","Rare Cards Sparkle","StSLib","SuperFastMode","everything is the same but u backflip on backflip"],"gold_per_floor":[116,116,116,131,142,142,176,193,217,237,237,247,263,282,282,282,282],"floor_reached":16,"language":"KOR","playtime":594,"items_purged":[],"score":282,"play_id":"b0d9d0eb-194d-440e-a2cf-c9a5cc9ceaed","local_time":"20210130171439","is_ascension_mode":true,"campfire_choices":[{"data":"Armaments","floor":6.0,"key":"SMITH"},{"floor":15.0,"key":"REST"}],"circlet_count":0,"master_deck":["AscendersBane","Strike_R+1","Strike_R+1","Strike_R","Strike_R","Strike_R","Defend_R","Defend_R","Defend_R","Defend_R","Bash","Feed+1","Clothesline","Armaments+1","Sword Boomerang","Battle Trance","Shrug It Off","True Grit"],"relics":["Burning Blood","Dream Catcher","Strawberry"],"acts_visited":["Exordium"],"potions_floor_usage":[16],"damage_taken":[{"damage":9.0,"enemies":"Jaw Worm","floor":1.0,"turns":3.0},{"damage":7.0,"enemies":"2 Louse","floor":4.0,"turns":5.0},{"damage":4.0,"enemies":"Cultist","floor":5.0,"turns":3.0},{"damage":23.0,"enemies":"Lagavulin","floor":7.0,"turns":7.0},{"damage":10.0,"enemies":"Gremlin Gang","floor":8.0,"turns":6.0},{"damage":3.0,"enemies":"3 Louse","floor":10.0,"turns":4.0},{"damage":0.0,"enemies":"Gremlin Nob","floor":11.0,"turns":1.0},{"damage":18.0,"enemies":"Large Slime","floor":12.0,"turns":8.0},{"damage":12.0,"enemies":"Gremlin Gang","floor":13.0,"turns":6.0},{"damage":26.0,"enemies":"Exordium Thugs","floor":14.0,"turns":6.0},{"damage":48,"enemies":"Hexaghost","floor":16,"turns":12}],"seed_played":"3896689802264683434","potions_obtained":[{"floor":1.0,"key":"SmokeBomb"},{"floor":5.0,"key":"Explosive Potion"},{"floor":7.0,"key":"GamblersBrew"},{"floor":8.0,"key":"AttackPotion"},{"floor":14.0,"key":"LiquidMemories"}],"is_trial":false,"path_per_floor":["M","?","?","M","M","R","E","M","T","M","E","M","M","M","R","B"],"character_chosen":"IRONCLAD","items_purchased":[],"campfire_rested":1,"item_purchase_floors":[],"current_hp_per_floor":[50,50,27,30,36,36,19,19,26,33,39,31,29,13,46,0,0],"gold":282,"neow_bonus":"THREE_RARE_CARDS","is_daily":false,"chose_seed":false,"campfire_upgraded":1,"win_rate":0.0,"timestamp":1611994479,"path_taken":["M","?","?","M","?","R","E","M","T","M","E","M","M","M","R","BOSS"],"items_purchased_type":[],"build_version":"2020-12-22","purchased_purges":0,"victory":false,"max_hp_per_floor":[78,78,78,82,86,86,86,90,97,101,101,105,109,113,113,113,113],"card_choices":[{"not_picked":["Exhume","Bludgeon"],"picked":"Feed","floor":0.0},{"not_picked":["Burning Pact","Sword Boomerang"],"picked":"Clothesline","floor":1.0},{"not_picked":["Intimidate","Twin Strike"],"picked":"Armaments","floor":4.0},{"not_picked":["Spot Weakness","Armaments"],"picked":"Sword Boomerang","floor":5.0},{"not_picked":["Hemokinesis","Clash","Brutality"],"picked":"SKIP","floor":7.0},{"not_picked":["Uppercut","Anger"],"picked":"Battle Trance","floor":8.0},{"not_picked":["Blood for Blood","Armaments","Carnage"],"picked":"SKIP","floor":10.0},{"not_picked":["Uppercut","Clothesline","Spot Weakness"],"picked":"SKIP","floor":12.0},{"not_picked":["Reckless Charge","Heavy Blade","Iron Wave"],"picked":"SKIP","floor":13.0},{"not_picked":["Wild Strike","Spot Weakness"],"picked":"Shrug It Off","floor":14.0},{"not_picked":["Blood for Blood","Shrug It Off"],"picked":"True Grit","floor":15.0}],"player_experience":780615,"relics_obtained":[{"floor":7.0,"key":"Dream Catcher"},{"floor":9.0,"key":"Strawberry"}],"event_choices":[{"damage_healed":0.0,"max_hp_gain":0.0,"max_hp_loss":0.0,"gold_gain":0.0,"event_name":"Living Wall","player_choice":"Grow","floor":2.0,"gold_loss":0.0,"damage_taken":0.0,"cards_upgraded":["Feed"]},{"damage_healed":0.0,"max_hp_gain":0.0,"max_hp_loss":0.0,"gold_gain":0.0,"event_name":"Shining Light","player_choice":"Entered Light","floor":3.0,"gold_loss":0.0,"damage_taken":23.0,"cards_upgraded":["Strike_R","Strike_R"]}],"is_beta":false,"boss_relics":[],"items_purged_floors":[],"is_endless":false,"potions_floor_spawned":[1,5,7,8,14],"killed_by":"Hexaghost","ascension_level":20}}