{"host":"pfy6u49v5s5r680p","time":1611994852,"event":{"mods":["BaseMod","Colored Map","DeckTracker","Highlight Path","Keyboard Shortcuts","Minty Spire (QoL Compilation)","Permanent Neow","Quick Restart","StSLib","SuperFastMode","everything is the same but u backflip on backflip"],"gold_per_floor":[112,287,304,304,254,273,273,285,285,285,301,321,321,321,321,420,420,435,448,241,257,207,207,241,241,241,241,251,251,44,54,54,153,153,171,187,187,205,7,33,33,48,48,66,66,100,25,40,40,40],"floor_reached":51,"language":"KOR","playtime":2746,"items_purged":["Strike_G","Strike_G","Strike_G","Strike_G","Defend_G","Defend_G"],"score":994,"play_id":"ec89dfe1-321e-4bce-9efc-a0de904be6ed","local_time":"20210130172052","is_ascension_mode":false,"campfire_choices":[{"data":"Dagger Spray","floor":7.0,"key":"SMITH"},{"data":"Blade Dance","floor":10.0,"key":"SMITH"},{"data":"Prepared","floor":13.0,"key":"SMITH"},{"data":"Blade Dance","floor":15.0,"key":"SMITH"},{"floor":25,"key":"REST"},{"data":"Envenom","floor":29,"key":"SMITH"},{"data":"Catalyst","floor":32,"key":"SMITH"},{"data":"Phantasmal Killer","floor":45,"key":"SMITH"},{"data":"Tactician","floor":49,"key":"SMITH"}],"circlet_count":0,"master_deck":["Defend_G","Defend_G","Survivor","Neutralize","Blade Dance+1","Backflip","Dagger Spray+1","Well Laid Plans","Prepared+1","Blade Dance+1","Envenom+1","Catalyst+1","Reflex+1","Terror+1","Blade Dance+1","Parasite","Phantasmal Killer+1","Backstab","Blade Dance","Tactician+1"],"relics":["Ring of the Snake","Smiling Mask","Incense Burner","Dead Branch","Philosopher\u0027s Stone","Medical Kit","MutagenicStrength","Question Card","Vajra","Bag of Marbles","SlaversCollar","Sling","Lantern","Eternal Feather","Unceasing Top"],"acts_visited":["Exordium","TheCity","TheBeyond"],"potions_floor_usage":[24,35,42,50,50],"damage_taken":[{"damage":4.0,"enemies":"Cultist","floor":1.0,"turns":5.0},{"damage":0.0,"enemies":"Small Slimes","floor":3.0,"turns":3.0},{"damage":0.0,"enemies":"2 Louse","floor":6.0,"turns":3.0},{"damage":3.0,"enemies":"Exordium Thugs","floor":8.0,"turns":6.0},{"damage":0.0,"enemies":"2 Fungi Beasts","floor":11.0,"turns":2.0},{"damage":0.0,"enemies":"Exordium Wildlife","floor":12.0,"turns":1.0},{"damage":17.0,"enemies":"Hexaghost","floor":16.0,"turns":9.0},{"damage":4.0,"enemies":"3 Byrds","floor":18.0,"turns":4.0},{"damage":11.0,"enemies":"2 Thieves","floor":19.0,"turns":3.0},{"damage":21.0,"enemies":"Snake Plant","floor":21.0,"turns":5.0},{"damage":8,"enemies":"Slavers","floor":24,"turns":3},{"damage":4,"enemies":"Chosen and Byrds","floor":28,"turns":2},{"damage":2,"enemies":"Cultist and Chosen","floor":31,"turns":3},{"damage":16,"enemies":"Automaton","floor":33,"turns":5},{"damage":0,"enemies":"3 Darklings","floor":35,"turns":1},{"damage":0,"enemies":"Orb Walker","floor":36,"turns":1},{"damage":0,"enemies":"4 Shapes","floor":38,"turns":4},{"damage":1,"enemies":"Nemesis","floor":40,"turns":3},{"damage":0,"enemies":"Writhing Mass","floor":42,"turns":3},{"damage":0,"enemies":"Sphere and 2 Shapes","floor":44,"turns":2},{"damage":0,"enemies":"Giant Head","floor":46,"turns":1},{"damage":0,"enemies":"Transient","floor":48,"turns":5},{"damage":70,"enemies":"Awakened One","floor":50,"turns":7}],"seed_played":"-266471494157243692","potions_obtained":[{"floor":3.0,"key":"SteroidPotion"},{"floor":11.0,"key":"SpeedPotion"},{"floor":18.0,"key":"LiquidBronze"},{"floor":31,"key":"FairyPotion"},{"floor":33,"key":"GhostInAJar"},{"floor":35,"key":"Fruit Juice"},{"floor":36,"key":"GhostInAJar"},{"floor":44,"key":"Regen Potion"},{"floor":46,"key":"GhostInAJar"}],"is_trial":false,"path_per_floor":["M","?","M","?","$","M","R","M","T","R","M","M","R","?","R","B",null,"M","M","$","M","$","?","E","R","T","?","M","R","$","M","R","B",null,"M","M","?","M","$","E","$","M","T","M","R","E","$","M","R","B",null],"character_chosen":"THE_SILENT","items_purchased":["Medical Kit","Bag of Marbles","Sling","Blade Dance"],"campfire_rested":1,"item_purchase_floors":[20,30,39,47],"current_hp_per_floor":[66,66,66,59,59,59,59,56,56,56,56,56,56,49,49,32,70,66,55,55,34,34,34,26,47,47,47,43,43,43,41,41,25,70,75,75,75,75,75,74,74,74,74,74,75,75,75,75,75,5],"gold":40,"neow_bonus":"RANDOM_COMMON_RELIC","is_daily":false,"chose_seed":false,"campfire_upgraded":8,"win_rate":0.0,"timestamp":1611994852,"path_taken":["M","?","M","?","$","M","R","M","T","R","M","M","R","?","R","BOSS","M","M","$","M","$","?","E","R","T","?","?","R","$","M","R","BOSS","M","M","?","M","?","E","$","M","T","M","R","E","$","M","R","BOSS"],"items_purchased_type":["Relic","Relic","Relic","Card"],"build_version":"2020-12-22","purchased_purges":6,"victory":true,"max_hp_per_floor":[70,70,70,70,70,70,70,70,70,70,70,70,70,70,70,70,70,70,70,70,70,70,70,70,70,70,70,70,70,70,70,70,70,70,75,75,75,75,75,75,75,75,75,75,75,75,75,75,75,75],"card_choices":[{"not_picked":["Sucker Punch","Deflect"],"picked":"Blade Dance","floor":1.0},{"not_picked":["Eviscerate","PiercingWail"],"picked":"Backflip","floor":3.0},{"not_picked":["Sucker Punch","Calculated Gamble"],"picked":"Dagger Spray","floor":6.0},{"not_picked":["Dagger Spray","Quick Slash"],"picked":"Well Laid Plans","floor":8.0},{"not_picked":["Finisher","Underhanded Strike"],"picked":"Prepared","floor":11.0},{"not_picked":["Caltrops","Sucker Punch"],"picked":"Blade Dance","floor":12.0},{"not_picked":["Tools of the Trade","Burst"],"picked":"Envenom","floor":16.0},{"not_picked":["Prepared","Blur","Blade Dance"],"picked":"SKIP","floor":18.0},{"not_picked":["Outmaneuver","Distraction","Skewer+1"],"picked":"SKIP","floor":19.0},{"not_picked":["Acrobatics","Sucker Punch"],"picked":"Catalyst","floor":21.0},{"not_picked":["Dodge and Roll","Blade Dance","Well Laid Plans+1"],"picked":"SKIP","floor":24},{"not_picked":["Crippling Poison","Outmaneuver","Caltrops"],"picked":"Reflex+1","floor":28},{"not_picked":["Leg Sweep","Dodge and Roll","Bane+1","Dagger Spray"],"picked":"SKIP","floor":31},{"not_picked":["Blade Dance","Dagger Spray+1","Backflip+1","Endless Agony+1"],"picked":"SKIP","floor":35},{"not_picked":["Backflip+1","Blade Dance","Dodge and Roll+1"],"picked":"Terror+1","floor":36},{"not_picked":["Slice","Riddle With Holes+1","Choke","Underhanded Strike"],"picked":"SKIP","floor":38},{"not_picked":["Underhanded Strike+1","Skewer+1","Noxious Fumes+1"],"picked":"Blade Dance+1","floor":40},{"not_picked":["Outmaneuver","Deflect","Endless Agony"],"picked":"Phantasmal Killer","floor":42},{"not_picked":["Acrobatics","Slice+1","Dagger Throw"],"picked":"Backstab","floor":44},{"not_picked":["Flying Knee+1","Dagger Spray","Dodge and Roll","Outmaneuver+1"],"picked":"SKIP","floor":46},{"not_picked":["Deadly Poison+1","Dodge and Roll","Dagger Throw"],"picked":"Tactician","floor":48}],"player_experience":151891,"relics_obtained":[{"floor":9.0,"key":"Incense Burner"},{"floor":24,"key":"Question Card"},{"floor":26,"key":"Vajra"},{"floor":40,"key":"Lantern"},{"floor":43,"key":"Eternal Feather"},{"floor":46,"key":"Unceasing Top"}],"event_choices":[{"damage_healed":0.0,"max_hp_gain":0.0,"max_hp_loss":0.0,"gold_gain":175.0,"event_name":"Liars Game","player_choice":"AGREE","floor":2.0,"gold_loss":0.0,"damage_taken":0.0,"cards_obtained":["Doubt"]},{"cards_removed":["Strike_G"],"damage_healed":0.0,"max_hp_gain":0.0,"max_hp_loss":0.0,"gold_gain":0.0,"event_name":"Golden Wing","player_choice":"Card Removal","floor":4.0,"gold_loss":0.0,"damage_taken":7.0},{"damage_healed":0.0,"max_hp_gain":0.0,"max_hp_loss":0.0,"gold_gain":0.0,"event_name":"Scrap Ooze","player_choice":"Success","floor":14.0,"gold_loss":0.0,"damage_taken":7.0,"relics_obtained":["Dead Branch"]},{"damage_healed":0.0,"max_hp_gain":0.0,"max_hp_loss":0.0,"gold_gain":0.0,"event_name":"Drug Dealer","player_choice":"Inject Mutagens","floor":23.0,"gold_loss":0.0,"damage_taken":0.0,"relics_obtained":["MutagenicStrength"]},{"cards_removed":["Doubt"],"damage_healed":0,"gold_gain":0,"player_choice":"Removed Curses","damage_taken":0,"max_hp_gain":0,"max_hp_loss":0,"event_name":"Fountain of Cleansing","floor":27,"gold_loss":0},{"cards_removed":["Defend_G"],"damage_healed":0,"gold_gain":0,"player_choice":"Card Removal","damage_taken":0,"max_hp_gain":0,"max_hp_loss":0,"event_name":"Wheel of Change","floor":37,"gold_loss":0}],"is_beta":false,"boss_relics":[{"not_picked":["Busted Crown","Runic Dome"],"picked":"Philosopher\u0027s Stone"},{"not_picked":["Fusion Hammer","Ring of the Serpent"],"picked":"SlaversCollar"}],"items_purged_floors":[5,20,22,30,39,47],"is_endless":false,"potions_floor_spawned":[3,11,18,31,33,35,36,44,46],"ascension_level":0}}