{"host":"bgyhjzqafgkxdxsh","time":1611973477,"event":{"mods":["BaseMod","Colored Map","Downfall","Minty Spire (QoL Compilation)","Relic Stats","StSLib","everything is the same but u backflip on backflip"],"gold_per_floor":[99,99,110,120,137,156,156,22,55,16,16,42,42,55,69,69,69,69],"floor_reached":16,"language":"ENG","playtime":987,"items_purged":[],"score":112,"play_id":"d095cef2-d1be-497c-b470-31f5be63efb5","local_time":"20210130122437","is_ascension_mode":false,"campfire_choices":[{"floor":1,"key":"RECALL"},{"data":"champ:Lariat","floor":13,"key":"SMITH"}],"circlet_count":0,"master_deck":["champ:Strike","champ:Strike","champ:Strike","champ:Defend","champ:Defend","champ:Defend","champ:Defend","champ:Execute","champ:Taunt","champ:BerserkersShout","champ:Parry","champ:DeathBlow","champ:BringItOn","champ:FaceSlap","champ:FanOfKnives","champ:Lariat+1","champ:StanceDance","champ:StanceDance","champ:Haymaker"],"relics":["champ:ChampionCrown","Matryoshka","Du-Vu Doll","Toy Ornithopter","Pocketwatch"],"acts_visited":["Exordium"],"potions_floor_usage":[12,12,15],"damage_taken":[{"damage":20,"enemies":"Small Slimes","floor":3,"turns":4},{"damage":51,"enemies":"Cultist","floor":4,"turns":5},{"damage":33,"enemies":"Jaw Worm","floor":5,"turns":4},{"damage":20,"enemies":"2 Fungi Beasts","floor":6,"turns":4},{"damage":35,"enemies":"downfall:FleeingMerchant","floor":8,"turns":4},{"damage":44,"enemies":"3 Sentries","floor":9,"turns":7},{"damage":40,"enemies":"downfall:FleeingMerchant","floor":10,"turns":4},{"damage":30,"enemies":"Gremlin Nob","floor":12,"turns":3},{"damage":15,"enemies":"3 Louse","floor":14,"turns":2},{"damage":13,"enemies":"Blue Slaver","floor":15,"turns":3},{"damage":59,"enemies":"WA_ARCHETYPE_RETAIN","floor":16,"turns":4}],"seed_played":"-1017764951404658920","potions_obtained":[{"floor":9,"key":"sneckomod:MuddlingPotion"},{"floor":12,"key":"ColorlessPotion"}],"is_trial":false,"path_per_floor":["R","?","M","M","M","M","T","$","E","$","?","E","R","M","M","B"],"character_chosen":"THE_CHAMP","items_purchased":["champ:FaceSlap","Strength Potion","champ:StanceDance"],"campfire_rested":0,"item_purchase_floors":[8,8,10],"current_hp_per_floor":[99,99,99,83,75,65,65,60,56,51,51,46,46,36,38,0,0,0],"gold":69,"neow_bonus":"TEN_PERCENT_HP_BONUS","is_daily":false,"chose_seed":false,"campfire_upgraded":1,"win_rate":0.0,"timestamp":1611973477,"path_taken":["R","?","M","M","?","M","T","$","E","?","?","E","R","M","M","BOSS"],"items_purchased_type":["Card","Potion","Card"],"build_version":"2020-12-22","purchased_purges":0,"victory":false,"max_hp_per_floor":[99,99,99,99,99,99,99,99,99,99,99,99,99,99,99,99,99,99],"relic_stats":{"counters":[11,44],"obtain_stats":[{"Du-Vu Doll":9,"Matryoshka":7,"champ:ChampionCrown":0,"Toy Ornithopter":11,"Pocketwatch":12},{"Du-Vu Doll":6,"Matryoshka":4,"champ:ChampionCrown":0,"Toy Ornithopter":7,"Pocketwatch":8},{"Du-Vu Doll":28,"Matryoshka":17,"champ:ChampionCrown":0,"Toy Ornithopter":32,"Pocketwatch":35}],"Toy Ornithopter":15,"Pocketwatch":[9]},"card_choices":[{"not_picked":["champ:ShieldSlam","champ:RapidStrikes"],"picked":"champ:BerserkersShout","floor":3},{"not_picked":["champ:FlashCut","champ:FalseCounter","champ:DefensiveShout"],"picked":"SKIP","floor":4},{"not_picked":["champ:TornadoPunch","champ:ShieldWall"],"picked":"champ:Parry","floor":5},{"not_picked":["champ:IronFortress","champ:Circumvent"],"picked":"champ:DeathBlow","floor":6},{"not_picked":["champ:DeathBlow","champ:Parry"],"picked":"champ:BringItOn","floor":8},{"not_picked":["champ:PreemptiveStrike","champ:Parry"],"picked":"champ:FanOfKnives","floor":9},{"not_picked":["champ:Endure","champ:PreemptiveStrike"],"picked":"champ:Lariat","floor":10},{"not_picked":["champ:BladeFlurry","champ:Backstep"],"picked":"champ:StanceDance","floor":12},{"not_picked":["champ:DeathBlow","champ:FaceSlap"],"picked":"champ:Haymaker","floor":14},{"not_picked":["champ:StanceDance","champ:TornadoPunch","champ:Circumvent"],"picked":"SKIP","floor":15}],"player_experience":468642,"relics_obtained":[{"floor":7,"key":"Matryoshka"},{"floor":9,"key":"Du-Vu Doll"},{"floor":12,"key":"Pocketwatch"}],"event_choices":[{"cards_removed":["champ:Strike"],"damage_healed":0,"gold_gain":0,"player_choice":"Offered Basic","damage_taken":0,"max_hp_gain":0,"max_hp_loss":0,"event_name":"Bonfire Elementals","floor":2,"gold_loss":0}],"is_beta":false,"boss_relics":[],"items_purged_floors":[],"is_endless":false,"potions_floor_spawned":[9,12],"killed_by":"WA_ARCHETYPE_RETAIN","ascension_level":0}}