{"host":"laht7omblfcukqgz","time":1611987103,"event":{"mods":["BaseMod","Colored Map","GifTheSpireLib","HololiveMod","Minty Spire (QoL Compilation)","StSLib"],"gold_per_floor":[92,92,92,92,108,153,153,153,176,201,234,234,234,251,251,370,370,396,444,459,491,504,555,555,555,555,575,588,588,599,599,599,701,701,732,799,799,799,810,845,299,299,322,322,0,32,32,32,32,40,40],"floor_reached":50,"language":"JPN","playtime":5785,"items_purged":[],"score":728,"play_id":"7d968abd-0321-49db-a1e1-9467a2de9286","local_time":"20210130151143","is_ascension_mode":false,"campfire_choices":[{"floor":8.0,"key":"RECALL"},{"data":"Hololive_CallYozoraMel","floor":12.0,"key":"SMITH"},{"floor":15.0,"key":"REST"},{"data":"Hololive_CallUsadaPekora","floor":24,"key":"SMITH"},{"data":"Hololive_CallArtia","floor":32,"key":"SMITH"},{"data":"Hololive_CallManoAloe","floor":42,"key":"SMITH"},{"data":"Hololive_CallHimemoriLuna","floor":47,"key":"SMITH"},{"data":"Hololive_CallTokinoSora","floor":49,"key":"SMITH"}],"circlet_count":0,"master_deck":["Hololive_OvertimeWork","Hololive_CallTokinoSora+1","Hololive_CallYogiri","Hololive_CallSakuraMiko","Hololive_CallRosalyn","Hololive_CallShiranuiFlare+1","Hololive_StrengthChampion","Hololive_CallYozoraMel+1","Hololive_CallUsadaPekora+1","Hololive_Psychosis","Hololive_CallCivia","Hololive_StrengthChampion","Hololive_StarCraft","Hololive_CallAkaiHaato+1","Hololive_CallHimemoriLuna+1","Hololive_CallManoAloe+1","Hololive_LuckPotion+1","Hololive_MaximGun","Hololive_CallArtia+1","Hololive_StrengthChampion+1","Hololive_CallTokinoSora+1","Hololive_SummonFox+1","Hololive_DDD+1","Hololive_CallInugamiKorone+1","Hololive_CallShirakamiFubuki+1","Hololive_ManjiGathering+1","Hololive_CandyCastle+1","Hololive_CallUruhaRushia","Master of Strategy+1","Hololive_CallOmaruPolka+1","Hololive_CallOmaruPolka+1","Hololive_Breathe+1","Hololive_CallAZKi+1"],"relics":["Hololive_TheStar","Meat on the Bone","Blood Vial","Regal Pillow","HornCleat","Coffee Dripper","Toxic Egg 2","Gremlin Horn","Astrolabe","Prayer Wheel","Strawberry","Hololive_LightStick","Medical Kit","Sundial","Ancient Tea Set","Red Mask","Bronze Scales"],"acts_visited":["Exordium","TheCity","TheBeyond"],"potions_floor_usage":[23,23,50,50,50],"damage_taken":[{"damage":0.0,"enemies":"Small Slimes","floor":1.0,"turns":4.0},{"damage":0.0,"enemies":"Jaw Worm","floor":5.0,"turns":3.0},{"damage":0.0,"enemies":"Gremlin Nob","floor":6.0,"turns":4.0},{"damage":0.0,"enemies":"Cultist","floor":10.0,"turns":3.0},{"damage":0.0,"enemies":"3 Sentries","floor":11.0,"turns":6.0},{"damage":0.0,"enemies":"Blue Slaver","floor":14.0,"turns":3.0},{"damage":0.0,"enemies":"Hexaghost","floor":16.0,"turns":8.0},{"damage":0,"enemies":"Spheric Guardian","floor":18,"turns":5},{"damage":0,"enemies":"Chosen","floor":19,"turns":4},{"damage":0,"enemies":"Snecko","floor":20,"turns":4},{"damage":0,"enemies":"Snake Plant","floor":21,"turns":3},{"damage":0,"enemies":"Chosen and Byrds","floor":22,"turns":4},{"damage":1,"enemies":"Slavers","floor":23,"turns":6},{"damage":0,"enemies":"Centurion and Healer","floor":27,"turns":6},{"damage":0,"enemies":"Cultist and Chosen","floor":28,"turns":5},{"damage":0,"enemies":"Snecko","floor":30,"turns":4},{"damage":0,"enemies":"Collector","floor":33,"turns":10},{"damage":0,"enemies":"3 Darklings","floor":35,"turns":5},{"damage":0,"enemies":"Mind Bloom Boss Battle","floor":36,"turns":4},{"damage":0,"enemies":"3 Shapes","floor":39,"turns":3},{"damage":15,"enemies":"Reptomancer","floor":40,"turns":7},{"damage":0,"enemies":"Giant Head","floor":46,"turns":5},{"damage":45,"enemies":"Awakened One","floor":50,"turns":9}],"seed_played":"-2689656929131958711","potions_obtained":[{"floor":6.0,"key":"BlessingOfTheForge"},{"floor":10.0,"key":"PowerPotion"},{"floor":14.0,"key":"Dexterity Potion"},{"floor":25,"key":"DuplicationPotion"},{"floor":25,"key":"BlessingOfTheForge"}],"is_trial":false,"path_per_floor":["M","?","T","?","M","E","?","R","T","M","E","R","?","M","R","B",null,"M","M","M","M","M","E","R","?","T","M","M","?","M","?","R","B",null,"M","?","?","?","M","E","$","R","T","?","?","E","R","$","R","B"],"character_chosen":"Hololive_HololiveCharacter","items_purchased":["Hololive_LightStick","Medical Kit","Sundial"],"campfire_rested":1,"item_purchase_floors":[41,41,41],"current_hp_per_floor":[35,28,28,28,28,28,28,28,28,30,32,32,29,35,35,35,35,35,35,35,35,35,34,34,34,34,35,35,31,40,40,40,40,40,40,40,40,40,40,47,47,47,47,45,45,45,45,45,45,0,0],"gold":40,"neow_bonus":"THREE_CARDS","is_daily":false,"chose_seed":false,"campfire_upgraded":6,"win_rate":0.0,"timestamp":1611987103,"path_taken":["M","?","?","?","M","E","?","R","T","?","E","R","?","?","R","BOSS","M","M","M","M","M","E","R","?","T","M","?","?","M","?","R","BOSS","M","?","?","?","?","E","?","R","T","?","?","E","R","$","R","BOSS"],"items_purchased_type":["Relic","Relic","Relic"],"build_version":"2020-12-22","purchased_purges":0,"victory":false,"max_hp_per_floor":[35,35,35,35,35,35,35,35,35,35,35,35,35,35,35,35,35,35,35,35,35,35,35,35,35,35,35,35,40,40,40,40,40,40,40,40,40,40,40,47,47,47,47,45,45,45,45,45,45,45,45],"card_choices":[{"not_picked":["Hololive_CallInugamiKorone","Hololive_HuntDinosaur"],"picked":"Hololive_StrengthChampion","floor":0.0},{"not_picked":["Hololive_StrengthChampion","Hololive_Psychosis","Hololive_Sequa"],"picked":"Hololive_CallYozoraMel","floor":1.0},{"not_picked":["Hololive_LuckPotion","Hololive_CocoNews","Hololive_CallShiranuiFlare"],"picked":"Hololive_CallUsadaPekora","floor":5.0},{"not_picked":["Hololive_ManjiGathering","Hololive_CallSpadeEcho","Hololive_Trident"],"picked":"Hololive_CallAkiRosenthal","floor":6.0},{"not_picked":["Hololive_CallNakiriAyame","Hololive_OvertimeWork","Hololive_CallSpadeEcho"],"picked":"Hololive_Psychosis","floor":10.0},{"not_picked":["Hololive_CandyCastle","Hololive_CallAkiRosenthal","Hololive_Teleport"],"picked":"Hololive_CallCivia","floor":11.0},{"not_picked":["Hololive_CallAZKi","Hololive_CallShiranuiFlare","Hololive_CallInugamiKorone"],"picked":"Hololive_StrengthChampion","floor":14.0},{"not_picked":["Hololive_ScarfAndHalo","Hololive_AWSL","Hololive_Rebirth"],"picked":"Hololive_StarCraft","floor":16.0},{"not_picked":["Hololive_StrengthChampion+1","Hololive_Trident+1","Hololive_CocoNews"],"picked":"Hololive_CallAkaiHaato+1","floor":18},{"not_picked":["Hololive_Trident","Hololive_Drill+1","Hololive_ManjiGathering"],"picked":"Hololive_CallHimemoriLuna","floor":19},{"not_picked":["Hololive_CocoNews+1","Hololive_Breathe","Hololive_Sequa"],"picked":"Hololive_CallManoAloe","floor":20},{"not_picked":["Hololive_ILoveYou","Hololive_CallRoboco","Hololive_CallAZKi"],"picked":"Hololive_LuckPotion+1","floor":21},{"not_picked":["Hololive_CallInugamiKorone","Hololive_Breathe","Hololive_LuckPotion"],"picked":"Hololive_MaximGun","floor":22},{"not_picked":["Hololive_Trident","Hololive_CallYuzukiChoco","Hololive_Drill"],"picked":"Hololive_CallArtia","floor":23},{"not_picked":["Hololive_OvertimeWork+1","Hololive_ManjiGathering","Hololive_CallHimemoriLuna"],"picked":"Hololive_StrengthChampion+1","floor":27},{"not_picked":["Hololive_Sequa","Hololive_SoulCatcher","Hololive_CallFriendA+1"],"picked":"Hololive_CallTokinoSora","floor":28},{"not_picked":["Hololive_Rebound+1","Hololive_FlyingPonyTail+1","Hololive_StrengthChampion+1"],"picked":"Hololive_SummonFox+1","floor":30},{"not_picked":["Hololive_ASMR","Hololive_DiamondStrike","Hololive_OpenUp"],"picked":"Hololive_DDD+1","floor":33},{"not_picked":["Hololive_StrengthChampion","Hololive_Teleport+1","Hololive_ManjiGathering+1"],"picked":"Hololive_CandyCastle+1","floor":35},{"not_picked":["Hololive_FlyingPonyTail+1","Hololive_LuckPotion+1","Hololive_CallRosalyn"],"picked":"Hololive_CallUruhaRushia","floor":36},{"not_picked":["Dark Shackles+1","Mind Blast","Discovery+1"],"picked":"Master of Strategy+1","floor":37},{"not_picked":["Hololive_HuntDinosaur+1","Hololive_CallArtia","Hololive_RevenueBasedLive+1"],"picked":"Hololive_CallOmaruPolka+1","floor":39},{"not_picked":["Hololive_LuckPotion+1","Hololive_Drill","Hololive_Trident"],"picked":"Hololive_CallOmaruPolka+1","floor":39},{"not_picked":["Hololive_IdolExercise+1","Hololive_OvertimeWork","Hololive_Sequa+1"],"picked":"Hololive_Breathe+1","floor":40},{"not_picked":["Hololive_FlyingPonyTail+1","Hololive_Drill","Hololive_Sequa"],"picked":"Hololive_CallAZKi+1","floor":46}],"player_experience":92207,"relics_obtained":[{"floor":3.0,"key":"Meat on the Bone"},{"floor":6.0,"key":"Blood Vial"},{"floor":11.0,"key":"HornCleat"},{"floor":23,"key":"Toxic Egg 2"},{"floor":26,"key":"Gremlin Horn"},{"floor":36,"key":"Prayer Wheel"},{"floor":40,"key":"Strawberry"},{"floor":43,"key":"Ancient Tea Set"},{"floor":46,"key":"Bronze Scales"}],"event_choices":[{"damage_healed":0.0,"max_hp_gain":0.0,"max_hp_loss":0.0,"gold_gain":0.0,"event_name":"Shining Light","player_choice":"Entered Light","floor":2.0,"gold_loss":0.0,"damage_taken":7.0,"cards_upgraded":["Hololive_CallTokinoSora","Hololive_CallShiranuiFlare"]},{"damage_healed":0.0,"max_hp_gain":0.0,"max_hp_loss":0.0,"gold_gain":0.0,"event_name":"Golden Wing","player_choice":"Ignored","floor":4.0,"gold_loss":0.0,"damage_taken":0.0},{"cards_removed":["Hololive_CallAkiRosenthal"],"damage_healed":0.0,"max_hp_gain":0.0,"max_hp_loss":0.0,"gold_gain":0.0,"event_name":"WeMeetAgain","player_choice":"Gave Card","floor":7.0,"gold_loss":0.0,"damage_taken":0.0,"relics_obtained":["Regal Pillow"]},{"damage_healed":0.0,"max_hp_gain":0.0,"max_hp_loss":0.0,"gold_gain":0.0,"event_name":"Wheel of Change","player_choice":"Damaged","floor":13.0,"gold_loss":0.0,"damage_taken":3.0},{"damage_healed":0,"gold_gain":0,"player_choice":"Got Potions","damage_taken":0,"max_hp_gain":0,"max_hp_loss":0,"event_name":"Lab","floor":25,"gold_loss":0},{"damage_healed":0,"gold_gain":0,"player_choice":"Shed Blood","damage_taken":9,"max_hp_gain":5,"max_hp_loss":0,"event_name":"Forgotten Altar","floor":29,"gold_loss":0},{"cards_removed":["Hololive_Strike"],"damage_healed":0,"gold_gain":0,"player_choice":"Elegance","damage_taken":0,"max_hp_gain":0,"max_hp_loss":0,"event_name":"Back to Basics","floor":31,"gold_loss":0},{"damage_healed":0,"gold_gain":0,"player_choice":"Fight","damage_taken":0,"max_hp_gain":0,"max_hp_loss":0,"event_name":"MindBloom","floor":36,"gold_loss":0},{"damage_healed":0,"gold_gain":0,"player_choice":"Memory 1","damage_taken":0,"max_hp_gain":0,"max_hp_loss":0,"event_name":"SensoryStone","floor":37,"gold_loss":0},{"damage_healed":0,"gold_gain":0,"player_choice":"Bought 0 Potions","damage_taken":0,"max_hp_gain":0,"max_hp_loss":0,"event_name":"The Woman in Blue","floor":38,"gold_loss":0},{"damage_healed":0,"gold_gain":0,"player_choice":"Max HP","damage_taken":0,"max_hp_gain":0,"max_hp_loss":2,"event_name":"Winding Halls","floor":44,"gold_loss":0},{"damage_healed":0,"gold_gain":0,"player_choice":"Paid","damage_taken":0,"relics_obtained":["Red Mask"],"max_hp_gain":0,"max_hp_loss":0,"event_name":"Tomb of Lord Red Mask","floor":45,"gold_loss":322}],"is_beta":false,"boss_relics":[{"not_picked":["Cursed Key","Fusion Hammer"],"picked":"Coffee Dripper"},{"not_picked":["Runic Dome","Hololive_TopUpMoneyS"],"picked":"Astrolabe"}],"items_purged_floors":[],"is_endless":false,"potions_floor_spawned":[6,10,14,16,18,20,21,27,33,35,39],"killed_by":"Awakened One","ascension_level":0}}