{"host":"jm9833yuloeli2yd","time":1611968848,"event":{"mods":["BaseMod","Better Altar","Better Match","Better Note","Better Sensory Stone","Better Skull","Better Third Choice","Better Vampires","BetterRewards","Colored Map","Colored Powertips","DeckTracker","Minty Spire (QoL Compilation)","Permanent Neow","Quick Restart","Slay-I","StSLib","SuperFastMode"],"gold_per_floor":[10,10,30,30,45,71,71,71,71,71,85,85,85],"floor_reached":12,"language":"ENG","playtime":2787,"items_purged":[],"score":156,"play_id":"094bc7ea-ad40-4586-abad-b68ecae35a8c","local_time":"20210129200728","is_ascension_mode":true,"campfire_choices":[{"floor":8,"key":"REST"},{"data":"Lockon","floor":10,"key":"SMITH"}],"circlet_count":0,"master_deck":["AscendersBane","Strike_B","Strike_B","Strike_B","Defend_B","Defend_B","Defend_B","Defend_B","Zap","Dualcast","Ball Lightning","Go for the Eyes","Beam Cell","Lockon+1","Turbo"],"relics":["Cracked Core","Torii","MealTicket","Letter Opener","Golden Idol","Ancient Tea Set"],"acts_visited":["Exordium"],"potions_floor_usage":[6],"damage_taken":[{"damage":13,"enemies":"Small Slimes","floor":1,"turns":4},{"damage":0,"enemies":"Cultist","floor":3,"turns":2},{"damage":9,"enemies":"2 Louse","floor":5,"turns":3},{"damage":19,"enemies":"Lagavulin","floor":6,"turns":6},{"damage":8,"enemies":"Lots of Slimes","floor":11,"turns":4},{"damage":21,"enemies":"3 Sentries","floor":12,"turns":2}],"seed_played":"6514395188710415504","potions_obtained":[{"floor":5,"key":"PowerPotion"},{"floor":11,"key":"Fire Potion"}],"is_trial":false,"path_per_floor":["M","?","M","?","M","E","?","R","T","R","M","E"],"character_chosen":"DEFECT","items_purchased":[],"campfire_rested":1,"item_purchase_floors":[],"current_hp_per_floor":[51,34,34,34,25,6,6,25,25,25,17,0,0],"gold":85,"neow_bonus":"ONE_RARE_RELIC","is_daily":false,"chose_seed":false,"campfire_upgraded":1,"win_rate":0.0,"timestamp":1611968848,"path_taken":["M","?","?","?","?","E","?","R","T","R","M","E"],"items_purchased_type":[],"build_version":"2020-12-22","purchased_purges":0,"victory":false,"max_hp_per_floor":[71,71,71,71,71,71,64,64,64,64,64,64,64],"card_choices":[{"not_picked":["Beam Cell","Darkness"],"picked":"Ball Lightning","floor":1},{"not_picked":["Turbo","Conserve Battery"],"picked":"Go for the Eyes","floor":3},{"not_picked":["Leap","Steam"],"picked":"Beam Cell","floor":5},{"not_picked":["Rebound","Hologram"],"picked":"Lockon","floor":6},{"not_picked":["Hologram","Gash"],"picked":"Turbo","floor":11}],"player_experience":1345128,"relics_obtained":[{"floor":6,"key":"Letter Opener"},{"floor":9,"key":"Ancient Tea Set"}],"event_choices":[{"damage_healed":0,"gold_gain":0,"player_choice":"RE ","damage_taken":19,"relics_obtained":["MealTicket"],"max_hp_gain":0,"max_hp_loss":0,"event_name":"betterSkull:BetterSkull","floor":2,"gold_loss":0,"cards_upgraded":[]},{"cards_removed":["Strike_B"],"damage_healed":0,"gold_gain":0,"player_choice":"Offered Basic","damage_taken":0,"max_hp_gain":0,"max_hp_loss":0,"event_name":"Bonfire Elementals","floor":4,"gold_loss":0},{"damage_healed":0,"gold_gain":0,"player_choice":"Lose Max HP","damage_taken":0,"relics_obtained":["Golden Idol"],"max_hp_gain":0,"max_hp_loss":7,"event_name":"Golden Idol","floor":7,"gold_loss":0}],"is_beta":false,"boss_relics":[],"items_purged_floors":[],"is_endless":false,"potions_floor_spawned":[5,11],"killed_by":"3 Sentries","ascension_level":20}}