{"host":"dprcptr190br6xbd","time":1611982131,"event":{"mods":["AchievementEnabler","BaseMod","Colored Map","Colored Powertips","Googly Eyes","Hubris","Minty Spire (QoL Compilation)","Permanent Neow","Quick Restart","Remilia??????","Replay The Spire","StSLib"],"gold_per_floor":[99,99,99,99,99,199,199,199,199,199,199,199,199,199,199,199,199],"floor_reached":19,"language":"ENG","playtime":90,"items_purged":[],"score":489,"play_id":"2edba58b-ad60-4d6d-bb0c-4ead885e304a","local_time":"20210129224851","is_ascension_mode":false,"campfire_choices":[{"floor":8,"key":"REST"},{"floor":10,"key":"REST"},{"floor":12,"key":"REST"},{"floor":17,"key":"REST"}],"circlet_count":0,"master_deck":["Strike_P","Strike_P","Strike_P","Strike_P","Defend_P","Defend_P","Defend_P","Defend_P","Eruption","Vigilance"],"relics":["hubris:Stopwatch","Shuriken"],"acts_visited":["Exordium","TheBeyond"],"potions_floor_usage":[],"damage_taken":[{"damage":0,"enemies":"3 Shapes","floor":3,"turns":1},{"damage":0,"enemies":"3 Darklings","floor":4,"turns":1},{"damage":0,"enemies":"Transient","floor":5,"turns":1},{"damage":0,"enemies":"Sphere and 2 Shapes","floor":6,"turns":1},{"damage":0,"enemies":"Maw","floor":9,"turns":1},{"damage":0,"enemies":"Writhing Mass","floor":13,"turns":1},{"damage":0,"enemies":"4 Shapes","floor":15,"turns":1},{"damage":0,"enemies":"Giant Head","floor":16,"turns":1},{"damage":0,"enemies":"hubris:GrandSnecko","floor":18,"turns":1}],"seed_played":"-8273861977683294535","potions_obtained":[],"is_trial":false,"path_per_floor":["M","M","M","M","?","R","M","R","T","R","M","$","M","E","R","B",null],"character_chosen":"WATCHER","items_purchased":[],"campfire_rested":4,"item_purchase_floors":[],"current_hp_per_floor":[72,72,72,72,72,72,72,72,72,72,72,72,72,72,72,72,72],"gold":199,"neow_bonus":"BOSS_RELIC","is_daily":false,"chose_seed":false,"campfire_upgraded":0,"win_rate":0.0,"timestamp":1611982131,"path_taken":["M","M","M","M","?","R","M","R","T","R","M","$","M","E","R","BOSS"],"items_purchased_type":[],"build_version":"2020-12-22","purchased_purges":0,"victory":true,"max_hp_per_floor":[72,72,72,72,72,72,72,72,72,72,72,72,72,72,72,72,72],"card_choices":[{"not_picked":["EmptyFist+1","ClearTheMind","Evaluate+1"],"picked":"SKIP","floor":3},{"not_picked":["EmptyFist+1","Replay:ManipulateFuture","FollowUp"],"picked":"SKIP","floor":4},{"not_picked":["Weave+1","FlyingSleeves+1","ClearTheMind"],"picked":"SKIP","floor":5},{"not_picked":["CutThroughFate+1","PathToVictory+1","Wallop+1"],"picked":"SKIP","floor":6},{"not_picked":["Crescendo","Replay:Hum+1","Replay:DivineShield+1"],"picked":"SKIP","floor":9},{"not_picked":["Meditate+1","FlurryOfBlows","Weave"],"picked":"SKIP","floor":13},{"not_picked":["ThirdEye+1","WaveOfTheHand+1","Replay:AtTheReady"],"picked":"SKIP","floor":15},{"not_picked":["FollowUp+1","EmptyMind+1","Crescendo"],"picked":"SKIP","floor":16}],"player_experience":78961,"relics_obtained":[{"floor":11,"key":"Shuriken"}],"event_choices":[{"damage_healed":0,"gold_gain":100,"player_choice":"Pray","damage_taken":0,"max_hp_gain":0,"max_hp_loss":0,"event_name":"Golden Shrine","floor":7,"gold_loss":0}],"is_beta":false,"boss_relics":[],"items_purged_floors":[],"is_endless":false,"potions_floor_spawned":[3,9,15,16],"ascension_level":0}}