{"host":"2brg86hfzr3u5cix","time":1611996700,"event":{"mods":["AchievementEnabler","Ascension Unlocker","BaseMod","CapriCore","DeckTracker","Highlight Path","Keyboard Shortcuts","Minty Spire (QoL Compilation)","Permanent Neow","Relic Stats","StSLib","Twitch Utils","Uncapped","UnlockEverythingMod"],"gold_per_floor":[115,135,153,167,167,167,167,167],"floor_reached":7,"language":"KOR","playtime":250,"items_purged":[],"score":86,"play_id":"3e614f96-5aac-40c7-9929-8685599372d1","local_time":"20210130175140","is_ascension_mode":true,"campfire_choices":[{"data":"WaveOfTheHand","floor":6,"key":"SMITH"}],"circlet_count":0,"master_deck":["AscendersBane","Strike_P","Strike_P","Strike_P","Strike_P","Defend_P","Defend_P","Defend_P","Eruption+1","Vigilance","WaveOfTheHand+1","LikeWater","EmptyFist","Evaluate"],"relics":["PureWater"],"acts_visited":["Exordium"],"potions_floor_usage":[3,4],"damage_taken":[{"damage":7,"enemies":"Small Slimes","floor":1,"turns":5},{"damage":1,"enemies":"Jaw Worm","floor":2,"turns":2},{"damage":2,"enemies":"Cultist","floor":3,"turns":3},{"damage":0,"enemies":"Blue Slaver","floor":4,"turns":3},{"damage":56,"enemies":"Lagavulin","floor":7,"turns":10}],"seed_played":"3851605681868968915","potions_obtained":[{"floor":1,"key":"LiquidMemories"},{"floor":2,"key":"AttackPotion"}],"is_trial":false,"path_per_floor":["M","M","M","M","?","R","E"],"character_chosen":"WATCHER","items_purchased":[],"campfire_rested":0,"item_purchase_floors":[],"current_hp_per_floor":[54,53,51,51,51,51,0,0],"gold":167,"neow_bonus":"UPGRADE_CARD","is_daily":false,"chose_seed":false,"campfire_upgraded":1,"win_rate":0.0,"timestamp":1611996700,"path_taken":["M","M","M","M","?","R","E"],"items_purchased_type":[],"build_version":"2020-12-22","purchased_purges":0,"victory":false,"max_hp_per_floor":[68,68,68,68,68,68,68,68],"relic_stats":{"counters":[5,23],"obtain_stats":[{"PureWater":0},{"PureWater":0},{"PureWater":0}]},"card_choices":[{"not_picked":["SignatureMove","Weave"],"picked":"WaveOfTheHand","floor":1},{"not_picked":["ThirdEye","CrushJoints"],"picked":"LikeWater","floor":2},{"not_picked":["Vengeance","JustLucky"],"picked":"EmptyFist","floor":3},{"not_picked":["ForeignInfluence","Prostrate"],"picked":"Evaluate","floor":4}],"player_experience":343827,"relics_obtained":[],"event_choices":[{"cards_removed":["Defend_P"],"damage_healed":0,"gold_gain":0,"player_choice":"Forget","damage_taken":0,"max_hp_gain":0,"max_hp_loss":0,"event_name":"Living Wall","floor":5,"gold_loss":0}],"is_beta":false,"boss_relics":[],"items_purged_floors":[],"is_endless":false,"potions_floor_spawned":[1,2],"killed_by":"Lagavulin","ascension_level":20}}