{"host":"x730sfaw5rd1mxd8","time":1611966999,"event":{"mods":["BaseMod","BetterRewards","Colored Powertips","Highlight Path","Minty Spire (QoL Compilation)","Relic Sorter","Relic Stats","Replay The Spire","StSLib"],"gold_per_floor":[112,127,127,127,23,23,55,75,75,111,136,136,62,95,95,192,192,163,163,6,16,34,67,67,79,102,102,137,168,194,235,247,359,371,401,413,425,447,477,489,533,558,570,608,620,645,689,545,545,545,545,545,201,230,230],"floor_reached":56,"language":"ENG","playtime":4521,"items_purged":["Strike_B","Strike_B"],"score":2370,"play_id":"b424df98-ddee-44c7-9beb-ebddb825cc74","local_time":"20210129193639","is_ascension_mode":true,"campfire_choices":[{"data":"Consume","floor":6.0,"key":"SMITH"},{"data":"Genetic Algorithm","floor":15.0,"key":"SMITH"},{"data":"Defragment","floor":24.0,"key":"SMITH"},{"data":"Consume","floor":32.0,"key":"SMITH"},{"floor":40.0,"key":"RECALL"},{"data":"Coolheaded","floor":45.0,"key":"SMITH"},{"data":"Hologram","floor":49.0,"key":"SMITH"},{"data":"Capacitor","floor":52.0,"key":"SMITH"}],"circlet_count":0,"master_deck":["AscendersBane","Strike_B","Defend_B","Defend_B","Defend_B","Zap","Dualcast","Capacitor+1","Consume+1","BootSequence","Coolheaded","Coolheaded","Coolheaded","Genetic Algorithm+1","Coolheaded+1","Sweeping Beam","Barrage","Sunder","Self Repair","Turbo","Meteor Strike","FIFO Queue","Machine Learning","Ball Lightning","Defragment+1","Ball Lightning","Conserve Battery+1","Consume+1","Hologram+1","Electrodynamics","Fusion+1","Hologram+1","Creative AI","Genetic Algorithm+1","Hologram+1","Glacier"],"relics":["Cracked Core","Gambling Chip","Orrery","ReplayTheSpireMod:TigerMarble","Prayer Wheel","Strange Spoon","Iron Hammer","Lizard Tail","Replay:Wax Seal","Art of War","Velvet Choker","Pondfish Scales","Oddly Smooth Stone","Centennial Puzzle","MawBank","Bag of Marbles","Busted Crown","ReplayFunnel","Ornamental Fan","Replay:Baseball","Dream Catcher","Replay:Frozen Program","Chameleon Ring","DataDisk"],"acts_visited":["Exordium","TheCity","TheBeyond","TheEnding"],"potions_floor_usage":[55,55,55],"damage_taken":[{"damage":0.0,"enemies":"Jaw Worm","floor":1.0,"turns":5.0},{"damage":4.0,"enemies":"2 Louse","floor":2.0,"turns":3.0},{"damage":0.0,"enemies":"Lagavulin","floor":7.0,"turns":12.0},{"damage":0.0,"enemies":"Small Slimes","floor":8.0,"turns":4.0},{"damage":5.0,"enemies":"3 Sentries","floor":11.0,"turns":8.0},{"damage":0.0,"enemies":"Gremlin Nob","floor":14.0,"turns":4.0},{"damage":33.0,"enemies":"Hexaghost","floor":16.0,"turns":10.0},{"damage":12.0,"enemies":"2 Thieves","floor":18.0,"turns":5.0},{"damage":17.0,"enemies":"Shell Parasite","floor":21.0,"turns":5.0},{"damage":28.0,"enemies":"3 Cultists","floor":22.0,"turns":5.0},{"damage":26.0,"enemies":"Replay:Snechameleon","floor":23.0,"turns":7.0},{"damage":16.0,"enemies":"Snake Plant","floor":25.0,"turns":3.0},{"damage":0.0,"enemies":"Book of Stabbing","floor":28.0,"turns":6.0},{"damage":0.0,"enemies":"Centurion and Healer","floor":29.0,"turns":3.0},{"damage":12.0,"enemies":"Shelled Parasite and Fungi","floor":30.0,"turns":6.0},{"damage":0.0,"enemies":"Gremlin Leader","floor":31.0,"turns":5.0},{"damage":17.0,"enemies":"Champ","floor":33.0,"turns":10.0},{"damage":0.0,"enemies":"Orb Walker","floor":35.0,"turns":4.0},{"damage":0.0,"enemies":"3 Shapes","floor":38.0,"turns":6.0},{"damage":4.0,"enemies":"Transient","floor":39.0,"turns":5.0},{"damage":21.0,"enemies":"Reptomancer","floor":41.0,"turns":6.0},{"damage":5.0,"enemies":"Sphere and 2 Shapes","floor":42.0,"turns":5.0},{"damage":1.0,"enemies":"R_Hoarder","floor":44.0,"turns":13.0},{"damage":8.0,"enemies":"Writhing Mass","floor":46.0,"turns":5.0},{"damage":0.0,"enemies":"Nemesis","floor":47.0,"turns":9.0},{"damage":21.0,"enemies":"Donu and Deca","floor":50.0,"turns":7.0},{"damage":13.0,"enemies":"Shield and Spear","floor":54.0,"turns":5.0},{"damage":49,"enemies":"The Heart","floor":55,"turns":10}],"seed_played":"3119884690195333284","potions_obtained":[{"floor":2.0,"key":"Fire Potion"},{"floor":7.0,"key":"Block Potion"},{"floor":14.0,"key":"Strength Potion"},{"floor":25.0,"key":"PotionOfCapacity"},{"floor":29.0,"key":"Elixir"},{"floor":31.0,"key":"PotionOfCapacity"},{"floor":33.0,"key":"FocusPotion"}],"is_trial":false,"path_per_floor":["M","M","?","?","$","R","E","M","T","?","E","$","$","E","R","B",null,"M","?","$","M","M","E","R","M","T","T","E","M","M","E","R","B",null,"M","?","?","M","M","R","E","M","T","E","R","M","E","$","R","B",null,"R","$","E","B",null],"character_chosen":"DEFECT","items_purchased":["Capacitor","Gambling Chip","Orrery","ReplayTheSpireMod:TigerMarble","Prayer Wheel","Coolheaded","Genetic Algorithm","Strange Spoon","Swift Potion","Sunder","Self Repair","Meteor Strike","Defragment","Replay:Frozen Program","Chameleon Ring"],"campfire_rested":0,"item_purchase_floors":[0,0,0,0,0,0,0,0,0,5,5,13,20,48,53],"current_hp_per_floor":[68,64,57,62,62,62,77,77,77,57,59,59,59,69,69,46,72,67,67,67,60,39,20,20,14,14,14,24,31,26,33,33,23,66,73,73,73,76,76,76,55,60,60,69,69,68,76,76,76,65,73,73,73,67,25],"gold":230,"neow_bonus":"","is_daily":false,"chose_seed":false,"campfire_upgraded":7,"win_rate":0.0,"timestamp":1611966999,"path_taken":["M","M","?","?","$","R","E","M","T","?","E","?","$","E","R","BOSS","M","?","?","M","M","E","R","M","T","?","E","M","?","E","R","BOSS","M","?","?","M","M","R","E","M","T","E","R","M","E","$","R","BOSS","R","$","E","BOSS"],"items_purchased_type":["Card","Relic","Relic","Relic","Relic","Card","Card","Relic","Potion","Card","Card","Card","Card","Relic","Relic"],"build_version":"2020-12-22","purchased_purges":2,"victory":true,"max_hp_per_floor":[75,75,75,80,80,80,80,80,80,80,80,80,80,80,80,80,80,80,80,80,80,80,80,80,80,80,80,80,80,80,80,80,80,80,80,76,76,76,76,76,76,76,76,76,76,76,76,76,76,76,76,76,76,76,76],"relic_stats":{"Strange Spoon":[35],"Lizard Tail":0,"Centennial Puzzle":[33],"Dream Catcher":0,"Busted Crown":28,"counters":[237,1108],"Ornamental Fan":[0],"Gambling Chip":[105],"Prayer Wheel":24,"Art of War":[68],"MawBank":240,"obtain_stats":[{"Golden Egg":26,"Vampiric Spirits":0,"Whetstone":55,"Boot":55,"Sling":55,"Blood Vial":20,"Replay:Wanted Poster":17,"Replay:Bronze Core":17,"MealTicket":27,"Fusion Hammer":36,"Replay:Wax Seal":11,"Electric Blood":17,"Replay:Bottled Steam":43,"Pear":46,"Blue Candle":30,"Velvet Choker":17,"Tingsha":0,"Paper Crane":8,"Akabeko":28,"Cables":54,"SlaversCollar":17,"Snecko Scales":34,"Bird Faced Urn":12,"Mark of Pain":0,"StrikeDummy":6,"Regal Pillow":0,"Lantern":28,"Singing Bowl":10,"Torii":0,"Magic Flower":11,"Painkiller Herb":19,"Bag of Preparation":55,"Replay:Multitool":44,"Cursed Key":34,"Burning Blood":0,"Pet Ghost":23,"Replay:Rubber Ducky":55,"Matryoshka":0,"Shovel":47,"InkBottle":27,"Inserter":17,"The Specimen":25,"Golden Idol":11,"Basket Of Snakes":39,"The Courier":14,"PreservedInsect":22,"Geode":40,"Omamori":40,"Frozen Egg 2":0,"MawBank":31,"Busted Crown":17,"Ornamental Fan":55,"Orrery":0,"Turnip":46,"Art of War":40,"ReplayTheSpireMod:Ring of Challenge":38,"ReplayTheSpireMod:Lightbulb":0,"Ice Cream":14,"Divine Protection":22,"Gremlin Horn":9,"Nilry\u0027s Codex":23,"CeramicFish":26,"Vajra":28,"Runic Capacitor":53,"Sozu":34,"Centennial Puzzle":9,"Lizard Tail":10,"Replay:Frozen Program":48,"Strawberry":28,"Prayer Wheel":0,"Iron Hammer":7,"Byrd Skull":11,"Happy Flower":55,"Oddly Smooth Stone":26,"Ring of Chaos":47,"War Paint":23,"Question Card":8,"OrangePellets":0,"Bottled Flame":15,"Replay:Baseball":0,"Bronze Scales":12,"Simple Rune":55,"Onion Ring":40,"ReplayTheSpireMod:TigerMarble":6,"Pocketwatch":0,"Meat on the Bone":38,"Darkstone Periapt":5,"ReplayFunnel":55,"Mango":6,"Snake Skull":29,"Incense Burner":45,"Juzu Bracelet":39,"Dream Catcher":43,"Nunchaku":24,"Replay:Bandana":10,"Chameleon Ring":53,"Pantograph":23,"Gambling Chip":24,"Cracked Core":0,"Red Skull":6,"Gremlin Food":44,"Replay:Towering Pillar of Hats":10,"Quantum Egg":46,"Guide Book":0,"Replay:WaspNest":0,"Orichalcum":56,"Medical Kit":42,"White Beast Statue":0,"Mercury Hourglass":0,"Peace Pipe":39,"Strange Spoon":0,"Anchor":11,"CaptainsWheel":43,"Pondfish Scales":55,"DataDisk":0,"Snack Pack":8,"Bag of Marbles":31,"Membership Card":0,"FossilizedHelix":48},{"Golden Egg":166,"Vampiric Spirits":61,"Whetstone":91,"Boot":91,"Sling":91,"Blood Vial":26,"Replay:Wanted Poster":163,"Replay:Bronze Core":134,"MealTicket":58,"Fusion Hammer":80,"Replay:Wax Seal":214,"Electric Blood":51,"Replay:Bottled Steam":119,"Pear":122,"Blue Candle":30,"Velvet Choker":216,"Tingsha":93,"Paper Crane":66,"Akabeko":167,"Cables":153,"SlaversCollar":24,"Snecko Scales":115,"Bird Faced Urn":22,"Mark of Pain":0,"StrikeDummy":98,"Regal Pillow":93,"Lantern":199,"Singing Bowl":21,"Torii":154,"Magic Flower":49,"Painkiller Herb":72,"Bag of Preparation":91,"Replay:Multitool":120,"Cursed Key":31,"Burning Blood":0,"Pet Ghost":56,"Replay:Rubber Ducky":91,"Matryoshka":61,"Shovel":179,"InkBottle":141,"Inserter":193,"The Specimen":76,"Golden Idol":5,"Basket Of Snakes":82,"The Courier":7,"PreservedInsect":11,"Geode":146,"Omamori":175,"Frozen Egg 2":14,"MawBank":79,"Busted Crown":8,"Ornamental Fan":91,"Orrery":209,"Turnip":38,"Art of War":36,"ReplayTheSpireMod:Ring of Challenge":81,"ReplayTheSpireMod:Lightbulb":154,"Ice Cream":23,"Divine Protection":164,"Gremlin Horn":20,"Nilry\u0027s Codex":75,"CeramicFish":198,"Vajra":77,"Runic Capacitor":180,"Sozu":170,"Centennial Puzzle":5,"Lizard Tail":213,"Replay:Frozen Program":234,"Strawberry":13,"Prayer Wheel":93,"Iron Hammer":212,"Byrd Skull":66,"Happy Flower":91,"Oddly Smooth Stone":57,"Ring of Chaos":122,"War Paint":139,"Question Card":188,"OrangePellets":93,"Bottled Flame":70,"Replay:Baseball":93,"Bronze Scales":6,"Simple Rune":91,"Onion Ring":205,"ReplayTheSpireMod:TigerMarble":158,"Pocketwatch":41,"Meat on the Bone":117,"Darkstone Periapt":18,"ReplayFunnel":91,"Mango":19,"Snake Skull":78,"Incense Burner":87,"Juzu Bracelet":204,"Dream Catcher":37,"Nunchaku":75,"Replay:Bandana":100,"Chameleon Ring":235,"Pantograph":12,"Gambling Chip":27,"Cracked Core":0,"Red Skull":47,"Gremlin Food":87,"Replay:Towering Pillar of Hats":66,"Quantum Egg":87,"Guide Book":93,"Replay:WaspNest":61,"Orichalcum":92,"Medical Kit":119,"White Beast Statue":182,"Mercury Hourglass":61,"Peace Pipe":146,"Strange Spoon":209,"Anchor":66,"CaptainsWheel":86,"Pondfish Scales":91,"DataDisk":126,"Snack Pack":48,"Bag of Marbles":225,"Membership Card":61,"FossilizedHelix":151},{"Golden Egg":701,"Vampiric Spirits":244,"Whetstone":364,"Boot":364,"Sling":364,"Blood Vial":107,"Replay:Wanted Poster":686,"Replay:Bronze Core":537,"MealTicket":230,"Fusion Hammer":315,"Replay:Wax Seal":964,"Electric Blood":208,"Replay:Bottled Steam":471,"Pear":484,"Blue Candle":123,"Velvet Choker":978,"Tingsha":376,"Paper Crane":257,"Akabeko":708,"Cables":637,"SlaversCollar":100,"Snecko Scales":459,"Bird Faced Urn":86,"Mark of Pain":0,"StrikeDummy":392,"Regal Pillow":376,"Lantern":864,"Singing Bowl":82,"Torii":646,"Magic Flower":200,"Painkiller Herb":279,"Bag of Preparation":364,"Replay:Multitool":475,"Cursed Key":130,"Burning Blood":0,"Pet Ghost":224,"Replay:Rubber Ducky":364,"Matryoshka":244,"Shovel":766,"InkBottle":568,"Inserter":829,"The Specimen":292,"Golden Idol":17,"Basket Of Snakes":325,"The Courier":25,"PreservedInsect":40,"Geode":594,"Omamori":747,"Frozen Egg 2":51,"MawBank":304,"Busted Crown":30,"Ornamental Fan":364,"Orrery":932,"Turnip":156,"Art of War":146,"ReplayTheSpireMod:Ring of Challenge":318,"ReplayTheSpireMod:Lightbulb":646,"Ice Cream":93,"Divine Protection":690,"Gremlin Horn":78,"Nilry\u0027s Codex":288,"CeramicFish":857,"Vajra":296,"Runic Capacitor":779,"Sozu":726,"Centennial Puzzle":17,"Lizard Tail":956,"Replay:Frozen Program":1086,"Strawberry":48,"Prayer Wheel":376,"Iron Hammer":952,"Byrd Skull":257,"Happy Flower":364,"Oddly Smooth Stone":226,"Ring of Chaos":484,"War Paint":559,"Question Card":811,"OrangePellets":376,"Bottled Flame":268,"Replay:Baseball":376,"Bronze Scales":20,"Simple Rune":364,"Onion Ring":895,"ReplayTheSpireMod:TigerMarble":663,"Pocketwatch":170,"Meat on the Bone":463,"Darkstone Periapt":65,"ReplayFunnel":364,"Mango":73,"Snake Skull":300,"Incense Burner":344,"Juzu Bracelet":888,"Dream Catcher":151,"Nunchaku":288,"Replay:Bandana":399,"Chameleon Ring":1093,"Pantograph":44,"Gambling Chip":111,"Cracked Core":0,"Red Skull":189,"Gremlin Food":344,"Replay:Towering Pillar of Hats":257,"Quantum Egg":344,"Guide Book":376,"Replay:WaspNest":244,"Orichalcum":369,"Medical Kit":471,"White Beast Statue":795,"Mercury Hourglass":244,"Peace Pipe":594,"Strange Spoon":932,"Anchor":257,"CaptainsWheel":341,"Pondfish Scales":364,"DataDisk":505,"Snack Pack":196,"Bag of Marbles":1023,"Membership Card":244,"FossilizedHelix":621}]},"card_choices":[{"not_picked":["Streamline","Aggregate"],"picked":"Consume","floor":0.0},{"not_picked":["Crystallizer","ReplayTheSpireMod:GoodbyeWorld"],"picked":"BootSequence","floor":0.0},{"not_picked":["ReplayTheSpireMod:Repulse","Genetic Algorithm"],"picked":"Coolheaded","floor":0.0},{"not_picked":["BasicCrystalCard","Recycle"],"picked":"Coolheaded","floor":0.0},{"not_picked":["Streamline","Chaos"],"picked":"Coolheaded","floor":1.0},{"not_picked":["Panic Button","Hologram","Rebound"],"picked":"SKIP","floor":1.0},{"not_picked":["Hyperbeam","Time Bomb"],"picked":"Sweeping Beam","floor":2.0},{"not_picked":["ReplaySort","BasicCrystalCard"],"picked":"Barrage","floor":2.0},{"not_picked":["Sweeping Beam","Force Field","Turbo"],"picked":"SKIP","floor":7.0},{"not_picked":["Chaos","Barrage","Steam Power"],"picked":"SKIP","floor":8.0},{"not_picked":["BasicCrystalCard","Turbo","Heatsinks"],"picked":"SKIP","floor":8.0},{"not_picked":["Rebound","Coolheaded"],"picked":"Turbo","floor":11.0},{"not_picked":["Go for the Eyes","Coolheaded"],"picked":"FIFO Queue","floor":14.0},{"not_picked":["Seek","Mirror Shield"],"picked":"Machine Learning","floor":16.0},{"not_picked":["Streamline","Turbo+1"],"picked":"Ball Lightning","floor":18.0},{"not_picked":["Streamline","Sweeping Beam","Rip and Tear"],"picked":"SKIP","floor":18.0},{"not_picked":["Stack","BasicCrystalCard+1"],"picked":"Ball Lightning","floor":21.0},{"not_picked":["FTL","Leap","Panic Button"],"picked":"SKIP","floor":21.0},{"not_picked":["Skim","Streamline+1"],"picked":"Conserve Battery+1","floor":22.0},{"not_picked":["Beam Cell","Steam+1"],"picked":"Consume","floor":22.0},{"not_picked":["Hello World+1","Blizzard","Fusion"],"picked":"SKIP","floor":23.0},{"not_picked":["Streamline","Go for the Eyes"],"picked":"Hologram+1","floor":25.0},{"not_picked":["Recycle","Cold Snap","Sweeping Beam"],"picked":"SKIP","floor":25.0},{"not_picked":["Compile Driver","Doom and Gloom"],"picked":"Electrodynamics","floor":28.0},{"not_picked":["Heatsinks","Hello World+1"],"picked":"Fusion+1","floor":29.0},{"not_picked":["Beam Cell","Streamline","Leap"],"picked":"SKIP","floor":29.0},{"not_picked":["Barrage","Go for the Eyes+1"],"picked":"Hologram+1","floor":30.0},{"not_picked":["Chill","Recycle","Scrape+1"],"picked":"SKIP","floor":30.0},{"not_picked":["Steam","Panic Button+1","Fission"],"picked":"SKIP","floor":31.0},{"not_picked":["Buffer","ReplayRNGCard"],"picked":"Creative AI","floor":33.0},{"not_picked":["Leap"],"picked":"SKIP","floor":35.0},{"not_picked":["Genetic Algorithm"],"picked":"SKIP","floor":35.0},{"not_picked":["ReplaySolidLightProjector+1"],"picked":"SKIP","floor":38.0},{"not_picked":["Stack"],"picked":"SKIP","floor":38.0},{"not_picked":["Compile Driver"],"picked":"SKIP","floor":39.0},{"not_picked":["BasicCrystalCard"],"picked":"SKIP","floor":39.0},{"not_picked":[],"picked":"Hologram","floor":41.0},{"not_picked":[],"picked":"Glacier","floor":42.0},{"not_picked":["Redo+1"],"picked":"SKIP","floor":42.0},{"not_picked":["ReplaySort"],"picked":"SKIP","floor":44.0},{"not_picked":["Sweeping Beam"],"picked":"SKIP","floor":46.0},{"not_picked":["Sweeping Beam+1"],"picked":"SKIP","floor":46.0},{"not_picked":["Stack"],"picked":"SKIP","floor":47.0},{"not_picked":["Thunder Strike"],"picked":"SKIP","floor":54.0}],"player_experience":4036121,"relics_obtained":[{"floor":7.0,"key":"Iron Hammer"},{"floor":10.0,"key":"Lizard Tail"},{"floor":11.0,"key":"Replay:Wax Seal"},{"floor":14.0,"key":"Art of War"},{"floor":23.0,"key":"Pondfish Scales"},{"floor":26.0,"key":"Oddly Smooth Stone"},{"floor":27.0,"key":"Centennial Puzzle"},{"floor":28.0,"key":"MawBank"},{"floor":31.0,"key":"Bag of Marbles"},{"floor":41.0,"key":"ReplayFunnel"},{"floor":43.0,"key":"Ornamental Fan"},{"floor":44.0,"key":"Replay:Baseball"},{"floor":47.0,"key":"Dream Catcher"},{"floor":54.0,"key":"DataDisk"}],"event_choices":[{"cards_removed":["Strike_B"],"damage_healed":0.0,"max_hp_gain":0.0,"max_hp_loss":0.0,"gold_gain":0.0,"event_name":"Golden Wing","player_choice":"Card Removal","floor":3.0,"gold_loss":0.0,"damage_taken":7.0},{"damage_healed":0.0,"max_hp_gain":5.0,"max_hp_loss":0.0,"gold_gain":0.0,"event_name":"Big Fish","player_choice":"Donut","floor":4.0,"gold_loss":0.0,"damage_taken":0.0},{"cards_removed":["Defend_B"],"damage_healed":0.0,"max_hp_gain":0.0,"max_hp_loss":0.0,"gold_gain":0.0,"event_name":"Bonfire Elementals","player_choice":"Offered Basic","floor":19.0,"gold_loss":0.0,"damage_taken":0.0},{"damage_healed":0.0,"max_hp_gain":0.0,"max_hp_loss":4.0,"gold_gain":0.0,"event_name":"Winding Halls","player_choice":"Max HP","floor":36.0,"gold_loss":0.0,"damage_taken":0.0},{"damage_healed":0.0,"max_hp_gain":0.0,"max_hp_loss":0.0,"gold_gain":0.0,"event_name":"Duplicator","player_choice":"Copied","floor":37.0,"gold_loss":0.0,"damage_taken":0.0,"cards_obtained":["Genetic Algorithm"]}],"is_beta":false,"boss_relics":[{"not_picked":["FrozenCore","Kintsugi"],"picked":"Velvet Choker"},{"not_picked":["Honey Jar","Black Star"],"picked":"Busted Crown"}],"items_purged_floors":[20,53],"is_endless":false,"potions_floor_spawned":[2,7,14,25,29,31,33,41,47],"ascension_level":10}}