{"host":"jqln3q8z91cyrmpl","time":1611996326,"event":{"mods":["AchievementEnabler","BaseMod","Colored Map","DeckTracker","Keyboard Shortcuts","Minty Spire (QoL Compilation)","SuperFastMode"],"gold_per_floor":[110,110,35,110,122,157,175,190,190,202,216,246,246,264,264,359,359,325,335,353,371,386,386,386],"floor_reached":23,"language":"KOR","playtime":1050,"items_purged":["Doubt"],"score":314,"play_id":"35aea47a-0e0d-4cc4-ba51-e0a728ecca0e","local_time":"20210130174526","is_ascension_mode":true,"campfire_choices":[{"floor":13.0,"key":"REST"},{"floor":15.0,"key":"DIG"}],"circlet_count":0,"master_deck":["AscendersBane","Defend_G","Defend_G","Defend_G","Defend_G","Survivor","Neutralize","Die Die Die","Infinite Blades","Deadly Poison","Poisoned Stab","Catalyst","Backflip","Accuracy","Blur","Calculated Gamble","Envenom","Setup+1","Envenom+1","After Image+1","Dodge and Roll+1","Calculated Gamble+1","Tactician"],"relics":["Ring of the Snake","Shovel","Eternal Feather","Meat on the Bone","Ancient Tea Set","Astrolabe"],"acts_visited":["Exordium","TheCity"],"potions_floor_usage":[23,23],"damage_taken":[{"damage":2.0,"enemies":"Cultist","floor":1.0,"turns":4.0},{"damage":6.0,"enemies":"Jaw Worm","floor":5.0,"turns":4.0},{"damage":10.0,"enemies":"Gremlin Nob","floor":6.0,"turns":3.0},{"damage":7.0,"enemies":"Small Slimes","floor":7.0,"turns":4.0},{"damage":7.0,"enemies":"Exordium Thugs","floor":8.0,"turns":4.0},{"damage":4.0,"enemies":"Blue Slaver","floor":10.0,"turns":4.0},{"damage":3.0,"enemies":"Looter","floor":11.0,"turns":3.0},{"damage":7.0,"enemies":"Lagavulin","floor":12.0,"turns":6.0},{"damage":0.0,"enemies":"2 Fungi Beasts","floor":14.0,"turns":3.0},{"damage":53.0,"enemies":"The Guardian","floor":16.0,"turns":11.0},{"damage":18.0,"enemies":"2 Thieves","floor":18.0,"turns":5.0},{"damage":13.0,"enemies":"Chosen","floor":19.0,"turns":6.0},{"damage":16.0,"enemies":"Snecko","floor":20.0,"turns":6.0},{"damage":30,"enemies":"Centurion and Healer","floor":21,"turns":9},{"damage":21,"enemies":"Snake Plant","floor":22,"turns":6},{"damage":31,"enemies":"Slavers","floor":23,"turns":3}],"seed_played":"-1351011794347058890","potions_obtained":[{"floor":1.0,"key":"SteroidPotion"},{"floor":7.0,"key":"FairyPotion"},{"floor":8.0,"key":"LiquidMemories"},{"floor":16.0,"key":"ColorlessPotion"},{"floor":18.0,"key":"Poison Potion"},{"floor":22,"key":"Explosive Potion"}],"is_trial":false,"path_per_floor":["M","?","$","?","M","E","M","M","T","M","M","E","R","M","R","B",null,"M","M","M","M","M","E"],"character_chosen":"THE_SILENT","items_purchased":[],"campfire_rested":1,"item_purchase_floors":[],"current_hp_per_floor":[61,54,54,47,41,31,24,17,17,13,10,3,33,45,54,13,56,38,37,33,15,27,0,0],"gold":386,"neow_bonus":"TRANSFORM_TWO_CARDS","is_daily":false,"chose_seed":false,"campfire_upgraded":0,"win_rate":0.0,"timestamp":1611996326,"path_taken":["M","?","$","?","M","E","M","M","T","?","M","E","R","M","R","BOSS","M","M","M","M","M","E"],"items_purchased_type":[],"build_version":"2020-12-22","purchased_purges":1,"victory":false,"max_hp_per_floor":[70,70,70,70,70,70,70,70,70,70,70,70,70,70,70,70,70,70,70,70,70,70,70,70],"card_choices":[{"not_picked":["Dagger Throw","Terror"],"picked":"Deadly Poison","floor":1.0},{"not_picked":["Riddle With Holes","Dagger Throw"],"picked":"Poisoned Stab","floor":5.0},{"not_picked":["Deflect","Poisoned Stab"],"picked":"Catalyst","floor":6.0},{"not_picked":["Dagger Throw","Infinite Blades","Die Die Die"],"picked":"SKIP","floor":7.0},{"not_picked":["All Out Attack","Choke"],"picked":"Backflip","floor":8.0},{"not_picked":["Flechettes","Quick Slash"],"picked":"Accuracy","floor":10.0},{"not_picked":["Deflect","Bane"],"picked":"Blur","floor":11.0},{"not_picked":["Backflip","Masterful Stab"],"picked":"Calculated Gamble","floor":12.0},{"not_picked":["Riddle With Holes","Underhanded Strike","Prepared"],"picked":"SKIP","floor":14.0},{"not_picked":["Die Die Die","Doppelganger"],"picked":"Envenom","floor":16.0},{"not_picked":["Outmaneuver","Flying Knee","Masterful Stab"],"picked":"SKIP","floor":18.0},{"not_picked":["Finisher","Flying Knee+1"],"picked":"Dodge and Roll+1","floor":19.0},{"not_picked":["Slice","Caltrops"],"picked":"Calculated Gamble+1","floor":20.0},{"not_picked":["Deflect","PiercingWail"],"picked":"Tactician","floor":21},{"not_picked":["Blade Dance","Flying Knee+1","Deflect"],"picked":"SKIP","floor":22}],"player_experience":402857,"relics_obtained":[{"floor":6.0,"key":"Shovel"},{"floor":9.0,"key":"Eternal Feather"},{"floor":12.0,"key":"Meat on the Bone"},{"floor":15.0,"key":"Ancient Tea Set"}],"event_choices":[{"cards_removed":["Strike_G"],"damage_healed":0.0,"max_hp_gain":0.0,"max_hp_loss":0.0,"gold_gain":0.0,"event_name":"Golden Wing","player_choice":"Card Removal","floor":2.0,"gold_loss":0.0,"damage_taken":7.0},{"damage_healed":0.0,"max_hp_gain":0.0,"max_hp_loss":0.0,"gold_gain":75.0,"event_name":"FaceTrader","player_choice":"Touch","floor":4.0,"gold_loss":0.0,"damage_taken":7.0}],"is_beta":false,"boss_relics":[{"not_picked":["Runic Dome","Black Star"],"picked":"Astrolabe"}],"items_purged_floors":[3],"is_endless":false,"potions_floor_spawned":[1,7,8,16,18,22],"killed_by":"Slavers","ascension_level":10}}