{"host":"ve5hox67eka4rdnb","time":1611994314,"event":{"mods":["ATMod(∞¢Ë™Mod)","AchievementEnabler","Act Like it!","BaseMod","Decade(Õı–°√˜)","Downfall","Gensokyo","Hermit","Koishi","Lobotomy","LobotomyExtend","Marisa£®ÏF”Í°°ƒß¿Ì…≥£©","Minty Spire (QoL Compilation)","Reimu£®≤©¿ˆ¡È√Œ£©","Remilia£®¿Ÿ√◊¿Ú—«£©","Replay The Spire","Shop Mod","StSLib","The Construct","The Cursed","The Servant 0.9.4"],"gold_per_floor":[99,99,99,24,199,218,218,233,233,233,266,6,6,22,41,142,142,42,42,42,42],"floor_reached":19,"language":"ZHS","playtime":1483,"items_purged":["champ:Execute","Doubt"],"score":163,"play_id":"0899409a-9739-4fb4-a609-9d6d6421a708","local_time":"20210130161154","is_ascension_mode":false,"campfire_choices":[{"floor":1,"key":"DIG"},{"floor":10,"key":"RECALL"},{"data":"AT_FamilyPortrait","floor":13,"key":"SMITH"},{"data":"champ:CheapShot","floor":18,"key":"SMITH"}],"circlet_count":0,"master_deck":["champ:Strike","champ:Strike","champ:Strike","champ:Defend+1","champ:Defend+1","champ:Defend+1","champ:Defend+1","champ:Taunt","AT_FamilyPortrait+1","champ:PreciseThrust","champ:StanceDance","champ:CrownThrow","champ:FanOfKnives","champ:CrookedStrike","champ:Endure","champ:Lariat","champ:FaceSlap","champ:BringItOn","champ:FocusedBerserking","champ:CheapShot+1","Injury","CommonCold","Sickly"],"relics":["champ:ChampionCrown","AT_ATBox","downfall:HeartsMalice","LetterFromLob","White Beast Statue","Prayer Wheel","Replay:Bottled Eggs","ClockworkSouvenir","Replay:Ancient Bell","Tiny Chest","AT_SilvercatRing","AT_Manta","BranchBurnRelic","downfall:HeartBlessingRed"],"acts_visited":["Exordium","TheCity"],"potions_floor_usage":[16,16,16],"damage_taken":[{"damage":0,"enemies":"Jaw Worm","floor":2,"turns":1},{"damage":0,"enemies":"Small Slimes","floor":3,"turns":1},{"damage":0,"enemies":"downfall:FleeingMerchant","floor":4,"turns":1},{"damage":0,"enemies":"2 Louse","floor":6,"turns":3},{"damage":20,"enemies":"Exordium Thugs","floor":8,"turns":6},{"damage":35,"enemies":"Gremlin Nob","floor":11,"turns":5},{"damage":10,"enemies":"downfall:FleeingMerchant","floor":12,"turns":4},{"damage":10,"enemies":"Blue Slaver","floor":14,"turns":4},{"damage":5,"enemies":"2 Fungi Beasts","floor":15,"turns":3},{"damage":103,"enemies":"WA_ARCHETYPE_RETAIN","floor":16,"turns":9}],"seed_played":"746448661655068823","potions_obtained":[{"floor":8,"key":"Slimebound:ThreeZeroPotion"},{"floor":11,"key":"Energy Potion"},{"floor":12,"key":"FearPotion"},{"floor":15,"key":"Languid Potion"},{"floor":16,"key":"Dexterity Potion"}],"is_trial":false,"path_per_floor":["R","M","M","$","?","M","T","M","?","R","E","$","R","M","M","B",null,"R","$"],"character_chosen":"THE_CHAMP","items_purchased":["ClockworkSouvenir"],"campfire_rested":0,"item_purchase_floors":[12],"current_hp_per_floor":[90,90,90,90,90,90,90,80,90,90,65,65,65,65,65,17,90,90,0,0,0],"gold":42,"neow_bonus":"THREE_ENEMY_KILL","is_daily":false,"chose_seed":false,"campfire_upgraded":2,"win_rate":0.0,"timestamp":1611994314,"path_taken":["R","M","M","$","?","M","T","M","?","R","E","$","R","M","M","BOSS","R","$"],"items_purchased_type":["Relic"],"build_version":"2020-12-22","purchased_purges":2,"victory":false,"max_hp_per_floor":[90,90,90,90,90,90,90,90,90,90,90,90,90,90,90,90,90,90,90,90,90],"card_choices":[{"not_picked":["champ:Shatter","champ:EndlessRage"],"picked":"champ:PreciseThrust","floor":2},{"not_picked":["champ:HeartStrike","champ:BringItOn"],"picked":"champ:StanceDance","floor":3},{"not_picked":["champ:SwordThrow","champ:BringItOn"],"picked":"champ:CrownThrow","floor":4},{"not_picked":["champ:Circumvent","champ:Duel"],"picked":"champ:FanOfKnives","floor":6},{"not_picked":["champ:Encircle","champ:Endure"],"picked":"champ:CrookedStrike","floor":8},{"not_picked":["champ:Encircle","champ:CrookedStrike"],"picked":"champ:Endure","floor":11},{"not_picked":["champ:BladeFlurry","champ:FlashCut"],"picked":"champ:Lariat","floor":12},{"not_picked":["champ:LastStand","champ:AdrenalArmor"],"picked":"champ:FaceSlap","floor":14},{"not_picked":["champ:Encircle","champ:PreemptiveStrike"],"picked":"champ:BringItOn","floor":14},{"not_picked":["champ:RisingSlash","champ:Parry"],"picked":"champ:FocusedBerserking","floor":15},{"not_picked":["champ:Shatter","champ:StanceDance","champ:IronFortress"],"picked":"SKIP","floor":15},{"not_picked":["champ:LastStand","champ:Devastate"],"picked":"champ:CheapShot","floor":16},{"not_picked":["Wraith","Voices"],"picked":"Injury","floor":17},{"not_picked":["Spreading Infection","Delirium"],"picked":"CommonCold","floor":17},{"not_picked":["Wrath_TH","Spreading Infection"],"picked":"Sickly","floor":17}],"player_experience":180664,"relics_obtained":[{"floor":1,"key":"Dead Branch"},{"floor":2,"key":"LetterFromLob"},{"floor":7,"key":"White Beast Statue"},{"floor":11,"key":"Replay:Bottled Eggs"}],"event_choices":[],"is_beta":false,"boss_relics":[{"not_picked":["Cursed Key","Fusion Hammer"],"picked":"Replay:Ancient Bell"},{"not_picked":["Bronze Scales","Toy Ornithopter"],"picked":"Tiny Chest"},{"not_picked":["Ornamental Fan","construct:FoamFinger"],"picked":"AT_SilvercatRing"},{"not_picked":["TungstenRod","Old Coin"],"picked":"AT_Manta"}],"items_purged_floors":[4,12],"is_endless":false,"potions_floor_spawned":[8,11,12,14,15,16],"ascension_level":0}}