{"host":"80ojs5zx0tu8i1zz","time":1611971188,"event":{"mods":["AchievementEnabler","Arknights The Spire","Aspiration","BaseMod","Better Altar","Better Match","Better Note","Better Sensory Stone","Better Skull","Better Third Choice","ChefMod","Colored Map","Colored Powertips","Hermit","Hubris","Infinite Spire","Jorbs\u0027s Wanderer Trilogy","Minty Spire (QoL Compilation)","Replay The Spire","Shade Mod","Shop Mod","StSLib","The Dragon Tamer","The Hayseed","The Hierophant","The Marked"],"gold_per_floor":[115,126,37,55,0,0,19,19,19,30,30,30,30],"floor_reached":12,"language":"ENG","playtime":304,"items_purged":[],"score":70,"play_id":"c919b3fe-5d8a-4192-8cc5-5d577e2cd310","local_time":"20210130034628","is_ascension_mode":false,"campfire_choices":[{"data":"Trip","floor":6,"key":"SMITH"}],"circlet_count":0,"master_deck":["theMarked:Strike","theMarked:Strike","theMarked:Strike","theMarked:Strike","theMarked:Strike","theMarked:Defend","theMarked:Defend","theMarked:Defend","theMarked:Defend","theMarked:SoldierOfQuellstein+1","theMarked:ResourceFulStrike","theMarked:MuscleMemory","Trip+1","theMarked:ChainLightning","Enlightenment","theMarked:EmpowerWeapon","theMarked:ChannelForce"],"relics":["theMarked:ArtifactOfAir","Centennial Puzzle","Gremlin Food","Omamori","theMarked:DemonDagger","Blue Doll"],"acts_visited":["Exordium"],"potions_floor_usage":[12],"damage_taken":[{"damage":0,"enemies":"Cultist","floor":1,"turns":3},{"damage":0,"enemies":"Small Slimes","floor":2,"turns":2},{"damage":1,"enemies":"Jaw Worm","floor":4,"turns":3},{"damage":5,"enemies":"Looter","floor":7,"turns":3},{"damage":2,"enemies":"Blue Slaver","floor":10,"turns":3},{"damage":13,"enemies":"3 Sentries","floor":12,"turns":2}],"seed_played":"-569679530360509730","potions_obtained":[{"floor":7,"key":"TheSimpletonMod:MoonshinePotion"}],"is_trial":false,"path_per_floor":["M","M","$","M","?","R","M","?","T","M","T","E"],"character_chosen":"THE_DEFAULT","items_purchased":["Trip"],"campfire_rested":0,"item_purchase_floors":[3],"current_hp_per_floor":[70,70,70,69,75,75,70,12,12,10,10,0,0],"gold":30,"neow_bonus":"UPGRADE_CARD","is_daily":false,"chose_seed":false,"campfire_upgraded":1,"win_rate":0.0,"timestamp":1611971188,"path_taken":["M","?","$","M","?","R","M","?","T","?","?","E"],"items_purchased_type":["Card"],"build_version":"2020-12-22","purchased_purges":0,"victory":false,"max_hp_per_floor":[70,70,70,70,76,76,76,76,76,76,76,76,76],"card_choices":[{"not_picked":["theMarked:EnhanceMovement","theMarked:HeightenedSenses"],"picked":"theMarked:ResourceFulStrike","floor":1},{"not_picked":["theMarked:Frustration","theMarked:HeightenedSenses"],"picked":"theMarked:MuscleMemory","floor":2},{"not_picked":["theMarked:TwofoldDefense","theMarked:LightningStrikesTwice"],"picked":"theMarked:ChainLightning","floor":4},{"not_picked":["theMarked:Indomitable","theMarked:RogueSparks"],"picked":"theMarked:EmpowerWeapon","floor":7},{"not_picked":["theMarked:HeightenedSenses","theMarked:ResourceFulStrike"],"picked":"theMarked:ChannelForce","floor":10}],"player_experience":228210,"relics_obtained":[{"floor":9,"key":"theMarked:DemonDagger"},{"floor":11,"key":"Blue Doll"}],"event_choices":[{"damage_healed":0,"gold_gain":0,"player_choice":"RENOUNCE","damage_taken":55,"max_hp_gain":0,"max_hp_loss":0,"event_name":"betterThird:BetterSerpent","floor":5,"gold_loss":55,"cards_obtained":["Enlightenment"]},{"damage_healed":0,"gold_gain":0,"player_choice":"RE RE RE ","damage_taken":64,"relics_obtained":["Centennial Puzzle","Gremlin Food","Omamori"],"max_hp_gain":0,"max_hp_loss":0,"event_name":"betterSkull:BetterSkull","floor":8,"gold_loss":0,"cards_upgraded":[]}],"is_beta":false,"boss_relics":[],"items_purged_floors":[],"is_endless":false,"potions_floor_spawned":[7],"killed_by":"3 Sentries","ascension_level":0}}