{"host":"2se5dq1do2gp0x9k","time":1611994417,"event":{"mods":["AchievementEnabler","BaseMod","Block Reminder","Colored Map","Colored Powertips","Minty Spire (QoL Compilation)","Relic Stats","StSLib","SuperFastMode"],"gold_per_floor":[109,109,52,67,83,83,113,113,138,288,288,306,316,350,362,451,463,494,148,73,83,83,83],"floor_reached":22,"language":"ENG","playtime":713,"items_purged":["Strike_B"],"score":388,"play_id":"654fb31e-326f-4016-9453-35f377ae33eb","local_time":"20210130001337","is_ascension_mode":true,"campfire_choices":[{"data":"Darkness","floor":6,"key":"SMITH"},{"data":"Go for the Eyes","floor":8,"key":"SMITH"},{"data":"Multi-Cast","floor":15,"key":"SMITH"}],"circlet_count":0,"master_deck":["AscendersBane","Strike_B","Strike_B","Defend_B","Defend_B","Defend_B","Defend_B","Zap","Dualcast","Chill","Ball Lightning","Compile Driver","Darkness+1","Go for the Eyes+1","Glacier","Hologram","Multi-Cast+1","Echo Form","Barrage","Turbo","Beam Cell","Master of Strategy"],"relics":["Cracked Core","NeowsBlessing","MealTicket","Strawberry","MawBank","Inserter"],"acts_visited":["Exordium","TheCity"],"potions_floor_usage":[16],"damage_taken":[{"damage":0,"enemies":"Small Slimes","floor":1,"turns":1},{"damage":0,"enemies":"2 Louse","floor":4,"turns":1},{"damage":0,"enemies":"Jaw Worm","floor":5,"turns":1},{"damage":21,"enemies":"Lagavulin","floor":7,"turns":7},{"damage":11,"enemies":"Looter","floor":12,"turns":3},{"damage":3,"enemies":"Large Slime","floor":13,"turns":7},{"damage":4,"enemies":"Gremlin Nob","floor":14,"turns":3},{"damage":17,"enemies":"Hexaghost","floor":16,"turns":9},{"damage":28,"enemies":"3 Byrds","floor":18,"turns":8},{"damage":14,"enemies":"Shell Parasite","floor":21,"turns":7},{"damage":34,"enemies":"Shelled Parasite and Fungi","floor":22,"turns":5}],"seed_played":"9013225984874978913","potions_obtained":[{"floor":1,"key":"Energy Potion"},{"floor":12,"key":"PowerPotion"}],"is_trial":false,"path_per_floor":["M","?","$","M","M","R","E","R","T","?","?","M","M","E","R","B",null,"M","$","?","M","M"],"character_chosen":"DEFECT","items_purchased":["Ball Lightning","Turbo","Beam Cell","Master of Strategy"],"campfire_rested":0,"item_purchase_floors":[3,19,19,19],"current_hp_per_floor":[64,64,64,64,64,64,43,43,50,50,43,32,29,25,25,8,61,33,48,48,34,0,0],"gold":83,"neow_bonus":"THREE_ENEMY_KILL","is_daily":false,"chose_seed":false,"campfire_upgraded":3,"win_rate":0.0,"timestamp":1611994417,"path_taken":["M","?","$","M","M","R","E","R","T","?","?","M","M","E","R","BOSS","M","$","?","M","M"],"items_purchased_type":["Card","Card","Card","Card"],"build_version":"2020-12-22","purchased_purges":1,"victory":false,"max_hp_per_floor":[71,71,71,71,71,71,71,71,78,78,78,78,78,78,78,78,78,78,78,78,78,78,78],"relic_stats":{"Inserter":[10],"counters":[11,52],"MealTicket":15,"MawBank":60,"obtain_stats":[{"Inserter":17,"NeowsBlessing":0,"Strawberry":9,"MealTicket":7,"Cracked Core":0,"MawBank":14},{"Inserter":8,"NeowsBlessing":0,"Strawberry":4,"MealTicket":4,"Cracked Core":0,"MawBank":7},{"Inserter":32,"NeowsBlessing":0,"Strawberry":10,"MealTicket":10,"Cracked Core":0,"MawBank":23}]},"card_choices":[{"not_picked":["Blizzard","Steam"],"picked":"Chill","floor":1},{"not_picked":["Redo","Steam"],"picked":"Compile Driver","floor":4},{"not_picked":["Rip and Tear","Ball Lightning"],"picked":"Darkness","floor":5},{"not_picked":["Capacitor","White Noise"],"picked":"Go for the Eyes","floor":7},{"not_picked":["Steam","Redo"],"picked":"Glacier","floor":12},{"not_picked":["BootSequence","Recycle"],"picked":"Hologram","floor":13},{"not_picked":["Stack","Steam"],"picked":"Multi-Cast","floor":14},{"not_picked":["Reboot","Core Surge"],"picked":"Echo Form","floor":16},{"not_picked":["Streamline","Conserve Battery"],"picked":"Barrage","floor":18},{"not_picked":["Streamline","Stack","Go for the Eyes"],"picked":"SKIP","floor":21}],"player_experience":3988659,"relics_obtained":[{"floor":7,"key":"MealTicket"},{"floor":9,"key":"Strawberry"},{"floor":14,"key":"MawBank"}],"event_choices":[{"damage_healed":0,"gold_gain":0,"player_choice":"Leave","damage_taken":0,"max_hp_gain":0,"max_hp_loss":0,"event_name":"The Cleric","floor":2,"gold_loss":0},{"damage_healed":0,"gold_gain":150,"player_choice":"AGREE","damage_taken":0,"max_hp_gain":0,"max_hp_loss":0,"event_name":"Liars Game","floor":10,"gold_loss":0,"cards_obtained":["Doubt"]},{"cards_removed":["Doubt"],"damage_healed":0,"gold_gain":0,"player_choice":"Card Removal","damage_taken":7,"max_hp_gain":0,"max_hp_loss":0,"event_name":"Golden Wing","floor":11,"gold_loss":0},{"cards_removed":["Strike_B"],"damage_healed":0,"gold_gain":0,"player_choice":"Gave Gold","damage_taken":0,"max_hp_gain":0,"max_hp_loss":0,"event_name":"Beggar","floor":20,"gold_loss":75}],"is_beta":false,"boss_relics":[{"not_picked":["Sozu","SacredBark"],"picked":"Inserter"}],"items_purged_floors":[19],"is_endless":false,"potions_floor_spawned":[1,12],"killed_by":"Shelled Parasite and Fungi","ascension_level":20}}