{"host":"y24pqu7jih1n8m3t","time":1611974751,"event":{"mods":["AchievementEnabler","BaseMod","Bestiary","Block Reminder","Colored Map","Colored Powertips","DeckTracker","Highlight Path","Minty Spire (QoL Compilation)","Permanent Neow","Quick Restart","Rare Cards Sparkle","Relic Stats"],"gold_per_floor":[117,84,94,110,8,39,39,71,71,71,82,82,82,102,102,222,222,246,246,269,2,23,23,63,63,111,111,111],"floor_reached":27,"language":"ENG","playtime":1351,"items_purged":["Pain"],"score":277,"play_id":"216ea65f-61e4-4db0-9344-93f71993a747","local_time":"20210129214551","is_ascension_mode":true,"campfire_choices":[{"floor":10,"key":"REST"},{"floor":13,"key":"REST"},{"floor":15,"key":"RECALL"},{"floor":23,"key":"REST"},{"floor":25,"key":"REST"}],"circlet_count":0,"master_deck":["Strike_B","Strike_B","Strike_B","Strike_B","Defend_B","Defend_B","Defend_B","Defend_B","Zap","Dualcast","Heatsinks","Static Discharge","Cold Snap","Conserve Battery","Static Discharge","Hologram","Multi-Cast","Rip and Tear","Conserve Battery","Static Discharge","Machine Learning","Beam Cell+1","Consume","Sunder","Coolheaded+1","Sunder","Self Repair","Coolheaded"],"relics":["Fusion Hammer","Pear","Unceasing Top","Torii","Golden Idol","Nuclear Battery","WarpedTongs","Dream Catcher","Symbiotic Virus","Ancient Tea Set"],"acts_visited":["Exordium","TheCity"],"potions_floor_usage":[3],"damage_taken":[{"damage":4,"enemies":"Cultist","floor":1,"turns":5},{"damage":8,"enemies":"Jaw Worm","floor":3,"turns":4},{"damage":0,"enemies":"Small Slimes","floor":4,"turns":3},{"damage":18,"enemies":"Lagavulin","floor":6,"turns":7},{"damage":44,"enemies":"Gremlin Nob","floor":8,"turns":5},{"damage":1,"enemies":"Red Slaver","floor":11,"turns":3},{"damage":6,"enemies":"Blue Slaver","floor":14,"turns":5},{"damage":22,"enemies":"Hexaghost","floor":16,"turns":9},{"damage":15,"enemies":"Shell Parasite","floor":18,"turns":8},{"damage":11,"enemies":"Spheric Guardian","floor":20,"turns":4},{"damage":23,"enemies":"Shelled Parasite and Fungi","floor":22,"turns":5},{"damage":33,"enemies":"Gremlin Leader","floor":24,"turns":6},{"damage":49,"enemies":"Slavers","floor":27,"turns":2}],"seed_played":"8104906897494692456","potions_obtained":[{"floor":3,"key":"Fruit Juice"},{"floor":8,"key":"EssenceOfSteel"},{"floor":16,"key":"FearPotion"},{"floor":18,"key":"EssenceOfDarkness"},{"floor":20,"key":"AttackPotion"},{"floor":24,"key":"Fire Potion"}],"is_trial":false,"path_per_floor":["M","$","M","M","$","E","?","E","T","R","M","?","R","M","R","B",null,"M","?","M","$","M","R","E","R","T","E"],"character_chosen":"DEFECT","items_purchased":["Static Discharge","Static Discharge","Hologram","Dream Catcher","Sunder"],"campfire_rested":4,"item_purchase_floors":[2,5,5,21,21],"current_hp_per_floor":[71,71,68,68,68,60,60,16,16,43,42,42,66,60,60,38,83,68,68,57,57,34,58,25,49,49,0,0],"gold":111,"neow_bonus":"BOSS_RELIC","is_daily":false,"chose_seed":false,"campfire_upgraded":0,"win_rate":0.0,"timestamp":1611974751,"path_taken":["M","?","M","M","$","E","?","E","T","R","M","?","R","M","R","BOSS","M","?","M","$","?","R","E","R","T","E"],"items_purchased_type":["Card","Card","Card","Relic","Card"],"build_version":"2020-12-22","purchased_purges":1,"victory":false,"max_hp_per_floor":[75,75,80,80,80,90,90,90,90,90,90,83,83,83,83,83,83,83,83,83,83,83,83,83,83,83,83,83],"relic_stats":{"Dream Catcher":2,"Torii":17,"counters":[13,66],"Golden Idol":50,"obtain_stats":[{"Dream Catcher":21,"Pear":6,"Torii":9,"Golden Idol":12,"Fusion Hammer":0,"Cracked Core":0,"Symbiotic Virus":24,"Ancient Tea Set":26,"Unceasing Top":8,"Nuclear Battery":17,"WarpedTongs":19},{"Dream Catcher":10,"Pear":4,"Torii":5,"Golden Idol":6,"Fusion Hammer":0,"Cracked Core":0,"Symbiotic Virus":12,"Ancient Tea Set":12,"Unceasing Top":5,"Nuclear Battery":8,"WarpedTongs":9},{"Dream Catcher":53,"Pear":19,"Torii":24,"Golden Idol":27,"Fusion Hammer":0,"Cracked Core":0,"Symbiotic Virus":64,"Ancient Tea Set":64,"Unceasing Top":24,"Nuclear Battery":41,"WarpedTongs":49}],"Unceasing Top":[8],"WarpedTongs":[17]},"card_choices":[{"not_picked":["Redo","Compile Driver"],"picked":"Heatsinks","floor":1},{"not_picked":["Hologram","Conserve Battery"],"picked":"Cold Snap","floor":3},{"not_picked":["Beam Cell","Redo"],"picked":"Conserve Battery","floor":4},{"not_picked":["Go for the Eyes","Sweeping Beam"],"picked":"Multi-Cast","floor":6},{"not_picked":["Beam Cell","Redo"],"picked":"Rip and Tear","floor":8},{"not_picked":["Recycle","Gash"],"picked":"Conserve Battery","floor":11},{"not_picked":["Auto Shields","Genetic Algorithm"],"picked":"Static Discharge","floor":14},{"not_picked":["All For One","Rainbow"],"picked":"Machine Learning","floor":16},{"not_picked":["Conserve Battery","Coolheaded"],"picked":"Beam Cell+1","floor":18},{"not_picked":["Double Energy","Redo"],"picked":"Consume","floor":20},{"not_picked":["Sunder+1","Leap"],"picked":"Coolheaded+1","floor":22},{"not_picked":["Steam Power","Gash+1"],"picked":"Sunder","floor":23},{"not_picked":["BootSequence+1","Gash"],"picked":"Self Repair","floor":24},{"not_picked":["Streamline","Ball Lightning+1"],"picked":"Coolheaded","floor":25}],"player_experience":207656,"relics_obtained":[{"floor":6,"key":"Pear"},{"floor":8,"key":"Unceasing Top"},{"floor":9,"key":"Torii"},{"floor":24,"key":"Symbiotic Virus"},{"floor":26,"key":"Ancient Tea Set"}],"event_choices":[{"damage_healed":0,"gold_gain":0,"player_choice":"Ignored","damage_taken":0,"max_hp_gain":0,"max_hp_loss":0,"event_name":"Liars Game","floor":7,"gold_loss":0},{"damage_healed":0,"gold_gain":0,"player_choice":"Lose Max HP","damage_taken":0,"relics_obtained":["Golden Idol"],"max_hp_gain":0,"max_hp_loss":7,"event_name":"Golden Idol","floor":12,"gold_loss":0},{"damage_healed":0,"gold_gain":0,"player_choice":"Rummage","damage_taken":0,"relics_obtained":["WarpedTongs"],"max_hp_gain":0,"max_hp_loss":0,"event_name":"Accursed Blacksmith","floor":19,"gold_loss":0,"cards_obtained":["Pain"]}],"is_beta":false,"boss_relics":[{"not_picked":["Runic Dome","SlaversCollar"],"picked":"Nuclear Battery"}],"items_purged_floors":[21],"is_endless":false,"potions_floor_spawned":[3,8,16,18,20,24],"killed_by":"Slavers","ascension_level":3}}