{"host":"8f5cu9y0fpol72qs","time":1611976885,"event":{"mods":["AlwaysNeverKeys","BaseMod","Colored Map","Colored Powertips","Curses Come First","Highlight Path","Key Reminder","Minty Spire (QoL Compilation)","StSLib"],"gold_per_floor":[117,117,130,145,220,220,238,238,287,315,1,1,15,31,31,108,108,92,92,92],"floor_reached":19,"language":"ENG","playtime":1346,"items_purged":["Strike_P"],"score":383,"play_id":"8cf49afe-8687-4b2f-884b-dcf527c69869","local_time":"20210129192125","is_ascension_mode":true,"campfire_choices":[{"data":"Devotion","floor":6.0,"key":"SMITH"},{"data":"FlyingSleeves","floor":8.0,"key":"SMITH"},{"data":"Omniscience","floor":15.0,"key":"SMITH"}],"circlet_count":0,"master_deck":["AscendersBane","Strike_P","Strike_P","Strike_P","Defend_P","Defend_P","Defend_P","Defend_P","Eruption","Vigilance","CutThroughFate","FlyingSleeves+1","Devotion+1","ThirdEye","Weave","Omniscience+1","Protect","Devotion","CurseOfTheBell","EmptyFist+1"],"relics":["PureWater","Orichalcum","Tiny Chest","White Beast Statue","Bird Faced Urn","Calling Bell","Happy Flower","Singing Bowl","Lizard Tail"],"acts_visited":["Exordium","TheCity"],"potions_floor_usage":[19],"damage_taken":[{"damage":0.0,"enemies":"Jaw Worm","floor":1.0,"turns":4.0},{"damage":0.0,"enemies":"Small Slimes","floor":3.0,"turns":2.0},{"damage":3.0,"enemies":"2 Louse","floor":4.0,"turns":3.0},{"damage":8.0,"enemies":"Blue Slaver","floor":7.0,"turns":4.0},{"damage":25.0,"enemies":"3 Sentries","floor":10.0,"turns":5.0},{"damage":0.0,"enemies":"2 Fungi Beasts","floor":13.0,"turns":2.0},{"damage":0.0,"enemies":"Large Slime","floor":14.0,"turns":2.0},{"damage":0.0,"enemies":"The Guardian","floor":16.0,"turns":11.0},{"damage":22.0,"enemies":"2 Thieves","floor":18.0,"turns":4.0},{"damage":71,"enemies":"Masked Bandits","floor":19,"turns":4}],"seed_played":"-6234351566421893796","potions_obtained":[{"floor":3.0,"key":"LiquidMemories"},{"floor":10.0,"key":"Swift Potion"},{"floor":13.0,"key":"Fire Potion"},{"floor":14.0,"key":"Dexterity Potion"},{"floor":16.0,"key":"FearPotion"},{"floor":18.0,"key":"LiquidBronze"}],"is_trial":false,"path_per_floor":["M","?","M","M","?","R","M","R","T","E","$","?","M","M","R","B",null,"M","?"],"character_chosen":"WATCHER","items_purchased":["White Beast Statue"],"campfire_rested":0,"item_purchase_floors":[11],"current_hp_per_floor":[67,72,72,69,58,58,50,50,50,25,25,7,7,7,7,9,62,44,19,19],"gold":92,"neow_bonus":"TEN_PERCENT_HP_BONUS","is_daily":false,"chose_seed":false,"campfire_upgraded":3,"win_rate":0.0,"timestamp":1611976885,"path_taken":["M","?","M","M","?","R","M","R","T","E","$","?","M","M","R","BOSS","M","?"],"items_purchased_type":["Relic"],"build_version":"2020-12-22","purchased_purges":1,"victory":false,"max_hp_per_floor":[74,79,79,79,79,79,79,79,79,79,79,79,79,79,79,79,79,79,79,79],"card_choices":[{"not_picked":["ThirdEye","FlurryOfBlows"],"picked":"CutThroughFate","floor":1.0},{"not_picked":["SashWhip","Worship"],"picked":"FlyingSleeves","floor":3.0},{"not_picked":["FlurryOfBlows","FollowUp"],"picked":"Devotion","floor":4.0},{"not_picked":["Pray","DeceiveReality"],"picked":"ThirdEye","floor":7.0},{"not_picked":["JustLucky","Prostrate"],"picked":"Weave","floor":10.0},{"not_picked":["Conclude","MentalFortress"],"picked":"Omniscience","floor":13.0},{"not_picked":["InnerPeace","CutThroughFate"],"picked":"Protect","floor":14.0},{"not_picked":["DevaForm","Wish"],"picked":"Devotion","floor":16.0},{"not_picked":["CutThroughFate","Prostrate"],"picked":"EmptyFist+1","floor":18.0}],"player_experience":941833,"relics_obtained":[{"floor":9.0,"key":"Orichalcum"},{"floor":10.0,"key":"Tiny Chest"},{"floor":17.0,"key":"Happy Flower"},{"floor":17.0,"key":"Singing Bowl"},{"floor":17.0,"key":"Lizard Tail"}],"event_choices":[{"damage_healed":0.0,"max_hp_gain":5.0,"max_hp_loss":0.0,"gold_gain":0.0,"event_name":"Big Fish","player_choice":"Donut","floor":2.0,"gold_loss":0.0,"damage_taken":0.0},{"damage_healed":0.0,"max_hp_gain":0.0,"max_hp_loss":0.0,"gold_gain":75.0,"event_name":"World of Goop","player_choice":"Gather Gold","floor":5.0,"gold_loss":0.0,"damage_taken":11.0},{"damage_healed":0.0,"max_hp_gain":0.0,"max_hp_loss":0.0,"gold_gain":0.0,"event_name":"Scrap Ooze","player_choice":"Success","floor":12.0,"gold_loss":0.0,"damage_taken":18.0,"relics_obtained":["Bird Faced Urn"]},{"damage_healed":0,"gold_gain":0,"player_choice":"Fought Bandits","damage_taken":0,"max_hp_gain":0,"max_hp_loss":0,"event_name":"Masked Bandits","floor":19,"gold_loss":0}],"is_beta":false,"boss_relics":[{"not_picked":["Runic Dome","Velvet Choker"],"picked":"Calling Bell"}],"items_purged_floors":[11],"is_endless":false,"potions_floor_spawned":[3,10,13,14,16,18],"killed_by":"Masked Bandits","ascension_level":15}}