{"host":"cvi15ncjwtgwyi5w","time":1611991120,"event":{"mods":["Act Like it!","BaseMod","Colored Powertips","Friendly Minions","Hallownest","Minty Spire (QoL Compilation)","Quick Restart","StSLib","The Bug Knight","Waifu the Spire"],"gold_per_floor":[117,44,44,55,55,80,92,105,105,138,153,153,185,185,185,185,185],"floor_reached":16,"language":"ENG","playtime":1592,"items_purged":[],"score":145,"play_id":"1f27293f-c302-48df-83cf-6cabb493ca95","local_time":"20210130171840","is_ascension_mode":false,"campfire_choices":[{"floor":12,"key":"RECALL"},{"floor":15,"key":"REST"}],"circlet_count":0,"master_deck":["HollowMod:NailStrikeStart","HollowMod:NailStrikeStart","HollowMod:NailStrikeStart","HollowMod:FocusHealStart+1","HollowMod:PogoStrike","HollowMod:CornifersMapStart","HollowMod:DescendingDark","HollowMod:SharpenedNail","Hallownest:skillLeafShield","Hallownest:skillLeafShield","Hallownest:skillLeafShield","Hallownest:skillLeafShield","HollowMod:SoulEater","HollowMod:ZotesMagnificence","HollowMod:DesolateDive","HollowMod:HowlingWraiths","HollowMod:GoodIntentions","HollowMod:WraithStrike","HollowMod:HuntersJournal"],"relics":["HollowMod:VesselMask","War Paint","Bronze Scales","StoneCalendar","Boot","Meat on the Bone"],"acts_visited":["Hallownest:Greenpath"],"potions_floor_usage":[13,16],"damage_taken":[{"damage":0,"enemies":"Hallownest:monsterHuskWarrior","floor":1,"turns":5},{"damage":4,"enemies":"Hallownest:2_Baldur","floor":4,"turns":3},{"damage":19,"enemies":"Hallownest:eliteMossKnight","floor":6,"turns":12},{"damage":4,"enemies":"2_ Uuma","floor":7,"turns":4},{"damage":17,"enemies":"Hallownest:Wandering_and_Horned","floor":8,"turns":3},{"damage":7,"enemies":"Hallownest:eliteVengeflyKing","floor":10,"turns":5},{"damage":35,"enemies":"Hallownest:1_Ooma_and_2_Uuma","floor":11,"turns":6},{"damage":10,"enemies":"Hallownest:eliteMossKnight","floor":13,"turns":7},{"damage":45,"enemies":"Hallownest:BossFalseKnight","floor":16,"turns":9}],"seed_played":"1788043875680971337","potions_obtained":[{"floor":7,"key":"Weak Potion"},{"floor":11,"key":"Weak Potion"}],"is_trial":false,"path_per_floor":["M","$","?","M","T","E","M","M","T","E","M","R","E","?","R","B"],"character_chosen":"THE_BUGKNIGHT","items_purchased":["HollowMod:DescendingDark","HollowMod:SharpenedNail"],"campfire_rested":1,"item_purchase_floors":[2,2],"current_hp_per_floor":[75,75,75,71,71,58,60,49,49,48,19,19,9,9,31,0,0],"gold":185,"neow_bonus":"RANDOM_COMMON_RELIC","is_daily":false,"chose_seed":false,"campfire_upgraded":0,"win_rate":0.0,"timestamp":1611991120,"path_taken":["M","$","?","M","?","E","M","?","T","E","M","R","E","?","R","BOSS"],"items_purchased_type":["Card","Card"],"build_version":"2020-12-22","purchased_purges":0,"victory":false,"max_hp_per_floor":[75,75,75,75,75,75,75,75,75,75,75,75,75,75,75,75,75],"card_choices":[{"not_picked":["HollowMod:SharpenedNail","HollowMod:InfectedAttack"],"picked":"HollowMod:CornifersMapStart","floor":1},{"not_picked":["HollowMod:SoulSplash","HollowMod:HowlingWraiths"],"picked":"HollowMod:SoulEater","floor":4},{"not_picked":["HollowMod:SoulStrike","HollowMod:NewJinnsSoul"],"picked":"HollowMod:ZotesMagnificence","floor":6},{"not_picked":["HollowMod:DoubleDash","HollowMod:CycloneSlash"],"picked":"HollowMod:DesolateDive","floor":7},{"not_picked":["HollowMod:SoulSplash","HollowMod:InfectedCysts"],"picked":"HollowMod:HowlingWraiths","floor":8},{"not_picked":["HollowMod:SoulSplash","HollowMod:CloakDash"],"picked":"HollowMod:GoodIntentions","floor":10},{"not_picked":["HollowMod:Grubsong","HollowMod:SiblingsSouls"],"picked":"HollowMod:WraithStrike","floor":11},{"not_picked":["HollowMod:QuirrelsAssistance","HollowMod:SoulStrike"],"picked":"HollowMod:HuntersJournal","floor":13}],"player_experience":11084,"relics_obtained":[{"floor":6,"key":"Bronze Scales"},{"floor":9,"key":"StoneCalendar"},{"floor":10,"key":"Boot"},{"floor":13,"key":"Meat on the Bone"}],"event_choices":[],"is_beta":false,"boss_relics":[],"items_purged_floors":[],"is_endless":false,"potions_floor_spawned":[7,11],"killed_by":"Hallownest:BossFalseKnight","ascension_level":0}}