{"host":"0kk91h4bq4kgfj0u","time":1611974846,"event":{"mods":["BaseMod","Minty Spire (QoL Compilation)","StSLib"],"gold_per_floor":[114,124,124,299,2,2,2,30,30,30,57,57,76,89,89,89,89],"floor_reached":16,"language":"ENG","playtime":547,"items_purged":["Doubt"],"score":135,"play_id":"5b98a47d-df53-41e5-9294-3a96409a9488","local_time":"20210129214726","is_ascension_mode":true,"campfire_choices":[{"data":"Survivor","floor":6,"key":"SMITH"},{"floor":10,"key":"REST"},{"floor":15,"key":"REST"}],"circlet_count":0,"master_deck":["Strike_G","Strike_G","Strike_G","Strike_G","Strike_G","Defend_G","Defend_G","Defend_G","Defend_G","Defend_G","Survivor+1","Neutralize","Backflip","Cloak And Dagger","Quick Slash","Flechettes","Blade Dance","Underhanded Strike","Prepared","Caltrops"],"relics":["Ring of the Snake","Snake Skull","Ornamental Fan","Blue Candle","Pen Nib"],"acts_visited":["Exordium"],"potions_floor_usage":[11],"damage_taken":[{"damage":10,"enemies":"Cultist","floor":1,"turns":6},{"damage":4,"enemies":"2 Louse","floor":2,"turns":3},{"damage":24,"enemies":"3 Sentries","floor":8,"turns":11},{"damage":34,"enemies":"Lagavulin","floor":11,"turns":7},{"damage":0,"enemies":"Jaw Worm","floor":13,"turns":3},{"damage":7,"enemies":"Exordium Wildlife","floor":14,"turns":4},{"damage":52,"enemies":"Slime Boss","floor":16,"turns":8}],"seed_played":"2914766465059720450","potions_obtained":[{"floor":2,"key":"Block Potion"},{"floor":8,"key":"Ancient Potion"},{"floor":14,"key":"BlessingOfTheForge"}],"is_trial":false,"path_per_floor":["M","M","$","?","$","R","?","E","T","R","E","$","M","M","R","B"],"character_chosen":"THE_SILENT","items_purchased":["Snake Skull","Cloak And Dagger","Quick Slash"],"campfire_rested":2,"item_purchase_floors":[5,5,5],"current_hp_per_floor":[67,63,63,63,63,63,63,39,39,62,28,28,28,21,44,0,0],"gold":89,"neow_bonus":"TEN_PERCENT_HP_BONUS","is_daily":false,"chose_seed":false,"campfire_upgraded":1,"win_rate":0.0,"timestamp":1611974846,"path_taken":["M","M","?","?","$","R","?","E","T","R","E","$","M","?","R","BOSS"],"items_purchased_type":["Relic","Card","Card"],"build_version":"2020-12-22","purchased_purges":1,"victory":false,"max_hp_per_floor":[77,77,77,77,77,77,77,77,77,77,77,77,77,77,77,77,77],"card_choices":[{"not_picked":["Cloak And Dagger","Predator"],"picked":"Dagger Spray","floor":1},{"not_picked":["Endless Agony","Outmaneuver"],"picked":"Backflip","floor":2},{"not_picked":["Grand Finale","Infinite Blades"],"picked":"Blade Dance","floor":8},{"not_picked":["Expertise","Dagger Spray"],"picked":"Underhanded Strike","floor":11},{"not_picked":["Finisher","Dagger Spray"],"picked":"Prepared","floor":13},{"not_picked":["Deflect","Concentrate"],"picked":"Caltrops","floor":14}],"player_experience":825808,"relics_obtained":[{"floor":8,"key":"Ornamental Fan"},{"floor":9,"key":"Blue Candle"},{"floor":11,"key":"Pen Nib"}],"event_choices":[{"damage_healed":0,"gold_gain":175,"player_choice":"AGREE","damage_taken":0,"max_hp_gain":0,"max_hp_loss":0,"event_name":"Liars Game","floor":4,"gold_loss":0,"cards_obtained":["Doubt"]},{"damage_healed":0,"gold_gain":0,"cards_transformed":["Dagger Spray"],"player_choice":"Transformed","damage_taken":0,"max_hp_gain":0,"max_hp_loss":0,"event_name":"Transmorgrifier","floor":7,"gold_loss":0,"cards_obtained":["Flechettes"]}],"is_beta":false,"boss_relics":[],"items_purged_floors":[5],"is_endless":false,"potions_floor_spawned":[2,8,14],"killed_by":"Slime Boss","ascension_level":5}}