{"host":"8srk5r1dwtmjotwd","time":1611978353,"event":{"mods":["AchievementEnabler","Act Like it!","BaseMod","Beaked The Cultist","Bestiary","Better Note","Better Third Choice","Colored Map","Colored Powertips","Friendly Minions","GifTheSpireLib","Halation","Hallownest","Hermit","Hubris","Minty Spire (QoL Compilation)","Quick Restart","Rare Cards Sparkle","Replay The Spire","Shop Mod","StSLib","SuperFastMode","Synergy Search","The Bug Knight","The Construct","The Cursed","The Jungle","Thieving Mod","Yohane!","everything is the same but u backflip on backflip","slay the spire mod where everything is the same but ironclad has a cowboy hat"],"gold_per_floor":[112,112,0,0,0,0,19,19,44,56,56,56,76,89,89,185,185,200,200,200,200,214,214,232,232,259,4,4,39,39,56,56,56,56],"floor_reached":33,"language":"ENG","playtime":1452,"items_purged":[],"score":303,"play_id":"50a0f31e-3407-44f6-9aa2-eeeeccf8b50d","local_time":"20210129224553","is_ascension_mode":false,"campfire_choices":[{"data":"A Thousand Cuts","floor":6.0,"key":"SMITH"},{"data":"Toxin Wave","floor":8.0,"key":"SMITH"},{"data":"Defend_G+2","floor":11.0,"key":"SMITH"},{"floor":15.0,"key":"REST"},{"floor":23.0,"key":"REST"},{"floor":25,"key":"REST"},{"floor":30,"key":"REST"},{"floor":32,"key":"DIG"}],"circlet_count":0,"master_deck":["Strike_G+1","Strike_G","Strike_G","Strike_G","Strike_G","Defend_G+1","Defend_G","Defend_G","Defend_G","Survivor","Neutralize","A Thousand Cuts+1","Toxin Wave+1","Endless Agony+1","Enlightenment+1","Caltrops","Outmaneuver","ReplayTheSpireMod:Speed Training","Caltrops","A Thousand Cuts+1","Slice+1","Tactician","Noxious Fumes+1","Caltrops","All Out Attack","Underhanded Strike"],"relics":["Ring of the Snake","Simple Rune","Pantograph","SacredBark","ReplayTheSpireMod:Lightbulb","Guide Book","Gambling Chip","Bottled Lightning"],"acts_visited":["Exordium","TheCity"],"potions_floor_usage":[24,27,29,31,33],"damage_taken":[{"damage":7.0,"enemies":"Small Slimes","floor":1.0,"turns":4.0},{"damage":0.0,"enemies":"2 Louse","floor":7.0,"turns":2.0},{"damage":8.0,"enemies":"Jaw Worm","floor":10.0,"turns":2.0},{"damage":9.0,"enemies":"Blue Slaver","floor":13.0,"turns":3.0},{"damage":0.0,"enemies":"Lots of Slimes","floor":14.0,"turns":2.0},{"damage":12.0,"enemies":"Slime Boss","floor":16.0,"turns":8.0},{"damage":17.0,"enemies":"Chosen","floor":18.0,"turns":6.0},{"damage":21.0,"enemies":"2 Thieves","floor":22.0,"turns":4.0},{"damage":36,"enemies":"Sentry and Sphere","floor":24,"turns":5},{"damage":34,"enemies":"Gremlin Leader","floor":29,"turns":2},{"damage":10,"enemies":"Snake Plant","floor":31,"turns":3},{"damage":82,"enemies":"Champ","floor":33,"turns":10}],"seed_played":"1173855698856274703","potions_obtained":[{"floor":1.0,"key":"Swift Potion"},{"floor":13.0,"key":"DistilledChaos"},{"floor":21.0,"key":"Death Potion"},{"floor":21.0,"key":"SneckoOil"},{"floor":21.0,"key":"Fire Potion"},{"floor":29,"key":"CunningPotion"}],"is_trial":false,"path_per_floor":["M","?","?","$","?","R","M","R","T","M","R","?","M","M","R","B",null,"M","?","?","?","M","R","M","R","T","$","?","E","R","M","R_BF","B"],"character_chosen":"THE_SILENT","items_purchased":["Guide Book","Fruit Juice"],"campfire_rested":4,"item_purchase_floors":[27,27],"current_hp_per_floor":[63,63,69,69,54,54,54,54,54,46,46,46,37,37,59,64,76,59,59,59,59,38,60,24,46,46,56,56,22,47,37,37,0,0],"gold":56,"neow_bonus":"ONE_RANDOM_RARE_CARD","is_daily":false,"chose_seed":false,"campfire_upgraded":3,"win_rate":0.0,"timestamp":1611978353,"path_taken":["M","?","?","$","?","R","M","R","T","?","R","?","?","M","R","BOSS","M","?","?","?","M","R","M","R","T","$","?","E","R","M","R_BF","BOSS"],"items_purchased_type":["Relic","Potion"],"build_version":"2020-12-22","purchased_purges":0,"victory":false,"max_hp_per_floor":[70,70,76,76,76,76,76,76,76,76,76,76,76,76,76,76,76,76,76,76,76,76,76,76,76,76,86,86,86,86,86,86,86,86],"card_choices":[{"not_picked":["Prepared","Dash"],"picked":"Toxin Wave","floor":1.0},{"not_picked":["Dash","Dagger Throw"],"picked":"Caltrops","floor":7.0},{"not_picked":["Dagger Throw","Bane"],"picked":"Outmaneuver","floor":10.0},{"not_picked":["Quick Slash","Dash"],"picked":"ReplayTheSpireMod:Speed Training","floor":13.0},{"not_picked":["Bane","PiercingWail"],"picked":"Caltrops","floor":14.0},{"not_picked":["Tools of the Trade","Adrenaline"],"picked":"A Thousand Cuts","floor":16.0},{"not_picked":["hubris:Counter","Dodge and Roll"],"picked":"Slice+1","floor":18.0},{"not_picked":["hubris:SlightOfHand","Masterful Stab"],"picked":"Tactician","floor":22.0},{"not_picked":["Infinite Blades","Backflip"],"picked":"Noxious Fumes+1","floor":24},{"not_picked":["Sucker Punch+1","Slice"],"picked":"All Out Attack","floor":29},{"not_picked":["Backflip","Acrobatics"],"picked":"Underhanded Strike","floor":31}],"player_experience":79990,"relics_obtained":[{"floor":9.0,"key":"Simple Rune"},{"floor":26,"key":"ReplayTheSpireMod:Lightbulb"},{"floor":29,"key":"Gambling Chip"},{"floor":32,"key":"Bottled Lightning"}],"event_choices":[{"damage_healed":0.0,"max_hp_gain":0.0,"max_hp_loss":0.0,"gold_gain":0.0,"event_name":"betterThird:BetterSerpent","player_choice":"RENOUNCE","floor":3.0,"gold_loss":112.0,"damage_taken":112.0,"cards_obtained":["Enlightenment"]},{"damage_healed":69.0,"max_hp_gain":0.0,"max_hp_loss":76.0,"gold_gain":0.0,"event_name":"betterThird:BetterShining","player_choice":"Upgrade","floor":5.0,"gold_loss":0.0,"damage_taken":15.0,"cards_upgraded":["Defend_G","Strike_G"]},{"damage_healed":0.0,"max_hp_gain":0.0,"max_hp_loss":0.0,"gold_gain":0.0,"event_name":"WeMeetAgain","player_choice":"Gave Potion","floor":12.0,"gold_loss":0.0,"damage_taken":0.0,"relics_obtained":["Pantograph"]},{"damage_healed":0.0,"max_hp_gain":0.0,"max_hp_loss":0.0,"gold_gain":0.0,"event_name":"Match and Keep!","player_choice":"1 cards matched","floor":19.0,"gold_loss":0.0,"damage_taken":0.0,"cards_obtained":["Tactician"]},{"damage_healed":0.0,"max_hp_gain":0.0,"max_hp_loss":0.0,"gold_gain":0.0,"event_name":"N\u0027loth","player_choice":"Ignored","floor":20.0,"gold_loss":0.0,"damage_taken":0.0},{"damage_healed":0.0,"max_hp_gain":0.0,"max_hp_loss":0.0,"gold_gain":0.0,"event_name":"Lab","player_choice":"Got Potions","floor":21.0,"gold_loss":0.0,"damage_taken":0.0},{"damage_healed":0,"gold_gain":0,"cards_transformed":["Tactician"],"player_choice":"Transformed","damage_taken":0,"max_hp_gain":0,"max_hp_loss":0,"event_name":"Transmorgrifier","floor":28,"gold_loss":0,"cards_obtained":["Caltrops"]}],"is_beta":false,"boss_relics":[{"not_picked":["halation:HeavySnake","Sozu"],"picked":"SacredBark"}],"items_purged_floors":[],"is_endless":false,"potions_floor_spawned":[1,13,29],"killed_by":"Champ","ascension_level":0}}