{"host":"pe7ycb8t2t906so2","time":1611978827,"event":{"mods":["BaseMod","Colored Map","Highlight Path","Minty Spire (QoL Compilation)"],"gold_per_floor":[110,285,285,299,311,311,342,342,342,355,355,369,6,16,16,115,115,134,134,134,151,170,170,205,205,205,240,255,255,255,170,170,265,265,278,278,295,41,41,41,53,53,80,80,96,146,21,35,35,35,35,35,35,66,66,66],"floor_reached":55,"language":"FRA","playtime":3657,"items_purged":["Doubt","Unload","Strike_G+1"],"score":1108,"play_id":"29e2be1b-c66a-4c29-a941-46b5a2519eac","local_time":"20210129225347","is_ascension_mode":true,"campfire_choices":[{"data":"Neutralize","floor":6,"key":"SMITH"},{"data":"Accuracy","floor":8,"key":"SMITH"},{"data":"Terror","floor":11,"key":"SMITH"},{"data":"Blade Dance","floor":15,"key":"SMITH"},{"floor":23,"key":"REST"},{"data":"Phantasmal Killer","floor":25,"key":"SMITH"},{"data":"Blade Dance","floor":30,"key":"SMITH"},{"floor":32,"key":"REST"},{"floor":40,"key":"RECALL"},{"data":"Caltrops","floor":42,"key":"SMITH"},{"data":"Footwork","floor":44,"key":"SMITH"},{"floor":49,"key":"REST"},{"data":"Footwork","floor":52,"key":"SMITH"}],"circlet_count":0,"master_deck":["AscendersBane","Strike_G+1","Strike_G+1","Defend_G+1","Defend_G+1","Defend_G+1","Defend_G+1","Defend_G+1","Survivor","Neutralize+1","Blade Dance+1","Backflip","Accuracy+1","Terror+1","Caltrops+1","Footwork+1","Phantasmal Killer+1","Deflect+1","Blade Dance+1","Footwork","Deadly Poison+1","Venomology+1","Blur+1","Backstab+1","Footwork+1","Footwork+1","Deflect","Escape Plan+1"],"relics":["Ring of the Snake","NeowsBlessing","Mango","Eternal Feather","The Specimen","Paper Crane","Empty Cage","CaptainsWheel","Question Card","Bag of Marbles","Pen Nib","WristBlade","DollysMirror","Prayer Wheel","Bottled Tornado"],"acts_visited":["Exordium","TheCity","TheBeyond","TheEnding"],"potions_floor_usage":[7,12,12,16,21,24,33,37,41,41,45,45,50,54,55],"damage_taken":[{"damage":0,"enemies":"Small Slimes","floor":1,"turns":1},{"damage":0,"enemies":"2 Louse","floor":4,"turns":1},{"damage":0,"enemies":"Jaw Worm","floor":5,"turns":1},{"damage":27,"enemies":"3 Sentries","floor":7,"turns":8},{"damage":0,"enemies":"2 Fungi Beasts","floor":10,"turns":4},{"damage":11,"enemies":"Lots of Slimes","floor":12,"turns":5},{"damage":0,"enemies":"Large Slime","floor":14,"turns":4},{"damage":0,"enemies":"The Guardian","floor":16,"turns":12},{"damage":0,"enemies":"Shell Parasite","floor":18,"turns":3},{"damage":29,"enemies":"2 Thieves","floor":21,"turns":5},{"damage":15,"enemies":"Centurion and Healer","floor":22,"turns":8},{"damage":10,"enemies":"Book of Stabbing","floor":24,"turns":4},{"damage":25,"enemies":"Slavers","floor":27,"turns":8},{"damage":21,"enemies":"Cultist and Chosen","floor":28,"turns":5},{"damage":21,"enemies":"Champ","floor":33,"turns":10},{"damage":9,"enemies":"3 Shapes","floor":35,"turns":3},{"damage":28,"enemies":"3 Darklings","floor":37,"turns":4},{"damage":4,"enemies":"Maw","floor":41,"turns":5},{"damage":23,"enemies":"4 Shapes","floor":45,"turns":3},{"damage":23,"enemies":"Mind Bloom Boss Battle","floor":46,"turns":7},{"damage":45,"enemies":"Writhing Mass","floor":48,"turns":7},{"damage":16,"enemies":"Awakened One","floor":50,"turns":13},{"damage":74,"enemies":"Shield and Spear","floor":54,"turns":11},{"damage":15,"enemies":"The Heart","floor":55,"turns":2}],"seed_played":"-6180239448434809364","potions_obtained":[{"floor":5,"key":"LiquidBronze"},{"floor":7,"key":"EssenceOfSteel"},{"floor":10,"key":"LiquidMemories"},{"floor":12,"key":"Fruit Juice"},{"floor":18,"key":"SkillPotion"},{"floor":21,"key":"LiquidMemories"},{"floor":28,"key":"BlessingOfTheForge"},{"floor":46,"key":"Poison Potion"},{"floor":48,"key":"FearPotion"},{"floor":54,"key":"Energy Potion"}],"is_trial":false,"path_per_floor":["M","?","?","M","M","R","E","R","T","M","R","M","$","M","R","B",null,"M","?","?","M","M","R","E","R","T","E","M","?","R","?","R","B",null,"M","?","M","$","?","R","M","R","T","R","M","?","$","M","R","B",null,"R","$","E","B"],"character_chosen":"THE_SILENT","items_purchased":["Paper Crane","Footwork","DollysMirror"],"campfire_rested":3,"item_purchase_floors":[13,13,38],"current_hp_per_floor":[63,63,65,65,65,65,38,47,47,47,56,50,50,50,62,62,82,82,82,76,47,32,70,60,72,72,47,26,26,38,38,76,55,81,72,72,44,44,44,59,55,70,70,85,62,39,39,26,67,51,80,89,89,15,0,0],"gold":66,"neow_bonus":"THREE_ENEMY_KILL","is_daily":false,"chose_seed":false,"campfire_upgraded":9,"win_rate":0.0,"timestamp":1611978827,"path_taken":["M","?","?","M","M","R","E","R","T","M","R","M","$","M","R","BOSS","M","?","?","M","?","R","E","R","T","E","M","?","R","?","R","BOSS","M","?","?","$","?","R","M","R","T","R","?","?","?","M","R","BOSS","R","$","E","BOSS"],"items_purchased_type":["Relic","Card","Relic"],"build_version":"2020-12-22","purchased_purges":3,"victory":false,"max_hp_per_floor":[70,70,84,84,84,84,84,84,84,84,84,89,89,89,89,89,89,89,89,89,89,89,89,89,89,89,89,89,89,89,89,89,89,89,89,89,89,89,89,89,89,89,89,89,89,89,89,89,89,89,89,89,89,89,89,89],"card_choices":[{"not_picked":["Underhanded Strike","Quick Slash"],"picked":"Blade Dance","floor":1},{"not_picked":["Prepared","Dagger Throw"],"picked":"Unload","floor":4},{"not_picked":["Poisoned Stab","Setup"],"picked":"Backflip","floor":5},{"not_picked":["Dagger Spray","Dodge and Roll"],"picked":"Accuracy","floor":7},{"not_picked":["Skewer","Dagger Throw"],"picked":"Terror","floor":10},{"not_picked":["Acrobatics","Deflect"],"picked":"Caltrops","floor":12},{"not_picked":["Unload","Catalyst","Tactician"],"picked":"SKIP","floor":14},{"not_picked":["Storm of Steel","Tools of the Trade"],"picked":"Phantasmal Killer","floor":16},{"not_picked":["Blur","Underhanded Strike"],"picked":"Deflect+1","floor":18},{"not_picked":["Leg Sweep","Flying Knee+1","Acrobatics"],"picked":"SKIP","floor":21},{"not_picked":["Concentrate","Reflex+1"],"picked":"Blade Dance","floor":22},{"not_picked":["Endless Agony","Quick Slash","Outmaneuver"],"picked":"SKIP","floor":24},{"not_picked":["Deadly Poison","Catalyst+1","Well Laid Plans"],"picked":"Footwork","floor":27},{"not_picked":["Bane","All Out Attack","Quick Slash"],"picked":"Deadly Poison+1","floor":28},{"not_picked":["Bullet Time","Phantasmal Killer","Glass Knife"],"picked":"Venomology","floor":33},{"not_picked":["Poisoned Stab+1","Terror","Flying Knee+1"],"picked":"Blur+1","floor":35},{"not_picked":["Caltrops+1","Predator","PiercingWail+1"],"picked":"Backstab+1","floor":37},{"not_picked":["Dagger Spray+1","Flying Knee","Acrobatics+1"],"picked":"Footwork+1","floor":41},{"not_picked":["Cloak And Dagger+1","Skewer+1","Backflip+1","Dagger Spray"],"picked":"SKIP","floor":45},{"not_picked":["Bane","Catalyst","Underhanded Strike+1"],"picked":"Deflect","floor":46},{"not_picked":["Acrobatics","Calculated Gamble+1","Distraction","Flying Knee"],"picked":"SKIP","floor":48},{"not_picked":["Dagger Spray","Crippling Poison","Endless Agony+1","Glass Knife"],"picked":"SKIP","floor":48},{"not_picked":["Dagger Spray","Leg Sweep","Predator+1"],"picked":"Escape Plan+1","floor":54}],"player_experience":975744,"relics_obtained":[{"floor":7,"key":"Eternal Feather"},{"floor":9,"key":"The Specimen"},{"floor":24,"key":"CaptainsWheel"},{"floor":26,"key":"Question Card"},{"floor":27,"key":"Bag of Marbles"},{"floor":46,"key":"Prayer Wheel"},{"floor":54,"key":"Bottled Tornado"}],"event_choices":[{"damage_healed":0,"gold_gain":175,"player_choice":"AGREE","damage_taken":0,"max_hp_gain":0,"max_hp_loss":0,"event_name":"Liars Game","floor":2,"gold_loss":0,"cards_obtained":["Doubt"]},{"damage_healed":0,"gold_gain":0,"player_choice":"Success","damage_taken":12,"relics_obtained":["Mango"],"max_hp_gain":0,"max_hp_loss":0,"event_name":"Scrap Ooze","floor":3,"gold_loss":0},{"damage_healed":0,"gold_gain":0,"player_choice":"Ignored","damage_taken":0,"max_hp_gain":0,"max_hp_loss":0,"event_name":"Vampires","floor":19,"gold_loss":0},{"damage_healed":0,"gold_gain":0,"player_choice":"","damage_taken":6,"max_hp_gain":0,"max_hp_loss":0,"event_name":"Knowing Skull","floor":20,"potions_obtained":[],"gold_loss":0,"cards_obtained":[]},{"damage_healed":0,"gold_gain":0,"player_choice":"Simplicity","damage_taken":0,"max_hp_gain":0,"max_hp_loss":0,"event_name":"Back to Basics","floor":29,"gold_loss":0,"cards_upgraded":["Strike_G","Strike_G","Strike_G","Defend_G","Defend_G","Defend_G","Defend_G","Defend_G"]},{"damage_healed":0,"gold_gain":0,"player_choice":"Obtained Relic","damage_taken":0,"relics_obtained":["Pen Nib"],"max_hp_gain":0,"max_hp_loss":0,"event_name":"Addict","floor":31,"gold_loss":85},{"damage_healed":0,"gold_gain":0,"player_choice":"Upgraded","damage_taken":0,"max_hp_gain":0,"max_hp_loss":0,"event_name":"Upgrade Shrine","floor":36,"gold_loss":0,"cards_upgraded":["Venomology"]},{"damage_healed":0,"gold_gain":0,"player_choice":"Ignored","damage_taken":0,"max_hp_gain":0,"max_hp_loss":0,"event_name":"SecretPortal","floor":39,"gold_loss":0},{"damage_healed":0,"gold_gain":0,"player_choice":"Fight","damage_taken":0,"max_hp_gain":0,"max_hp_loss":0,"event_name":"MindBloom","floor":46,"gold_loss":0}],"is_beta":false,"boss_relics":[{"not_picked":["Ectoplasm","SlaversCollar"],"picked":"Empty Cage"},{"not_picked":["SacredBark","Snecko Eye"],"picked":"WristBlade"}],"items_purged_floors":[13,38,47],"is_endless":false,"potions_floor_spawned":[5,7,10,12,18,21,28,41,46,48,54],"killed_by":"The Heart","ascension_level":10}}