{"host":"h0xw20cia6ppa69g","time":1611999516,"event":{"mods":["AchievementEnabler","BaseMod","Colored Map","Filter the Spire","Googly Eyes","Minty Spire (QoL Compilation)","Relic Stats","StSLib","The Awakened One except there are too many feathers","everything is the same but u backflip on backflip"],"gold_per_floor":[118,130,130,150,174,202,215,249,249,249,269,301,301,85,85,189,189,199,7,24,40,40,65,65,98,122,122,72,72,21,21,21,117,117,127,127,127,127,146,195,195,195,195,228,246,146,196,225,225,225,225,225,45,73,73],"floor_reached":56,"language":"ENG","playtime":3038,"items_purged":["Zap","Writhe"],"score":1405,"play_id":"6523028f-a9c6-4723-94a7-7c89467d4580","local_time":"20210130033836","is_ascension_mode":true,"campfire_choices":[{"data":"Creative AI","floor":10,"key":"SMITH"},{"floor":13,"key":"REST"},{"data":"Amplify","floor":15,"key":"SMITH"},{"data":"Recycle","floor":24,"key":"SMITH"},{"data":"Hologram","floor":29,"key":"SMITH"},{"data":"Turbo","floor":32,"key":"SMITH"},{"floor":41,"key":"RECALL"},{"data":"Skim","floor":49,"key":"SMITH"},{"data":"Hologram","floor":52,"key":"SMITH"}],"circlet_count":0,"master_deck":["Dualcast","Leap","BootSequence+1","Barrage","Amplify+1","Steam Power+1","Creative AI+1","Turbo+1","Ball Lightning","Fission","Coolheaded","Capacitor","Leap","Recycle+1","Skim+1","Electrodynamics","Force Field+1","Steam","Force Field","Genetic Algorithm","Multi-Cast","Storm","Hologram+1","Hologram+1","Leap","Meteor Strike","Madness","Madness","PanicButton","BootSequence+1","Storm","Turbo","Storm","Turbo+1","Glacier+1","Coolheaded","Turbo"],"relics":["Pandora\u0027s Box","Juzu Bracelet","Letter Opener","Bronze Scales","War Paint","Odd Mushroom","Regal Pillow","Runic Pyramid","Bag of Preparation","Eternal Feather","Orichalcum","Smiling Mask","Darkstone Periapt","Coffee Dripper","Bird Faced Urn","Bottled Tornado","Incense Burner","Gremlin Horn","Strange Spoon","Nunchaku"],"acts_visited":["Exordium","TheCity","TheBeyond","TheEnding"],"potions_floor_usage":[23,54,55],"damage_taken":[{"damage":0,"enemies":"2 Louse","floor":1,"turns":3},{"damage":0,"enemies":"Cultist","floor":2,"turns":4},{"damage":0,"enemies":"Small Slimes","floor":4,"turns":3},{"damage":17,"enemies":"Lagavulin","floor":6,"turns":7},{"damage":3,"enemies":"Exordium Wildlife","floor":7,"turns":4},{"damage":27,"enemies":"Gremlin Nob","floor":8,"turns":5},{"damage":13,"enemies":"The Mushroom Lair","floor":11,"turns":3},{"damage":11,"enemies":"3 Sentries","floor":12,"turns":5},{"damage":33,"enemies":"Hexaghost","floor":16,"turns":8},{"damage":26,"enemies":"Spheric Guardian","floor":18,"turns":8},{"damage":0,"enemies":"3 Byrds","floor":20,"turns":2},{"damage":0,"enemies":"Shelled Parasite and Fungi","floor":21,"turns":3},{"damage":22,"enemies":"Book of Stabbing","floor":23,"turns":4},{"damage":16,"enemies":"Slavers","floor":25,"turns":4},{"damage":20,"enemies":"Automaton","floor":33,"turns":9},{"damage":0,"enemies":"3 Darklings","floor":35,"turns":5},{"damage":5,"enemies":"Orb Walker","floor":39,"turns":5},{"damage":20,"enemies":"2 Orb Walkers","floor":40,"turns":4},{"damage":0,"enemies":"Nemesis","floor":44,"turns":9},{"damage":0,"enemies":"4 Shapes","floor":45,"turns":4},{"damage":0,"enemies":"Mind Bloom Boss Battle","floor":47,"turns":5},{"damage":0,"enemies":"Reptomancer","floor":48,"turns":4},{"damage":18,"enemies":"Awakened One","floor":50,"turns":8},{"damage":0,"enemies":"Shield and Spear","floor":54,"turns":5},{"damage":57,"enemies":"The Heart","floor":55,"turns":8}],"seed_played":"5615518024105938244","potions_obtained":[{"floor":2,"key":"LiquidMemories"},{"floor":3,"key":"PotionOfCapacity"},{"floor":3,"key":"FairyPotion"},{"floor":23,"key":"SneckoOil"},{"floor":25,"key":"FearPotion"}],"is_trial":false,"path_per_floor":["M","M","?","M","T","E","M","E","T","R","?","E","R","$","R","B",null,"M","$","M","M","?","E","R","E","T","?","$","R","$","?","R","B",null,"M","?","?","?","M","?","R","?","T","E","M","$","?","E","R","B",null,"R","$","E","B",null],"character_chosen":"DEFECT","items_purchased":["Recycle","Skim","Bag of Preparation","Steam","Leap","Turbo","Storm","Strange Spoon","Coolheaded"],"campfire_rested":1,"item_purchase_floors":[14,14,19,19,30,46,46,53,53],"current_hp_per_floor":[75,75,75,75,75,58,55,28,28,28,15,4,41,41,41,8,75,49,49,49,49,49,27,42,26,26,32,32,47,47,47,62,42,81,81,81,71,61,56,36,54,81,81,81,81,81,81,81,81,81,81,81,81,81,72],"gold":73,"neow_bonus":"BOSS_RELIC","is_daily":false,"chose_seed":false,"campfire_upgraded":7,"win_rate":0.0,"timestamp":1611999516,"path_taken":["M","M","?","?","?","E","M","E","T","R","?","E","R","$","R","BOSS","M","$","M","M","?","E","R","E","T","?","?","R","$","?","R","BOSS","M","?","?","?","M","?","R","?","T","E","M","?","?","E","R","BOSS","R","$","E","BOSS"],"items_purchased_type":["Card","Card","Relic","Card","Card","Card","Card","Relic","Card"],"build_version":"2020-12-22","purchased_purges":2,"victory":true,"max_hp_per_floor":[75,75,75,75,75,75,75,75,75,75,75,75,75,75,75,75,75,75,75,75,75,75,75,75,75,75,81,81,81,81,81,81,81,81,81,81,81,81,81,81,81,81,81,81,81,81,81,81,81,81,81,81,81,81,81],"relic_stats":{"Darkstone Periapt":6,"Regal Pillow":15,"Gremlin Horn":[3,3],"counters":[25,129],"Eternal Feather":63,"Juzu Bracelet":4,"Bag of Preparation":[30],"Letter Opener":[541],"War Paint":["Steam Power","BootSequence"],"Orichalcum":[48],"Smiling Mask":50,"Strange Spoon":[4],"Nunchaku":[0],"Bronze Scales":[416],"Bird Faced Urn":[66],"Pandora\u0027s Box":["Gash","Scrape","Leap","BootSequence","Barrage","Amplify","Steam Power","Creative AI"],"obtain_stats":[{"Darkstone Periapt":27,"Regal Pillow":12,"Gremlin Horn":48,"Eternal Feather":23,"Juzu Bracelet":5,"Bag of Preparation":19,"Incense Burner":47,"Letter Opener":6,"War Paint":9,"Odd Mushroom":11,"Orichalcum":25,"Bottled Tornado":44,"Smiling Mask":26,"Strange Spoon":53,"Nunchaku":54,"Bronze Scales":8,"Bird Faced Urn":40,"Pandora\u0027s Box":0,"Coffee Dripper":34,"Cracked Core":0,"Runic Pyramid":17},{"Darkstone Periapt":14,"Regal Pillow":8,"Gremlin Horn":22,"Eternal Feather":13,"Juzu Bracelet":3,"Bag of Preparation":10,"Incense Burner":21,"Letter Opener":4,"War Paint":6,"Odd Mushroom":7,"Orichalcum":14,"Bottled Tornado":19,"Smiling Mask":14,"Strange Spoon":23,"Nunchaku":24,"Bronze Scales":6,"Bird Faced Urn":18,"Pandora\u0027s Box":0,"Coffee Dripper":15,"Cracked Core":0,"Runic Pyramid":9},{"Darkstone Periapt":63,"Regal Pillow":34,"Gremlin Horn":108,"Eternal Feather":59,"Juzu Bracelet":10,"Bag of Preparation":50,"Incense Burner":104,"Letter Opener":17,"War Paint":26,"Odd Mushroom":29,"Orichalcum":63,"Bottled Tornado":95,"Smiling Mask":63,"Strange Spoon":116,"Nunchaku":121,"Bronze Scales":26,"Bird Faced Urn":86,"Pandora\u0027s Box":0,"Coffee Dripper":72,"Cracked Core":0,"Runic Pyramid":42}]},"card_choices":[{"not_picked":["Beam Cell","Self Repair"],"picked":"Turbo","floor":1},{"not_picked":["Double Energy","Go for the Eyes"],"picked":"Ball Lightning","floor":2},{"not_picked":["FTL","Steam Power"],"picked":"Lockon","floor":4},{"not_picked":["Sweeping Beam","Ball Lightning"],"picked":"Fission","floor":6},{"not_picked":["Leap","Stack"],"picked":"Coolheaded","floor":7},{"not_picked":["Barrage","Sunder"],"picked":"Capacitor","floor":8},{"not_picked":["Hologram","Double Energy"],"picked":"Leap","floor":11},{"not_picked":["Barrage","Tempest"],"picked":"Machine Learning","floor":12},{"not_picked":["Reboot","Multi-Cast"],"picked":"Electrodynamics","floor":16},{"not_picked":["Go for the Eyes","Skim"],"picked":"Force Field+1","floor":18},{"not_picked":["Barrage","Skim"],"picked":"Force Field","floor":20},{"not_picked":["Stack","Gash"],"picked":"Genetic Algorithm","floor":21},{"not_picked":["Ball Lightning","Machine Learning"],"picked":"Hologram","floor":23},{"not_picked":["Redo","Hello World"],"picked":"Hologram","floor":25},{"not_picked":["Amplify","Hyperbeam"],"picked":"Meteor Strike","floor":33},{"not_picked":["Doom and Gloom","FTL+1","Streamline"],"picked":"SKIP","floor":35},{"not_picked":["Flash of Steel","Trip"],"picked":"PanicButton","floor":38},{"not_picked":["Trip","Good Instincts"],"picked":"PanicButton","floor":38},{"not_picked":["Cold Snap","Barrage+1","Hologram+1"],"picked":"SKIP","floor":39},{"not_picked":["Doom and Gloom+1","Lockon+1"],"picked":"BootSequence+1","floor":44},{"not_picked":["Steam","Ball Lightning+1"],"picked":"Storm","floor":45},{"not_picked":["Undo+1","Sweeping Beam"],"picked":"Turbo+1","floor":47},{"not_picked":["Rebound","Steam Power"],"picked":"Glacier+1","floor":48},{"not_picked":["Gash+1","Self Repair+1"],"picked":"Turbo","floor":54}],"player_experience":3794974,"relics_obtained":[{"floor":5,"key":"Juzu Bracelet"},{"floor":6,"key":"Letter Opener"},{"floor":8,"key":"Bronze Scales"},{"floor":9,"key":"War Paint"},{"floor":11,"key":"Odd Mushroom"},{"floor":12,"key":"Regal Pillow"},{"floor":23,"key":"Eternal Feather"},{"floor":25,"key":"Orichalcum"},{"floor":26,"key":"Smiling Mask"},{"floor":40,"key":"Bird Faced Urn"},{"floor":44,"key":"Bottled Tornado"},{"floor":47,"key":"Incense Burner"},{"floor":48,"key":"Gremlin Horn"},{"floor":54,"key":"Nunchaku"}],"event_choices":[{"damage_healed":0,"gold_gain":0,"player_choice":"Got Potions","damage_taken":0,"max_hp_gain":0,"max_hp_loss":0,"event_name":"Lab","floor":3,"gold_loss":0},{"damage_healed":0,"gold_gain":0,"player_choice":"Fought Mushrooms","damage_taken":0,"max_hp_gain":0,"max_hp_loss":0,"event_name":"Mushrooms","floor":11,"gold_loss":0},{"damage_healed":0,"gold_gain":0,"cards_transformed":["Gash","Machine Learning"],"player_choice":"Became Test Subject","damage_taken":0,"max_hp_gain":0,"max_hp_loss":0,"event_name":"Drug Dealer","floor":22,"gold_loss":0,"cards_obtained":["Multi-Cast","Storm"]},{"damage_healed":0,"gold_gain":0,"player_choice":"Opened","damage_taken":0,"relics_obtained":["Darkstone Periapt"],"max_hp_gain":0,"max_hp_loss":0,"event_name":"The Mausoleum","floor":27,"gold_loss":0,"cards_obtained":["Writhe"]},{"cards_removed":["Scrape"],"damage_healed":0,"gold_gain":0,"player_choice":"Purged","damage_taken":0,"max_hp_gain":0,"max_hp_loss":0,"event_name":"Purifier","floor":31,"gold_loss":0},{"cards_removed":["Lockon"],"damage_healed":0,"gold_gain":0,"player_choice":"Removed Attack","damage_taken":0,"max_hp_gain":0,"max_hp_loss":0,"event_name":"Falling","floor":36,"gold_loss":0},{"damage_healed":0,"gold_gain":0,"player_choice":"Embrace Madness","damage_taken":10,"max_hp_gain":0,"max_hp_loss":0,"event_name":"Winding Halls","floor":37,"gold_loss":0,"cards_obtained":["Madness","Madness"]},{"damage_healed":0,"gold_gain":0,"player_choice":"Memory 3","damage_taken":10,"max_hp_gain":0,"max_hp_loss":0,"event_name":"SensoryStone","floor":38,"gold_loss":0},{"damage_healed":0,"gold_gain":0,"player_choice":"Fight","damage_taken":0,"max_hp_gain":0,"max_hp_loss":0,"event_name":"Mysterious Sphere","floor":40,"gold_loss":0},{"cards_removed":["PanicButton"],"damage_healed":27,"gold_gain":0,"player_choice":"Offered Uncommon","damage_taken":0,"max_hp_gain":0,"max_hp_loss":0,"event_name":"Bonfire Elementals","floor":42,"gold_loss":0},{"damage_healed":0,"gold_gain":0,"player_choice":"Fight","damage_taken":0,"max_hp_gain":0,"max_hp_loss":0,"event_name":"MindBloom","floor":47,"gold_loss":0}],"is_beta":false,"boss_relics":[{"not_picked":["Nuclear Battery","Astrolabe"],"picked":"Runic Pyramid"},{"not_picked":["Fusion Hammer","Philosopher\u0027s Stone"],"picked":"Coffee Dripper"}],"items_purged_floors":[14,28],"is_endless":false,"potions_floor_spawned":[2,4,8,12,20,23,25,45,47,48],"ascension_level":1}}