{"host":"bgyhjzqafgkxdxsh","time":1611999280,"event":{"mods":["BaseMod","Colored Map","Downfall","Minty Spire (QoL Compilation)","Relic Stats","StSLib","everything is the same but u backflip on backflip"],"gold_per_floor":[99,109,124,140,160,191,191,217,227,239,256,56,41,26,37,37,37,37],"floor_reached":16,"language":"ENG","playtime":1168,"items_purged":[],"score":122,"play_id":"88b8a887-bed2-4c98-bfc5-eec15a7f158e","local_time":"20210130193440","is_ascension_mode":true,"campfire_choices":[{"floor":1,"key":"RECALL"},{"data":"Guardian:DecasProtection","floor":12,"key":"SMITH"}],"circlet_count":0,"master_deck":["Guardian:Strike_Guardian","Guardian:Strike_Guardian","Guardian:Strike_Guardian","Guardian:Defend_Guardian","Guardian:Defend_Guardian","Guardian:Defend_Guardian","Guardian:Defend_Guardian","Guardian:CurlUp","Guardian:TwinSlam","Guardian:Suspension","Guardian:Recover","Guardian:GatlingBeam","Guardian:DecasProtection+1","Guardian:PiercingHide","Guardian:PiercingHide","Guardian:BodySlam","Guardian:DonusPower","Guardian:TemporalShield"],"relics":["Guardian:ModeShifter","Orichalcum","Frozen Egg 2","downfall:HeartBlessingRed","downfall:HeartBlessingBlue"],"acts_visited":["Exordium"],"potions_floor_usage":[8,8,16,16],"damage_taken":[{"damage":1,"enemies":"Cultist","floor":2,"turns":4},{"damage":0,"enemies":"2 Louse","floor":3,"turns":3},{"damage":3,"enemies":"Jaw Worm","floor":4,"turns":5},{"damage":9,"enemies":"3 Louse","floor":5,"turns":4},{"damage":9,"enemies":"Lagavulin","floor":6,"turns":11},{"damage":19,"enemies":"3 Sentries","floor":8,"turns":13},{"damage":24,"enemies":"Large Slime","floor":9,"turns":7},{"damage":0,"enemies":"Blue Slaver","floor":10,"turns":5},{"damage":0,"enemies":"Exordium Thugs","floor":11,"turns":5},{"damage":0,"enemies":"downfall:FleeingMerchant","floor":13,"turns":4},{"damage":3,"enemies":"downfall:FleeingMerchant","floor":14,"turns":4},{"damage":13,"enemies":"3 Louse","floor":15,"turns":3},{"damage":18,"enemies":"DF_ARCHETYPE_STREAMLINE","floor":16,"turns":3}],"seed_played":"-3159534943895486206","potions_obtained":[{"floor":3,"key":"Block Potion"},{"floor":5,"key":"LiquidBronze"},{"floor":6,"key":"Guardian:AcceleratePotion"},{"floor":11,"key":"Dexterity Potion"}],"is_trial":false,"path_per_floor":["R","M","M","M","M","E","T","E","M","M","M","R","$","$","M","B"],"character_chosen":"GUARDIAN","items_purchased":[],"campfire_rested":0,"item_purchase_floors":[],"current_hp_per_floor":[80,79,79,76,67,58,58,39,15,15,15,25,25,22,9,0,0,0],"gold":37,"neow_bonus":"TRANSFORM_CARD","is_daily":false,"chose_seed":false,"campfire_upgraded":1,"win_rate":0.0,"timestamp":1611999280,"path_taken":["R","M","M","?","M","E","T","E","M","M","M","R","?","$","M","BOSS"],"items_purchased_type":[],"build_version":"2020-12-22","purchased_purges":0,"victory":false,"max_hp_per_floor":[80,80,80,80,80,80,80,80,80,80,80,90,90,90,90,90,90,90],"relic_stats":{"counters":[13,70],"Orichalcum":[42],"obtain_stats":[{"downfall:HeartBlessingRed":12,"downfall:HeartBlessingBlue":12,"Guardian:ModeShifter":0,"Orichalcum":6,"Frozen Egg 2":8},{"downfall:HeartBlessingRed":9,"downfall:HeartBlessingBlue":9,"Guardian:ModeShifter":0,"Orichalcum":5,"Frozen Egg 2":6},{"downfall:HeartBlessingRed":56,"downfall:HeartBlessingBlue":56,"Guardian:ModeShifter":0,"Orichalcum":27,"Frozen Egg 2":40}]},"card_choices":[{"not_picked":["Guardian:Planning","Guardian:PolyBeam"],"picked":"Guardian:Gem_Lightblue","floor":2},{"not_picked":["Guardian:ShieldCharger","Guardian:CrystalBeam"],"picked":"Guardian:Gem_White","floor":3},{"not_picked":["Guardian:Emergency","Guardian:Reroute"],"picked":"Guardian:Recover","floor":4},{"not_picked":["Guardian:Gem_Cyan","Guardian:ChargeCore"],"picked":"Guardian:GatlingBeam","floor":5},{"not_picked":["Guardian:Incinerate","Guardian:Gem_Blue"],"picked":"Guardian:Gem_Crimson","floor":6},{"not_picked":["Guardian:Clone","Guardian:CrystalBeam"],"picked":"Guardian:DecasProtection","floor":8},{"not_picked":["Guardian:RollAttack","Guardian:Recover"],"picked":"Guardian:PiercingHide","floor":9},{"not_picked":["Guardian:WalkerClaw","Guardian:GatlingBeam"],"picked":"Guardian:PiercingHide","floor":10},{"not_picked":["Guardian:Emergency","Guardian:Incinerate"],"picked":"Guardian:BodySlam","floor":11},{"not_picked":["Guardian:Planning","Guardian:DecasProtection","Guardian:Recover"],"picked":"SKIP","floor":13},{"not_picked":["Guardian:ChargeCore","Guardian:StasisStrike"],"picked":"Guardian:DonusPower","floor":14},{"not_picked":["Guardian:VentSteam","Guardian:TimeCapacitor+1"],"picked":"Guardian:TemporalShield","floor":15}],"player_experience":493265,"relics_obtained":[{"floor":6,"key":"Orichalcum"},{"floor":8,"key":"Frozen Egg 2"}],"event_choices":[],"is_beta":false,"boss_relics":[],"items_purged_floors":[],"is_endless":false,"potions_floor_spawned":[3,5,6,11],"killed_by":"DF_ARCHETYPE_STREAMLINE","ascension_level":1}}