{"host":"szp1d6dso4pv7ddl","time":1611975899,"event":{"mods":["AchievementEnabler","Alarm Clock","BaseMod","Bestiary","Block Reminder","Colored Map","Colored Powertips","Curses Come First","Dark Map","Displayed Cursed Tome","Highlight Path","Minty Spire (QoL Compilation)","Permanent Neow","Quick Restart","Relic Sorter","Relic Stats","StSLib","Synergy Search"],"gold_per_floor":[112,112,112,127,24,24,58,58,103,103,119,144,159,184,184,314,314,330,345,345,360,379,379,379,379],"floor_reached":24,"language":"ENG","playtime":1890,"items_purged":[],"score":250,"play_id":"a7a3ce7d-40af-454f-a814-53ce2fae3874","local_time":"20210129190459","is_ascension_mode":true,"campfire_choices":[{"data":"Eruption","floor":6.0,"key":"SMITH"},{"data":"Defend_P","floor":10.0,"key":"SMITH"},{"data":"FlurryOfBlows","floor":15.0,"key":"SMITH"},{"floor":23.0,"key":"REST"}],"circlet_count":0,"master_deck":["Strike_P","Strike_P","Strike_P","Strike_P","Defend_P+1","Defend_P","Eruption+1","Vigilance","FlurryOfBlows+1","EmptyBody","ThirdEye+1","ThirdEye","EmptyBody","EmptyBody","Devotion","FlurryOfBlows","MentalFortress","EmptyFist"],"relics":["PureWater","Golden Idol","Damaru","Vajra","SacredBark"],"acts_visited":["Exordium","TheCity"],"potions_floor_usage":[],"damage_taken":[{"damage":0.0,"enemies":"Jaw Worm","floor":1.0,"turns":2.0},{"damage":4.0,"enemies":"Small Slimes","floor":4.0,"turns":3.0},{"damage":19.0,"enemies":"3 Sentries","floor":7.0,"turns":10.0},{"damage":0.0,"enemies":"Cultist","floor":11.0,"turns":2.0},{"damage":13.0,"enemies":"Exordium Wildlife","floor":12.0,"turns":6.0},{"damage":4.0,"enemies":"Gremlin Gang","floor":13.0,"turns":8.0},{"damage":0.0,"enemies":"Looter","floor":14.0,"turns":2.0},{"damage":3.0,"enemies":"Slime Boss","floor":16.0,"turns":7.0},{"damage":17.0,"enemies":"Spheric Guardian","floor":18.0,"turns":5.0},{"damage":13.0,"enemies":"Shell Parasite","floor":19.0,"turns":4.0},{"damage":0.0,"enemies":"Snecko","floor":21.0,"turns":5.0},{"damage":45.0,"enemies":"3 Cultists","floor":22.0,"turns":5.0},{"damage":53,"enemies":"Book of Stabbing","floor":24,"turns":6}],"seed_played":"-7398389378893715768","potions_obtained":[{"floor":7.0,"key":"Block Potion"},{"floor":11.0,"key":"FairyPotion"},{"floor":12.0,"key":"ColorlessPotion"},{"floor":20.0,"key":"LiquidMemories"},{"floor":21.0,"key":"SkillPotion"}],"is_trial":false,"path_per_floor":["M","?","?","M","$","R","E","?","T","R","M","M","M","M","R","B",null,"M","M","?","M","M","R","E"],"character_chosen":"WATCHER","items_purchased":["FlurryOfBlows","EmptyBody"],"campfire_rested":1,"item_purchase_floors":[5,5],"current_hp_per_floor":[51,33,57,53,53,53,34,34,34,34,34,21,17,17,17,14,58,41,28,28,28,29,50,0,0],"gold":379,"neow_bonus":"REMOVE_TWO","is_daily":false,"chose_seed":false,"campfire_upgraded":3,"win_rate":0.0,"timestamp":1611975899,"path_taken":["M","?","?","M","$","R","E","?","T","R","?","M","M","M","R","BOSS","M","M","?","M","M","R","E"],"items_purchased_type":["Card","Card"],"build_version":"2020-12-22","purchased_purges":0,"victory":false,"max_hp_per_floor":[72,72,72,72,72,72,72,72,72,72,72,72,72,72,72,72,72,72,72,72,72,72,72,72,72],"relic_stats":{"counters":[13,65],"Golden Idol":68,"obtain_stats":[{"Golden Idol":2,"SacredBark":17,"Damaru":7,"Vajra":9,"PureWater":0},{"Golden Idol":1,"SacredBark":8,"Damaru":3,"Vajra":3,"PureWater":0},{"Golden Idol":2,"SacredBark":40,"Damaru":15,"Vajra":15,"PureWater":0}]},"card_choices":[{"not_picked":["JustLucky","ForeignInfluence","Meditate"],"picked":"SKIP","floor":1.0},{"not_picked":["ClearTheMind","Evaluate","Protect"],"picked":"SKIP","floor":4.0},{"not_picked":["Establishment","Evaluate"],"picked":"ThirdEye","floor":7.0},{"not_picked":["WaveOfTheHand","SashWhip"],"picked":"ThirdEye","floor":11.0},{"not_picked":["CutThroughFate","ThirdEye"],"picked":"EmptyBody","floor":12.0},{"not_picked":["FollowUp","CrushJoints"],"picked":"EmptyBody","floor":13.0},{"not_picked":["FollowUp","LikeWater","SashWhip"],"picked":"SKIP","floor":14.0},{"not_picked":["DeusExMachina","ConjureBlade"],"picked":"Devotion","floor":16.0},{"not_picked":["DeceiveReality","WaveOfTheHand"],"picked":"FlurryOfBlows","floor":18.0},{"not_picked":["SignatureMove","WindmillStrike"],"picked":"MentalFortress","floor":19.0},{"not_picked":["PathToVictory+1","FollowUp","Meditate+1"],"picked":"SKIP","floor":21.0},{"not_picked":["PathToVictory","EmptyBody+1"],"picked":"EmptyFist","floor":22.0}],"player_experience":1310470,"relics_obtained":[{"floor":7.0,"key":"Damaru"},{"floor":9.0,"key":"Vajra"}],"event_choices":[{"damage_healed":0.0,"max_hp_gain":0.0,"max_hp_loss":0.0,"gold_gain":0.0,"event_name":"Golden Idol","player_choice":"Take Damage","floor":2.0,"gold_loss":0.0,"damage_taken":18.0,"relics_obtained":["Golden Idol"]},{"damage_healed":24.0,"max_hp_gain":0.0,"max_hp_loss":0.0,"gold_gain":0.0,"event_name":"Big Fish","player_choice":"Banana","floor":3.0,"gold_loss":0.0,"damage_taken":0.0},{"damage_healed":0.0,"max_hp_gain":0.0,"max_hp_loss":0.0,"gold_gain":0.0,"event_name":"Upgrade Shrine","player_choice":"Upgraded","floor":8.0,"gold_loss":0.0,"damage_taken":0.0,"cards_upgraded":["ThirdEye"]},{"damage_healed":0.0,"max_hp_gain":0.0,"max_hp_loss":0.0,"gold_gain":0.0,"event_name":"Lab","player_choice":"Got Potions","floor":20.0,"gold_loss":0.0,"damage_taken":0.0}],"is_beta":false,"boss_relics":[{"not_picked":["Tiny House","Pandora\u0027s Box"],"picked":"SacredBark"}],"items_purged_floors":[],"is_endless":false,"potions_floor_spawned":[7,11,12,21],"killed_by":"Book of Stabbing","ascension_level":5}}