{"host":"Zandorum","time":1611976321,"event":{"mods":["100% Spire Juice","2.2 Compatiblity","Act Like it!","Bard","BaseMod","Downfall","Hermit","Hubris","Jorbs\u0027s Wanderer Trilogy","Mimic Mod","Minty Spire (QoL Compilation)","Quick Restart","Rare Cards Sparkle","Reorder Act Four","Somnambulant","StSLib","The Cursed","The Disciple","The Hierophant","The Jungle","The Runesmith"],"gold_per_floor":[118,43,43,61,61,88,104,120,147,222,222,222,256,271,271,271,271],"floor_reached":16,"language":"ENG","playtime":597,"items_purged":["Defend_G"],"score":135,"play_id":"a6b368e6-4dfc-4b72-9852-9408d9bd5eb8","local_time":"20210129191201","is_ascension_mode":false,"campfire_choices":[{"data":"Endless Agony","floor":12,"key":"SMITH"},{"floor":15,"key":"REST"}],"circlet_count":0,"master_deck":["Strike_G","Strike_G","Strike_G","Strike_G","Strike_G","Defend_G","Defend_G","Defend_G","Defend_G","Survivor","Neutralize","Endless Agony+1","Backflip","Doppelganger+1","Cloak And Dagger","Venomology","Endless Agony"],"relics":["Ring of the Snake","hubris:BottledRain","Centennial Puzzle","Potion Belt"],"acts_visited":["Exordium"],"potions_floor_usage":[13,13,13,14,16,16],"damage_taken":[{"damage":6,"enemies":"Jaw Worm","floor":1,"turns":5},{"damage":0,"enemies":"Cultist","floor":4,"turns":3},{"damage":26,"enemies":"3 Sentries","floor":6,"turns":11},{"damage":0,"enemies":"2 Louse","floor":7,"turns":2},{"damage":10,"enemies":"2 Fungi Beasts","floor":8,"turns":4},{"damage":0,"enemies":"Lagavulin","floor":13,"turns":3},{"damage":5,"enemies":"Large Slime","floor":14,"turns":5},{"damage":41,"enemies":"The Guardian","floor":16,"turns":12}],"seed_played":"6490045286002249045","potions_obtained":[{"floor":3,"key":"EssenceOfSteel"},{"floor":3,"key":"ColorlessPotion"},{"floor":3,"key":"FearPotion"},{"floor":6,"key":"hexamod:SoulburnPotion"},{"floor":14,"key":"SteroidPotion"}],"is_trial":false,"path_per_floor":["M","$","?","M","?","E","M","M","T","?","?","R","E","M","R","B"],"character_chosen":"THE_SILENT","items_purchased":[],"campfire_rested":1,"item_purchase_floors":[],"current_hp_per_floor":[71,71,71,71,71,45,45,35,35,24,24,24,24,19,42,1,1],"gold":271,"neow_bonus":"TEN_PERCENT_HP_BONUS","is_daily":false,"chose_seed":false,"campfire_upgraded":1,"win_rate":0.0,"timestamp":1611976321,"path_taken":["M","$","?","?","?","E","M","?","T","?","?","R","E","M","R","BOSS"],"items_purchased_type":[],"build_version":"2020-12-18","purchased_purges":1,"victory":false,"max_hp_per_floor":[77,77,77,77,77,77,77,77,77,77,77,77,77,77,77,77,77],"card_choices":[{"not_picked":["Bane","Dagger Spray"],"picked":"Endless Agony","floor":1},{"not_picked":["Acrobatics","Accuracy"],"picked":"Backflip","floor":4},{"not_picked":["Setup","Reflex","Skewer"],"picked":"SKIP","floor":6},{"not_picked":["Tactician","Dagger Spray"],"picked":"Doppelganger","floor":7},{"not_picked":["hubris:SlightOfHand","Deadly Poison"],"picked":"Cloak And Dagger","floor":8},{"not_picked":["Choke","Blade Dance"],"picked":"Venomology","floor":13},{"not_picked":["Blade Dance","Slice"],"picked":"Endless Agony","floor":14}],"player_experience":164735,"relics_obtained":[{"floor":6,"key":"hubris:BottledRain"},{"floor":9,"key":"Centennial Puzzle"},{"floor":13,"key":"Potion Belt"}],"event_choices":[{"damage_healed":0,"gold_gain":0,"player_choice":"Got Potions","damage_taken":0,"max_hp_gain":0,"max_hp_loss":0,"event_name":"Lab","floor":3,"gold_loss":0},{"damage_healed":0,"gold_gain":0,"player_choice":"Ignored","damage_taken":0,"max_hp_gain":0,"max_hp_loss":0,"event_name":"NoteForYourself","floor":5,"gold_loss":0},{"damage_healed":0,"gold_gain":75,"player_choice":"Gather Gold","damage_taken":11,"max_hp_gain":0,"max_hp_loss":0,"event_name":"World of Goop","floor":10,"gold_loss":0}],"is_beta":true,"boss_relics":[],"items_purged_floors":[2],"is_endless":false,"potions_floor_spawned":[6,8,14],"killed_by":"The Guardian","ascension_level":0}}