{"host":"99l0i25nwwr6z99u","time":1611967336,"event":{"mods":["Act Like it!","BaseMod","Colored Map","Colored Powertips","Downfall","Googly Eyes","Minty Spire (QoL Compilation)","Quick Restart","StSLib"],"gold_per_floor":[99,111,211,386,76,76,129,145,145,170,170,6,32,44,60,160,160,60,70,70,70,170,182,205,90,90,103,103,88,116,101,119,219,219,219,235,235,249,249,249,324,339,339,339,46,46,73,88,99,99],"floor_reached":51,"language":"ENG","playtime":3380,"items_purged":["Doubt","Writhe","bronze:Strike"],"score":791,"play_id":"9e06f50b-4b6d-4adb-ab87-0af324c83ae3","local_time":"20210129194216","is_ascension_mode":false,"campfire_choices":[{"data":"bronze:Replicate","floor":1.0,"key":"SMITH"},{"data":"bronze:Optimize","floor":9,"key":"SMITH"},{"data":"bronze:SpaghettiCode","floor":18,"key":"SMITH"},{"data":"bronze:BuggyMess","floor":26,"key":"SMITH"},{"floor":28,"key":"REST"},{"data":"bronze:Mutator","floor":35,"key":"SMITH"},{"data":"bronze:Assembly","floor":40,"key":"SMITH"},{"data":"bronze:RecursiveStrike","floor":44,"key":"SMITH"}],"circlet_count":0,"master_deck":["bronze:Strike","bronze:Defend","bronze:Defend","bronze:Defend","bronze:Replicate+1","bronze:Goto+1","bronze:ClassDefault","bronze:CutThrough","bronze:Frontload","bronze:WildBeam","bronze:Optimize+1","bronze:BuggyMess+1","bronze:FineTuning+1","bronze:Overheat","bronze:Assembly+1","bronze:SpaghettiCode+1","bronze:ForceShield","bronze:CleanCode","bronze:Frontload","bronze:Goto","bronze:DelayedGuard","bronze:Backtrace","bronze:Mutator+1","bronze:Safeguard","bronze:BronzeOrb","bronze:ThunderWave","bronze:GetLatest+1","expansioncontent:PrepareCrush","bronze:RecursiveStrike+1","Magnetism","bronze:BitShift+1"],"relics":["bronze:BronzeCore","OrangePellets","Lantern","Toy Ornithopter","MealTicket","War Paint","expansioncontent:StudyCardRelic","downfall:HeartBlessingGreen","WingedGreaves","downfall:GremlinSack","Oddly Smooth Stone","bronze:SilverBullet","Sozu","The Courier","InkBottle","Lee\u0027s Waffle","Nunchaku","Orichalcum","Pantograph"],"acts_visited":["Exordium","TheCity","TheBeyond"],"potions_floor_usage":[10,15,22,33,50,50],"damage_taken":[{"damage":2.0,"enemies":"Jaw Worm","floor":2.0,"turns":4.0},{"damage":0.0,"enemies":"downfall:FleeingMerchant","floor":5.0,"turns":4.0},{"damage":2,"enemies":"2 Louse","floor":8,"turns":2},{"damage":10,"enemies":"3 Sentries","floor":10,"turns":7},{"damage":7,"enemies":"downfall:FleeingMerchant","floor":12,"turns":4},{"damage":2,"enemies":"Small Slimes","floor":14,"turns":4},{"damage":8,"enemies":"Large Slime","floor":15,"turns":4},{"damage":47,"enemies":"DF_ARCHETYPE_STREAMLINE","floor":16,"turns":8},{"damage":1,"enemies":"3 Byrds","floor":19,"turns":7},{"damage":28,"enemies":"3 Byrds","floor":22,"turns":5},{"damage":42,"enemies":"Centurion and Healer","floor":23,"turns":9},{"damage":0,"enemies":"downfall:FleeingMerchant","floor":25,"turns":4},{"damage":10,"enemies":"Snake Plant","floor":27,"turns":7},{"damage":0,"enemies":"downfall:FleeingMerchant","floor":29,"turns":4},{"damage":0,"enemies":"Book of Stabbing","floor":30,"turns":8},{"damage":10,"enemies":"downfall:FleeingMerchant","floor":31,"turns":4},{"damage":20,"enemies":"Shelled Parasite and Fungi","floor":32,"turns":10},{"damage":26,"enemies":"IC_MUSHROOM_ARCHETYPE","floor":33,"turns":10},{"damage":13,"enemies":"Orb Walker","floor":36,"turns":3},{"damage":1,"enemies":"3 Darklings","floor":38,"turns":10},{"damage":13,"enemies":"4 Shapes","floor":42,"turns":5},{"damage":0,"enemies":"downfall:FleeingMerchant","floor":45,"turns":1},{"damage":7,"enemies":"Nemesis","floor":47,"turns":7},{"damage":0,"enemies":"Transient","floor":48,"turns":5},{"damage":11,"enemies":"Maw","floor":49,"turns":8},{"damage":89,"enemies":"SI_POISON_ARCHETYPE","floor":50,"turns":9}],"seed_played":"7234822288079377814","potions_obtained":[{"floor":8,"key":"DistilledChaos"},{"floor":10,"key":"Guardian:BlockOnCardUsePotion"},{"floor":14,"key":"Dexterity Potion"},{"floor":15,"key":"FearPotion"},{"floor":27,"key":"SneckoOil"},{"floor":30,"key":"FairyPotion"},{"floor":33,"key":"LiquidBronze"}],"is_trial":false,"path_per_floor":["R","M","?","?","$","?","T","M","R","E","?","$","T","M","M","B",null,"R","M","?","T","?","M","T","$","R","M","R","$","E","$","M","B",null,"R","M","?","M","?","R","T","M","?","R","$","?","E","M","M","B",null],"character_chosen":"THE_AUTOMATON","items_purchased":["OrangePellets","bronze:Frontload","bronze:WildBeam","bronze:Assembly","InkBottle","Lee\u0027s Waffle","Nunchaku","Orichalcum"],"campfire_rested":1,"item_purchase_floors":[5,5,5,12,45,45,45,45],"current_hp_per_floor":[77,75,75,75,75,75,75,73,73,63,56,64,64,62,59,12,77,77,76,76,76,53,11,11,26,26,16,39,54,54,59,39,18,77,77,64,54,53,45,45,45,32,32,32,84,84,77,77,66,25],"gold":99,"neow_bonus":"TEN_PERCENT_HP_BONUS","is_daily":false,"chose_seed":false,"campfire_upgraded":7,"win_rate":0.0,"timestamp":1611967336,"path_taken":["R","M","?","?","$","?","T","M","R","E","?","?","?","M","M","BOSS","R","M","?","?","?","?","T","$","R","?","R","$","E","?","M","BOSS","R","M","?","M","?","R","T","?","?","R","$","?","E","?","M","BOSS"],"items_purchased_type":["Relic","Card","Card","Card","Relic","Relic","Relic","Relic"],"build_version":"2020-12-22","purchased_purges":3,"victory":true,"max_hp_per_floor":[77,77,77,77,77,77,77,77,77,77,77,77,77,77,77,77,77,77,77,77,77,77,77,77,77,77,77,77,77,77,77,77,77,77,77,77,77,77,77,77,77,77,77,77,84,84,84,84,84,84],"card_choices":[{"not_picked":["bronze:OilSpill","bronze:DelayedSlice"],"picked":"bronze:ClassDefault","floor":2.0},{"not_picked":["bronze:FineTuning","bronze:Overheat"],"picked":"bronze:CutThrough","floor":5.0},{"not_picked":["bronze:Allocate","bronze:OilSpill"],"picked":"bronze:BuggyMess","floor":8},{"not_picked":["bronze:Turbo","bronze:ClassDefault"],"picked":"bronze:FineTuning","floor":10},{"not_picked":["bronze:FineTuning","bronze:ChildClass"],"picked":"bronze:Overheat","floor":12},{"not_picked":["bronze:Overheat","bronze:ForceShield"],"picked":"bronze:SpaghettiCode","floor":14},{"not_picked":["bronze:Iterate","bronze:BitShift"],"picked":"bronze:ForceShield","floor":15},{"not_picked":["bronze:FindAndReplace","bronze:ThunderWave"],"picked":"bronze:CleanCode","floor":16},{"not_picked":["bronze:WildBeam","bronze:Overload"],"picked":"bronze:Frontload","floor":19},{"not_picked":["bronze:NullPointer","bronze:SpaghettiCode"],"picked":"bronze:Safeguard","floor":23},{"not_picked":["bronze:Branch","bronze:ChildClass","bronze:ClassDefault"],"picked":"SKIP","floor":25},{"not_picked":["bronze:WildBeam+1","bronze:FineTuning+1","bronze:ChildClass"],"picked":"SKIP","floor":27},{"not_picked":["bronze:Frontload","bronze:WhirlingStrike"],"picked":"bronze:BronzeOrb","floor":29},{"not_picked":["bronze:WildBeam","bronze:Branch+1","bronze:ShipIt"],"picked":"SKIP","floor":30},{"not_picked":["bronze:WhirlingStrike","bronze:Allocate","bronze:Branch"],"picked":"SKIP","floor":31},{"not_picked":["bronze:Shield","bronze:Mutator","bronze:FollowUp+1"],"picked":"SKIP","floor":32},{"not_picked":["bronze:Mutator","bronze:Assembly"],"picked":"bronze:ThunderWave","floor":33},{"not_picked":["bronze:Optimize","bronze:BugBarrage"],"picked":"bronze:GetLatest+1","floor":36},{"not_picked":["expansioncontent:LastStand","expansioncontent:DecaShield"],"picked":"expansioncontent:PrepareCrush","floor":37},{"not_picked":["bronze:NullPointer+1","bronze:Deprecate+1","bronze:Backtrace+1"],"picked":"SKIP","floor":38},{"not_picked":["bronze:Safeguard","bronze:DelayedSlice","bronze:Backtrace"],"picked":"SKIP","floor":42},{"not_picked":["bronze:RecursiveStrike","bronze:DelayedGuard","bronze:WildBeam+1"],"picked":"SKIP","floor":45},{"not_picked":["bronze:Assembly","bronze:CloningBeam","bronze:Invalidate+1"],"picked":"SKIP","floor":47},{"not_picked":["bronze:CutThrough+1","bronze:BuggyMess","bronze:Overheat+1"],"picked":"SKIP","floor":48},{"not_picked":["bronze:OilSpill","bronze:DelayedGuard"],"picked":"bronze:BitShift+1","floor":49}],"player_experience":947545,"relics_obtained":[{"floor":7,"key":"Lantern"},{"floor":10,"key":"Toy Ornithopter"},{"floor":13,"key":"War Paint"},{"floor":21,"key":"WingedGreaves"},{"floor":22,"key":"downfall:GremlinSack"},{"floor":24,"key":"Oddly Smooth Stone"},{"floor":30,"key":"bronze:SilverBullet"},{"floor":41,"key":"The Courier"},{"floor":47,"key":"Pantograph"}],"event_choices":[{"damage_healed":0,"gold_gain":0,"cards_transformed":["bronze:Strike"],"player_choice":"Change","damage_taken":0,"max_hp_gain":0,"max_hp_loss":0,"event_name":"Living Wall","floor":6,"gold_loss":0,"cards_obtained":["bronze:Optimize"]},{"damage_healed":0,"gold_gain":0,"player_choice":"Success","damage_taken":7,"relics_obtained":["MealTicket"],"max_hp_gain":0,"max_hp_loss":0,"event_name":"Scrap Ooze","floor":11,"gold_loss":0},{"damage_healed":0,"gold_gain":0,"player_choice":"Ignored","damage_taken":0,"max_hp_gain":0,"max_hp_loss":0,"event_name":"Ghosts","floor":20,"gold_loss":0},{"cards_removed":["bronze:Defend"],"damage_healed":0,"gold_gain":0,"player_choice":"Removed Skill","damage_taken":0,"max_hp_gain":0,"max_hp_loss":0,"event_name":"Falling","floor":43,"gold_loss":0},{"damage_healed":0,"gold_gain":0,"player_choice":"Ignored","damage_taken":0,"max_hp_gain":0,"max_hp_loss":0,"event_name":"NoteForYourself","floor":46,"gold_loss":0}],"is_beta":false,"boss_relics":[{"not_picked":["bronze:MakeshiftBattery","Calling Bell"],"picked":"expansioncontent:StudyCardRelic"},{"not_picked":["Busted Crown","Runic Dome"],"picked":"Sozu"}],"items_purged_floors":[5,25,45],"is_endless":false,"potions_floor_spawned":[8,10,14,15,27,30,32,33,38,47,48,49],"ascension_level":0}}