{"host":"8rqsnaeml9gxb0kp","time":1611981178,"event":{"mods":["AchievementEnabler","BaseMod","Dark Map","Minty Spire (QoL Compilation)","Relic Stats","StSLib","slay the spire mod where everything is the same but ironclad has a cowboy hat"],"gold_per_floor":[130,18,193,193,206,206,54,54,80,95,95,120,139,171,171,250,250,270,289,289,38,38,38,68,68,121,134,152,427,427,446,446,520,520,520,520,537,315,332,332,332,332,332,332,387,400,400,400,400,400],"floor_reached":51,"language":"ENG","playtime":2620,"items_purged":["Defend_R"],"score":1173,"play_id":"08154bc7-8960-4dbc-b61d-9fac8753dcb0","local_time":"20210129203258","is_ascension_mode":true,"campfire_choices":[{"data":"Bash","floor":6.0,"key":"SMITH"},{"floor":8.0,"key":"REST"},{"data":"Pummel","floor":15.0,"key":"SMITH"},{"floor":23.0,"key":"REST"},{"floor":25.0,"key":"REST"},{"data":"Limit Break","floor":30.0,"key":"SMITH"},{"floor":32.0,"key":"REST"},{"data":"Burning Pact","floor":40,"key":"SMITH"},{"data":"Sword Boomerang","floor":42,"key":"SMITH"},{"data":"Sword Boomerang","floor":44,"key":"SMITH"},{"data":"1","floor":47,"key":"LIFT"},{"data":"2","floor":49,"key":"LIFT"}],"circlet_count":0,"master_deck":["AscendersBane","Strike_R","Strike_R","Strike_R","Defend_R","Defend_R","Defend_R","Bash+1","CurseOfTheBell","Sword Boomerang+1","Thunderclap","Sword Boomerang+1","Pummel+1","Reaper","Burning Pact+1","Limit Break+1","Headbutt+1","Rupture","Regret","Bloodletting+1","Reaper","Blood for Blood","Disarm+1","Shrug It Off+1","Flame Barrier+1"],"relics":["Calling Bell","MawBank","Darkstone Periapt","Du-Vu Doll","Medical Kit","Oddly Smooth Stone","HornCleat","InkBottle","Kunai","Busted Crown","Toxic Egg 2","Nunchaku","Art of War","Snecko Eye","TheAbacus","Self Forming Clay","Girya"],"acts_visited":["Exordium","TheCity","TheBeyond"],"potions_floor_usage":[33,35,50,50],"damage_taken":[{"damage":9.0,"enemies":"Jaw Worm","floor":1.0,"turns":3.0},{"damage":5.0,"enemies":"Small Slimes","floor":5.0,"turns":2.0},{"damage":0.0,"enemies":"2 Louse","floor":10.0,"turns":1.0},{"damage":0.0,"enemies":"Gremlin Nob","floor":12.0,"turns":1.0},{"damage":12.0,"enemies":"Exordium Wildlife","floor":13.0,"turns":3.0},{"damage":20.0,"enemies":"Lagavulin","floor":14.0,"turns":5.0},{"damage":54.0,"enemies":"Hexaghost","floor":16.0,"turns":12.0},{"damage":5.0,"enemies":"Chosen","floor":18.0,"turns":3.0},{"damage":12.0,"enemies":"2 Thieves","floor":19.0,"turns":3.0},{"damage":30.0,"enemies":"Gremlin Leader","floor":24.0,"turns":5.0},{"damage":11.0,"enemies":"Centurion and Healer","floor":27.0,"turns":3.0},{"damage":27.0,"enemies":"Snake Plant","floor":28.0,"turns":3.0},{"damage":31.0,"enemies":"Shelled Parasite and Fungi","floor":31.0,"turns":4.0},{"damage":21,"enemies":"Automaton","floor":33,"turns":6},{"damage":7,"enemies":"3 Darklings","floor":35,"turns":2},{"damage":29,"enemies":"3 Shapes","floor":37,"turns":2},{"damage":2,"enemies":"Jaw Worm Horde","floor":39,"turns":3},{"damage":40,"enemies":"2 Orb Walkers","floor":45,"turns":3},{"damage":8,"enemies":"Transient","floor":46,"turns":5},{"damage":62,"enemies":"Awakened One","floor":50,"turns":6}],"seed_played":"3364253825916315955","potions_obtained":[{"floor":5.0,"key":"Regen Potion"},{"floor":10.0,"key":"SteroidPotion"},{"floor":12.0,"key":"SneckoOil"},{"floor":14.0,"key":"SkillPotion"},{"floor":18.0,"key":"SmokeBomb"},{"floor":19.0,"key":"DuplicationPotion"},{"floor":28.0,"key":"SpeedPotion"},{"floor":33,"key":"FearPotion"},{"floor":45,"key":"SteroidPotion"}],"is_trial":false,"path_per_floor":["M","$","?","?","M","R","$","R","T","M","?","E","M","E","R","B",null,"M","M","?","$","?","R","E","R","T","M","M","?","R","M","R","B",null,"M","?","M","$","M","R","?","R","T","R","?","M","R","?","R","B",null],"character_chosen":"IRONCLAD","items_purchased":["Thunderclap","Medical Kit","Toxic Egg 2","Disarm+1","TheAbacus"],"campfire_rested":4,"item_purchase_floors":[2,7,21,38,38],"current_hp_per_floor":[59,59,65,58,53,53,53,77,77,77,65,65,53,40,40,1,61,66,54,54,54,54,78,48,72,72,77,59,65,65,51,77,56,79,72,72,72,72,79,79,79,79,79,79,65,79,79,79,79,45],"gold":400,"neow_bonus":"BOSS_RELIC","is_daily":false,"chose_seed":false,"campfire_upgraded":6,"win_rate":0.0,"timestamp":1611981178,"path_taken":["M","$","?","?","M","R","?","R","T","M","?","E","M","E","R","BOSS","M","M","?","$","?","R","E","R","T","?","M","?","R","?","R","BOSS","M","?","M","$","M","R","?","R","T","R","?","?","R","?","R","BOSS"],"items_purchased_type":["Card","Relic","Relic","Card","Relic"],"build_version":"2020-12-22","purchased_purges":1,"victory":true,"max_hp_per_floor":[75,75,81,81,81,81,81,81,81,81,81,81,81,81,81,81,81,81,81,81,81,81,81,81,81,81,81,81,87,87,87,87,87,87,87,87,87,87,87,87,83,83,83,83,83,83,83,83,83,83],"relic_stats":{"Darkstone Periapt":12,"counters":[20,75],"Self Forming Clay":[36],"MawBank":24,"Medical Kit":[2],"Nunchaku":[9],"Busted Crown":24,"TheAbacus":[12],"Snecko Eye":[34,35,38,30],"Art of War":[0],"Kunai":[23],"obtain_stats":[{"Darkstone Periapt":0,"Girya":45,"Self Forming Clay":43,"Oddly Smooth Stone":9,"MawBank":0,"Medical Kit":7,"Burning Blood":0,"Calling Bell":0,"Du-Vu Doll":0,"Nunchaku":24,"HornCleat":11,"Busted Crown":17,"TheAbacus":38,"Snecko Eye":34,"Art of War":26,"Kunai":14,"Toxic Egg 2":21,"InkBottle":12},{"Darkstone Periapt":0,"Girya":18,"Self Forming Clay":17,"Oddly Smooth Stone":2,"MawBank":0,"Medical Kit":2,"Burning Blood":0,"Calling Bell":0,"Du-Vu Doll":0,"Nunchaku":10,"HornCleat":3,"Busted Crown":7,"TheAbacus":16,"Snecko Eye":14,"Art of War":10,"Kunai":6,"Toxic Egg 2":9,"InkBottle":4},{"Darkstone Periapt":0,"Girya":64,"Self Forming Clay":61,"Oddly Smooth Stone":5,"MawBank":0,"Medical Kit":5,"Burning Blood":0,"Calling Bell":0,"Du-Vu Doll":0,"Nunchaku":38,"HornCleat":6,"Busted Crown":27,"TheAbacus":58,"Snecko Eye":54,"Art of War":38,"Kunai":15,"Toxic Egg 2":33,"InkBottle":7}],"InkBottle":[21]},"card_choices":[{"not_picked":["Bloodletting","Dark Embrace"],"picked":"Sword Boomerang","floor":1.0},{"not_picked":["Pommel Strike","Rupture"],"picked":"Sword Boomerang","floor":5.0},{"not_picked":["Armaments","Clash","Anger"],"picked":"SKIP","floor":10.0},{"not_picked":["Body Slam","Fire Breathing"],"picked":"Pummel","floor":12.0},{"not_picked":["Seeing Red","Flex"],"picked":"Reaper","floor":13.0},{"not_picked":["Headbutt","Carnage"],"picked":"Burning Pact","floor":14.0},{"not_picked":["Offering","Reaper"],"picked":"Limit Break","floor":16.0},{"not_picked":["Wild Strike+1"],"picked":"SKIP","floor":18.0},{"not_picked":["Warcry"],"picked":"SKIP","floor":19.0},{"not_picked":[],"picked":"Headbutt+1","floor":24.0},{"not_picked":["Perfected Strike"],"picked":"SKIP","floor":27.0},{"not_picked":[],"picked":"Rupture","floor":28.0},{"not_picked":[],"picked":"Bloodletting+1","floor":31.0},{"not_picked":[],"picked":"Reaper","floor":33},{"not_picked":[],"picked":"Blood for Blood","floor":37},{"not_picked":[],"picked":"Shrug It Off+1","floor":39},{"not_picked":[],"picked":"Flame Barrier+1","floor":45},{"not_picked":["Warcry+1"],"picked":"SKIP","floor":46}],"player_experience":166079,"relics_obtained":[{"floor":0.0,"key":"MawBank"},{"floor":0.0,"key":"Darkstone Periapt"},{"floor":0.0,"key":"Du-Vu Doll"},{"floor":9.0,"key":"Oddly Smooth Stone"},{"floor":12.0,"key":"InkBottle"},{"floor":14.0,"key":"Kunai"},{"floor":24.0,"key":"Nunchaku"},{"floor":26.0,"key":"Art of War"},{"floor":43,"key":"Self Forming Clay"},{"floor":45,"key":"Girya"}],"event_choices":[{"damage_healed":0.0,"max_hp_gain":0.0,"max_hp_loss":0.0,"gold_gain":175.0,"event_name":"Liars Game","player_choice":"AGREE","floor":3.0,"gold_loss":0.0,"damage_taken":0.0,"cards_obtained":["Doubt"]},{"cards_removed":["Strike_R"],"damage_healed":0.0,"max_hp_gain":0.0,"max_hp_loss":0.0,"gold_gain":0.0,"event_name":"Golden Wing","player_choice":"Card Removal","floor":4.0,"gold_loss":0.0,"damage_taken":7.0},{"damage_healed":0.0,"max_hp_gain":0.0,"max_hp_loss":0.0,"gold_gain":0.0,"event_name":"Scrap Ooze","player_choice":"Success","floor":11.0,"gold_loss":0.0,"damage_taken":12.0,"relics_obtained":["HornCleat"]},{"damage_healed":0.0,"max_hp_gain":0.0,"max_hp_loss":0.0,"gold_gain":0.0,"event_name":"Ghosts","player_choice":"Ignored","floor":20.0,"gold_loss":0.0,"damage_taken":0.0},{"cards_removed":["Doubt"],"damage_healed":0.0,"max_hp_gain":0.0,"max_hp_loss":0.0,"gold_gain":0.0,"event_name":"Purifier","player_choice":"Purged","floor":22.0,"gold_loss":0.0,"damage_taken":0.0},{"damage_healed":0.0,"max_hp_gain":0.0,"max_hp_loss":0.0,"gold_gain":275.0,"event_name":"Golden Shrine","player_choice":"Desecrate","floor":29.0,"gold_loss":0.0,"damage_taken":0.0,"cards_obtained":["Regret"]},{"cards_removed":["Strike_R"],"damage_healed":0,"gold_gain":0,"player_choice":"Removed Attack","damage_taken":0,"max_hp_gain":0,"max_hp_loss":0,"event_name":"Falling","floor":36,"gold_loss":0},{"damage_healed":0,"gold_gain":0,"player_choice":"Max HP","damage_taken":0,"max_hp_gain":0,"max_hp_loss":4,"event_name":"Winding Halls","floor":41,"gold_loss":0},{"damage_healed":0,"gold_gain":0,"player_choice":"Fight","damage_taken":0,"max_hp_gain":0,"max_hp_loss":0,"event_name":"Mysterious Sphere","floor":45,"gold_loss":0},{"damage_healed":0,"gold_gain":0,"player_choice":"Memory 1","damage_taken":0,"max_hp_gain":0,"max_hp_loss":0,"event_name":"SensoryStone","floor":48,"gold_loss":0}],"is_beta":false,"boss_relics":[{"not_picked":["Fusion Hammer","Runic Cube"],"picked":"Busted Crown"},{"not_picked":["Velvet Choker","Sozu"],"picked":"Snecko Eye"}],"items_purged_floors":[2],"is_endless":false,"potions_floor_spawned":[5,10,12,14,18,19,28,33,45,46],"ascension_level":14}}