{"host":"21ilc3txkeir89i9","time":1611987533,"event":{"mods":["BaseMod","BetterRewards","Block Reminder","Card Forge","Hermit","Minty Spire (QoL Compilation)","Spicy Shops","StSLib","The Jungle"],"gold_per_floor":[111,128,138,138,149,183,14,43,43,374,40,53,67,84,84,181,181,192,45,61,61,61,93,93,93,93,93,17,48,66,166,166,265,265,280,280,111,140,157,157,157],"floor_reached":40,"language":"ENG","playtime":2489,"items_purged":[],"score":677,"play_id":"7cbae9d5-612d-4e64-9892-d0801ecd313a","local_time":"20210129221853","is_ascension_mode":true,"campfire_choices":[{"floor":15,"key":"REST"},{"floor":24,"key":"RECALL"},{"floor":27,"key":"REST"},{"floor":32,"key":"REST"}],"circlet_count":0,"master_deck":["hermit:Strike_Hermit+1","hermit:Strike_Hermit+1","hermit:Strike_Hermit+1","hermit:Defend_Hermit+1","hermit:Defend_Hermit+1","hermit:Defend_Hermit+1","hermit:Defend_Hermit+1","hermit:Snapshot+1","hermit:Covet+1","hermit:PistolWhip+1","hermit:BigShot+1","hermit:LuckOfTheDraw+1","hermit:GhostlyPresence+1","hermit:Feint+1","hermit:BigShot+1","hermit:Feint+1","hermit:Brawl+1","hermit:TakeAim+1","Dramatic Entrance+1","hermit:Headshot+1","hermit:EyeOfTheStorm+1","Flash of Steel+1","hermit:HighCaliber+1","hermit:FlashPowder+1","hermit:Adapt+1","hermit:FinalCanter+1","CurseOfTheBell","hermit:Grudge+1","hermit:Horror+1","J.A.X.+1","hermit:Dive+1","hermit:Manifest+1","hermit:TrackingShot+1","hermit:Manifest+1","hermit:Reprieve+1","hermit:ItchyTrigger+1","hermit:Ricochet+1","hermit:Grudge+1","hermit:Misfire+1"],"relics":["hermit:ClaspedLocket","Hammer of Thor","Seething Fire","Anvil of the Gods","Ice Cream","Pantograph","Lee\u0027s Waffle","Pocketwatch","Boot","Bird Faced Urn","Dead Branch","Old Coin","Bottled Tornado","Calling Bell","Turnip","Sundial","Vajra","Membership Card","Pen Nib","Potion Belt","Bronze Scales","Molten Egg 2","FossilizedHelix","Torii"],"acts_visited":["Exordium","TheCity","TheBeyond"],"potions_floor_usage":[6,31],"damage_taken":[{"damage":0,"enemies":"2 Louse","floor":1,"turns":2},{"damage":0,"enemies":"Cultist","floor":2,"turns":3},{"damage":4,"enemies":"Small Slimes","floor":3,"turns":2},{"damage":5,"enemies":"3 Louse","floor":5,"turns":3},{"damage":17,"enemies":"Gremlin Nob","floor":6,"turns":5},{"damage":18,"enemies":"Lagavulin","floor":8,"turns":5},{"damage":19,"enemies":"3 Sentries","floor":10,"turns":6},{"damage":0,"enemies":"2 Fungi Beasts","floor":12,"turns":1},{"damage":2,"enemies":"Large Slime","floor":13,"turns":4},{"damage":0,"enemies":"Exordium Thugs","floor":14,"turns":4},{"damage":32,"enemies":"Hexaghost","floor":16,"turns":7},{"damage":0,"enemies":"Spheric Guardian","floor":18,"turns":3},{"damage":2,"enemies":"Shell Parasite","floor":20,"turns":5},{"damage":21,"enemies":"Gremlin Leader","floor":23,"turns":4},{"damage":3,"enemies":"Book of Stabbing","floor":29,"turns":3},{"damage":13,"enemies":"Centurion and Healer","floor":30,"turns":4},{"damage":15,"enemies":"Colosseum Slavers","floor":31,"turns":3},{"damage":50,"enemies":"Colosseum Nobs","floor":31,"turns":4},{"damage":28,"enemies":"Champ","floor":33,"turns":10},{"damage":0,"enemies":"Orb Walker","floor":35,"turns":2},{"damage":8,"enemies":"3 Shapes","floor":38,"turns":3},{"damage":15,"enemies":"Sphere and 2 Shapes","floor":39,"turns":4},{"damage":77,"enemies":"Nemesis","floor":40,"turns":8}],"seed_played":"-8615560124076147002","potions_obtained":[{"floor":1,"key":"Swift Potion"},{"floor":3,"key":"Block Potion"},{"floor":8,"key":"Strength Potion"},{"floor":13,"key":"Strength Potion"},{"floor":16,"key":"DistilledChaos"},{"floor":29,"key":"EntropicBrew"},{"floor":30,"key":"Swift Potion"},{"floor":33,"key":"Explosive Potion"}],"is_trial":false,"path_per_floor":["M","M","M","?","M","E","$","E","T","E","$","M","M","M","R","B",null,"M","$","M","?","?","E","R","?","T","R","$","E","M","?","R","B",null,"M","?","$","M","M","E"],"character_chosen":"HERMIT","items_purchased":["Ice Cream","Pantograph","hermit:PistolWhip","hermit:BigShot","Lee\u0027s Waffle","hermit:TakeAim","Dramatic Entrance","Bottled Tornado","Flash of Steel","Membership Card","Potion Belt","Torii","hermit:Ricochet+1"],"campfire_rested":3,"item_purchase_floors":[0,0,0,0,0,7,7,11,11,19,28,37,37],"current_hp_per_floor":[82,82,78,78,73,56,56,38,38,25,25,25,29,37,61,58,82,82,82,82,66,66,49,49,49,49,75,75,72,61,8,34,43,87,87,87,87,81,68,0,0],"gold":157,"neow_bonus":"","is_daily":false,"chose_seed":false,"campfire_upgraded":0,"win_rate":0.0,"timestamp":1611987533,"path_taken":["M","M","M","?","?","E","$","E","T","E","$","M","M","?","R","BOSS","M","$","M","?","?","E","R","?","T","R","$","E","M","?","R","BOSS","M","?","$","M","M","E"],"items_purchased_type":["Relic","Relic","Card","Card","Relic","Card","Card","Relic","Card","Relic","Relic","Relic","Card"],"build_version":"2020-12-22","purchased_purges":0,"victory":false,"max_hp_per_floor":[82,82,82,82,82,82,82,82,82,82,82,82,82,82,82,82,82,82,82,82,87,87,87,87,87,87,87,87,87,87,87,87,87,87,87,87,87,87,87,87,87],"card_choices":[{"not_picked":["hermit:Roulette","hermit:HoleUp"],"picked":"hermit:LuckOfTheDraw","floor":1},{"not_picked":["hermit:ItchyTrigger","hermit:HoleUp"],"picked":"hermit:GhostlyPresence","floor":2},{"not_picked":["hermit:Glare","hermit:Shortfuse"],"picked":"hermit:Feint","floor":3},{"not_picked":["hermit:FullyLoaded","hermit:Deadeye"],"picked":"hermit:Feint","floor":5},{"not_picked":["hermit:Shortfuse","hermit:Headshot"],"picked":"hermit:Brawl","floor":6},{"not_picked":["hermit:Feint","hermit:LuckOfTheDraw"],"picked":"hermit:Headshot","floor":8},{"not_picked":["hermit:WideOpen","hermit:DeadMansHand"],"picked":"hermit:EyeOfTheStorm","floor":10},{"not_picked":["hermit:Quickdraw","hermit:Desperado"],"picked":"hermit:HighCaliber","floor":12},{"not_picked":["hermit:HighCaliber","hermit:DeadMansHand"],"picked":"hermit:FlashPowder","floor":13},{"not_picked":["hermit:TrackingShot","hermit:Headshot"],"picked":"hermit:Adapt","floor":14},{"not_picked":["hermit:OverwhelmingPower","hermit:Dissolve"],"picked":"hermit:FinalCanter","floor":16},{"not_picked":["hermit:Brawl","hermit:LuckOfTheDraw"],"picked":"hermit:Grudge+1","floor":18},{"not_picked":["hermit:WideOpen","hermit:ItchyTrigger+1"],"picked":"hermit:Horror","floor":20},{"not_picked":["hermit:Feint","hermit:Quickdraw"],"picked":"hermit:Dive","floor":23},{"not_picked":["hermit:Glare","hermit:FatalDesire"],"picked":"hermit:Manifest+1","floor":29},{"not_picked":["hermit:GoldenBullet+1","hermit:Vantage"],"picked":"hermit:TrackingShot+1","floor":30},{"not_picked":["hermit:WideOpen+1","hermit:Coalescence+1"],"picked":"hermit:Manifest","floor":31},{"not_picked":["hermit:HeroicBravado","hermit:Adapt"],"picked":"hermit:Reprieve","floor":33},{"not_picked":["hermit:TakeAim+1","hermit:Glare"],"picked":"hermit:ItchyTrigger+1","floor":35},{"not_picked":["hermit:TakeCover","hermit:TakeAim+1"],"picked":"hermit:Grudge+1","floor":38},{"not_picked":["hermit:HoleUp","hermit:TakeAim+1"],"picked":"hermit:Misfire+1","floor":39}],"player_experience":260561,"relics_obtained":[{"floor":6,"key":"Boot"},{"floor":8,"key":"Bird Faced Urn"},{"floor":9,"key":"Dead Branch"},{"floor":10,"key":"Old Coin"},{"floor":17,"key":"Turnip"},{"floor":17,"key":"Sundial"},{"floor":17,"key":"Vajra"},{"floor":23,"key":"Pen Nib"},{"floor":29,"key":"Bronze Scales"},{"floor":31,"key":"Molten Egg 2"},{"floor":31,"key":"FossilizedHelix"}],"event_choices":[{"damage_healed":0,"gold_gain":0,"cards_transformed":["hermit:Strike_Hermit"],"player_choice":"Transformed","damage_taken":0,"max_hp_gain":0,"max_hp_loss":0,"event_name":"Transmorgrifier","floor":4,"gold_loss":0,"cards_obtained":["hermit:BigShot"]},{"damage_healed":0,"gold_gain":0,"player_choice":"Shed Blood","damage_taken":21,"max_hp_gain":5,"max_hp_loss":0,"event_name":"Forgotten Altar","floor":21,"gold_loss":0},{"damage_healed":0,"gold_gain":0,"player_choice":"Obtain J.A.X.","damage_taken":0,"max_hp_gain":0,"max_hp_loss":0,"event_name":"Drug Dealer","floor":22,"gold_loss":0,"cards_obtained":["J.A.X."]},{"damage_healed":0,"gold_gain":0,"player_choice":"Simplicity","damage_taken":0,"max_hp_gain":0,"max_hp_loss":0,"event_name":"Back to Basics","floor":25,"gold_loss":0,"cards_upgraded":[]},{"damage_healed":0,"gold_gain":0,"player_choice":"Fight","damage_taken":0,"max_hp_gain":0,"max_hp_loss":0,"event_name":"Colosseum","floor":31,"gold_loss":0},{"damage_healed":0,"gold_gain":0,"player_choice":"Fought Nobs","damage_taken":0,"max_hp_gain":0,"max_hp_loss":0,"event_name":"Colosseum","floor":31,"gold_loss":0},{"damage_healed":0,"gold_gain":0,"player_choice":"Ignored","damage_taken":0,"max_hp_gain":0,"max_hp_loss":0,"event_name":"Purifier","floor":36,"gold_loss":0}],"is_beta":false,"boss_relics":[{"not_picked":["Astrolabe","Philosopher\u0027s Stone"],"picked":"Calling Bell"},{"not_picked":["Busted Crown","Runic Pyramid"],"picked":"hermit:ClaspedLocket"}],"items_purged_floors":[],"is_endless":false,"potions_floor_spawned":[1,3,5,8,13,16,29,30,31,33,39],"killed_by":"Nemesis","ascension_level":1}}