{"host":"65a95dzim48ko8ke","time":1611969440,"event":{"mods":["Act Like it!","BaseMod","Block Reminder","Colored Powertips","Curses Come First","Gensokyo","Minty Spire (QoL Compilation)","Permanent Neow","Quick Restart","Rare Cards Sparkle","Replay The Spire","Spicy Shops","StSLib","Synergy Search"],"gold_per_floor":[117,0,0,0,11,11,21,21,41,66,141,141,61,61,95,115,115,219,219,233,251,251,251],"floor_reached":22,"language":"ENG","playtime":1279,"items_purged":[],"score":379,"play_id":"3051cf61-1843-449c-877b-76e60c2f1963","local_time":"20210130101720","is_ascension_mode":true,"campfire_choices":[{"data":"Eruption","floor":8.0,"key":"SMITH"},{"data":"Replay:AtTheReady","floor":12.0,"key":"SMITH"},{"data":"Vigilance","floor":14.0,"key":"SMITH"},{"data":"SashWhip","floor":17.0,"key":"SMITH"}],"circlet_count":0,"master_deck":["Strike_P","Strike_P","Strike_P+1","Strike_P+1","Defend_P","Defend_P+1","Defend_P+1","Defend_P","Eruption+1","Vigilance+1","DevaForm","Replay:Cycle+1","LessonLearned","SashWhip+1","Injury","JustLucky","Tantrum+1","Replay:AtTheReady+1","EmptyFist","Prostrate","Consecrate","MasterReality","Replay:Cycle+1","ClearTheMind"],"relics":["PureWater","Replay:Wax Seal","Torii","Akabeko","Meat on the Bone","Turnip","Coffee Dripper"],"acts_visited":["Exordium","Gensokyo:Gensokyo"],"potions_floor_usage":[],"damage_taken":[{"damage":3.0,"enemies":"Gensokyo:Gryphon","floor":1.0,"turns":4.0},{"damage":2.0,"enemies":"Gensokyo:2_Kodama","floor":5.0,"turns":3.0},{"damage":0.0,"enemies":"Gensokyo:3_Fairies","floor":7.0,"turns":3.0},{"damage":19.0,"enemies":"Gensokyo:Gryphon_and_Rabbit","floor":9.0,"turns":9.0},{"damage":0.0,"enemies":"Gensokyo:Aya","floor":10.0,"turns":2.0},{"damage":0.0,"enemies":"Gensokyo:VengefulSpirit","floor":13.0,"turns":1.0},{"damage":0.0,"enemies":"Gensokyo:Mamizou","floor":15.0,"turns":8.0},{"damage":1.0,"enemies":"Gensokyo:LivingMonolith","floor":16.0,"turns":4.0},{"damage":0.0,"enemies":"Gensokyo:Reimu","floor":18.0,"turns":5.0},{"damage":21.0,"enemies":"Gensokyo:3_Dogs","floor":20.0,"turns":4.0},{"damage":1,"enemies":"Gensokyo:Chomper","floor":21,"turns":4},{"damage":45,"enemies":"Gensokyo:Slime_Group","floor":22,"turns":4}],"seed_played":"-6945125816598710617","potions_obtained":[{"floor":1.0,"key":"Venom Potion"},{"floor":5.0,"key":"SteroidPotion"},{"floor":13.0,"key":"PowerPotion"},{"floor":20,"key":"Fire Potion"}],"is_trial":false,"path_per_floor":["M","$","PTL","PTL","M","?","M","R","M","E","T","R","M","R","E","M","R","B",null,"M","M","M"],"character_chosen":"WATCHER","items_purchased":["Replay:Wax Seal","LessonLearned"],"campfire_rested":0,"item_purchase_floors":[2,2],"current_hp_per_floor":[44,44,44,44,42,42,42,42,23,23,23,23,35,35,47,46,46,46,66,45,44,0,0],"gold":251,"neow_bonus":"THREE_RARE_CARDS","is_daily":false,"chose_seed":false,"campfire_upgraded":4,"win_rate":0.0,"timestamp":1611969440,"path_taken":["M","?","PTL","PTL","M","?","M","R","M","E","T","R","?","R","E","M","R","BOSS","M","M","M"],"items_purchased_type":["Relic","Card"],"build_version":"2020-12-22","purchased_purges":0,"victory":false,"max_hp_per_floor":[72,72,72,72,72,72,72,72,72,72,72,72,72,72,72,72,72,72,72,72,72,72,72],"card_choices":[{"not_picked":["ConjureBlade","Omniscience"],"picked":"DevaForm","floor":0.0},{"not_picked":["BattleHymn","Vengeance"],"picked":"Replay:Cycle","floor":1.0},{"not_picked":["Protect","Crescendo"],"picked":"SashWhip","floor":5.0},{"not_picked":["WreathOfFlame","Protect"],"picked":"JustLucky","floor":7.0},{"not_picked":["Omniscience","Pray"],"picked":"Tantrum","floor":9.0},{"not_picked":["Study","Vengeance"],"picked":"Replay:AtTheReady","floor":10.0},{"not_picked":["Meditate","Crescendo"],"picked":"EmptyFist","floor":13.0},{"not_picked":["Sanctity","Establishment"],"picked":"Prostrate","floor":15.0},{"not_picked":["Sanctity","Weave"],"picked":"Consecrate","floor":16.0},{"not_picked":["Devotion","Scrawl"],"picked":"MasterReality","floor":18.0},{"not_picked":["ReachHeaven","Evaluate"],"picked":"Replay:Cycle+1","floor":20},{"not_picked":["Replay:ManipulateFuture+1","CrushJoints"],"picked":"ClearTheMind","floor":21}],"player_experience":333012,"relics_obtained":[{"floor":10.0,"key":"Akabeko"},{"floor":11.0,"key":"Meat on the Bone"},{"floor":15.0,"key":"Turnip"}],"event_choices":[],"is_beta":false,"boss_relics":[{"not_picked":["Pandora\u0027s Box","Painkiller Herb"],"picked":"Coffee Dripper"}],"items_purged_floors":[],"is_endless":false,"potions_floor_spawned":[1,5,13,20],"killed_by":"Gensokyo:Slime_Group","ascension_level":6}}