{"host":"73u9ojxmo0iakdto","time":1611971397,"event":{"mods":["BaseMod","Better Third Choice","Minty Spire (QoL Compilation)","Permanent Neow","Replay The Spire","StSLib"],"gold_per_floor":[114,114,114,147,434,446,494,531,593,605,661,698,426,470,470,511,511],"floor_reached":16,"language":"ENG","playtime":882,"items_purged":["Regret"],"score":143,"play_id":"36a8ab96-1cb1-4545-a7d4-b3675e6a98ad","local_time":"20210129194957","daily_mods":["Specialized","Colorless Cards","Terminal"],"is_ascension_mode":false,"campfire_choices":[{"data":"Life Link","floor":6,"key":"SMITH"},{"data":"Pummel","floor":10,"key":"SMITH"},{"data":"HandOfGreed","floor":15,"key":"SMITH"}],"circlet_count":0,"master_deck":["Strike_R","Strike_R","Strike_R","Strike_R","Strike_R","Defend_R","Defend_R","Defend_R","Defend_R","Bash","Life Link","Life Link","Life Link","Life Link+1","Pummel+1","HandOfGreed+1","Bandage Up"],"relics":["Burning Blood","Replay:Bandana","MawBank","Singing Bowl","Blood Vial","Centennial Puzzle","Membership Card","WingedGreaves"],"acts_visited":["Exordium"],"potions_floor_usage":[12,16],"damage_taken":[{"damage":7,"enemies":"Cultist","floor":1,"turns":4},{"damage":11,"enemies":"Jaw Worm","floor":4,"turns":3},{"damage":37,"enemies":"3 Sentries","floor":7,"turns":9},{"damage":7,"enemies":"Small Slimes","floor":8,"turns":3},{"damage":19,"enemies":"Lagavulin","floor":11,"turns":5},{"damage":13,"enemies":"Exordium Wildlife","floor":12,"turns":6},{"damage":16,"enemies":"Replay:BlueRogue","floor":14,"turns":3},{"damage":28,"enemies":"Slime Boss","floor":16,"turns":5}],"seed_played":"-828330817948855686","potions_obtained":[{"floor":4,"key":"SkillPotion"},{"floor":8,"key":"Weak Potion"},{"floor":11,"key":"Death Potion"}],"is_trial":false,"path_per_floor":["M","?","?","M","?","R","E","M","T","R","E","M","$","E","R","B"],"character_chosen":"IRONCLAD","items_purchased":["Membership Card","HandOfGreed"],"campfire_rested":0,"item_purchase_floors":[13,13],"current_hp_per_floor":[78,75,75,70,70,70,41,40,40,40,31,28,28,20,20,0,0],"gold":511,"neow_bonus":"","is_daily":true,"chose_seed":false,"campfire_upgraded":3,"win_rate":0.0,"timestamp":1611971397,"path_taken":["M","?","?","?","?","R","E","?","T","R","E","M","?","E","R","BOSS"],"items_purchased_type":["Relic","Card"],"build_version":"2020-12-22","purchased_purges":1,"victory":false,"max_hp_per_floor":[78,77,76,75,74,73,74,73,72,71,72,73,72,71,70,70,70],"card_choices":[{"not_picked":["True Grit","Uppercut","Wild Strike"],"picked":"SKIP","floor":1},{"not_picked":["Twin Strike","Spot Weakness","Power Through"],"picked":"SKIP","floor":4},{"not_picked":["Blind","Magnetism","Pommel Strike"],"picked":"Singing Bowl","floor":7},{"not_picked":["Rampage","Cleave"],"picked":"Pummel","floor":8},{"not_picked":["Mind Blast","Cleave","Flex"],"picked":"Singing Bowl","floor":11},{"not_picked":["Headbutt","Replay:Undeath\u0027s Touch","Mind Blast"],"picked":"Singing Bowl","floor":12},{"not_picked":["Sword Boomerang","Body Slam"],"picked":"Bandage Up","floor":14}],"player_experience":204407,"relics_obtained":[{"floor":7,"key":"Singing Bowl"},{"floor":9,"key":"Blood Vial"},{"floor":11,"key":"Centennial Puzzle"},{"floor":14,"key":"WingedGreaves"}],"event_choices":[{"damage_healed":0,"gold_gain":0,"player_choice":"Relic ","damage_taken":3,"max_hp_gain":0,"max_hp_loss":0,"event_name":"betterThird:BetterScrap","floor":2,"gold_loss":0,"cards_obtained":["Amplify"]},{"cards_removed":["Life Link"],"damage_healed":0,"gold_gain":0,"player_choice":"Gave Card","damage_taken":0,"relics_obtained":["MawBank"],"max_hp_gain":0,"max_hp_loss":0,"event_name":"WeMeetAgain","floor":3,"gold_loss":0},{"damage_healed":0,"gold_gain":275,"player_choice":"Desecrate","damage_taken":0,"max_hp_gain":0,"max_hp_loss":0,"event_name":"Golden Shrine","floor":5,"gold_loss":0,"cards_obtained":["Regret"]}],"is_beta":false,"boss_relics":[],"items_purged_floors":[13],"is_endless":false,"potions_floor_spawned":[4,8,11],"killed_by":"Slime Boss","ascension_level":0}}