{"host":"tkinv8gv6hgcc58b","time":1611968671,"event":{"mods":["AchievementEnabler","BaseMod","BetterRewards","Colored Map","Downfall","Googly Eyes","Hermit","Minty Spire (QoL Compilation)","Rare Cards Sparkle","Relic Filter","StSLib","The Cursed","The Disciple"],"gold_per_floor":[115,290,290,67,82,82,102,102,102,136,136,56,73,88,88,188,188,201,214,55,55,73,73,107,119,191,191,290,92,92,92,92],"floor_reached":31,"language":"ENG","playtime":1844,"items_purged":[],"score":441,"play_id":"3fb0a9ff-d6d2-4b55-9175-6c789c8ee321","local_time":"20210129200431","is_ascension_mode":true,"campfire_choices":[{"floor":6,"key":"REST"},{"floor":8,"key":"REST"},{"data":"TalkToTheHand","floor":15,"key":"SMITH"},{"data":"Alpha","floor":23,"key":"SMITH"}],"circlet_count":0,"master_deck":["Strike_P+1","Strike_P+1","Strike_P+1","Strike_P+1","Defend_P+1","Defend_P+1","Defend_P+1","Defend_P+1","Eruption","Vigilance","Adaptation","FlurryOfBlows","Wireheading","FollowUp","ClearTheMind","TalkToTheHand+1","Alpha+1","Judgement","Worship","FlurryOfBlows","CutThroughFate","Brilliance","EmptyBody","Consecrate","LessonLearned","Conclude+1","ThirdEye","Prostrate","EmptyFist","ClearTheMind+1"],"relics":["PureWater","Membership Card","Kunai","WingedGreaves","GoldenEye","Thread and Needle","sneckomod:BabySnecko","Bronze Scales","Orrery","HornCleat","Bottled Flame","Bottled Tornado","SlaversCollar","Lantern","ClockworkSouvenir","Toxic Egg 2","Ornamental Fan","Bag of Marbles","StrikeDummy"],"acts_visited":["Exordium","TheCity"],"potions_floor_usage":[24],"damage_taken":[{"damage":0,"enemies":"Small Slimes","floor":1,"turns":3},{"damage":0,"enemies":"2 Louse","floor":5,"turns":2},{"damage":8,"enemies":"Jaw Worm","floor":7,"turns":2},{"damage":1,"enemies":"3 Sentries","floor":10,"turns":5},{"damage":0,"enemies":"Blue Slaver","floor":13,"turns":3},{"damage":1,"enemies":"Lots of Slimes","floor":14,"turns":3},{"damage":7,"enemies":"The Guardian","floor":16,"turns":7},{"damage":8,"enemies":"3 Byrds","floor":18,"turns":2},{"damage":0,"enemies":"Chosen","floor":19,"turns":6},{"damage":0,"enemies":"3 Cultists","floor":22,"turns":3},{"damage":34,"enemies":"Book of Stabbing","floor":24,"turns":6},{"damage":16,"enemies":"Centurion and Healer","floor":25,"turns":4},{"damage":17,"enemies":"Snake Plant","floor":31,"turns":1}],"seed_played":"-2179690764314638781","potions_obtained":[{"floor":5,"key":"GamblersBrew"},{"floor":7,"key":"ColorlessPotion"},{"floor":13,"key":"PowerPotion"},{"floor":16,"key":"Ambrosia"},{"floor":25,"key":"EntropicBrew"}],"is_trial":false,"path_per_floor":["M","?","?","$","M","R","M","R","T","E","T","$","M","M","R","B",null,"M","M","$","?","M","R","E","M","T","?","?","$","?","M"],"character_chosen":"WATCHER","items_purchased":["Membership Card","Adaptation","Kunai","Thread and Needle","Wireheading","sneckomod:BabySnecko","Bronze Scales","Orrery","Brilliance","Lantern","ClockworkSouvenir","ThirdEye","Bag of Marbles","StrikeDummy"],"campfire_rested":2,"item_purchase_floors":[0,0,0,0,0,4,4,4,12,20,20,20,29,29],"current_hp_per_floor":[40,40,33,33,33,54,46,67,67,66,66,66,66,65,65,58,69,61,61,61,61,61,61,27,11,11,11,11,11,11,0,0],"gold":92,"neow_bonus":"","is_daily":false,"chose_seed":false,"campfire_upgraded":2,"win_rate":0.0,"timestamp":1611968671,"path_taken":["M","?","?","?","M","R","M","R","T","E","?","$","?","M","R","BOSS","M","M","$","?","M","R","E","M","T","?","?","?","?","M"],"items_purchased_type":["Relic","Card","Relic","Relic","Card","Relic","Relic","Relic","Card","Relic","Relic","Card","Relic","Relic"],"build_version":"2020-12-22","purchased_purges":0,"victory":false,"max_hp_per_floor":[72,72,72,72,72,72,72,72,72,72,72,72,72,72,72,72,72,72,72,72,72,72,72,72,72,72,72,72,72,72,72,72],"card_choices":[{"not_picked":["Protect","SashWhip"],"picked":"FollowUp","floor":1},{"not_picked":["Consecrate","BowlingBash"],"picked":"ClearTheMind","floor":4},{"not_picked":["SignatureMove","EmptyBody"],"picked":"TalkToTheHand","floor":4},{"not_picked":["Halt","FlurryOfBlows"],"picked":"Alpha","floor":4},{"not_picked":["CrushJoints","ThirdEye"],"picked":"Judgement","floor":4},{"not_picked":["JustLucky","Crescendo"],"picked":"Worship","floor":4},{"not_picked":["Worship","BowlingBash","JustLucky"],"picked":"SKIP","floor":5},{"not_picked":["Halt","SashWhip"],"picked":"FlurryOfBlows","floor":7},{"not_picked":["Prostrate","WheelKick"],"picked":"CutThroughFate","floor":10},{"not_picked":["Halt","MasterReality"],"picked":"EmptyBody","floor":13},{"not_picked":["ThirdEye","JustLucky"],"picked":"Consecrate","floor":14},{"not_picked":["Blasphemy","Establishment"],"picked":"LessonLearned","floor":16},{"not_picked":["Protect","SignatureMove"],"picked":"Conclude+1","floor":18},{"not_picked":["FollowUp","SashWhip","ClearTheMind"],"picked":"SKIP","floor":19},{"not_picked":["Adaptation","Halt+1"],"picked":"Prostrate","floor":22},{"not_picked":["CutThroughFate","Adaptation"],"picked":"EmptyFist","floor":24},{"not_picked":["Halt+1","WindmillStrike"],"picked":"ClearTheMind+1","floor":25}],"player_experience":1091495,"relics_obtained":[{"floor":9,"key":"HornCleat"},{"floor":10,"key":"Bottled Flame"},{"floor":11,"key":"Bottled Tornado"},{"floor":24,"key":"Toxic Egg 2"},{"floor":26,"key":"Ornamental Fan"}],"event_choices":[{"damage_healed":0,"gold_gain":175,"player_choice":"AGREE","damage_taken":0,"max_hp_gain":0,"max_hp_loss":0,"event_name":"Liars Game","floor":2,"gold_loss":0,"cards_obtained":["Doubt"]},{"cards_removed":["Doubt"],"damage_healed":0,"gold_gain":0,"player_choice":"Card Removal","damage_taken":7,"max_hp_gain":0,"max_hp_loss":0,"event_name":"Golden Wing","floor":3,"gold_loss":0},{"damage_healed":0,"gold_gain":0,"player_choice":"Ignored","damage_taken":0,"max_hp_gain":0,"max_hp_loss":0,"event_name":"Ghosts","floor":21,"gold_loss":0},{"damage_healed":0,"gold_gain":0,"player_choice":"Ignored","damage_taken":0,"max_hp_gain":0,"max_hp_loss":0,"event_name":"Cursed Tome","floor":27,"gold_loss":0},{"damage_healed":0,"gold_gain":99,"player_choice":"Stole From Cult","damage_taken":0,"max_hp_gain":0,"max_hp_loss":0,"event_name":"Nest","floor":28,"gold_loss":0},{"damage_healed":0,"gold_gain":0,"player_choice":"Simplicity","damage_taken":0,"max_hp_gain":0,"max_hp_loss":0,"event_name":"Back to Basics","floor":30,"gold_loss":0,"cards_upgraded":["Strike_P","Strike_P","Strike_P","Strike_P","Defend_P","Defend_P","Defend_P","Defend_P"]}],"is_beta":false,"boss_relics":[{"not_picked":["Fusion Hammer","Runic Pyramid"],"picked":"SlaversCollar"}],"items_purged_floors":[],"is_endless":false,"potions_floor_spawned":[5,7,13,16,22,25],"killed_by":"Snake Plant","ascension_level":5}}