{"host":"6p0attdrtjqaih7v","time":1611967970,"event":{"mods":["2.2 Compatiblity","AchievementEnabler","Bard","BaseMod","Better Skull","Better Third Choice","Colored Powertips","Hermit","Highlight Path","Key Reminder","Minty Spire (QoL Compilation)","Permanent Neow","Quick Restart","Random Character Button","Relic Stats","Replay The Spire","Robot Space Explorer","StSLib","The Hayseed","The Runesmith","The Witch"],"gold_per_floor":[117,117,132,307,13,39,39,64,64,94,94,111,121,132,132,234,234,249,249,260,260,85,85,120,120,120,133,48,65,65,65,65,162,162,178,228,239,254,254,254,285,285,285,298,309,309,81,81,81,81],"floor_reached":51,"language":"ENG","playtime":2374,"items_purged":["Doubt","Runesmith:Strike_RS+1","Runesmith:Strike_RS+1"],"score":904,"play_id":"53d388fd-2171-40f8-b682-c8bef8f627a0","local_time":"20210129195250","is_ascension_mode":true,"campfire_choices":[{"data":"Runesmith:FieryHammer","floor":7,"key":"SMITH"},{"data":"Runesmith:FieryHammer+1","floor":15,"key":"SMITH"},{"data":"Runesmith:FieryHammer+2","floor":23,"key":"SMITH"},{"data":"Runesmith:CreatorForm","floor":25,"key":"SMITH"},{"data":"Runesmith:FieryHammer+3","floor":30,"key":"SMITH"},{"data":"Runesmith:FieryHammer+4","floor":32,"key":"SMITH"},{"data":"Runesmith:ReplicatingBarrier","floor":40,"key":"SMITH"},{"floor":42,"key":"REST"},{"data":"Runesmith:FieryHammer+5","floor":46,"key":"SMITH"},{"data":"Runesmith:FieryHammer+7","floor":49,"key":"SMITH"}],"circlet_count":0,"master_deck":["Runesmith:Strike_RS+1","Runesmith:Defend_RS+1","Runesmith:Defend_RS+1","Runesmith:Defend_RS+1","Runesmith:Defend_RS+1","Runesmith:CraftFirestone","Runesmith:Fortify","Runesmith:UnstableHammer+1","Runesmith:FieryHammer+8","Runesmith:OneForEveryone","Runesmith:UnstableHammer","Runesmith:HammerThrow","Runesmith:Superposition","Runesmith:CreatorForm+1","Runesmith:Firestorm","Runesmith:ReplicatingBarrier+1","Runesmith:EarthShield+1","Runesmith:PerfectChisel","Runesmith:PoweredAnvil","Runesmith:BackupBattery+1","Runesmith:HeatedChisel+1","Runesmith:ArcReactor","Runesmith:Empowerment+1"],"relics":["Runesmith:BrokenRuby","Bag of Marbles","Counterbalance","Nunchaku","MealTicket","Sundial","Velvet Choker","Bottled Tornado","Calipers","Omamori","Runic Pyramid","Ice Cream","Regal Pillow","ReplayTheSpireMod:Shallot"],"acts_visited":["Exordium","TheCity","TheBeyond"],"potions_floor_usage":[6,8,10,27,33,37,41,45,50,50],"damage_taken":[{"damage":1,"enemies":"Jaw Worm","floor":1,"turns":5},{"damage":0,"enemies":"Cultist","floor":3,"turns":3},{"damage":6,"enemies":"3 Sentries","floor":6,"turns":4},{"damage":24,"enemies":"Lagavulin","floor":8,"turns":4},{"damage":5,"enemies":"3 Sentries","floor":10,"turns":4},{"damage":0,"enemies":"Small Slimes","floor":12,"turns":2},{"damage":2,"enemies":"Blue Slaver","floor":13,"turns":3},{"damage":0,"enemies":"3 Louse","floor":14,"turns":1},{"damage":6,"enemies":"Hexaghost","floor":16,"turns":8},{"damage":5,"enemies":"2 Thieves","floor":18,"turns":2},{"damage":1,"enemies":"Spheric Guardian","floor":20,"turns":3},{"damage":0,"enemies":"Book of Stabbing","floor":24,"turns":6},{"damage":0,"enemies":"Cultist and Chosen","floor":27,"turns":5},{"damage":13,"enemies":"Snecko","floor":29,"turns":8},{"damage":0,"enemies":"Collector","floor":33,"turns":8},{"damage":0,"enemies":"3 Shapes","floor":35,"turns":3},{"damage":0,"enemies":"Mind Bloom Boss Battle","floor":36,"turns":5},{"damage":0,"enemies":"3 Darklings","floor":37,"turns":1},{"damage":18,"enemies":"Transient","floor":38,"turns":5},{"damage":22,"enemies":"Reptomancer","floor":41,"turns":6},{"damage":3,"enemies":"Maw","floor":44,"turns":7},{"damage":0,"enemies":"Spire Growth","floor":45,"turns":4},{"damage":0,"enemies":"Donu and Deca","floor":50,"turns":7}],"seed_played":"-8724220500280802929","potions_obtained":[{"floor":3,"key":"SteroidPotion"},{"floor":6,"key":"Swift Potion"},{"floor":8,"key":"EssenceOfSteel"},{"floor":16,"key":"Block Potion"},{"floor":24,"key":"Block Potion"},{"floor":27,"key":"PowerPotion"},{"floor":38,"key":"Weak Potion"},{"floor":41,"key":"Doom Potion"}],"is_trial":false,"path_per_floor":["M","?","M","?","$","E","R","E","T","E","?","M","M","M","R","B",null,"M","?","M","?","$","R","E","R","T","M","?","M","R","?","R","B",null,"M","?","M","M","?","R","E","R","T","M","M","R","$","?","R","B",null],"character_chosen":"RUNESMITH_CLASS","items_purchased":["Runesmith:OneForEveryone","FairyPotion","ColorlessPotion","Runesmith:PoweredAnvil","Energy Potion","Block Potion"],"campfire_rested":1,"item_purchase_floors":[5,5,5,22,47,47],"current_hp_per_floor":[69,69,69,69,69,63,63,39,39,34,34,34,32,32,32,26,70,65,65,64,64,70,70,70,70,70,70,70,57,57,44,44,44,75,75,75,75,57,57,57,35,72,72,69,69,69,75,75,75,75],"gold":81,"neow_bonus":"RANDOM_COMMON_RELIC","is_daily":false,"chose_seed":false,"campfire_upgraded":9,"win_rate":0.0,"timestamp":1611967970,"path_taken":["M","?","M","?","$","E","R","E","T","E","?","M","M","?","R","BOSS","M","?","M","?","$","R","E","R","T","M","?","M","R","?","R","BOSS","M","?","M","M","?","R","E","R","T","M","?","R","$","?","R","BOSS"],"items_purchased_type":["Card","Potion","Potion","Card","Potion","Potion"],"build_version":"2020-12-22","purchased_purges":3,"victory":true,"max_hp_per_floor":[70,70,70,70,70,70,70,70,70,70,70,70,70,70,70,70,70,70,70,70,70,70,70,70,70,70,70,70,70,70,75,75,75,75,75,75,75,75,75,75,75,75,75,75,75,75,75,75,75,75],"relic_stats":{"Nunchaku":[15],"Regal Pillow":15,"counters":[23,104],"Sundial":[8],"MealTicket":12,"obtain_stats":[{"Ice Cream":36,"Runesmith:BrokenRuby":0,"Regal Pillow":41,"Calipers":26,"Counterbalance":6,"Velvet Choker":17,"Omamori":28,"Bottled Tornado":24,"Nunchaku":8,"ReplayTheSpireMod:Shallot":43,"Sundial":10,"MealTicket":9,"Bag of Marbles":0,"Runic Pyramid":34},{"Ice Cream":17,"Runesmith:BrokenRuby":0,"Regal Pillow":20,"Calipers":12,"Counterbalance":3,"Velvet Choker":9,"Omamori":13,"Bottled Tornado":12,"Nunchaku":4,"ReplayTheSpireMod:Shallot":20,"Sundial":5,"MealTicket":4,"Bag of Marbles":0,"Runic Pyramid":15},{"Ice Cream":74,"Runesmith:BrokenRuby":0,"Regal Pillow":86,"Calipers":45,"Counterbalance":12,"Velvet Choker":34,"Omamori":50,"Bottled Tornado":45,"Nunchaku":16,"ReplayTheSpireMod:Shallot":86,"Sundial":20,"MealTicket":16,"Bag of Marbles":0,"Runic Pyramid":66}]},"card_choices":[{"not_picked":["Runesmith:Terraform","Runesmith:ShiftingStrike"],"picked":"Runesmith:UnstableHammer","floor":1},{"not_picked":["Runesmith:UnstableHammer","Runesmith:ChiselStab"],"picked":"Runesmith:FieryHammer","floor":3},{"not_picked":["Runesmith:CraftMagma","Runesmith:RuneHurl"],"picked":"Runesmith:UnstableHammer","floor":6},{"not_picked":["Runesmith:ShiftingStrike","Runesmith:LightningRod"],"picked":"Runesmith:HammerThrow","floor":8},{"not_picked":["Runesmith:StaticCage","Runesmith:Grindstone"],"picked":"Runesmith:Superposition","floor":10},{"not_picked":["Runesmith:Repurpose","Runesmith:RuneHurl","Runesmith:StaticCage"],"picked":"SKIP","floor":12},{"not_picked":["Runesmith:Superposition","Runesmith:PerfectChisel"],"picked":"Runesmith:CreatorForm","floor":13},{"not_picked":["Runesmith:ChaoticBlast","Runesmith:Accelerate"],"picked":"Runesmith:Firestorm","floor":14},{"not_picked":["Runesmith:Duplicate","Runesmith:MetallurgicalResearch"],"picked":"Runesmith:ReplicatingBarrier","floor":16},{"not_picked":["Runesmith:WhiteBalance","Runesmith:NegativeSpace"],"picked":"Runesmith:EarthShield+1","floor":18},{"not_picked":["Runesmith:ElementalConversion","Runesmith:OneForEveryone","Runesmith:UnstableHammer"],"picked":"SKIP","floor":20},{"not_picked":["Runesmith:HammerThrow","Runesmith:Discharge"],"picked":"Runesmith:BackupBattery+1","floor":24},{"not_picked":["Runesmith:UnstableHammer","Runesmith:ReplicatingBarrier","Runesmith:NegativeSpace"],"picked":"SKIP","floor":27},{"not_picked":["Runesmith:StaticCage+1","Runesmith:ChaoticBlast+1"],"picked":"Runesmith:HeatedChisel+1","floor":29},{"not_picked":["Runesmith:FissionHammer","Runesmith:Supernova"],"picked":"Runesmith:ArcReactor","floor":33},{"not_picked":["Runesmith:CraftProtectio+1","Runesmith:EnergizedChisel","Runesmith:ChiselStab"],"picked":"SKIP","floor":35},{"not_picked":["Runesmith:EarthShield+1","Runesmith:Discharge+1"],"picked":"Runesmith:Empowerment+1","floor":36},{"not_picked":["Runesmith:CraftProtectio+1","Runesmith:CraftMagma+1","Runesmith:PerfectChisel"],"picked":"SKIP","floor":37},{"not_picked":["Runesmith:CraftMagma","Runesmith:RuneHurl+1","Runesmith:UnstableHammer"],"picked":"SKIP","floor":38},{"not_picked":["Runesmith:FrozenChisel+1","Runesmith:BackupBattery","Runesmith:Overpower+1"],"picked":"SKIP","floor":41},{"not_picked":["Runesmith:RuneHurl+1","Runesmith:NanitesCloud","Runesmith:CraftProtectio+1"],"picked":"SKIP","floor":44},{"not_picked":["Runesmith:NanitesCloud","Runesmith:Augment+1","Runesmith:RuneHurl+1"],"picked":"SKIP","floor":45}],"player_experience":932069,"relics_obtained":[{"floor":6,"key":"Counterbalance"},{"floor":8,"key":"Nunchaku"},{"floor":9,"key":"MealTicket"},{"floor":10,"key":"Sundial"},{"floor":24,"key":"Bottled Tornado"},{"floor":26,"key":"Calipers"},{"floor":36,"key":"Ice Cream"},{"floor":41,"key":"Regal Pillow"},{"floor":43,"key":"ReplayTheSpireMod:Shallot"}],"event_choices":[{"damage_healed":0,"gold_gain":0,"player_choice":"Grow","damage_taken":0,"max_hp_gain":0,"max_hp_loss":0,"event_name":"Living Wall","floor":2,"gold_loss":0,"cards_upgraded":["Runesmith:UnstableHammer"]},{"damage_healed":0,"gold_gain":175,"player_choice":"AGREE","damage_taken":0,"max_hp_gain":0,"max_hp_loss":0,"event_name":"Liars Game","floor":4,"gold_loss":0,"cards_obtained":["Doubt"]},{"cards_removed":["Runesmith:Strike_RS"],"damage_healed":0,"gold_gain":0,"player_choice":"Offered Basic","damage_taken":0,"max_hp_gain":0,"max_hp_loss":0,"event_name":"Bonfire Elementals","floor":11,"gold_loss":0},{"damage_healed":0,"gold_gain":0,"player_choice":"Read","damage_taken":0,"max_hp_gain":0,"max_hp_loss":0,"event_name":"The Library","floor":19,"gold_loss":0,"cards_obtained":["Runesmith:PerfectChisel"]},{"damage_healed":0,"gold_gain":0,"player_choice":"Simplicity","damage_taken":0,"max_hp_gain":0,"max_hp_loss":0,"event_name":"Back to Basics","floor":21,"gold_loss":0,"cards_upgraded":["Runesmith:Strike_RS","Runesmith:Strike_RS","Runesmith:Strike_RS","Runesmith:Defend_RS","Runesmith:Defend_RS","Runesmith:Defend_RS","Runesmith:Defend_RS"]},{"damage_healed":0,"gold_gain":0,"player_choice":"Obtained Relic","damage_taken":0,"relics_obtained":["Omamori"],"max_hp_gain":0,"max_hp_loss":0,"event_name":"Addict","floor":28,"gold_loss":85},{"damage_healed":0,"gold_gain":0,"player_choice":"Shed Blood","damage_taken":18,"max_hp_gain":5,"max_hp_loss":0,"event_name":"Forgotten Altar","floor":31,"gold_loss":0},{"damage_healed":0,"gold_gain":0,"player_choice":"Fight","damage_taken":0,"max_hp_gain":0,"max_hp_loss":0,"event_name":"MindBloom","floor":36,"gold_loss":0},{"damage_healed":0,"gold_gain":0,"player_choice":"Upgraded","damage_taken":0,"max_hp_gain":0,"max_hp_loss":0,"event_name":"Upgrade Shrine","floor":48,"gold_loss":0,"cards_upgraded":["Runesmith:FieryHammer"]}],"is_beta":false,"boss_relics":[{"not_picked":["Philosopher\u0027s Stone","Snecko Heart"],"picked":"Velvet Choker"},{"not_picked":["Sozu","Tiny House"],"picked":"Runic Pyramid"}],"items_purged_floors":[5,22,47],"is_endless":false,"potions_floor_spawned":[3,6,8,16,24,27,38,41],"ascension_level":1}}