{"host":"cnq91ghfhf6lz0gv","time":1611972638,"event":{"mods":["BaseMod","Clockwork Mod","Colored Map","Colored Powertips","Conspire","Downfall","Googly Eyes","Highlight Path","Minty Spire (QoL Compilation)","Replay The Spire","StSLib","SuperFastMode","The IronCluck","The Showman","slay the spire mod where everything is the same but ironclad has a cowboy hat"],"gold_per_floor":[99,119,569,569,126,226,250,250,265,275,287,301,101,114,128,128,128,128],"floor_reached":16,"language":"ENG","playtime":1143,"items_purged":["downfall:Icky"],"score":119,"play_id":"a52f2038-0f32-4125-8339-10614f13e020","local_time":"20210129211038","is_ascension_mode":false,"campfire_choices":[{"data":"bronze:Replicate","floor":1,"key":"SMITH"},{"floor":8,"key":"RECALL"},{"data":"bronze:Frontload","floor":13,"key":"SMITH"}],"circlet_count":0,"master_deck":["bronze:Strike","bronze:Strike","bronze:Strike","bronze:Strike","bronze:Defend","bronze:Defend","bronze:Defend","bronze:Defend","bronze:Replicate+1","bronze:WildBeam","downfall:Icky","bronze:Fortify+1","bronze:Branch+1","bronze:BitShift","bronze:Frontload+1","bronze:Iterate"],"relics":["bronze:BronzeCore","downfall:BrokenWingStatue","Prayer Wheel","downfall:HeartBlessingBlue","downfall:HeartBlessingRed"],"acts_visited":["Exordium"],"potions_floor_usage":[11,16,16,16],"damage_taken":[{"damage":2,"enemies":"Small Slimes","floor":2,"turns":2},{"damage":5,"enemies":"downfall:FleeingMerchant","floor":5,"turns":4},{"damage":35,"enemies":"downfall:Heads","floor":6,"turns":10},{"damage":0,"enemies":"2 Louse","floor":9,"turns":2},{"damage":6,"enemies":"Jaw Worm","floor":10,"turns":2},{"damage":7,"enemies":"Exordium Wildlife","floor":11,"turns":4},{"damage":2,"enemies":"2 Fungi Beasts","floor":12,"turns":3},{"damage":0,"enemies":"Lots of Slimes","floor":14,"turns":5},{"damage":1,"enemies":"Gremlin Gang","floor":15,"turns":4},{"damage":31,"enemies":"SI_SHIV_ARCHETYPE","floor":16,"turns":12}],"seed_played":"-7166947681463727323","potions_obtained":[{"floor":6,"key":"bronze:BurnAndBuffPotion"},{"floor":9,"key":"LifebloodPotion"},{"floor":14,"key":"Swift Potion"},{"floor":15,"key":"Block Potion"}],"is_trial":false,"path_per_floor":["R","M","?","?","$","?","T","R","M","M","M","M","R","M","M","B"],"character_chosen":"THE_AUTOMATON","items_purchased":["bronze:Branch+1","Prayer Wheel"],"campfire_rested":0,"item_purchase_floors":[5,5],"current_hp_per_floor":[77,75,75,75,70,35,35,35,35,29,22,20,30,30,29,0,0,0],"gold":128,"neow_bonus":"TEN_PERCENT_HP_BONUS","is_daily":false,"chose_seed":false,"campfire_upgraded":2,"win_rate":0.0,"timestamp":1611972638,"path_taken":["R","M","?","?","$","?","T","R","M","M","M","M","R","M","M","BOSS"],"items_purchased_type":["Card","Relic"],"build_version":"2020-12-22","purchased_purges":1,"victory":false,"max_hp_per_floor":[77,77,77,77,77,77,77,77,77,77,77,77,87,87,87,87,87,87],"card_choices":[{"not_picked":["bronze:CutThrough","bronze:Flail"],"picked":"bronze:WildBeam","floor":2},{"not_picked":["bronze:OilSpill","bronze:Invalidate"],"picked":"bronze:Fortify","floor":5},{"not_picked":["bronze:BuggyMess","bronze:DelayedGuard","bronze:BugBarrage"],"picked":"SKIP","floor":9},{"not_picked":["bronze:Backtrace","bronze:FineTuning","bronze:Repulsor"],"picked":"SKIP","floor":9},{"not_picked":["bronze:Separator","bronze:ThunderWave","bronze:Turbo"],"picked":"SKIP","floor":10},{"not_picked":["bronze:BugBarrage","bronze:CutThrough","bronze:ForceShield"],"picked":"SKIP","floor":10},{"not_picked":["bronze:Separator","bronze:Overheat"],"picked":"bronze:Frontload","floor":11},{"not_picked":["bronze:Overheat","bronze:BuggyMess","bronze:Invalidate"],"picked":"SKIP","floor":11},{"not_picked":["bronze:DelayedSlice","bronze:FineTuning","bronze:ChildClass"],"picked":"SKIP","floor":12},{"not_picked":["bronze:BugBarrage","bronze:Frontload","bronze:ForLoop"],"picked":"SKIP","floor":12},{"not_picked":["bronze:DarkDash","bronze:OilSpill"],"picked":"bronze:Iterate","floor":14},{"not_picked":["bronze:GetLatest","bronze:ChildClass","bronze:CleanCode"],"picked":"SKIP","floor":14},{"not_picked":["bronze:Iterate","bronze:Allocate","bronze:FollowUp"],"picked":"SKIP","floor":15},{"not_picked":["bronze:Safeguard","bronze:Constructor","bronze:Overload"],"picked":"SKIP","floor":15}],"player_experience":192823,"relics_obtained":[],"event_choices":[],"is_beta":false,"boss_relics":[],"items_purged_floors":[5],"is_endless":false,"potions_floor_spawned":[6,9,14,15],"killed_by":"SI_SHIV_ARCHETYPE","ascension_level":0}}