{"host":"tzwuiju9jhaz8xpk","time":1611974760,"event":{"mods":["AchievementEnabler","Act Like it!","Ascension Unlocker","BaseMod","Bestiary","Better Altar","Better Match","Better Note","Better Sensory Stone","Better Vampires","Better-Laid Plans","Challenge The Spire","ChefMod","Dio Mod","Displayed Cursed Tome","Dota2Spire","Ekko","Elementarium","GungeonMod","Hallownest","JesterMod","Lobotomy","Minty Spire (QoL Compilation)","Permanent Neow","Pikachu Mod","QueenMod","Quick Restart","RNG Fix","Relic Stats","Replay The Spire","Reworked Bosses","Robot Space Explorer","Spicy Shops","StSLib","TestMod","The Blue Laboratory","The Bug Knight","The Forsaken","The Marked","TheWitcher","Uncapped","Waifu the Spire","????","????"],"gold_per_floor":[113,126,126,140,156,156,156,156,156,173,199,212,212,267,267,362,362,378,378,288,304,304,304],"floor_reached":22,"language":"ENG","playtime":1119,"items_purged":[],"score":186,"play_id":"6d755906-43fe-42ee-b317-7854dc12b883","local_time":"20210129214600","is_ascension_mode":false,"campfire_choices":[{"data":"Pikachu:ElectroBall","floor":6,"key":"SMITH"},{"floor":15,"key":"REST"}],"circlet_count":0,"master_deck":["Pikachu:Growl","Pikachu:ThunderShock","Pikachu:ElectroBall+1","Pikachu:QuickAttack","Pikachu:ThunderShock","Pikachu:Defend_Yellow","Pikachu:Defend_Yellow","Pikachu:Defend_Yellow","Pikachu:Flash+1","Pikachu:Thunder","Pikachu:Spark","Pikachu:Swift","Pikachu:ElectroBall","Pikachu:Secret_Power","Pikachu:Secret_Power","Pikachu:VoltSwitch","Pikachu:Metronome","Pikachu:Agility+1"],"relics":["Pikachu:LeftoversRelic","testmod-TestBox","testmod-BouquetWithThorns","theForsaken:PlagueMask","MealTicket","testmod-HeartOfDaVinci","testmod-Prudence"],"acts_visited":["Exordium","TheCity"],"potions_floor_usage":[11,16,16,16,21],"damage_taken":[{"damage":1,"enemies":"2 Louse","floor":1,"turns":3},{"damage":5,"enemies":"Jaw Worm","floor":2,"turns":4},{"damage":1,"enemies":"Small Slimes","floor":4,"turns":3},{"damage":10,"enemies":"Exordium Wildlife","floor":5,"turns":3},{"damage":0,"enemies":"3 Louse","floor":10,"turns":1},{"damage":31,"enemies":"Lagavulin","floor":11,"turns":5},{"damage":11,"enemies":"2 Fungi Beasts","floor":12,"turns":2},{"damage":41,"enemies":"Slime Boss","floor":16,"turns":8},{"damage":19,"enemies":"Spheric Guardian","floor":18,"turns":4},{"damage":35,"enemies":"2 Thieves","floor":21,"turns":3},{"damage":37,"enemies":"Centurion and Healer","floor":22,"turns":7}],"seed_played":"-8306009662807212774","potions_obtained":[{"floor":4,"key":"Dota2Spire:HealingSalve"},{"floor":10,"key":"blueLaboratory:HeartbeatPotion"},{"floor":11,"key":"blueLaboratory:BottleOfVodka"},{"floor":12,"key":"SteroidPotion"},{"floor":16,"key":"LiquidBronze"},{"floor":21,"key":"blueLaboratory:PhilterOfMotion"}],"is_trial":false,"path_per_floor":["M","M","?","M","M","R","?","?","T","M","E","M","?","?","R","B",null,"M","?","?","M","M"],"character_chosen":"THE_DEFAULT","items_purchased":[],"campfire_rested":1,"item_purchase_floors":[],"current_hp_per_floor":[69,65,65,66,58,58,58,58,58,60,34,25,25,25,46,7,70,51,70,70,35,0,0],"gold":304,"neow_bonus":"ONE_RANDOM_RARE_CARD","is_daily":false,"chose_seed":false,"campfire_upgraded":1,"win_rate":0.0,"timestamp":1611974760,"path_taken":["M","M","?","M","M","R","?","?","T","?","E","M","?","?","R","BOSS","M","?","?","M","M"],"items_purchased_type":[],"build_version":"2020-12-22","purchased_purges":0,"victory":false,"max_hp_per_floor":[70,70,70,70,70,70,70,70,70,70,70,70,70,70,70,70,70,70,70,70,70,70,70],"relic_stats":{"counters":[11,43],"MealTicket":0,"obtain_stats":[{"testmod-TestBox":0,"testmod-Prudence":17,"MealTicket":9,"DemoMod:GlassGuonStoneRelic":2,"testmod-BouquetWithThorns":0,"theForsaken:PlagueMask":8,"Pikachu:LeftoversRelic":0,"testmod-HeartOfDaVinci":11},{"testmod-TestBox":0,"testmod-Prudence":8,"MealTicket":4,"DemoMod:GlassGuonStoneRelic":2,"testmod-BouquetWithThorns":0,"theForsaken:PlagueMask":4,"Pikachu:LeftoversRelic":0,"testmod-HeartOfDaVinci":6},{"testmod-TestBox":0,"testmod-Prudence":29,"MealTicket":13,"DemoMod:GlassGuonStoneRelic":7,"testmod-BouquetWithThorns":0,"theForsaken:PlagueMask":13,"Pikachu:LeftoversRelic":0,"testmod-HeartOfDaVinci":19}]},"card_choices":[{"not_picked":["Pikachu:TakeDown","Pikachu:Secret_Power"],"picked":"Pikachu:Spark","floor":1},{"not_picked":["Pikachu:Swagger","Pikachu:Charge_Beam"],"picked":"Pikachu:Swift","floor":2},{"not_picked":["Pikachu:Fling","Pikachu:Iron_Tail"],"picked":"Pikachu:ElectroBall","floor":4},{"not_picked":["Pikachu:LightScreen","Pikachu:Discharge"],"picked":"Pikachu:Secret_Power","floor":5},{"not_picked":["Pikachu:QuickAttack","Pikachu:Attract"],"picked":"Pikachu:Secret_Power","floor":10},{"not_picked":["Pikachu:WildCharge","Pikachu:PlayNice","Pikachu:BodySlam"],"picked":"SKIP","floor":11},{"not_picked":["Pikachu:Growl","Pikachu:Spark"],"picked":"Pikachu:VoltSwitch","floor":12},{"not_picked":["Pikachu:Dig","Pikachu:Toxic"],"picked":"Pikachu:Metronome","floor":16},{"not_picked":["Pikachu:Rain_Dance","Pikachu:TakeDown"],"picked":"Pikachu:Agility+1","floor":18},{"not_picked":["Pikachu:Flash","Pikachu:VoltSwitch+1","Pikachu:Spark"],"picked":"SKIP","floor":21}],"player_experience":96021,"relics_obtained":[{"floor":9,"key":"MealTicket"},{"floor":11,"key":"testmod-HeartOfDaVinci"}],"event_choices":[{"damage_healed":0,"gold_gain":0,"player_choice":"Ignored","damage_taken":0,"max_hp_gain":0,"max_hp_loss":0,"event_name":"Liars Game","floor":3,"gold_loss":0},{"cards_removed":["Pikachu:TailWhip"],"damage_healed":0,"gold_gain":0,"player_choice":"Purged","damage_taken":0,"max_hp_gain":0,"max_hp_loss":0,"event_name":"Purifier","floor":7,"gold_loss":0},{"damage_healed":0,"gold_gain":0,"player_choice":"Obtain Plague Curse","damage_taken":0,"max_hp_gain":0,"max_hp_loss":0,"event_name":"Plague Doctor","floor":8,"gold_loss":0,"cards_obtained":["theForsaken:PlagueCurse"]},{"damage_healed":0,"gold_gain":0,"player_choice":"Ignored","damage_taken":0,"max_hp_gain":0,"max_hp_loss":0,"event_name":"Shining Light","floor":13,"gold_loss":0},{"damage_healed":0,"gold_gain":55,"player_choice":"Gained Gold","damage_taken":0,"max_hp_gain":0,"max_hp_loss":0,"event_name":"Golden Wing","floor":14,"gold_loss":0},{"damage_healed":19,"gold_gain":0,"player_choice":"Full Heal","damage_taken":0,"max_hp_gain":0,"max_hp_loss":0,"event_name":"Wheel of Change","floor":19,"gold_loss":0},{"cards_removed":["theForsaken:PlagueCurse"],"damage_healed":0,"gold_gain":0,"player_choice":"Upgrade and Remove","damage_taken":0,"max_hp_gain":0,"max_hp_loss":0,"event_name":"Designer","floor":20,"gold_loss":90,"cards_upgraded":["Pikachu:Flash"]}],"is_beta":false,"boss_relics":[{"not_picked":["Sozu","ReplayTheSpireMod:DimensionalGlitch"],"picked":"testmod-Prudence"}],"items_purged_floors":[],"is_endless":false,"potions_floor_spawned":[4,10,11,12,16,21],"killed_by":"Centurion and Healer","ascension_level":0}}