{"host":"qekv59dthhdg54sz","time":1611985137,"event":{"mods":["AchievementEnabler","BaseMod","Colored Map","DeckTracker","KOR Keyword Fix","Minty Spire (QoL Compilation)","Rare Cards Sparkle","StSLib","SuperFastMode"],"gold_per_floor":[118,118,193,193,205,205,234,245,268,268,268,268,86,58,58,58,58],"floor_reached":16,"language":"KOR","playtime":155,"items_purged":[],"score":240,"play_id":"d7d9e040-9989-4553-8eeb-c5249ebe6f3e","local_time":"20210130143857","is_ascension_mode":true,"campfire_choices":[{"data":"Bash","floor":6.0,"key":"SMITH"},{"data":"Battle Trance","floor":10.0,"key":"SMITH"},{"data":"Impervious","floor":12,"key":"SMITH"},{"data":"The Bomb","floor":15,"key":"SMITH"}],"circlet_count":0,"master_deck":["AscendersBane","Strike_R","Strike_R","Strike_R","Strike_R","Defend_R","Defend_R","Defend_R+1","Defend_R","Bash+1","Burning Pact+1","Impervious+1","Battle Trance+1","The Bomb+1"],"relics":["Burning Blood","NeowsBlessing","Centennial Puzzle","Anchor"],"acts_visited":["Exordium"],"potions_floor_usage":[16,16],"damage_taken":[{"damage":0.0,"enemies":"Small Slimes","floor":1.0,"turns":1.0},{"damage":0.0,"enemies":"Cultist","floor":5.0,"turns":1.0},{"damage":0.0,"enemies":"Gremlin Nob","floor":7.0,"turns":1.0},{"damage":6.0,"enemies":"2 Louse","floor":8.0,"turns":5.0},{"damage":6,"enemies":"Exordium Thugs","floor":14,"turns":4},{"damage":29,"enemies":"Hexaghost","floor":16,"turns":5}],"seed_played":"-8035520448707802901","potions_obtained":[{"floor":1.0,"key":"ColorlessPotion"},{"floor":5.0,"key":"SkillPotion"}],"is_trial":false,"path_per_floor":["M","?","?","?","M","R","E","M","T","R","?","R","$","M","R","B"],"character_chosen":"IRONCLAD","items_purchased":["The Bomb"],"campfire_rested":0,"item_purchase_floors":[13],"current_hp_per_floor":[74,51,40,40,46,46,52,52,52,52,52,52,52,52,52,23,23],"gold":58,"neow_bonus":"THREE_ENEMY_KILL","is_daily":false,"chose_seed":false,"campfire_upgraded":4,"win_rate":0.0,"timestamp":1611985137,"path_taken":["M","?","?","?","M","R","E","?","T","R","?","R","?","M","R","BOSS"],"items_purchased_type":["Card"],"build_version":"2020-12-22","purchased_purges":0,"victory":false,"max_hp_per_floor":[75,75,75,75,75,75,75,75,75,75,75,75,75,75,75,75,75],"card_choices":[{"not_picked":["Reckless Charge","Clothesline"],"picked":"Burning Pact","floor":1.0},{"not_picked":["Armaments","Havoc","Headbutt"],"picked":"SKIP","floor":5.0},{"not_picked":["Entrench","Flex"],"picked":"Impervious","floor":7.0},{"not_picked":["Clothesline","Shrug It Off"],"picked":"Battle Trance","floor":8.0},{"not_picked":["Rage","Twin Strike","Clash"],"picked":"SKIP","floor":14}],"player_experience":873717,"relics_obtained":[{"floor":7.0,"key":"Centennial Puzzle"},{"floor":9.0,"key":"Anchor"}],"event_choices":[{"damage_healed":0.0,"max_hp_gain":0.0,"max_hp_loss":0.0,"gold_gain":0.0,"event_name":"Shining Light","player_choice":"Entered Light","floor":2.0,"gold_loss":0.0,"damage_taken":23.0,"cards_upgraded":["Defend_R","Burning Pact"]},{"damage_healed":0.0,"max_hp_gain":0.0,"max_hp_loss":0.0,"gold_gain":75.0,"event_name":"World of Goop","player_choice":"Gather Gold","floor":3.0,"gold_loss":0.0,"damage_taken":11.0},{"cards_removed":["Strike_R"],"damage_healed":0.0,"max_hp_gain":0.0,"max_hp_loss":0.0,"gold_gain":0.0,"event_name":"Purifier","player_choice":"Purged","floor":4.0,"gold_loss":0.0,"damage_taken":0.0},{"damage_healed":0,"gold_gain":0,"player_choice":"Searched \u00270\u0027 times","damage_taken":0,"max_hp_gain":0,"max_hp_loss":0,"event_name":"Dead Adventurer","floor":11,"gold_loss":0}],"is_beta":false,"boss_relics":[],"items_purged_floors":[],"is_endless":false,"potions_floor_spawned":[1,5,14],"killed_by":"Hexaghost","ascension_level":19}}