{"host":"sc0o2qwpf9j16a4i","time":1611998144,"event":{"mods":["AchievementEnabler","BaseMod","BetterRewards","Block Reminder","Colored Map","Colored Powertips","Custom Start","Highlight Path","Minty Spire (QoL Compilation)","Relic Stats"],"gold_per_floor":[115,127,127,144,162,187,201,12,37,53,53,82,94,106,118,225,237,259,32,52,61,61,61,93,93,93,127,127,153,153,184,184,289,339,367,38,57,57,57,86,86,123,123,123],"floor_reached":43,"language":"ENG","playtime":2004,"items_purged":[],"score":1007,"play_id":"90733a05-0836-4ad6-9cd6-20203c54347d","local_time":"20210130111544","daily_mods":["Shiny","Hoarder","Night Terrors"],"is_ascension_mode":false,"campfire_choices":[{"data":"Limit Break","floor":13,"key":"SMITH"},{"data":"Offering","floor":15,"key":"SMITH"},{"data":"Barricade","floor":23,"key":"SMITH"},{"data":"Corruption","floor":25,"key":"SMITH"},{"data":"Sentinel","floor":30,"key":"SMITH"},{"data":"Sentinel","floor":32,"key":"SMITH"},{"floor":41,"key":"REST"}],"circlet_count":0,"master_deck":["Double Tap+1","Demon Form+1","Bludgeon+1","Feed+1","Limit Break+1","Corruption+1","Barricade+1","Fiend Fire+1","Berserk+1","Impervious+1","Juggernaut+1","Brutality+1","Reaper+1","Exhume+1","Offering+1","Immolate+1","Feel No Pain+1","Feel No Pain+1","Feel No Pain+1","Shockwave+1","Shockwave+1","Shockwave+1","Battle Trance+1","Battle Trance+1","Battle Trance+1","Entrench+1","Entrench+1","Entrench+1","Flame Barrier+1","Flame Barrier+1","Flame Barrier+1","CurseOfTheBell","CurseOfTheBell","CurseOfTheBell","Sentinel+1","Sentinel+1","Sentinel+1","Dark Embrace+1","Dark Embrace+1","Dark Embrace+1","Seeing Red+1","Seeing Red+1","Seeing Red+1","Feed+1","Feed+1","Feed+1","Reaper+1","Reaper+1","Reaper+1","Shrug It Off+1","Shrug It Off+1","Shrug It Off+1","Feel No Pain+1","Feel No Pain+1","Feel No Pain+1","Armaments+1","Armaments+1","Writhe","Writhe","Writhe","Sentinel+1","Sentinel+1","Sentinel+1","Rupture+1","Rupture+1","Rupture+1","Disarm+1","Disarm+1","Disarm+1","Madness+1","Madness+1","Madness+1","Havoc+1","Havoc+1","Havoc+1","Flame Barrier","Flame Barrier","Flame Barrier"],"relics":["Burning Blood","Matryoshka","ClockworkSouvenir","Toy Ornithopter","Nunchaku","MawBank","Bronze Scales","Calling Bell","Anchor","Singing Bowl","Torii","Orrery","CeramicFish","Prayer Wheel","Centennial Puzzle","Juzu Bracelet","War Paint","FaceOfCleric","Red Mask","Tiny House","Ornamental Fan","Mark of the Bloom","Turnip","Ancient Tea Set","The Courier"],"acts_visited":["Exordium","TheCity","TheBeyond"],"potions_floor_usage":[16,20,24,24,33,33],"damage_taken":[{"damage":17.0,"enemies":"2 Louse","floor":1.0,"turns":3.0},{"damage":6.0,"enemies":"Small Slimes","floor":2.0,"turns":1.0},{"damage":5.0,"enemies":"Jaw Worm","floor":4.0,"turns":4.0},{"damage":5.0,"enemies":"Exordium Wildlife","floor":5.0,"turns":3.0},{"damage":18,"enemies":"Lagavulin","floor":6,"turns":8},{"damage":0,"enemies":"Blue Slaver","floor":7,"turns":5},{"damage":25,"enemies":"2 Fungi Beasts","floor":10,"turns":9},{"damage":37,"enemies":"Gremlin Nob","floor":12,"turns":5},{"damage":13,"enemies":"Hexaghost","floor":16,"turns":7},{"damage":20,"enemies":"2 Thieves","floor":18,"turns":4},{"damage":3,"enemies":"3 Byrds","floor":20,"turns":4},{"damage":29,"enemies":"Slavers","floor":24,"turns":10},{"damage":9,"enemies":"Gremlin Leader","floor":27,"turns":7},{"damage":12,"enemies":"Snecko","floor":29,"turns":7},{"damage":6,"enemies":"Masked Bandits","floor":31,"turns":3},{"damage":8,"enemies":"Automaton","floor":33,"turns":5},{"damage":22,"enemies":"Orb Walker","floor":35,"turns":5},{"damage":2,"enemies":"3 Shapes","floor":37,"turns":13},{"damage":3,"enemies":"Giant Head","floor":40,"turns":4},{"damage":8,"enemies":"Nemesis","floor":42,"turns":3}],"seed_played":"9203838423377212941","potions_obtained":[{"floor":4.0,"key":"LiquidBronze"},{"floor":6,"key":"SpeedPotion"},{"floor":16,"key":"PowerPotion"},{"floor":20,"key":"GamblersBrew"},{"floor":24,"key":"FairyPotion"},{"floor":27,"key":"DuplicationPotion"},{"floor":31,"key":"Dexterity Potion"},{"floor":34,"key":"DistilledChaos"},{"floor":40,"key":"Strength Potion"}],"is_trial":true,"path_per_floor":["M","M","?","M","M","E","M","$","T","M","?","E","R","?","R","B",null,"M","$","M","?","?","R","E","R","T","E","?","M","R","?","R","B",null,"M","$","M","?","?","E","R","E","T"],"character_chosen":"IRONCLAD","items_purchased":["ClockworkSouvenir","Entrench","Orrery","Feel No Pain","Madness","Ornamental Fan"],"campfire_rested":1,"item_purchase_floors":[8,8,19,19,36,36],"current_hp_per_floor":[79,82,82,83,84,82,92,92,92,93,98,71,71,46,46,60,115,110,110,123,123,123,123,133,133,133,134,134,139,139,146,146,152,160,147,147,172,172,172,169,169,161,161,161],"gold":123,"neow_bonus":"","is_daily":false,"chose_seed":false,"campfire_upgraded":6,"win_rate":0.0,"timestamp":1611998144,"path_taken":["M","M","?","M","M","E","?","$","T","M","?","E","R","?","R","BOSS","M","$","M","?","?","R","E","R","T","E","?","M","R","?","R","BOSS","M","$","M","?","?","E","R","E","T"],"items_purchased_type":["Relic","Card","Relic","Card","Card","Relic"],"build_version":"2020-12-22","purchased_purges":0,"victory":false,"max_hp_per_floor":[83,86,86,86,86,90,94,94,94,102,107,111,111,111,111,115,115,119,119,123,123,123,123,133,133,133,137,137,140,140,147,147,153,160,163,163,176,176,176,179,174,179,179,179],"relic_stats":{"Mark of the Bloom":335,"Singing Bowl":16,"Torii":21,"counters":[20,110],"CeramicFish":63,"Juzu Bracelet":2,"War Paint":["Shockwave","Seeing Red"],"MawBank":84,"Burning Blood":100,"Nunchaku":[5],"Centennial Puzzle":[24],"FaceOfCleric":7,"Ornamental Fan":[8],"Bronze Scales":[276],"Prayer Wheel":3,"Turnip":[0],"obtain_stats":[{"Mark of the Bloom":39,"Tiny House":34,"Singing Bowl":17,"Torii":17,"CeramicFish":21,"Juzu Bracelet":26,"Ancient Tea Set":42,"Burning Blood":0,"ClockworkSouvenir":8,"Nunchaku":9,"Centennial Puzzle":26,"Matryoshka":6,"FaceOfCleric":28,"Prayer Wheel":24,"Red Mask":31,"The Courier":43,"War Paint":27,"MawBank":12,"Calling Bell":17,"Anchor":17,"Ornamental Fan":36,"Bronze Scales":14,"Orrery":19,"Turnip":40,"Toy Ornithopter":9},{"Mark of the Bloom":18,"Tiny House":16,"Singing Bowl":9,"Torii":9,"CeramicFish":11,"Juzu Bracelet":12,"Ancient Tea Set":20,"Burning Blood":0,"ClockworkSouvenir":6,"Nunchaku":6,"Centennial Puzzle":12,"Matryoshka":5,"FaceOfCleric":13,"Prayer Wheel":12,"Red Mask":15,"The Courier":20,"War Paint":13,"MawBank":8,"Calling Bell":9,"Anchor":9,"Ornamental Fan":17,"Bronze Scales":8,"Orrery":10,"Turnip":19,"Toy Ornithopter":6},{"Mark of the Bloom":103,"Tiny House":85,"Singing Bowl":45,"Torii":45,"CeramicFish":53,"Juzu Bracelet":63,"Ancient Tea Set":110,"Burning Blood":0,"ClockworkSouvenir":24,"Nunchaku":24,"Centennial Puzzle":63,"Matryoshka":19,"FaceOfCleric":70,"Prayer Wheel":63,"Red Mask":80,"The Courier":110,"War Paint":70,"MawBank":38,"Calling Bell":45,"Anchor":45,"Ornamental Fan":90,"Bronze Scales":38,"Orrery":49,"Turnip":107,"Toy Ornithopter":24}],"Toy Ornithopter":11},"card_choices":[{"not_picked":["Warcry","Clothesline","Burning Pact"],"picked":"SKIP","floor":1.0},{"not_picked":["Pummel","Second Wind"],"picked":"Feel No Pain","floor":2.0},{"not_picked":["Perfected Strike","Headbutt"],"picked":"Shockwave","floor":4.0},{"not_picked":["Havoc","Warcry","Anger"],"picked":"SKIP","floor":5.0},{"not_picked":["Corruption","Anger"],"picked":"Battle Trance","floor":6},{"not_picked":["Wild Strike","Heavy Blade","Flex"],"picked":"SKIP","floor":7},{"not_picked":["Metallicize","Cleave"],"picked":"Flame Barrier","floor":10},{"not_picked":["Warcry","Heavy Blade","Perfected Strike"],"picked":"SKIP","floor":12},{"not_picked":["Clothesline","Clash"],"picked":"Sentinel+1","floor":18},{"not_picked":["Heavy Blade","Evolve+1"],"picked":"Dark Embrace+1","floor":19},{"not_picked":["Perfected Strike+1","Rupture"],"picked":"Seeing Red","floor":19},{"not_picked":["Clash","Shockwave"],"picked":"Feed","floor":19},{"not_picked":["Wild Strike","Heavy Blade+1"],"picked":"Reaper","floor":19},{"not_picked":["True Grit","Headbutt"],"picked":"Shrug It Off","floor":19},{"not_picked":["Warcry+1","Fire Breathing"],"picked":"Armaments+1","floor":20},{"not_picked":["Headbutt+1","Entrench+1","Hemokinesis"],"picked":"Singing Bowl","floor":24},{"not_picked":["Demon Form","Shockwave+1"],"picked":"Sentinel","floor":27},{"not_picked":["Reckless Charge+1","Iron Wave+1"],"picked":"Rupture","floor":29},{"not_picked":["Havoc","Infernal Blade","Sever Soul"],"picked":"Singing Bowl","floor":29},{"not_picked":["Armaments","Infernal Blade+1","Evolve"],"picked":"Singing Bowl","floor":31},{"not_picked":["Corruption","Offering","Feed"],"picked":"Singing Bowl","floor":33},{"not_picked":["Perfected Strike+1","Warcry","Wild Strike"],"picked":"Singing Bowl","floor":34},{"not_picked":["Dropkick","Rampage+1"],"picked":"Disarm","floor":35},{"not_picked":["Whirlwind","Clothesline+1","Pummel"],"picked":"Singing Bowl","floor":35},{"not_picked":["True Grit","Evolve+1","Armaments+1"],"picked":"Singing Bowl","floor":37},{"not_picked":["Flex","Dual Wield"],"picked":"Havoc+1","floor":37},{"not_picked":["Flex","Searing Blow+1","Juggernaut"],"picked":"Singing Bowl","floor":40},{"not_picked":["Combust","Bloodletting+1"],"picked":"Flame Barrier","floor":42}],"player_experience":1070667,"relics_obtained":[{"floor":6,"key":"Matryoshka"},{"floor":9,"key":"Toy Ornithopter"},{"floor":9,"key":"Nunchaku"},{"floor":12,"key":"MawBank"},{"floor":17,"key":"Anchor"},{"floor":17,"key":"Singing Bowl"},{"floor":17,"key":"Torii"},{"floor":24,"key":"Prayer Wheel"},{"floor":26,"key":"Centennial Puzzle"},{"floor":26,"key":"Juzu Bracelet"},{"floor":27,"key":"War Paint"},{"floor":31,"key":"Red Mask"},{"floor":40,"key":"Turnip"},{"floor":42,"key":"Ancient Tea Set"},{"floor":43,"key":"The Courier"}],"event_choices":[{"damage_healed":0.0,"max_hp_gain":0.0,"max_hp_loss":0.0,"gold_gain":0.0,"event_name":"Upgrade Shrine","player_choice":"Upgraded","floor":3.0,"gold_loss":0.0,"damage_taken":0.0,"cards_upgraded":["Feed"]},{"damage_healed":0,"gold_gain":0,"player_choice":"Donut","damage_taken":0,"max_hp_gain":5,"max_hp_loss":0,"event_name":"Big Fish","floor":11,"gold_loss":0},{"damage_healed":0,"gold_gain":0,"player_choice":"Success","damage_taken":25,"relics_obtained":["Bronze Scales"],"max_hp_gain":0,"max_hp_loss":0,"event_name":"Scrap Ooze","floor":14,"gold_loss":0},{"damage_healed":0,"gold_gain":0,"player_choice":"Opened","damage_taken":0,"relics_obtained":["CeramicFish"],"max_hp_gain":0,"max_hp_loss":0,"event_name":"The Mausoleum","floor":21,"gold_loss":0,"cards_obtained":["Writhe"]},{"damage_healed":0,"gold_gain":0,"player_choice":"Ignored","damage_taken":0,"max_hp_gain":0,"max_hp_loss":0,"event_name":"NoteForYourself","floor":22,"gold_loss":0},{"damage_healed":0,"gold_gain":0,"player_choice":"Trade","damage_taken":0,"relics_obtained":["FaceOfCleric"],"max_hp_gain":0,"max_hp_loss":0,"event_name":"FaceTrader","floor":28,"gold_loss":0},{"damage_healed":0,"gold_gain":0,"player_choice":"Fought Bandits","damage_taken":0,"max_hp_gain":0,"max_hp_loss":0,"event_name":"Masked Bandits","floor":31,"gold_loss":0},{"cards_removed":["Armaments"],"damage_healed":0,"gold_gain":0,"player_choice":"Removed Skill","damage_taken":0,"max_hp_gain":0,"max_hp_loss":0,"event_name":"Falling","floor":38,"gold_loss":0},{"damage_healed":0,"gold_gain":0,"player_choice":"Upgrade","damage_taken":0,"relics_obtained":["Mark of the Bloom"],"max_hp_gain":0,"max_hp_loss":0,"event_name":"MindBloom","floor":39,"gold_loss":0,"cards_upgraded":["Double Tap","Demon Form","Bludgeon","Fiend Fire","Berserk","Impervious","Juggernaut","Brutality","Reaper","Exhume","Immolate","Feel No Pain","Feel No Pain","Feel No Pain","Shockwave","Shockwave","Battle Trance","Battle Trance","Battle Trance","Entrench","Entrench","Entrench","Flame Barrier","Flame Barrier","Flame Barrier","Seeing Red","Seeing Red","Feed","Feed","Feed","Reaper","Reaper","Reaper","Shrug It Off","Shrug It Off","Shrug It Off","Feel No Pain","Feel No Pain","Feel No Pain","Sentinel","Rupture","Rupture","Disarm","Disarm","Disarm","Madness","Madness","Madness"]}],"is_beta":false,"boss_relics":[{"not_picked":["Sozu","Runic Pyramid"],"picked":"Calling Bell"},{"not_picked":["Runic Cube","Black Blood"],"picked":"Tiny House"}],"items_purged_floors":[],"is_endless":false,"potions_floor_spawned":[4,6,16,20,24,27,31,40],"ascension_level":0}}