{"host":"2qyxu97h6u4ukicb","time":1611966779,"event":{"mods":["AchievementEnabler","BaseMod","BetterRewards","Colored Map","Colored Powertips","Minty Spire (QoL Compilation)","Replay The Spire","Shop Mod","StSLib"],"gold_per_floor":[110,110,110,110,120,155,155,155,237,237,237,256,267,297,297,396,396,396,396],"floor_reached":18,"language":"ENG","playtime":1354,"items_purged":[],"score":183,"play_id":"96be5c99-5d58-4c0a-85a5-7bb7903b455a","local_time":"20210129183259","is_ascension_mode":false,"campfire_choices":[{"floor":7,"key":"RECALL"},{"floor":10,"key":"REST"},{"floor":15,"key":"REST"}],"circlet_count":0,"master_deck":["Strike_P","Strike_P","Strike_P","Defend_P","Defend_P","Defend_P","Eruption","Vigilance","Fasting2","SashWhip+1","Worship","ForeignInfluence+1","Steam","DeceiveReality","EmptyBody","Conclude","Establishment"],"relics":["PureWater","NeowsBlessing","FaceOfCleric","Gremlin Food","Odd Mushroom"],"acts_visited":["Exordium","TheCity"],"potions_floor_usage":[16,16],"damage_taken":[{"damage":0,"enemies":"Cultist","floor":1,"turns":1},{"damage":0,"enemies":"Small Slimes","floor":5,"turns":1},{"damage":0,"enemies":"3 Sentries","floor":6,"turns":2},{"damage":0,"enemies":"Jaw Worm","floor":12,"turns":3},{"damage":10,"enemies":"Exordium Wildlife","floor":13,"turns":4},{"damage":35,"enemies":"The Mushroom Lair","floor":14,"turns":7},{"damage":54,"enemies":"Hexaghost","floor":16,"turns":12},{"damage":0,"enemies":"2 Thieves","floor":18,"turns":1}],"seed_played":"-8699115263658675990","potions_obtained":[{"floor":5,"key":"FearPotion"},{"floor":6,"key":"BottledMiracle"},{"floor":16,"key":"Dexterity Potion"}],"is_trial":false,"path_per_floor":["M","$","$","?","M","E","R","?","T","R","$","M","M","?","R","B",null,"M"],"character_chosen":"WATCHER","items_purchased":[],"campfire_rested":2,"item_purchase_floors":[],"current_hp_per_floor":[72,72,72,72,73,74,74,74,74,74,74,75,66,32,55,2,78,78,78],"gold":396,"neow_bonus":"THREE_ENEMY_KILL","is_daily":false,"chose_seed":false,"campfire_upgraded":0,"win_rate":0.0,"timestamp":1611966779,"path_taken":["M","?","$","?","?","E","R","?","T","R","?","M","M","?","R","BOSS","M"],"items_purchased_type":[],"build_version":"2020-12-22","purchased_purges":0,"victory":false,"max_hp_per_floor":[72,72,72,72,73,74,74,74,74,74,74,75,76,77,77,78,78,78,78],"card_choices":[{"not_picked":["Replay:BluntJabs","JustLucky"],"picked":"Fasting2","floor":1},{"not_picked":["FlurryOfBlows","Replay:ManipulateFuture"],"picked":"SashWhip","floor":5},{"not_picked":["Replay:LoomingThreat","CrushJoints"],"picked":"Worship","floor":6},{"not_picked":["Indignation","Tantrum"],"picked":"DeceiveReality","floor":12},{"not_picked":["Evaluate","Replay:Battleflow"],"picked":"EmptyBody","floor":13},{"not_picked":["PathToVictory","Replay:AtTheReady"],"picked":"Conclude","floor":14},{"not_picked":["LessonLearned","Scrawl"],"picked":"Establishment","floor":16}],"player_experience":747921,"relics_obtained":[{"floor":6,"key":"Gremlin Food"},{"floor":14,"key":"Odd Mushroom"}],"event_choices":[{"damage_healed":0,"gold_gain":0,"player_choice":"Trade","damage_taken":0,"relics_obtained":["FaceOfCleric"],"max_hp_gain":0,"max_hp_loss":0,"event_name":"FaceTrader","floor":4,"gold_loss":0},{"damage_healed":0,"gold_gain":0,"player_choice":"Fought Mushrooms","damage_taken":0,"max_hp_gain":0,"max_hp_loss":0,"event_name":"Mushrooms","floor":14,"gold_loss":0}],"is_beta":false,"boss_relics":[{"not_picked":["Philosopher\u0027s Stone","VioletLotus","ChewingGum"]}],"items_purged_floors":[],"is_endless":false,"potions_floor_spawned":[5,6,16],"killed_by":"2 Thieves","ascension_level":0}}