{"host":"6xsbn6ynqlzwllfm","time":1611991637,"event":{"mods":["2.2 Compatiblity","BaseMod","Bestiary","Colored Map","Colored Powertips","Curses Come First","Highlight Path","Keyboard Shortcuts","Minty Spire (QoL Compilation)","Relic Stats","Slay the Relics Exporter","StSLib","SuperFastMode"],"gold_per_floor":[119,119,119,132,147,178,178,178,178],"floor_reached":8,"language":"ENG","playtime":343,"items_purged":[],"score":106,"play_id":"57f28682-fd19-4af6-8b2f-2a1b675c099f","local_time":"20210130022717","is_ascension_mode":true,"campfire_choices":[{"data":"LessonLearned","floor":7,"key":"SMITH"}],"circlet_count":0,"master_deck":["AscendersBane","Strike_P","Strike_P","Strike_P","Defend_P","Defend_P","Defend_P","Defend_P","Eruption","Vigilance","CrushJoints","ForeignInfluence","Halt","Evaluate","LessonLearned+1"],"relics":["PureWater","Thread and Needle","GremlinMask","Tiny Chest"],"acts_visited":["Exordium"],"potions_floor_usage":[6,8],"damage_taken":[{"damage":1,"enemies":"Small Slimes","floor":1,"turns":3},{"damage":0,"enemies":"2 Louse","floor":4,"turns":4},{"damage":0,"enemies":"Cultist","floor":5,"turns":4},{"damage":30,"enemies":"3 Sentries","floor":6,"turns":12},{"damage":64,"enemies":"Gremlin Nob","floor":8,"turns":4}],"seed_played":"1618291389477068753","potions_obtained":[{"floor":1,"key":"SpeedPotion"},{"floor":4,"key":"PowerPotion"}],"is_trial":false,"path_per_floor":["M","?","?","M","M","E","R","E"],"character_chosen":"WATCHER","items_purchased":[],"campfire_rested":0,"item_purchase_floors":[],"current_hp_per_floor":[60,60,60,60,60,30,30,0,0],"gold":178,"neow_bonus":"ONE_RARE_RELIC","is_daily":false,"chose_seed":false,"campfire_upgraded":1,"win_rate":0.0,"timestamp":1611991637,"path_taken":["M","?","?","M","M","E","R","E"],"items_purchased_type":[],"build_version":"2020-12-22","purchased_purges":0,"victory":false,"max_hp_per_floor":[62,62,62,62,62,62,62,62,62],"relic_stats":{"counters":[5,27],"Tiny Chest":0,"obtain_stats":[{"Thread and Needle":0,"GremlinMask":3,"Tiny Chest":6,"PureWater":0},{"Thread and Needle":0,"GremlinMask":1,"Tiny Chest":4,"PureWater":0},{"Thread and Needle":0,"GremlinMask":3,"Tiny Chest":23,"PureWater":0}]},"card_choices":[{"not_picked":["Nirvana","Vengeance"],"picked":"CrushJoints","floor":1},{"not_picked":["Vengeance","Worship"],"picked":"Halt","floor":4},{"not_picked":["CrushJoints","Consecrate"],"picked":"Evaluate","floor":5},{"not_picked":["Consecrate","Halt"],"picked":"LessonLearned","floor":6}],"player_experience":1259469,"relics_obtained":[{"floor":6,"key":"Tiny Chest"}],"event_choices":[{"damage_healed":0,"gold_gain":0,"cards_transformed":["Strike_P"],"player_choice":"Change","damage_taken":0,"max_hp_gain":0,"max_hp_loss":0,"event_name":"Living Wall","floor":2,"gold_loss":0,"cards_obtained":["ForeignInfluence"]},{"damage_healed":0,"gold_gain":0,"player_choice":"Trade","damage_taken":0,"relics_obtained":["GremlinMask"],"max_hp_gain":0,"max_hp_loss":0,"event_name":"FaceTrader","floor":3,"gold_loss":0}],"is_beta":false,"boss_relics":[],"items_purged_floors":[],"is_endless":false,"potions_floor_spawned":[1,4],"killed_by":"Gremlin Nob","ascension_level":18}}