{"host":"gobyjzz6xbwq9f9i","time":1611966989,"event":{"mods":["AchievementEnabler","BaseMod","Bestiary","Colored Map","Minty Spire (QoL Compilation)","Relic Stats"],"gold_per_floor":[116,132,145,145,220,220,233,233,283,283,316,334,352,381,381,381,381],"floor_reached":16,"language":"ENG","playtime":523,"items_purged":[],"score":168,"play_id":"bdbf4d7a-b0ee-480d-9624-0dab7fbbc4bb","local_time":"20210129163629","is_ascension_mode":true,"campfire_choices":[{"data":"Dash","floor":6,"key":"SMITH"},{"floor":10,"key":"REST"},{"data":"Cloak And Dagger","floor":15,"key":"SMITH"}],"circlet_count":0,"master_deck":["AscendersBane","Strike_G","Strike_G","Strike_G","Strike_G","Strike_G","Defend_G","Defend_G","Defend_G","Defend_G","Defend_G","Survivor","Neutralize","Slice","Leg Sweep","Dash+1","Masterful Stab","Infinite Blades+1","Well Laid Plans+1","Flying Knee","Cloak And Dagger+1"],"relics":["Ring of the Snake","Omamori","MealTicket","Frozen Egg 2","Orichalcum","Bronze Scales","Smiling Mask"],"acts_visited":["Exordium"],"potions_floor_usage":[14,16],"damage_taken":[{"damage":11,"enemies":"Jaw Worm","floor":1,"turns":6},{"damage":0,"enemies":"2 Louse","floor":2,"turns":3},{"damage":2,"enemies":"Small Slimes","floor":3,"turns":6},{"damage":10,"enemies":"Exordium Wildlife","floor":7,"turns":4},{"damage":11,"enemies":"3 Sentries","floor":11,"turns":10},{"damage":0,"enemies":"2 Fungi Beasts","floor":12,"turns":4},{"damage":2,"enemies":"Looter","floor":13,"turns":3},{"damage":7,"enemies":"Gremlin Nob","floor":14,"turns":4},{"damage":18,"enemies":"Slime Boss","floor":16,"turns":4}],"seed_played":"8451166311733140841","potions_obtained":[{"floor":7,"key":"Explosive Potion"},{"floor":12,"key":"Dexterity Potion"},{"floor":13,"key":"Block Potion"}],"is_trial":false,"path_per_floor":["M","M","M","?","?","R","M","?","T","R","E","M","M","E","R","B"],"character_chosen":"THE_SILENT","items_purchased":[],"campfire_rested":1,"item_purchase_floors":[],"current_hp_per_floor":[52,52,50,50,39,39,29,17,17,38,27,27,25,18,18,0,0],"gold":381,"neow_bonus":"RANDOM_COMMON_RELIC","is_daily":false,"chose_seed":false,"campfire_upgraded":2,"win_rate":0.0,"timestamp":1611966989,"path_taken":["M","M","M","?","?","R","M","?","T","R","E","M","M","E","R","BOSS"],"items_purchased_type":[],"build_version":"2020-12-22","purchased_purges":0,"victory":false,"max_hp_per_floor":[70,70,70,70,70,70,70,70,70,70,70,70,70,70,70,70,70],"relic_stats":{"counters":[9,44],"Bronze Scales":[19],"MealTicket":0,"Orichalcum":[42],"Smiling Mask":0,"obtain_stats":[{"Bronze Scales":11,"MealTicket":4,"Omamori":0,"Frozen Egg 2":8,"Orichalcum":9,"Smiling Mask":14,"Ring of the Snake":0},{"Bronze Scales":5,"MealTicket":3,"Omamori":0,"Frozen Egg 2":4,"Orichalcum":4,"Smiling Mask":8,"Ring of the Snake":0},{"Bronze Scales":29,"MealTicket":15,"Omamori":0,"Frozen Egg 2":19,"Orichalcum":19,"Smiling Mask":40,"Ring of the Snake":0}],"Ring of the Snake":[18]},"card_choices":[{"not_picked":["Cloak And Dagger","Dodge and Roll"],"picked":"Slice","floor":1},{"not_picked":["Bane","Cloak And Dagger"],"picked":"Leg Sweep","floor":2},{"not_picked":["Cloak And Dagger","Bane"],"picked":"Dash","floor":3},{"not_picked":["Backflip","Caltrops"],"picked":"Masterful Stab","floor":7},{"not_picked":["Cloak And Dagger","Accuracy+1"],"picked":"Infinite Blades+1","floor":11},{"not_picked":["Poisoned Stab","Expertise"],"picked":"Well Laid Plans+1","floor":12},{"not_picked":["Deflect","Slice"],"picked":"Flying Knee","floor":13},{"not_picked":["Deflect","Flying Knee"],"picked":"Cloak And Dagger","floor":14}],"player_experience":1207497,"relics_obtained":[{"floor":9,"key":"Orichalcum"},{"floor":11,"key":"Bronze Scales"},{"floor":14,"key":"Smiling Mask"}],"event_choices":[{"damage_healed":0,"gold_gain":0,"player_choice":"Box","damage_taken":0,"relics_obtained":["MealTicket"],"max_hp_gain":0,"max_hp_loss":0,"event_name":"Big Fish","floor":4,"gold_loss":0,"cards_obtained":["Regret"]},{"damage_healed":0,"gold_gain":75,"player_choice":"Gather Gold","damage_taken":11,"max_hp_gain":0,"max_hp_loss":0,"event_name":"World of Goop","floor":5,"gold_loss":0},{"damage_healed":0,"gold_gain":0,"player_choice":"Success","damage_taken":12,"relics_obtained":["Frozen Egg 2"],"max_hp_gain":0,"max_hp_loss":0,"event_name":"Scrap Ooze","floor":8,"gold_loss":0}],"is_beta":false,"boss_relics":[],"items_purged_floors":[],"is_endless":false,"potions_floor_spawned":[7,12,13],"killed_by":"Slime Boss","ascension_level":10}}