{"host":"928gv66myv2vlnsd","time":1611986189,"event":{"mods":["BaseMod","Minty Spire (QoL Compilation)","StSLib"],"gold_per_floor":[111,111,111,124,139,173,173,207,207,207,219,229,304,304,304,381,381,398,398,398],"floor_reached":19,"language":"ENG","playtime":460,"items_purged":[],"score":354,"play_id":"22ae901b-f9ac-44c4-b918-d9ac7f3d4497","local_time":"20210130005629","is_ascension_mode":true,"campfire_choices":[{"data":"Combust","floor":7,"key":"SMITH"},{"floor":10,"key":"REST"},{"floor":15,"key":"REST"}],"circlet_count":0,"master_deck":["AscendersBane","Strike_R","Strike_R","Strike_R","Strike_R","Defend_R","Defend_R","Defend_R","Defend_R","Bash","Sword Boomerang","Seeing Red","Combust+1","Cleave","Ghostly Armor","Disarm","Limit Break","Shockwave+1"],"relics":["Burning Blood","NeowsBlessing","Smiling Mask","Mummified Hand","Matryoshka","Singing Bowl","Happy Flower","Nunchaku","Cursed Key"],"acts_visited":["Exordium","TheCity"],"potions_floor_usage":[6,8],"damage_taken":[{"damage":0,"enemies":"Cultist","floor":1,"turns":1},{"damage":0,"enemies":"2 Louse","floor":4,"turns":1},{"damage":0,"enemies":"Jaw Worm","floor":5,"turns":1},{"damage":26,"enemies":"3 Sentries","floor":6,"turns":7},{"damage":11,"enemies":"Gremlin Nob","floor":8,"turns":3},{"damage":7,"enemies":"2 Fungi Beasts","floor":11,"turns":4},{"damage":16,"enemies":"3 Louse","floor":12,"turns":3},{"damage":61,"enemies":"Slime Boss","floor":16,"turns":11},{"damage":32,"enemies":"Shell Parasite","floor":18,"turns":6},{"damage":35,"enemies":"3 Byrds","floor":19,"turns":2}],"seed_played":"9118799396377309033","potions_obtained":[{"floor":1,"key":"SteroidPotion"},{"floor":5,"key":"Swift Potion"},{"floor":8,"key":"ColorlessPotion"},{"floor":16,"key":"BloodPotion"},{"floor":18,"key":"SteroidPotion"}],"is_trial":false,"path_per_floor":["M","?","?","M","M","E","R","E","T","R","M","M","?","?","R","B",null,"M","M"],"character_chosen":"IRONCLAD","items_purchased":[],"campfire_rested":2,"item_purchase_floors":[],"current_hp_per_floor":[74,56,56,62,68,48,48,43,43,65,64,56,45,45,68,13,61,35,0,0],"gold":398,"neow_bonus":"THREE_ENEMY_KILL","is_daily":false,"chose_seed":false,"campfire_upgraded":1,"win_rate":0.0,"timestamp":1611986189,"path_taken":["M","?","?","?","M","E","R","E","T","R","M","M","?","?","R","BOSS","M","M"],"items_purchased_type":[],"build_version":"2020-12-22","purchased_purges":0,"victory":false,"max_hp_per_floor":[75,75,75,75,75,75,75,75,75,75,75,77,77,77,77,77,77,77,77,77],"card_choices":[{"not_picked":["Infernal Blade","Dropkick"],"picked":"Sword Boomerang","floor":1},{"not_picked":["Twin Strike","Armaments"],"picked":"Seeing Red","floor":4},{"not_picked":["Spot Weakness","Shockwave"],"picked":"Combust","floor":5},{"not_picked":["Flex","Shrug It Off"],"picked":"Cleave","floor":6},{"not_picked":["Double Tap","Sword Boomerang"],"picked":"Ghostly Armor","floor":8},{"not_picked":["Thunderclap","Shrug It Off"],"picked":"Disarm","floor":11},{"not_picked":["Wild Strike","Entrench","Carnage"],"picked":"Singing Bowl","floor":12},{"not_picked":["Juggernaut","Offering"],"picked":"Limit Break","floor":16},{"not_picked":["Thunderclap","Body Slam"],"picked":"Shockwave+1","floor":18}],"player_experience":1386322,"relics_obtained":[{"floor":6,"key":"Mummified Hand"},{"floor":8,"key":"Matryoshka"},{"floor":9,"key":"Singing Bowl"},{"floor":9,"key":"Happy Flower"}],"event_choices":[{"damage_healed":0,"gold_gain":0,"player_choice":"Success","damage_taken":18,"relics_obtained":["Smiling Mask"],"max_hp_gain":0,"max_hp_loss":0,"event_name":"Scrap Ooze","floor":2,"gold_loss":0},{"cards_removed":["Strike_R"],"damage_healed":0,"gold_gain":0,"player_choice":"Offered Basic","damage_taken":0,"max_hp_gain":0,"max_hp_loss":0,"event_name":"Bonfire Elementals","floor":3,"gold_loss":0},{"damage_healed":0,"gold_gain":75,"player_choice":"Gather Gold","damage_taken":11,"max_hp_gain":0,"max_hp_loss":0,"event_name":"World of Goop","floor":13,"gold_loss":0},{"damage_healed":0,"gold_gain":0,"player_choice":"Gave Potion","damage_taken":0,"relics_obtained":["Nunchaku"],"max_hp_gain":0,"max_hp_loss":0,"event_name":"WeMeetAgain","floor":14,"gold_loss":0}],"is_beta":false,"boss_relics":[{"not_picked":["Philosopher\u0027s Stone","Coffee Dripper"],"picked":"Cursed Key"}],"items_purged_floors":[],"is_endless":false,"potions_floor_spawned":[1,5,8,16,18],"killed_by":"3 Byrds","ascension_level":20}}