{"host":"ow66nzv2xecjoor3","time":1611991388,"event":{"mods":["BaseMod","Bestiary","Block Reminder","Colored Powertips","Curses Come First","Highlight Path","Keyboard Shortcuts","Minty Spire (QoL Compilation)","Permanent Neow","Relic Stats","StSLib","UnlockEverythingMod"],"gold_per_floor":[111,111,128,128,145,174,194,194,194],"floor_reached":8,"language":"ENG","playtime":325,"items_purged":[],"score":116,"play_id":"2281ea71-6a77-4c46-92ed-052689c1979f","local_time":"20210130012308","is_ascension_mode":true,"campfire_choices":[],"circlet_count":0,"master_deck":["AscendersBane","Strike_G","Strike_G","Strike_G","Strike_G","Defend_G","Defend_G","Defend_G","Defend_G","Defend_G","Survivor","Neutralize","Blade Dance","Eviscerate","Dagger Throw","Acrobatics","Endless Agony"],"relics":["Ring of the Snake","Ninja Scroll"],"acts_visited":["Exordium"],"potions_floor_usage":[6,6],"damage_taken":[{"damage":9,"enemies":"Small Slimes","floor":1,"turns":5},{"damage":0,"enemies":"Jaw Worm","floor":3,"turns":4},{"damage":9,"enemies":"2 Louse","floor":5,"turns":4},{"damage":20,"enemies":"Lagavulin","floor":6,"turns":5},{"damage":9,"enemies":"Exordium Thugs","floor":7,"turns":5},{"damage":36,"enemies":"Gremlin Nob","floor":8,"turns":3}],"seed_played":"8033251025020454000","potions_obtained":[{"floor":0,"key":"Fire Potion"},{"floor":0,"key":"Fire Potion"}],"is_trial":false,"path_per_floor":["M","?","M","?","M","E","M","E"],"character_chosen":"THE_SILENT","items_purchased":[],"campfire_rested":0,"item_purchase_floors":[],"current_hp_per_floor":[50,50,50,43,34,14,5,0,0],"gold":194,"neow_bonus":"THREE_SMALL_POTIONS","is_daily":false,"chose_seed":false,"campfire_upgraded":0,"win_rate":0.0,"timestamp":1611991388,"path_taken":["M","?","M","?","M","E","M","E"],"items_purchased_type":[],"build_version":"2020-12-22","purchased_purges":0,"victory":false,"max_hp_per_floor":[66,66,66,66,66,66,66,66,66],"relic_stats":{"counters":[6,26],"obtain_stats":[{"Ninja Scroll":6,"Ring of the Snake":0},{"Ninja Scroll":4,"Ring of the Snake":0},{"Ninja Scroll":18,"Ring of the Snake":0}],"Ring of the Snake":[11]},"card_choices":[{"not_picked":["Prepared","Cloak And Dagger"],"picked":"Blade Dance","floor":1},{"not_picked":["Dodge and Roll","Expertise"],"picked":"Eviscerate","floor":3},{"not_picked":["Well Laid Plans","Outmaneuver"],"picked":"Dagger Throw","floor":5},{"not_picked":["Deflect","Infinite Blades"],"picked":"Acrobatics","floor":6},{"not_picked":["Accuracy","Bane"],"picked":"Endless Agony","floor":7}],"player_experience":2768076,"relics_obtained":[{"floor":6,"key":"Ninja Scroll"}],"event_choices":[{"damage_healed":0,"gold_gain":0,"player_choice":"Leave","damage_taken":0,"max_hp_gain":0,"max_hp_loss":0,"event_name":"The Cleric","floor":2,"gold_loss":0},{"cards_removed":["Strike_G"],"damage_healed":0,"gold_gain":0,"player_choice":"Card Removal","damage_taken":7,"max_hp_gain":0,"max_hp_loss":0,"event_name":"Golden Wing","floor":4,"gold_loss":0}],"is_beta":false,"boss_relics":[],"items_purged_floors":[],"is_endless":false,"potions_floor_spawned":[5],"killed_by":"Gremlin Nob","ascension_level":20}}