{"host":"1c52r9kaxdyo25eq","time":1611972625,"event":{"mods":["AchievementEnabler","BaseMod","DeckTracker","Minty Spire (QoL Compilation)","Rare Cards Sparkle","SuperFastMode","everything is the same but u backflip on backflip"],"gold_per_floor":[111,23,23,33,53,53,33,33,60,60,76,1,12,12,12,84,84,104,115,147,97,97,97,124,124,124,135,150,64,80,95,95,172,172,186,186,186,186,186,186,186,197,197,208,208,208,158,173,173,173,173,173,173,173,199,199],"floor_reached":57,"language":"KOR","playtime":1452,"items_purged":["Strike_P"],"score":2945,"play_id":"863898b9-dce3-40fa-93cb-272ddc40d539","local_time":"20210130111025","is_ascension_mode":true,"campfire_choices":[{"data":"MentalFortress","floor":6.0,"key":"SMITH"},{"data":"Eruption","floor":8.0,"key":"SMITH"},{"data":"Vigilance","floor":10.0,"key":"SMITH"},{"floor":15.0,"key":"REST"},{"data":"Adaptation","floor":23,"key":"SMITH"},{"data":"FearNoEvil","floor":25,"key":"SMITH"},{"data":"Tantrum","floor":32,"key":"SMITH"},{"floor":45,"key":"RECALL"},{"floor":49,"key":"REST"},{"floor":53,"key":"REST"}],"circlet_count":0,"master_deck":[],"relics":["VioletLotus"],"acts_visited":["Exordium","TheCity","TheBeyond","TheEnding"],"potions_floor_usage":[],"damage_taken":[{"damage":7.0,"enemies":"2 Louse","floor":1.0,"turns":3.0},{"damage":0.0,"enemies":"Cultist","floor":4.0,"turns":3.0},{"damage":3.0,"enemies":"Small Slimes","floor":5.0,"turns":4.0},{"damage":2.0,"enemies":"2 Fungi Beasts","floor":11.0,"turns":4.0},{"damage":28.0,"enemies":"3 Louse","floor":13.0,"turns":5.0},{"damage":12,"enemies":"Hexaghost","floor":16,"turns":6},{"damage":12,"enemies":"Chosen","floor":18,"turns":5},{"damage":0,"enemies":"3 Byrds","floor":19,"turns":2},{"damage":0,"enemies":"Masked Bandits","floor":20,"turns":2},{"damage":16,"enemies":"Slavers","floor":24,"turns":2},{"damage":0,"enemies":"Sentry and Sphere","floor":27,"turns":2},{"damage":15,"enemies":"Shelled Parasite and Fungi","floor":28,"turns":2},{"damage":6,"enemies":"Snake Plant","floor":30,"turns":3},{"damage":0,"enemies":"Cultist and Chosen","floor":31,"turns":2},{"damage":2,"enemies":"Champ","floor":33,"turns":2},{"damage":0,"enemies":"3 Shapes","floor":35,"turns":1},{"damage":0,"enemies":"Orb Walker","floor":42,"turns":2},{"damage":0,"enemies":"Jaw Worm Horde","floor":44,"turns":2},{"damage":0,"enemies":"Maw","floor":48,"turns":3},{"damage":0,"enemies":"Awakened One","floor":50,"turns":3},{"damage":0,"enemies":"Donu and Deca","floor":51,"turns":3},{"damage":0,"enemies":"Shield and Spear","floor":55,"turns":3},{"damage":10,"enemies":"The Heart","floor":56,"turns":7}],"seed_played":"-469412510585249663","potions_obtained":[{"floor":4.0,"key":"EssenceOfSteel"},{"floor":7.0,"key":"Swift Potion"}],"is_trial":false,"path_per_floor":["M","$","?","M","M","R","?","R","T","R","M","$","M","?","R","B",null,"M","M","?","?","$","R","E","R","T","M","M","$","M","M","R","B",null,"M","?","?","$","?","?","$","M","T","M","R","?","?","M","R","B","B",null,"R","$","E","B",null],"character_chosen":"WATCHER","items_purchased":["MentalFortress","Tantrum"],"campfire_rested":3,"item_purchase_floors":[2,29],"current_hp_per_floor":[54,54,47,47,44,44,44,44,44,44,42,42,14,14,34,22,57,45,45,45,45,45,45,29,29,29,29,14,14,8,8,8,6,53,53,53,53,53,53,53,53,53,53,53,53,53,53,53,65,65,65,65,65,65,65,55],"gold":199,"neow_bonus":"BOSS_RELIC","is_daily":false,"chose_seed":false,"campfire_upgraded":6,"win_rate":0.0,"timestamp":1611972625,"path_taken":["M","$","?","M","M","R","?","R","T","R","?","?","M","?","R","BOSS","M","M","?","?","$","R","E","R","T","M","?","?","M","M","R","BOSS","M","?","?","$","?","?","$","M","T","?","R","?","?","M","R","BOSS","BOSS","R","$","E","BOSS"],"items_purchased_type":["Card","Card"],"build_version":"2020-12-22","purchased_purges":1,"victory":true,"max_hp_per_floor":[68,68,68,68,68,68,68,68,68,68,68,68,68,68,68,68,68,68,68,68,68,68,68,68,68,68,68,68,68,68,68,68,68,68,68,65,65,65,65,65,65,65,65,65,65,65,65,65,65,65,65,65,65,65,65,65],"card_choices":[{"not_picked":["SashWhip","Perseverance","FlyingSleeves"],"picked":"SKIP","floor":1.0},{"not_picked":["CrushJoints","Prostrate","Collect"],"picked":"SKIP","floor":4.0},{"not_picked":["Protect","Indignation","PathToVictory"],"picked":"SKIP","floor":5.0},{"not_picked":["JustLucky","Worship"],"picked":"Adaptation","floor":11.0},{"not_picked":["EmptyBody","FollowUp","ThirdEye"],"picked":"SKIP","floor":13.0},{"not_picked":["Ragnarok","Alpha"],"picked":"DeusExMachina","floor":16},{"not_picked":["PathToVictory","SandsOfTime","Conclude"],"picked":"SKIP","floor":18},{"not_picked":["Consecrate","FlyingSleeves","EmptyFist"],"picked":"SKIP","floor":19},{"not_picked":["EmptyBody","Consecrate","WheelKick+1"],"picked":"SKIP","floor":24},{"not_picked":["EmptyBody","Consecrate","WheelKick+1"],"picked":"SKIP","floor":24},{"not_picked":["Study","Nirvana+1","PathToVictory"],"picked":"SKIP","floor":27},{"not_picked":["ForeignInfluence","Protect","Collect"],"picked":"SKIP","floor":28},{"not_picked":["Weave","Protect","PathToVictory"],"picked":"SKIP","floor":30},{"not_picked":["InnerPeace","WindmillStrike+1","Collect"],"picked":"SKIP","floor":31},{"not_picked":["Judgement","SpiritShield"],"picked":"Vault","floor":33},{"not_picked":["Evaluate","FlurryOfBlows","Conclude"],"picked":"SKIP","floor":35},{"not_picked":["TalkToTheHand","BattleHymn","PathToVictory+1"],"picked":"SKIP","floor":42},{"not_picked":["WheelKick","CutThroughFate","Consecrate"],"picked":"SKIP","floor":44},{"not_picked":["BowlingBash","DeceiveReality","Protect"],"picked":"SKIP","floor":48},{"not_picked":["Halt","Sanctity","Evaluate+1"],"picked":"SKIP","floor":55}],"player_experience":628887,"relics_obtained":[{"floor":9.0,"key":"Nunchaku"},{"floor":20,"key":"Red Mask"},{"floor":24,"key":"WingedGreaves"}],"event_choices":[{"cards_removed":["Defend_P"],"damage_healed":0.0,"max_hp_gain":0.0,"max_hp_loss":0.0,"gold_gain":0.0,"event_name":"Golden Wing","player_choice":"Card Removal","floor":3.0,"gold_loss":0.0,"damage_taken":7.0},{"damage_healed":0.0,"max_hp_gain":0.0,"max_hp_loss":0.0,"gold_gain":0.0,"event_name":"The Woman in Blue","player_choice":"Bought 1 Potion","floor":7.0,"gold_loss":0.0,"damage_taken":0.0},{"damage_healed":0.0,"max_hp_gain":0.0,"max_hp_loss":0.0,"gold_gain":0.0,"event_name":"Dead Adventurer","player_choice":"Searched \u00270\u0027 times","floor":14.0,"gold_loss":0.0,"damage_taken":0.0},{"damage_healed":0,"gold_gain":0,"player_choice":"Fought Bandits","damage_taken":0,"max_hp_gain":0,"max_hp_loss":0,"event_name":"Masked Bandits","floor":20,"gold_loss":0},{"damage_healed":0,"gold_gain":0,"player_choice":"Bet on Murderer","damage_taken":0,"max_hp_gain":0,"max_hp_loss":0,"event_name":"The Joust","floor":21,"gold_loss":50},{"damage_healed":0,"gold_gain":0,"player_choice":"Max HP","damage_taken":0,"max_hp_gain":0,"max_hp_loss":3,"event_name":"Winding Halls","floor":36,"gold_loss":0},{"cards_removed":["Eruption"],"damage_healed":0,"gold_gain":0,"player_choice":"Removed Attack","damage_taken":0,"max_hp_gain":0,"max_hp_loss":0,"event_name":"Falling","floor":37,"gold_loss":0},{"damage_healed":0,"gold_gain":0,"player_choice":"Ignored","damage_taken":0,"max_hp_gain":0,"max_hp_loss":0,"event_name":"Mysterious Sphere","floor":39,"gold_loss":0},{"cards_removed":["Vigilance"],"damage_healed":0,"gold_gain":0,"player_choice":"Offered Basic","damage_taken":0,"max_hp_gain":0,"max_hp_loss":0,"event_name":"Bonfire Elementals","floor":40,"gold_loss":0},{"damage_healed":0,"gold_gain":0,"player_choice":"Memory 1","damage_taken":0,"max_hp_gain":0,"max_hp_loss":0,"event_name":"SensoryStone","floor":46,"gold_loss":0},{"damage_healed":0,"gold_gain":0,"player_choice":"Tried to Upgrade","damage_taken":0,"max_hp_gain":0,"max_hp_loss":0,"event_name":"Designer","floor":47,"gold_loss":50,"cards_upgraded":["Vault"]}],"is_beta":false,"boss_relics":[{"not_picked":["Snecko Eye","Pandora\u0027s Box","Astrolabe"]},{"not_picked":["Runic Dome","Coffee Dripper","Cursed Key"]}],"items_purged_floors":[12],"is_endless":false,"potions_floor_spawned":[4,16,20,24,28,35],"ascension_level":20}}