{"host":"gfmw02tnhhvp9jba","time":1611991165,"event":{"mods":["AchievementEnabler","BaseMod","Colored Map","Conspire","Downfall","Highlight Path","Minty Spire (QoL Compilation)","Replay The Spire","StSLib"],"gold_per_floor":[215,225,225,238,249,279,297,297,297,74,95,115,159,172,172,172,172],"floor_reached":16,"language":"ENG","playtime":1085,"items_purged":["Injury"],"score":116,"play_id":"8ab60c4c-56a2-49e5-8ead-9f0e74f89bf9","local_time":"20210130081925","is_ascension_mode":false,"campfire_choices":[{"floor":15,"key":"DIG"}],"circlet_count":0,"master_deck":["Strike_P","Strike_P+1","Strike_P","Strike_P","Defend_P","Defend_P","Defend_P","Defend_P","Eruption","Vigilance","FlyingSleeves+1","Crescendo","Protect","LessonLearned","Replay:AtTheReady+1"],"relics":["PureWater","Shovel","Golden Idol","Kunai","ClockworkSouvenir","ReplayFunnel","Replay:Kaleidoscope"],"acts_visited":["Exordium"],"potions_floor_usage":[6,13,13,13,16],"damage_taken":[{"damage":1,"enemies":"conspire:RoseBush","floor":1,"turns":3},{"damage":7,"enemies":"Small Slimes","floor":2,"turns":2},{"damage":0,"enemies":"Jaw Worm","floor":4,"turns":5},{"damage":0,"enemies":"Large Slime","floor":5,"turns":5},{"damage":35,"enemies":"3 Sentries","floor":6,"turns":8},{"damage":0,"enemies":"Blue Slaver","floor":7,"turns":3},{"damage":10,"enemies":"Exordium Thugs","floor":11,"turns":6},{"damage":16,"enemies":"Lots of Slimes","floor":12,"turns":6},{"damage":1,"enemies":"Lagavulin","floor":13,"turns":10},{"damage":0,"enemies":"Looter","floor":14,"turns":3},{"damage":35,"enemies":"Fading Forest","floor":16,"turns":9}],"seed_played":"2656156217561132161","potions_obtained":[{"floor":2,"key":"EssenceOfSteel"},{"floor":5,"key":"Death Potion"},{"floor":7,"key":"Regen Potion"},{"floor":11,"key":"BlessingOfTheForge"},{"floor":14,"key":"BottledMiracle"}],"is_trial":false,"path_per_floor":["M","M","?","M","M","E","M","?","T","$","M","M","E","M","R","B"],"character_chosen":"WATCHER","items_purchased":["ClockworkSouvenir"],"campfire_rested":0,"item_purchase_floors":[10],"current_hp_per_floor":[71,64,64,64,64,29,29,29,29,29,19,3,17,17,17,0,0],"gold":172,"neow_bonus":"HUNDRED_GOLD","is_daily":false,"chose_seed":false,"campfire_upgraded":0,"win_rate":0.0,"timestamp":1611991165,"path_taken":["M","M","?","M","M","E","M","?","T","$","?","M","E","M","R","BOSS"],"items_purchased_type":["Relic"],"build_version":"2020-12-22","purchased_purges":1,"victory":false,"max_hp_per_floor":[72,72,72,72,72,72,72,72,72,72,72,72,72,72,72,72,72],"card_choices":[{"not_picked":["FlurryOfBlows","Replay:DivineShield"],"picked":"FlyingSleeves","floor":1},{"not_picked":["PathToVictory","ThirdEye","Consecrate"],"picked":"SKIP","floor":2},{"not_picked":["Halt","EmptyMind"],"picked":"Crescendo","floor":4},{"not_picked":["FearNoEvil","Wish"],"picked":"Protect","floor":5},{"not_picked":["FlyingSleeves","Replay:Vibes"],"picked":"LessonLearned","floor":6},{"not_picked":["Protect","InnerPeace","BowlingBash"],"picked":"SKIP","floor":7},{"not_picked":["Crescendo","Replay:ManipulateFuture"],"picked":"Replay:AtTheReady","floor":11},{"not_picked":["JustLucky","FollowUp","Scrawl"],"picked":"SKIP","floor":12},{"not_picked":["CutThroughFate","Consecrate","WheelKick"],"picked":"SKIP","floor":13},{"not_picked":["PathToVictory","Replay:ManipulateFuture","JustLucky"],"picked":"SKIP","floor":14}],"player_experience":105583,"relics_obtained":[{"floor":6,"key":"Shovel"},{"floor":9,"key":"Kunai"},{"floor":13,"key":"ReplayFunnel"},{"floor":15,"key":"Replay:Kaleidoscope"}],"event_choices":[{"damage_healed":0,"gold_gain":0,"player_choice":"Leave","damage_taken":0,"max_hp_gain":0,"max_hp_loss":0,"event_name":"conspire:Investor","floor":3,"gold_loss":0},{"damage_healed":0,"gold_gain":0,"player_choice":"Take Wound","damage_taken":0,"relics_obtained":["Golden Idol"],"max_hp_gain":0,"max_hp_loss":0,"event_name":"Golden Idol","floor":8,"gold_loss":0,"cards_obtained":["Injury"]}],"is_beta":false,"boss_relics":[],"items_purged_floors":[10],"is_endless":false,"potions_floor_spawned":[2,5,7,11,14],"killed_by":"Fading Forest","ascension_level":0}}