{"host":"bgyhjzqafgkxdxsh","time":1611979448,"event":{"mods":["BaseMod","Colored Map","Downfall","Minty Spire (QoL Compilation)","Relic Stats","StSLib","everything is the same but u backflip on backflip"],"gold_per_floor":[0,19,33,33,18,18,45,45,45,65,91,191,22,22,35,136,136,36,53,71,71,71,88,88,104,22,22,22,22],"floor_reached":27,"language":"ENG","playtime":1592,"items_purged":[],"score":211,"play_id":"48c5fe7c-6d91-4d44-9367-6ca6182ecf46","local_time":"20210130140408","is_ascension_mode":false,"campfire_choices":[{"floor":1,"key":"RECALL"},{"data":"Guardian:CurlUp","floor":6,"key":"SMITH"},{"data":"Guardian:TwinSlam","floor":8,"key":"SMITH"},{"data":"Guardian:DecasProtection","floor":18,"key":"SMITH"}],"circlet_count":0,"master_deck":["Guardian:Strike_Guardian","Guardian:Strike_Guardian","Guardian:Strike_Guardian","Guardian:Defend_Guardian","Guardian:Defend_Guardian","Guardian:Defend_Guardian","Guardian:Defend_Guardian","Guardian:CurlUp+1","Guardian:TwinSlam+1","Panache","Guardian:ShieldCharger","Guardian:RevengeProtocol","Guardian:DecasProtection+1","Guardian:RollAttack","Guardian:RollAttack+1","Guardian:TemporalStrike+1","RitualDagger+1","Pain","Guardian:Gem_Fragmented","Guardian:BodySlam+1","Guardian:PrismaticBeam+1","Guardian:PolyBeam+1"],"relics":["Guardian:ModeShifter","Tiny Chest","HornCleat","Molten Egg 2","Guardian:StasisSlotReductionRelic","downfall:HeartBlessingRed","Happy Flower"],"acts_visited":["Exordium","TheCity"],"potions_floor_usage":[11,16,16],"damage_taken":[{"damage":22,"enemies":"Jaw Worm","floor":2,"turns":6},{"damage":1,"enemies":"Cultist","floor":3,"turns":6},{"damage":0,"enemies":"downfall:FleeingMerchant","floor":5,"turns":4},{"damage":12,"enemies":"Small Slimes","floor":10,"turns":4},{"damage":22,"enemies":"Gremlin Nob","floor":11,"turns":6},{"damage":0,"enemies":"downfall:FleeingMerchant","floor":13,"turns":4},{"damage":8,"enemies":"Red Slaver","floor":15,"turns":5},{"damage":26,"enemies":"SI_SHIV_ARCHETYPE","floor":16,"turns":10},{"damage":5,"enemies":"Chosen","floor":19,"turns":4},{"damage":0,"enemies":"3 Byrds","floor":20,"turns":4},{"damage":19,"enemies":"Shelled Parasite and Fungi","floor":23,"turns":6},{"damage":29,"enemies":"Chosen and Byrds","floor":25,"turns":8},{"damage":0,"enemies":"downfall:FleeingMerchant","floor":26,"turns":4},{"damage":21,"enemies":"Gremlin Leader","floor":27,"turns":6}],"seed_played":"-5366259047698104410","potions_obtained":[{"floor":2,"key":"Regen Potion"},{"floor":10,"key":"Explosive Potion"},{"floor":11,"key":"PowerPotion"},{"floor":15,"key":"Guardian:BlockOnCardUsePotion"},{"floor":20,"key":"Guardian:AcceleratePotion"}],"is_trial":false,"path_per_floor":["R","M","M","?","$","R","T","R","?","M","E","?","$","T","M","B",null,"R","M","M","?","?","M","T","M","$","E"],"character_chosen":"GUARDIAN","items_purchased":["Guardian:Gem_Synthetic","Guardian:PolyBeam+1"],"campfire_rested":0,"item_purchase_floors":[13,26],"current_hp_per_floor":[80,58,57,57,57,57,57,57,57,45,38,38,38,38,30,4,80,80,75,75,69,69,50,50,21,21,0,0,0],"gold":22,"neow_bonus":"RANDOM_COLORLESS_2","is_daily":false,"chose_seed":false,"campfire_upgraded":3,"win_rate":0.0,"timestamp":1611979448,"path_taken":["R","M","M","?","?","R","T","R","?","?","E","?","$","?","M","BOSS","R","?","M","?","?","M","T","M","$","E"],"items_purchased_type":["Card","Card"],"build_version":"2020-12-22","purchased_purges":0,"victory":false,"max_hp_per_floor":[80,80,80,80,80,80,80,80,80,80,80,80,80,80,80,80,80,80,80,80,80,80,80,80,80,80,80,80,80],"relic_stats":{"Happy Flower":[8],"counters":[14,77],"Tiny Chest":1,"obtain_stats":[{"Guardian:StasisSlotReductionRelic":17,"HornCleat":11,"downfall:HeartBlessingRed":18,"Happy Flower":22,"Guardian:ModeShifter":0,"Tiny Chest":7,"Molten Egg 2":14},{"Guardian:StasisSlotReductionRelic":8,"HornCleat":5,"downfall:HeartBlessingRed":8,"Happy Flower":10,"Guardian:ModeShifter":0,"Tiny Chest":3,"Molten Egg 2":6},{"Guardian:StasisSlotReductionRelic":45,"HornCleat":26,"downfall:HeartBlessingRed":45,"Happy Flower":53,"Guardian:ModeShifter":0,"Tiny Chest":16,"Molten Egg 2":30}]},"card_choices":[{"not_picked":["Sadistic Nature","Secret Technique"],"picked":"Panache","floor":0},{"not_picked":["Guardian:EvasiveProtocol","Guardian:TemporalShield"],"picked":"Guardian:ShieldCharger","floor":2},{"not_picked":["Guardian:Recover","Guardian:GuardianWhirl"],"picked":"Guardian:Gem_Red","floor":3},{"not_picked":["Guardian:Gem_Fragmented","Guardian:BronzeOrb"],"picked":"Guardian:RevengeProtocol","floor":5},{"not_picked":["Guardian:Emergency","Guardian:VentSteam"],"picked":"Guardian:DecasProtection","floor":10},{"not_picked":["Guardian:TimeBomb","Guardian:ShieldCharger","Guardian:SpikerProtocol"],"picked":"SKIP","floor":11},{"not_picked":["Guardian:WalkerClaw","Guardian:CrystalBeam"],"picked":"Guardian:RollAttack","floor":13},{"not_picked":["Guardian:Gem_Red","Guardian:SpikerProtocol"],"picked":"Guardian:RollAttack+1","floor":15},{"not_picked":["Guardian:StasisField","Guardian:ExploitGems"],"picked":"Guardian:Gem_Orange","floor":16},{"not_picked":["Guardian:CrystalBeam+1","Guardian:PrismaticBarrier"],"picked":"Guardian:TemporalStrike+1","floor":19},{"not_picked":["Guardian:SentryBeam+1","Guardian:TimeBomb","Guardian:RollAttack+1"],"picked":"SKIP","floor":20},{"not_picked":["Guardian:Planning","Guardian:CrystalBeam+1"],"picked":"Guardian:Gem_Fragmented","floor":23},{"not_picked":["Guardian:Planning","Guardian:ShieldSpikes"],"picked":"Guardian:BodySlam+1","floor":25},{"not_picked":["Guardian:Harden","Guardian:TimeCapacitor"],"picked":"Guardian:PrismaticBeam+1","floor":26}],"player_experience":473535,"relics_obtained":[{"floor":7,"key":"Tiny Chest"},{"floor":11,"key":"HornCleat"},{"floor":14,"key":"Molten Egg 2"}],"event_choices":[{"damage_healed":0,"gold_gain":100,"player_choice":"Gold","damage_taken":0,"max_hp_gain":0,"max_hp_loss":0,"event_name":"Wheel of Change","floor":12,"gold_loss":0}],"is_beta":false,"boss_relics":[{"not_picked":["Guardian:ModeShifterPlus","Runic Pyramid"],"picked":"Guardian:StasisSlotReductionRelic"}],"items_purged_floors":[],"is_endless":false,"potions_floor_spawned":[2,10,11,15,20],"killed_by":"Gremlin Leader","ascension_level":0}}