{"host":"usrgk25etjl0nf5i","time":1611981725,"event":{"mods":["2.2 Compatiblity","BaseMod","Downfall","Hubris","Minty Spire (QoL Compilation)","Permanent Neow","StSLib","SuperFastMode"],"gold_per_floor":[13,29,49,49,68,100,115,146,146,146,146,160,160,176,176,275,275,291,291,307,317,317,317,350,350,373,373,373,389,423,215,215,326,326,347,33,33,47,47,47,47],"floor_reached":40,"language":"ENG","playtime":1693,"items_purged":[],"score":576,"play_id":"8a2fc7d9-8397-43c3-ae27-98e770525af8","local_time":"20210129204205","is_ascension_mode":true,"campfire_choices":[{"floor":11,"key":"REST"},{"data":"Adaptation","floor":15,"key":"SMITH"},{"data":"Crescendo","floor":23,"key":"SMITH"},{"floor":25,"key":"REST"},{"floor":27,"key":"REST"},{"data":"Study","floor":32,"key":"SMITH"}],"circlet_count":0,"master_deck":["Strike_P","Strike_P","Strike_P","Strike_P","Defend_P","Defend_P","Defend_P","Defend_P","Eruption","Vigilance","Panache","LikeWater","ClearTheMind+1","FollowUp","Vault","Evaluate","WheelKick","Adaptation+1","JustLucky","DevaForm","FlurryOfBlows","Crescendo+1","FollowUp","FlurryOfBlows","Necronomicurse","Perseverance","LikeWater","Study+1","LessonLearned","ReachHeaven+1"],"relics":["HolyWater","Bottled Lightning","PreservedInsect","Yang","FaceOfCleric","Blood Vial","hexamod:BolsterEngine","Necronomicon","CeramicFish","Oddly Smooth Stone","Philosopher\u0027s Stone","hubris:CuriousFeather","hubris:Icosahedron"],"acts_visited":["Exordium","TheCity","TheBeyond"],"potions_floor_usage":[6,6,7,14,20,21,30,33,33,33,38,38],"damage_taken":[{"damage":0,"enemies":"Cultist","floor":1,"turns":3},{"damage":2,"enemies":"Jaw Worm","floor":2,"turns":3},{"damage":0,"enemies":"2 Louse","floor":3,"turns":2},{"damage":0,"enemies":"Blue Slaver","floor":5,"turns":5},{"damage":8,"enemies":"3 Sentries","floor":6,"turns":4},{"damage":0,"enemies":"3 Louse","floor":7,"turns":1},{"damage":23,"enemies":"Lagavulin","floor":8,"turns":8},{"damage":0,"enemies":"Large Slime","floor":12,"turns":3},{"damage":0,"enemies":"Lots of Slimes","floor":14,"turns":4},{"damage":17,"enemies":"Slime Boss","floor":16,"turns":7},{"damage":20,"enemies":"3 Byrds","floor":18,"turns":5},{"damage":7,"enemies":"Shell Parasite","floor":20,"turns":6},{"damage":11,"enemies":"Shelled Parasite and Fungi","floor":21,"turns":5},{"damage":62,"enemies":"Slavers","floor":24,"turns":9},{"damage":0,"enemies":"Snecko","floor":29,"turns":2},{"damage":0,"enemies":"Gremlin Leader","floor":30,"turns":5},{"damage":30,"enemies":"Automaton","floor":33,"turns":12},{"damage":6,"enemies":"Orb Walker","floor":35,"turns":5},{"damage":0,"enemies":"3 Darklings","floor":38,"turns":3},{"damage":75,"enemies":"Reptomancer","floor":40,"turns":2}],"seed_played":"-8309094439050258820","potions_obtained":[{"floor":2,"key":"DuplicationPotion"},{"floor":5,"key":"champ:CounterPotion"},{"floor":6,"key":"Explosive Potion"},{"floor":8,"key":"Dexterity Potion"},{"floor":13,"key":"FairyPotion"},{"floor":13,"key":"SteroidPotion"},{"floor":16,"key":"Regen Potion"},{"floor":24,"key":"AttackPotion"},{"floor":30,"key":"EntropicBrew"},{"floor":33,"key":"Ancient Potion"},{"floor":35,"key":"GamblersBrew"}],"is_trial":false,"path_per_floor":["M","M","M","?","M","E","M","E","T","$","R","M","?","M","R","B",null,"M","?","M","M","?","R","E","R","T","R","?","M","E","$","R","B",null,"M","$","?","M","?","E"],"character_chosen":"WATCHER","items_purchased":["Oddly Smooth Stone","Study","hubris:CuriousFeather"],"campfire_rested":3,"item_purchase_floors":[31,31,36],"current_hp_per_floor":[72,70,70,70,70,62,62,39,39,39,60,60,60,60,60,43,65,45,45,54,44,44,44,23,45,45,67,51,54,57,57,57,30,66,63,63,63,66,66,0,0],"gold":47,"neow_bonus":"RANDOM_COLORLESS_2","is_daily":false,"chose_seed":false,"campfire_upgraded":3,"win_rate":0.0,"timestamp":1611981725,"path_taken":["M","M","?","?","M","E","M","E","T","$","R","M","?","M","R","BOSS","M","?","M","?","?","R","E","R","T","R","?","M","E","?","R","BOSS","M","$","?","M","?","E"],"items_purchased_type":["Relic","Card","Relic"],"build_version":"2020-12-22","purchased_purges":0,"victory":false,"max_hp_per_floor":[72,72,72,72,72,72,72,72,72,72,72,72,72,72,72,72,72,72,72,73,74,74,74,75,75,75,75,75,76,77,77,77,78,78,79,79,79,80,80,80,80],"card_choices":[{"not_picked":["Magnetism","Mayhem"],"picked":"Panache","floor":0},{"not_picked":["BattleHymn","JustLucky"],"picked":"LikeWater","floor":1},{"not_picked":["ThirdEye","WindmillStrike"],"picked":"JustLucky","floor":2},{"not_picked":["SignatureMove","InnerPeace"],"picked":"ClearTheMind","floor":3},{"not_picked":["EmptyFist","Tantrum"],"picked":"FollowUp","floor":5},{"not_picked":["Collect","Vengeance"],"picked":"Vault","floor":6},{"not_picked":["Worship","Study"],"picked":"Evaluate","floor":7},{"not_picked":["Indignation","CarveReality"],"picked":"WheelKick","floor":8},{"not_picked":["TalkToTheHand","EmptyBody"],"picked":"Adaptation","floor":12},{"not_picked":["ThirdEye","Vengeance"],"picked":"JustLucky","floor":14},{"not_picked":["LessonLearned","Omniscience"],"picked":"DevaForm","floor":16},{"not_picked":["InnerPeace+1","EmptyBody+1"],"picked":"FlurryOfBlows","floor":18},{"not_picked":["Halt","Meditate"],"picked":"Crescendo","floor":20},{"not_picked":["SandsOfTime","Prostrate"],"picked":"FollowUp","floor":21},{"not_picked":["SandsOfTime","Judgement"],"picked":"FlurryOfBlows","floor":24},{"not_picked":["SashWhip","FearNoEvil"],"picked":"Perseverance","floor":29},{"not_picked":["Meditate+1","Prostrate"],"picked":"LikeWater","floor":30},{"not_picked":["Wish","Brilliance"],"picked":"LessonLearned","floor":33},{"not_picked":["EmptyBody","Indignation"],"picked":"ReachHeaven+1","floor":35},{"not_picked":["Study","EmptyBody+1","WreathOfFlame"],"picked":"SKIP","floor":38}],"player_experience":678287,"relics_obtained":[{"floor":6,"key":"Bottled Lightning"},{"floor":8,"key":"PreservedInsect"},{"floor":9,"key":"Yang"},{"floor":24,"key":"Blood Vial"},{"floor":26,"key":"hexamod:BolsterEngine"},{"floor":28,"key":"Necronomicon"},{"floor":30,"key":"CeramicFish"}],"event_choices":[{"damage_healed":0,"gold_gain":0,"player_choice":"Grow","damage_taken":0,"max_hp_gain":0,"max_hp_loss":0,"event_name":"Living Wall","floor":4,"gold_loss":0,"cards_upgraded":["ClearTheMind"]},{"damage_healed":0,"gold_gain":0,"player_choice":"Got Potions","damage_taken":0,"max_hp_gain":0,"max_hp_loss":0,"event_name":"Lab","floor":13,"gold_loss":0},{"damage_healed":0,"gold_gain":0,"player_choice":"Trade","damage_taken":0,"relics_obtained":["FaceOfCleric"],"max_hp_gain":0,"max_hp_loss":0,"event_name":"FaceTrader","floor":19,"gold_loss":0},{"damage_healed":0,"gold_gain":0,"player_choice":"Obtained Book","damage_taken":16,"max_hp_gain":0,"max_hp_loss":0,"event_name":"Cursed Tome","floor":28,"gold_loss":0},{"cards_removed":["JustLucky"],"damage_healed":0,"gold_gain":0,"player_choice":"Removed Attack","damage_taken":0,"max_hp_gain":0,"max_hp_loss":0,"event_name":"Falling","floor":39,"gold_loss":0}],"is_beta":false,"boss_relics":[{"not_picked":["Runic Dome","SlaversCollar"],"picked":"HolyWater"},{"not_picked":["hubris:Stopwatch","hubris:ScarierMask"],"picked":"Philosopher\u0027s Stone"}],"items_purged_floors":[],"is_endless":false,"potions_floor_spawned":[2,5,6,8,16,24,30,33,35],"killed_by":"Reptomancer","ascension_level":5}}