{"host":"sav7uxregyirlf69","time":1611969677,"event":{"mods":["AchievementEnabler","BaseMod","Colored Map","DeckTracker","Keyboard Shortcuts","Minty Spire (QoL Compilation)","READ ME - Guardian Mod","StSLib","SuperFastMode"],"gold_per_floor":[111,111,129,147,222,250,250,266,344,324,339,339,23,43,43,43,43],"floor_reached":16,"language":"KOR","playtime":210,"items_purged":["Strike_R"],"score":204,"play_id":"96db361b-8b88-4ed4-bc90-8d4f0684a74a","local_time":"20210130102117","is_ascension_mode":true,"campfire_choices":[{"data":"Carnage","floor":7,"key":"SMITH"},{"floor":12,"key":"REST"},{"data":"Barricade","floor":15,"key":"SMITH"}],"circlet_count":0,"master_deck":["AscendersBane","Strike_R","Strike_R","Strike_R","Defend_R","Defend_R","Defend_R","Defend_R","Bash","Inflame","Iron Wave","Carnage+1","Pommel Strike","Barricade+1","Twin Strike+1","Battle Trance"],"relics":["Burning Blood","NeowsBlessing","WingedGreaves","Molten Egg 2","Vajra"],"acts_visited":["Exordium"],"potions_floor_usage":[16],"damage_taken":[{"damage":0,"enemies":"Small Slimes","floor":1,"turns":1},{"damage":0,"enemies":"Cultist","floor":3,"turns":1},{"damage":0,"enemies":"Jaw Worm","floor":4,"turns":1},{"damage":27,"enemies":"Gremlin Nob","floor":6,"turns":4},{"damage":22,"enemies":"Exordium Thugs","floor":8,"turns":5},{"damage":8,"enemies":"Exordium Wildlife","floor":11,"turns":4},{"damage":7,"enemies":"Looter","floor":14,"turns":3},{"damage":44,"enemies":"The Guardian","floor":16,"turns":8}],"seed_played":"-246943218856175504","potions_obtained":[{"floor":6,"key":"Weak Potion"},{"floor":8,"key":"SteroidPotion"}],"is_trial":false,"path_per_floor":["M","?","M","M","?","E","R","M","T","?","M","R","$","M","R","B"],"character_chosen":"IRONCLAD","items_purchased":["Battle Trance","Vajra"],"campfire_rested":1,"item_purchase_floors":[13,13],"current_hp_per_floor":[74,74,75,75,64,43,43,27,27,27,25,47,47,46,46,2,2],"gold":43,"neow_bonus":"THREE_ENEMY_KILL","is_daily":false,"chose_seed":false,"campfire_upgraded":2,"win_rate":0.0,"timestamp":1611969677,"path_taken":["M","?","M","?","?","E","R","M","T","?","?","R","$","M","R","BOSS"],"items_purchased_type":["Card","Relic"],"build_version":"2020-12-22","purchased_purges":1,"victory":false,"max_hp_per_floor":[75,75,75,75,75,75,75,75,75,75,75,75,75,75,75,75,75],"card_choices":[{"not_picked":["Armaments","Havoc"],"picked":"Inflame","floor":1},{"not_picked":["Warcry","Perfected Strike"],"picked":"Carnage","floor":3},{"not_picked":["Perfected Strike","Headbutt"],"picked":"Pommel Strike","floor":4},{"not_picked":["Sentinel","Fire Breathing"],"picked":"Barricade","floor":6},{"not_picked":["Clothesline","Clash","Anger"],"picked":"SKIP","floor":8},{"not_picked":["Warcry","Hemokinesis+1"],"picked":"Twin Strike+1","floor":11},{"not_picked":["True Grit","Dual Wield","Rupture"],"picked":"SKIP","floor":14}],"player_experience":1433212,"relics_obtained":[{"floor":6,"key":"WingedGreaves"},{"floor":9,"key":"Molten Egg 2"}],"event_choices":[{"damage_healed":0,"gold_gain":0,"cards_transformed":["Strike_R"],"player_choice":"Transformed","damage_taken":0,"max_hp_gain":0,"max_hp_loss":0,"event_name":"Transmorgrifier","floor":2,"gold_loss":0,"cards_obtained":["Iron Wave"]},{"damage_healed":0,"gold_gain":75,"player_choice":"Gather Gold","damage_taken":11,"max_hp_gain":0,"max_hp_loss":0,"event_name":"World of Goop","floor":5,"gold_loss":0},{"damage_healed":0,"gold_gain":0,"player_choice":"Bought 1 Potion","damage_taken":0,"max_hp_gain":0,"max_hp_loss":0,"event_name":"The Woman in Blue","floor":10,"gold_loss":0}],"is_beta":false,"boss_relics":[],"items_purged_floors":[13],"is_endless":false,"potions_floor_spawned":[6,8,11],"killed_by":"The Guardian","ascension_level":20}}