{"host":"z7byfb4bpt09dh7e","time":1611966124,"event":{"mods":["Aspiration","BaseMod","BetterRewards","Colored Map","Displayed Cursed Tome","Infinite Spire","Minty Spire (QoL Compilation)","Reliquary","Replay The Spire","StSLib","The Blue Laboratory","The Marked","Uncapped"],"gold_per_floor":[112,130,76,154,229,240,240,57,84,49,76,57,69,69,69,167,167,180,197,211,211,222,222,257,257,257,275,275,275,374,392,392,489,489,500,545,545,591,591,591,591,491,491],"floor_reached":42,"language":"ENG","playtime":4242,"items_purged":[],"score":571,"play_id":"13ca3869-7fce-4314-b392-9364407fabb4","local_time":"20210129192204","is_ascension_mode":false,"campfire_choices":[{"floor":7.0,"key":"REST"},{"data":"theMarked:Generate","floor":7.0,"key":"SMITH"},{"floor":15.0,"key":"REST"},{"data":"theMarked:MysticalArsenal","floor":15.0,"key":"SMITH"},{"floor":23,"key":"REST"},{"data":"theMarked:Improvise","floor":23,"key":"SMITH"},{"floor":25,"key":"REST"},{"data":"theMarked:SoldierOfQuellstein","floor":25,"key":"SMITH"},{"floor":28,"key":"REST"},{"data":"theMarked:CreepingChasm","floor":28,"key":"SMITH"},{"floor":32,"key":"REST"}],"circlet_count":0,"master_deck":["theMarked:Strike","theMarked:Strike","theMarked:Strike","theMarked:Strike","theMarked:Strike","theMarked:Defend","theMarked:Defend","theMarked:Defend","theMarked:Defend","theMarked:SoldierOfQuellstein+1","theMarked:RogueSparks","theMarked:SwordAndMagic+1","Dark Shackles","theMarked:Generate+1","theMarked:Friction","theMarked:LightningStrikesTwice+1","theMarked:Improvise+1","theMarked:ElectricStrings","theMarked:MysticalArsenal+1","theMarked:ResourceFulStrike+1","theMarked:Friction+1","theMarked:Levitate","theMarked:RepellingDischarge+1","theMarked:RepellingDischarge","theMarked:Electrify+1","theMarked:ChainLightning","theMarked:Heritage+1","theMarked:CreepingChasm+1","theMarked:CreepingChasm","theMarked:Levitate","theMarked:Frustration+1","Parasite","theMarked:Panic+1","Sickly"],"relics":["theMarked:ArtifactOfAir","aspiration:Nostalgia","Ring of the Snake","Peace Pipe","infinitespire:Magic Flask","Membership Card","Simple Rune","Gremlin Horn","Black Star","Replay:Accelerometer","Red Mask","Blue Candle","Cursed Key","infinitespire:EvilPickle","Toxic Egg 2","Ring of Misfortune","Ring of Fury"],"acts_visited":["Exordium","TheCity","TheBeyond"],"potions_floor_usage":[33,33,33,42],"damage_taken":[{"damage":0.0,"enemies":"Jaw Worm","floor":1.0,"turns":3.0},{"damage":0.0,"enemies":"Small Slimes","floor":2.0,"turns":2.0},{"damage":0.0,"enemies":"2 Louse","floor":6.0,"turns":1.0},{"damage":0.0,"enemies":"Replay:BlueRogue","floor":11.0,"turns":3.0},{"damage":2.0,"enemies":"Looter","floor":13.0,"turns":2.0},{"damage":33.0,"enemies":"Fading Forest","floor":16.0,"turns":11.0},{"damage":19,"enemies":"Chosen","floor":18,"turns":5},{"damage":13,"enemies":"Spheric Guardian","floor":19,"turns":4},{"damage":0,"enemies":"Snecko","floor":20,"turns":4},{"damage":19,"enemies":"Centurion and Healer","floor":22,"turns":9},{"damage":8,"enemies":"Masked Bandits","floor":24,"turns":4},{"damage":20,"enemies":"Snake Plant","floor":27,"turns":4},{"damage":0,"enemies":"Cultist and Chosen","floor":31,"turns":3},{"damage":55,"enemies":"Pondfish","floor":33,"turns":11},{"damage":2,"enemies":"Orb Walker","floor":35,"turns":4},{"damage":9,"enemies":"3 Darklings","floor":36,"turns":4},{"damage":22,"enemies":"Writhing Mass","floor":38,"turns":6},{"damage":44,"enemies":"Nightmare","floor":42,"turns":8}],"seed_played":"-1897502242331682146","potions_obtained":[{"floor":1.0,"key":"FearPotion"},{"floor":6.0,"key":"SkillPotion"},{"floor":18,"key":"blueLaboratory:PhilterOfMotion"},{"floor":22,"key":"Reflective Coating"},{"floor":35,"key":"Explosive Potion"},{"floor":36,"key":"ColorlessPotion"}],"is_trial":false,"path_per_floor":["M","M","$","?","?","M","R","$","T","?","E","$","M","?","R","B",null,"M","M","M","AVR","M","R","?","R","T","M","R","?","?","M","R","B",null,"M","M","?","M","?","PTL","PTL","NM"],"character_chosen":"THE_DEFAULT","items_purchased":["aspiration:Nostalgia","theMarked:RogueSparks","infinitespire:Magic Flask","Dark Shackles","theMarked:LightningStrikesTwice+1","Membership Card","theMarked:ElectricStrings","theMarked:ResourceFulStrike+1"],"campfire_rested":6,"item_purchase_floors":[0,0,0,0,3,8,8,12],"current_hp_per_floor":[38,38,38,38,27,27,48,48,48,65,65,65,63,49,70,63,70,51,38,38,38,19,40,32,53,53,33,54,54,54,54,70,15,70,68,59,59,37,37,37,37,0,0],"gold":491,"neow_bonus":"","is_daily":false,"chose_seed":false,"campfire_upgraded":5,"win_rate":0.0,"timestamp":1611966124,"path_taken":["M","M","$","?","?","M","R","$","T","?","E","$","M","?","R","BOSS","M","M","M","AVR","M","R","?","R","T","M","R","?","?","M","R","BOSS","M","M","?","?","?","PTL","PTL","NM"],"items_purchased_type":["Relic","Card","Relic","Card","Card","Relic","Card","Card"],"build_version":"2020-12-22","purchased_purges":0,"victory":false,"max_hp_per_floor":[70,70,70,70,70,70,70,70,70,70,70,70,70,70,70,70,70,70,70,70,70,70,70,70,70,70,70,70,70,70,70,70,70,70,70,70,70,70,70,70,70,70,70],"card_choices":[{"not_picked":["theMarked:ParalyzingBlade","theMarked:EnhanceMovement"],"picked":"theMarked:Generate","floor":1.0},{"not_picked":["theMarked:GodGivenPower","theMarked:SwordAndMagic"],"picked":"theMarked:Friction","floor":2.0},{"not_picked":["theMarked:EmpowerWeapon","theMarked:HeightenedSenses"],"picked":"theMarked:Improvise","floor":6.0},{"not_picked":["theMarked:ParalyzingBlade","theMarked:TheMission"],"picked":"theMarked:MysticalArsenal","floor":11.0},{"not_picked":["theMarked:WardOff","theMarked:RepellingDischarge"],"picked":"theMarked:Friction","floor":13.0},{"not_picked":["theMarked:DispelDoubt","theMarked:ThrowWeapon"],"picked":"theMarked:Levitate","floor":16.0},{"not_picked":["theMarked:Determination+1","theMarked:OneWithTheBlade"],"picked":"theMarked:RepellingDischarge+1","floor":18},{"not_picked":["theMarked:TakeCover","theMarked:Aftermath"],"picked":"theMarked:RepellingDischarge","floor":19},{"not_picked":["theMarked:HeightenedSenses","theMarked:EmpowerWeapon+1"],"picked":"theMarked:Electrify+1","floor":20},{"not_picked":["theMarked:ShockingTouch","theMarked:Seal+1"],"picked":"theMarked:ChainLightning","floor":22},{"not_picked":["theMarked:Memento","theMarked:Parry"],"picked":"theMarked:Heritage+1","floor":24},{"not_picked":["theMarked:Frustration","theMarked:SwordAndMagic"],"picked":"theMarked:CreepingChasm","floor":27},{"not_picked":["theMarked:Electrify+1","theMarked:Heritage"],"picked":"theMarked:CreepingChasm","floor":31},{"not_picked":["theMarked:SuspiciousRaven","theMarked:FavorableWinds"],"picked":"theMarked:Levitate","floor":33},{"not_picked":["theMarked:ChannelForce+1","theMarked:Memento"],"picked":"theMarked:Frustration+1","floor":35},{"not_picked":["theMarked:TunnelVision","theMarked:ParalyzingBlade","theMarked:TwofoldDefense"],"picked":"SKIP","floor":36},{"not_picked":["theMarked:BanishingStrike+1","theMarked:CreepingChasm+1"],"picked":"theMarked:Panic+1","floor":38}],"player_experience":290375,"relics_obtained":[{"floor":9.0,"key":"Simple Rune"},{"floor":11.0,"key":"Gremlin Horn"},{"floor":24,"key":"Red Mask"},{"floor":26,"key":"Blue Candle"},{"floor":39,"key":"Ring of Misfortune"},{"floor":39,"key":"Ring of Fury"}],"event_choices":[{"damage_healed":0.0,"max_hp_gain":0.0,"max_hp_loss":0.0,"gold_gain":78.0,"event_name":"Golden Wing","player_choice":"Gained Gold","floor":4.0,"gold_loss":0.0,"damage_taken":0.0},{"damage_healed":0.0,"max_hp_gain":0.0,"max_hp_loss":0.0,"gold_gain":75.0,"event_name":"World of Goop","player_choice":"Gather Gold","floor":5.0,"gold_loss":0.0,"damage_taken":11.0},{"damage_healed":17.0,"max_hp_gain":0.0,"max_hp_loss":0.0,"gold_gain":0.0,"event_name":"The Cleric","player_choice":"Healed","floor":10.0,"gold_loss":35.0,"damage_taken":0.0},{"damage_healed":0.0,"max_hp_gain":0.0,"max_hp_loss":0.0,"gold_gain":0.0,"event_name":"Shining Light","player_choice":"Entered Light","floor":14.0,"gold_loss":0.0,"damage_taken":14.0,"cards_upgraded":["theMarked:Friction","theMarked:SwordAndMagic"]},{"damage_healed":0,"gold_gain":0,"player_choice":"Fought Bandits","damage_taken":0,"max_hp_gain":0,"max_hp_loss":0,"event_name":"Masked Bandits","floor":24,"gold_loss":0},{"damage_healed":0,"gold_gain":0,"player_choice":"Ignored","damage_taken":0,"max_hp_gain":0,"max_hp_loss":0,"event_name":"Ghosts","floor":29,"gold_loss":0},{"damage_healed":0,"gold_gain":99,"player_choice":"Stole From Cult","damage_taken":0,"max_hp_gain":0,"max_hp_loss":0,"event_name":"Nest","floor":30,"gold_loss":0},{"damage_healed":0,"gold_gain":0,"player_choice":"Gave Potion","damage_taken":0,"relics_obtained":["Toxic Egg 2"],"max_hp_gain":0,"max_hp_loss":0,"event_name":"WeMeetAgain","floor":37,"gold_loss":0}],"is_beta":false,"boss_relics":[{"not_picked":["Astrolabe","Pandora\u0027s Box"],"picked":"Black Star"},{"not_picked":["reliquary:KinkedSpring","reliquary:Ember"],"picked":"Cursed Key"}],"items_purged_floors":[],"is_endless":false,"potions_floor_spawned":[1,6,18,22,35,36],"killed_by":"Nightmare","ascension_level":0}}