{"host":"5nrsd95zehlinljn","time":1611966455,"event":{"mods":["2.2 Compatiblity","BaseMod","Beaked The Cultist","Better Note","Friendly Minions","GifTheSpireLib","Mad Scientist","Minty Spire (QoL Compilation)","StS++","StSLib","The Construct","The Disciple","everything is the same but u backflip on backflip","thorton"],"gold_per_floor":[182,31,125,152,114,114,173,0,0,0,73,112,112,112,112,161,161,161],"floor_reached":16,"language":"ENG","playtime":1216,"items_purged":["thethorton:BookBash"],"score":123,"play_id":"e25da5be-fcef-4f34-81bb-fabfe5c4ed51","local_time":"20210130002735","daily_mods":["Draft","Heirloom"],"is_ascension_mode":false,"campfire_choices":[{"floor":6,"key":"REST"},{"data":"thethorton:SeeingDouble","floor":10,"key":"SMITH"},{"floor":15,"key":"REST"}],"circlet_count":0,"master_deck":["thethorton:BusinessCard","thethorton:LongTermPayoff","thethorton:GoldBuffer","thethorton:SnowDay","thethorton:SeeingDouble+1","thethorton:WhirlingBriefcase","thethorton:GoldBuffer","thethorton:DownPayment","thethorton:ROI","thethorton:HitAhead","thethorton:PocketChange","thethorton:PocketChange","thethorton:BusinessCard","thethorton:PocketChange","thethorton:HitAhead","thethorton:PowerUp","thethorton:OddChange","thethorton:BusinessBoom","Finesse","thethorton:PowerUp","thethorton:WhirlingBriefcase"],"relics":["Unceasing Top","construct:BoolHorns","Ice Cream","InkBottle","construct:FoamFinger","Molten Egg 2"],"acts_visited":["Exordium"],"potions_floor_usage":[],"damage_taken":[{"damage":11,"enemies":"Jaw Worm","floor":1,"turns":4},{"damage":0,"enemies":"2 Louse","floor":3,"turns":4},{"damage":18,"enemies":"Small Slimes","floor":4,"turns":6},{"damage":20,"enemies":"3 Sentries","floor":11,"turns":7},{"damage":15,"enemies":"Gremlin Gang","floor":12,"turns":6},{"damage":47,"enemies":"Hexaghost","floor":16,"turns":10}],"seed_played":"5268125082275258679","potions_obtained":[{"floor":4,"key":"SpeedPotion"},{"floor":12,"key":"SteroidPotion"}],"is_trial":true,"path_per_floor":["M","$","M","M","?","R","?","$","T","R","E","M","?","T","R","B"],"character_chosen":"THE_THORT","items_purchased":["thethorton:PowerUp","Finesse","thethorton:PowerUp"],"campfire_rested":2,"item_purchase_floors":[2,8,8],"current_hp_per_floor":[57,57,57,39,39,59,59,59,59,59,39,24,24,24,44,0,0,0],"gold":161,"neow_bonus":"","is_daily":false,"chose_seed":false,"campfire_upgraded":1,"win_rate":0.0,"timestamp":1611966455,"path_taken":["M","$","M","M","?","R","?","?","T","R","E","M","?","?","R","BOSS"],"items_purchased_type":["Card","Card","Card"],"build_version":"2020-12-22","purchased_purges":1,"victory":false,"max_hp_per_floor":[68,68,68,68,68,68,68,68,68,68,68,68,68,68,68,68,68,68],"card_choices":[{"not_picked":["thethorton:TakeAccounts","thethorton:LongDaysWork"],"picked":"thethorton:BookBash","floor":0},{"not_picked":["thethorton:BookBash","thethorton:DualBap"],"picked":"thethorton:BusinessCard","floor":0},{"not_picked":["thethorton:ShoutAndRun","thethorton:DesperateRun"],"picked":"thethorton:LongTermPayoff","floor":0},{"not_picked":["thethorton:FearfulRun","thethorton:DownPayment"],"picked":"thethorton:GoldBuffer","floor":0},{"not_picked":["thethorton:AngerMoment","thethorton:ThickSkin"],"picked":"thethorton:SnowDay","floor":0},{"not_picked":["thethorton:WhirlingBriefcase","thethorton:OddChange"],"picked":"thethorton:SeeingDouble","floor":0},{"not_picked":["thethorton:RunningFeint","thethorton:ShoutAndRun"],"picked":"thethorton:WhirlingBriefcase","floor":0},{"not_picked":["thethorton:BoardroomBlast","thethorton:Crash"],"picked":"thethorton:GoldBuffer","floor":0},{"not_picked":["thethorton:TakeAccounts","thethorton:ShoutAndRun"],"picked":"thethorton:DownPayment","floor":0},{"not_picked":["thethorton:BattleTrash","thethorton:GoldBuffer"],"picked":"thethorton:ROI","floor":0},{"not_picked":["thethorton:CashBash","thethorton:RunningFeint"],"picked":"thethorton:HitAhead","floor":0},{"not_picked":["thethorton:SeeingDouble","thethorton:AngerMoment"],"picked":"thethorton:PocketChange","floor":0},{"not_picked":["thethorton:DualBap","thethorton:CannonShot"],"picked":"thethorton:PocketChange","floor":0},{"not_picked":["thethorton:DownPayment","thethorton:FearfulRun"],"picked":"thethorton:BusinessCard","floor":0},{"not_picked":["thethorton:SicklyRun","thethorton:DualBap"],"picked":"thethorton:PocketChange","floor":0},{"not_picked":["thethorton:FearfulRun","thethorton:SeeingDouble"],"picked":"thethorton:HitAhead","floor":1},{"not_picked":["thethorton:BookBash","thethorton:HitAhead"],"picked":"thethorton:OddChange","floor":3},{"not_picked":["thethorton:StumblingSlap","thethorton:ShoutAndRun"],"picked":"thethorton:BusinessBoom","floor":4},{"not_picked":["thethorton:TrueForm","thethorton:OddChange"],"picked":"thethorton:WhirlingBriefcase","floor":11},{"not_picked":["thethorton:HitAhead","thethorton:DownPayment","thethorton:ElbowSmash"],"picked":"SKIP","floor":12}],"player_experience":3213498,"relics_obtained":[{"floor":9,"key":"Ice Cream"},{"floor":11,"key":"construct:FoamFinger"},{"floor":14,"key":"Molten Egg 2"}],"event_choices":[{"damage_healed":0,"gold_gain":0,"player_choice":"Left Gold","damage_taken":0,"max_hp_gain":0,"max_hp_loss":0,"event_name":"World of Goop","floor":5,"gold_loss":38},{"damage_healed":0,"gold_gain":59,"player_choice":"Gained Gold","damage_taken":0,"max_hp_gain":0,"max_hp_loss":0,"event_name":"Golden Wing","floor":7,"gold_loss":0},{"damage_healed":0,"gold_gain":0,"player_choice":"Ignored","damage_taken":0,"max_hp_gain":0,"max_hp_loss":0,"event_name":"Liars Game","floor":13,"gold_loss":0}],"is_beta":false,"boss_relics":[],"items_purged_floors":[2],"is_endless":true,"potions_floor_spawned":[4,12],"killed_by":"Hexaghost","ascension_level":0}}