{"host":"ve5hox67eka4rdnb","time":1611996274,"event":{"mods":["ATMod(∞¢Ë™Mod)","AchievementEnabler","Act Like it!","BaseMod","Decade(Õı–°√˜)","Downfall","Gensokyo","Hermit","Koishi","Lobotomy","LobotomyExtend","Marisa£®ÏF”Í°°ƒß¿Ì…≥£©","Minty Spire (QoL Compilation)","Reimu£®≤©¿ˆ¡È√Œ£©","Remilia£®¿Ÿ√◊¿Ú—«£©","Replay The Spire","Shop Mod","StSLib","The Construct","The Cursed","The Servant 0.9.4"],"gold_per_floor":[99,99,99,99,24,53,79,97,130,148,148,180,80,121,141,242,242,142,184,184,184,184],"floor_reached":20,"language":"ZHS","playtime":1095,"items_purged":["downfall:Malfunctioning"],"score":207,"play_id":"f5bc0001-ac19-4363-b121-94fc0a8bd2ba","local_time":"20210130164434","is_ascension_mode":true,"campfire_choices":[{"floor":1,"key":"RECALL"},{"data":"AT_FamilyPortrait","floor":13,"key":"SMITH"},{"data":"Slimebound:Schlurp","floor":18,"key":"SMITH"}],"circlet_count":0,"master_deck":["Slimebound:Strike_Slimebound","Slimebound:Strike_Slimebound","Slimebound:Strike_Slimebound","Slimebound:Tackle+1","Slimebound:Defend_Slimebound","Slimebound:Defend_Slimebound","Slimebound:Defend_Slimebound","Slimebound:Defend_Slimebound","Slimebound:Split+1","Slimebound:CorrosiveSpit","AT_FamilyPortrait+1","Slimebound:LeechingTouch+1","Slimebound:ItLooksTasty","Slimebound:SplitLeeching","Slimebound:Nibble","Slimebound:SplitLeeching","Slimebound:Schlurp+1","Slimebound:SlimeTap","Slimebound:RejuvenatingLick","Slimebound:CheckThePlaybook","Slimebound:SamplingLick+1"],"relics":["Slimebound:AbsorbEndCombat","AT_ATBox","downfall:HeartsMalice","LetterFromLob","Pocketwatch","AT_ArchangelStaff","Bronze Scales","The Courier","downfall:HeartBlessingRed","AT_Kusabimaru","construct:WeddingRing","downfall:HeartBlessingGreen","MagicBullet_r","Gaze_r"],"acts_visited":["Exordium","TheCity"],"potions_floor_usage":[12,16,16],"damage_taken":[{"damage":0,"enemies":"Jaw Worm","floor":2,"turns":1},{"damage":0,"enemies":"2 Louse","floor":4,"turns":1},{"damage":0,"enemies":"downfall:FleeingMerchant","floor":5,"turns":1},{"damage":26,"enemies":"3 Sentries","floor":6,"turns":8},{"damage":0,"enemies":"Small Slimes","floor":8,"turns":2},{"damage":10,"enemies":"Gremlin Nob","floor":9,"turns":4},{"damage":11,"enemies":"3 Louse","floor":10,"turns":2},{"damage":15,"enemies":"3 Sentries","floor":12,"turns":4},{"damage":0,"enemies":"Exordium Wildlife","floor":15,"turns":4},{"damage":7,"enemies":"DF_ARCHETYPE_STREAMLINE","floor":16,"turns":5},{"damage":6,"enemies":"3 Byrds","floor":19,"turns":4},{"damage":0,"enemies":"Snake Plant","floor":20,"turns":1}],"seed_played":"-8183911026120821187","potions_obtained":[{"floor":6,"key":"Weak Potion"},{"floor":8,"key":"LiquidMemories"},{"floor":9,"key":"ColorlessPotion"},{"floor":12,"key":"Explosive Potion"},{"floor":19,"key":"Fire Potion"}],"is_trial":false,"path_per_floor":["R","M","?","M","$","E","T","M","E","M","?","E","R","?","M","B",null,"R","M","M"],"character_chosen":"SLIMEBOUND","items_purchased":[],"campfire_rested":0,"item_purchase_floors":[],"current_hp_per_floor":[65,65,65,65,65,47,47,47,41,30,51,42,42,26,35,36,68,68,64,0,0,0],"gold":184,"neow_bonus":"THREE_ENEMY_KILL","is_daily":false,"chose_seed":false,"campfire_upgraded":2,"win_rate":0.0,"timestamp":1611996274,"path_taken":["R","M","?","M","$","E","T","M","E","M","?","E","R","?","M","BOSS","R","M","M"],"items_purchased_type":[],"build_version":"2020-12-22","purchased_purges":1,"victory":false,"max_hp_per_floor":[65,65,65,65,65,65,65,65,65,65,65,65,65,65,68,68,68,68,68,1,1,1],"card_choices":[{"not_picked":["Slimebound:PressTheAttack","Slimebound:SamplingLick"],"picked":"Slimebound:LeechingTouch","floor":2},{"not_picked":["Slimebound:RollThrough","Slimebound:GoopTackle"],"picked":"Slimebound:ItLooksTasty","floor":4},{"not_picked":["Slimebound:GoopTackle","Slimebound:OneTwoCombo"],"picked":"Slimebound:SplitLeeching","floor":5},{"not_picked":["Slimebound:SlimeTap","Slimebound:FinishingTackle"],"picked":"Slimebound:Nibble","floor":6},{"not_picked":["Slimebound:LeechingTouch","Slimebound:FinishingTackle"],"picked":"Slimebound:SplitLeeching","floor":8},{"not_picked":["Slimebound:LivingWall","Slimebound:FinishingTackle","Slimebound:BestDefense"],"picked":"SKIP","floor":9},{"not_picked":["Slimebound:SplitMire","Slimebound:ComboTackle"],"picked":"Slimebound:Schlurp","floor":10},{"not_picked":["Slimebound:RollThrough","Slimebound:SplitAcid","Slimebound:MassFeed"],"picked":"SKIP","floor":12},{"not_picked":["Slimebound:GrowthPunch","Slimebound:SlimeSpikes"],"picked":"Slimebound:SlimeTap","floor":14},{"not_picked":["Slimebound:ViciousTackle","Slimebound:SlimeBarrage"],"picked":"Slimebound:RejuvenatingLick","floor":15},{"not_picked":["Slimebound:MassFeed","Slimebound:DuplicatedForm"],"picked":"Slimebound:CheckThePlaybook","floor":16},{"not_picked":["Slimebound:SplitBruiser","Slimebound:ComboTackle"],"picked":"Slimebound:SamplingLick+1","floor":19}],"player_experience":182931,"relics_obtained":[{"floor":2,"key":"LetterFromLob"},{"floor":6,"key":"Pocketwatch"},{"floor":7,"key":"AT_ArchangelStaff"},{"floor":9,"key":"Bronze Scales"},{"floor":12,"key":"The Courier"},{"floor":14,"key":"AT_Kusabimaru"}],"event_choices":[{"damage_healed":21,"gold_gain":0,"player_choice":"Banana","damage_taken":0,"max_hp_gain":0,"max_hp_loss":0,"event_name":"Big Fish","floor":11,"gold_loss":0}],"is_beta":false,"boss_relics":[{"not_picked":["Replay:Bronze Core","Pandora\u0027s Box"],"picked":"construct:WeddingRing"}],"items_purged_floors":[5],"is_endless":false,"potions_floor_spawned":[6,8,9,12,19,20],"killed_by":"Snake Plant","ascension_level":2}}