{"host":"lv7etzzgwahaenh9","time":1611968128,"event":{"mods":["AchievementEnabler","BaseMod","Colored Map","Colored Powertips","Highlight Path","Minty Spire (QoL Compilation)","Permanent Neow","Quick Restart","Random Character Button","StSLib"],"gold_per_floor":[109,121,133,283,0,0,0,0,0,29,40,72,72,84,84,156,156,166,90,105,30,30,64,64,64,64],"floor_reached":25,"language":"ENG","playtime":1013,"items_purged":["Doubt"],"score":458,"play_id":"993ae344-da62-42a4-9787-cdbfc9f63dcd","local_time":"20210129165528","is_ascension_mode":true,"campfire_choices":[{"data":"Sunder","floor":6.0,"key":"SMITH"},{"data":"Zap","floor":8.0,"key":"SMITH"},{"data":"Creative AI","floor":13.0,"key":"SMITH"},{"data":"Defragment","floor":15.0,"key":"SMITH"},{"floor":24,"key":"REST"}],"circlet_count":0,"master_deck":["AscendersBane","Strike_B","Strike_B","Defend_B","Defend_B","Defend_B","Zap+1","Dualcast","Core Surge","Defragment+1","Ball Lightning","Hologram","Sunder+1","Creative AI+1","Scrape","Go for the Eyes","Biased Cognition","CurseOfTheBell","Auto Shields+1","Storm+1","Force Field"],"relics":["Cracked Core","HandDrill","HornCleat","Regal Pillow","Bag of Marbles","Calling Bell","Oddly Smooth Stone","Frozen Egg 2","Lizard Tail","DataDisk"],"acts_visited":["Exordium","TheCity"],"potions_floor_usage":[23,23],"damage_taken":[{"damage":4.0,"enemies":"2 Louse","floor":1.0,"turns":3.0},{"damage":7.0,"enemies":"Jaw Worm","floor":2.0,"turns":3.0},{"damage":0.0,"enemies":"Cultist","floor":3.0,"turns":3.0},{"damage":18.0,"enemies":"Lagavulin","floor":10.0,"turns":4.0},{"damage":0.0,"enemies":"3 Louse","floor":11.0,"turns":3.0},{"damage":12.0,"enemies":"3 Sentries","floor":12.0,"turns":5.0},{"damage":0.0,"enemies":"Large Slime","floor":14.0,"turns":3.0},{"damage":18.0,"enemies":"Hexaghost","floor":16.0,"turns":8.0},{"damage":0.0,"enemies":"Spheric Guardian","floor":18.0,"turns":3.0},{"damage":20.0,"enemies":"2 Thieves","floor":20.0,"turns":4.0},{"damage":53,"enemies":"Gremlin Leader","floor":23,"turns":6},{"damage":58,"enemies":"Slavers","floor":25,"turns":3}],"seed_played":"4241207217636478513","potions_obtained":[{"floor":3.0,"key":"Fire Potion"},{"floor":10.0,"key":"FocusPotion"},{"floor":12.0,"key":"BlessingOfTheForge"},{"floor":14.0,"key":"EssenceOfDarkness"}],"is_trial":false,"path_per_floor":["M","M","M","?","$","R","?","R","T","E","M","E","R","M","R","B",null,"M","$","M","?","?","E","R","E"],"character_chosen":"DEFECT","items_purchased":["HandDrill","Sunder","Storm+1"],"campfire_rested":1,"item_purchase_floors":[5,5,19],"current_hp_per_floor":[60,53,53,53,53,53,53,53,53,35,35,23,23,23,23,5,49,49,49,29,29,29,16,50,0,0],"gold":64,"neow_bonus":"THREE_RARE_CARDS","is_daily":false,"chose_seed":false,"campfire_upgraded":4,"win_rate":0.0,"timestamp":1611968128,"path_taken":["M","M","M","?","$","R","?","R","T","E","M","E","R","M","R","BOSS","M","?","M","?","?","E","R","E"],"items_purchased_type":["Relic","Card","Card"],"build_version":"2020-12-22","purchased_purges":1,"victory":false,"max_hp_per_floor":[64,64,64,64,64,64,64,64,64,64,64,64,64,64,64,64,64,64,64,64,64,64,64,64,64,64],"card_choices":[{"not_picked":["Machine Learning","Seek"],"picked":"Core Surge","floor":0.0},{"not_picked":["Leap","Steam"],"picked":"Defragment","floor":1.0},{"not_picked":["Go for the Eyes","Redo"],"picked":"Ball Lightning","floor":2.0},{"not_picked":["Loop","Blizzard"],"picked":"Hologram","floor":3.0},{"not_picked":["Streamline","Defragment"],"picked":"Creative AI","floor":10.0},{"not_picked":["Fusion","Redo"],"picked":"Scrape","floor":11.0},{"not_picked":["Compile Driver","Barrage"],"picked":"Go for the Eyes","floor":12.0},{"not_picked":["Rip and Tear","Compile Driver","Turbo"],"picked":"SKIP","floor":14.0},{"not_picked":["Hyperbeam","Meteor Strike"],"picked":"Biased Cognition","floor":16.0},{"not_picked":["Cold Snap","Lockon"],"picked":"Auto Shields+1","floor":18.0},{"not_picked":["Ball Lightning","Aggregate"],"picked":"Force Field","floor":20.0},{"not_picked":["Rebound","Sweeping Beam","Rainbow"],"picked":"SKIP","floor":23}],"player_experience":309830,"relics_obtained":[{"floor":9.0,"key":"HornCleat"},{"floor":10.0,"key":"Regal Pillow"},{"floor":12.0,"key":"Bag of Marbles"},{"floor":17.0,"key":"Oddly Smooth Stone"},{"floor":17.0,"key":"Frozen Egg 2"},{"floor":17.0,"key":"Lizard Tail"},{"floor":23,"key":"DataDisk"}],"event_choices":[{"damage_healed":0.0,"max_hp_gain":0.0,"max_hp_loss":0.0,"gold_gain":150.0,"event_name":"Liars Game","player_choice":"AGREE","floor":4.0,"gold_loss":0.0,"damage_taken":0.0,"cards_obtained":["Doubt"]},{"cards_removed":["Strike_B"],"damage_healed":0.0,"max_hp_gain":0.0,"max_hp_loss":0.0,"gold_gain":0.0,"event_name":"Purifier","player_choice":"Purged","floor":7.0,"gold_loss":0.0,"damage_taken":0.0},{"cards_removed":["Defend_B"],"damage_healed":0.0,"max_hp_gain":0.0,"max_hp_loss":0.0,"gold_gain":0.0,"event_name":"Beggar","player_choice":"Gave Gold","floor":21.0,"gold_loss":75.0,"damage_taken":0.0},{"cards_removed":["Strike_B"],"damage_healed":0.0,"max_hp_gain":0.0,"max_hp_loss":0.0,"gold_gain":0.0,"event_name":"Back to Basics","player_choice":"Elegance","floor":22.0,"gold_loss":0.0,"damage_taken":0.0}],"is_beta":false,"boss_relics":[{"not_picked":["Runic Dome","Ectoplasm"],"picked":"Calling Bell"}],"items_purged_floors":[5],"is_endless":false,"potions_floor_spawned":[3,10,12,14,18],"killed_by":"Slavers","ascension_level":20}}