{"host":"nowlnq08cups5y6x","time":1611976579,"event":{"mods":["2.2 Compatiblity","AchievementEnabler","Aspiration","BaseMod","Beaked The Cultist","Better Altar","Better Match","Better Note","Better Sensory Stone","Better Silent Start","Better Skull","Better Third Choice","BetterRewards","Card Forge","Colored Map","Colored Powertips","Conspire","Curses Come First","Defuse TimeMaze Blight","Energized Spire","Gold Saver","Grow up Mod","Halation","Highlight Path","Hubris","Infinite Spire","Minty Spire (QoL Compilation)","Permanent Neow","Rare Cards Sparkle","Reliquary","Remove Card Discount Mod","Replay The Spire","SacredBarkPlus","Shop Mod","Spicy Shops","StS++","StSLib","The Cursed","Transform Curses","UnlockEverythingMod"],"gold_per_floor":[861,761,761,18,29,64,64,82,82,82,112,22,37,53,53,148,148,165,184,184,184,197,226,245,245,245,245,265,265,284,314,314,416,416,416],"floor_reached":34,"language":"ENG","playtime":2874,"items_purged":[],"score":502,"play_id":"5037abd3-4f79-4b90-859e-4d116e24f856","local_time":"20210129221619","is_ascension_mode":false,"campfire_choices":[{"floor":15.0,"key":"REST"},{"floor":25,"key":"REST"}],"circlet_count":0,"master_deck":["Strike_B+1","Strike_B+1","Strike_B+1","Strike_B+1","Defend_B+1","Defend_B+1","Defend_B+1","Defend_B+1","Zap+1","Dualcast+1","StSpp:MindBarrier+1","Skim+1","Ghostly+1","conspire:Rain+1","conspire:SharedLibrary+1","infinitespire:NeuralNetwork+1","Aggregate+1","Capacitor+1","Sweeping Beam+1","Discovery+1","ReplayTheSpireMod:Calculation Training+1","Compile Driver+1","Coolheaded+1","Leap+1","Rebound+1","ReplayTheSpireMod:System Scan+1","Anger+1","ReplayTheSpireMod:Dual Polarity+1","Gash+1","Lockon+1","Steam+1","Electrodynamics+1","Crystallizer+1","Creative AI+1","Heatsinks+1","StSpp:Igniter+1","Auto Shields+1","Barrage+1","Gash+1","Chaos+1","Gash+1","ReplayGash+1","White Noise+1","Creative AI+1","Recycle+1","Hologram+1","Gash+1","Redo+1"],"relics":["Cracked Core","Hammer of Thor","Seething Fire","Anvil of the Gods","MerchantsRug","hubris:64BitClover","conspire:IceCreamScoop","hubris:MysteriousPyramids","halation:BottledLove","Replay:Ancient Bell","hubris:SlimyHat","aspiration:HummingbirdHeart","Emotion Chip","Prayer Wheel","Replay:Arrowhead","Matryoshka","Prayer Wheel","reliquary:Buckler","aspiration:ArtOfWarUpgrade","Juzu Bracelet","StSpp:Balance"],"acts_visited":["Exordium","TheCity","TheBeyond"],"potions_floor_usage":[22,23,23,33],"damage_taken":[{"damage":11.0,"enemies":"Small Slimes","floor":1.0,"turns":3.0},{"damage":0.0,"enemies":"conspire:RoseBush","floor":5.0,"turns":5.0},{"damage":48.0,"enemies":"Gremlin Nob","floor":6.0,"turns":5.0},{"damage":7.0,"enemies":"Cultist","floor":8.0,"turns":4.0},{"damage":22.0,"enemies":"3 Sentries","floor":11.0,"turns":7.0},{"damage":10.0,"enemies":"Looter","floor":13.0,"turns":2.0},{"damage":17.0,"enemies":"2 Fungi Beasts","floor":14.0,"turns":4.0},{"damage":37.0,"enemies":"The Guardian","floor":16.0,"turns":10.0},{"damage":40,"enemies":"conspire:FuzzyDice","floor":18,"turns":6},{"damage":6,"enemies":"Shell Parasite","floor":19,"turns":4},{"damage":13,"enemies":"Centurion and Healer","floor":22,"turns":7},{"damage":43,"enemies":"Slavers","floor":23,"turns":5},{"damage":16,"enemies":"Sentry and Sphere","floor":24,"turns":4},{"damage":34,"enemies":"3 Cultists","floor":28,"turns":6},{"damage":13,"enemies":"Cultist and Chosen","floor":30,"turns":5},{"damage":39,"enemies":"Gremlin Leader","floor":31,"turns":6},{"damage":52,"enemies":"Automaton","floor":33,"turns":8}],"seed_played":"-380251973044378211","potions_obtained":[{"floor":3.0,"key":"Doom Potion"},{"floor":6.0,"key":"PowerPotion"},{"floor":13.0,"key":"ColorlessPotion"},{"floor":14.0,"key":"Fruit Juice"},{"floor":16.0,"key":"Death Potion"},{"floor":18,"key":"StSpp:SecondWindPotion"},{"floor":19,"key":"Explosive Potion"},{"floor":22,"key":"StSpp:ScatteredWeakPotion"},{"floor":24,"key":"LiquidMemories"},{"floor":31,"key":"FairyPotion"}],"is_trial":false,"path_per_floor":["M","?","?","$","M","E","?","M","T","?","E","$","M","M","R","B",null,"M","M","T","?","M","E","M","R","T","R","M","?","M","E","R","B",null],"character_chosen":"DEFECT","items_purchased":["MerchantsRug","hubris:64BitClover","conspire:IceCreamScoop","Discovery"],"campfire_rested":2,"item_purchase_floors":[4,4,4,12],"current_hp_per_floor":[84,94,104,114,124,86,96,99,109,119,107,117,117,115,194,167,260,230,234,244,254,251,218,212,321,331,341,317,327,324,295,305,263,420,420],"gold":416,"neow_bonus":"RANDOM_COLORLESS","is_daily":false,"chose_seed":false,"campfire_upgraded":0,"win_rate":0.0,"timestamp":1611976579,"path_taken":["M","?","?","$","?","E","?","M","T","?","E","?","?","M","R","BOSS","M","?","?","?","?","E","M","R","T","R","M","?","?","E","R","BOSS"],"items_purchased_type":["Relic","Relic","Relic","Card"],"build_version":"2020-12-22","purchased_purges":0,"victory":false,"max_hp_per_floor":[95,105,115,125,135,145,155,165,175,185,195,205,215,230,240,250,260,270,280,290,300,310,320,330,340,350,360,370,380,390,400,410,420,420,420],"card_choices":[{"not_picked":["Replay:Sssssssssshield","Trip"],"picked":"StSpp:MindBarrier","floor":0.0},{"not_picked":["StSpp:TargetLocked","Hologram"],"picked":"Skim","floor":1.0},{"not_picked":["Stack","Blizzard"],"picked":"conspire:Rain","floor":5.0},{"not_picked":["StSpp:Channeliser","Gash"],"picked":"conspire:SharedLibrary","floor":6.0},{"not_picked":["infinitespire:DeathsTouch","infinitespire:Punishment"],"picked":"infinitespire:NeuralNetwork","floor":7.0},{"not_picked":["Go for the Eyes","Conserve Battery"],"picked":"Aggregate","floor":8.0},{"not_picked":["Streamline","Lockon"],"picked":"Sweeping Beam","floor":11.0},{"not_picked":["hubris:Prefetch","Hologram"],"picked":"ReplayTheSpireMod:Calculation Training","floor":13.0},{"not_picked":["Sweeping Beam","Genetic Algorithm"],"picked":"Compile Driver","floor":14.0},{"not_picked":["Seek","Multi-Cast"],"picked":"ReplayTheSpireMod:Fabricate Wheel","floor":16.0},{"not_picked":["hubris:Envy","hubris:Gluttony"],"picked":"Doubt","floor":17},{"not_picked":["Spreading Infection","hubris:Disease"],"picked":"Writhe","floor":17},{"not_picked":["hubris:Envy","ReplayTheSpireMod:Restless Dread"],"picked":"Overencumbered","floor":17},{"not_picked":["BasicCrystalCard","Panic Button"],"picked":"Coolheaded","floor":18},{"not_picked":["Turbo","BootSequence"],"picked":"Leap","floor":18},{"not_picked":["StSpp:Pointer","BasicCrystalCard"],"picked":"Rebound","floor":19},{"not_picked":["Conserve Battery","Gash"],"picked":"ReplayTheSpireMod:System Scan","floor":19},{"not_picked":["Coolheaded","Streamline"],"picked":"ReplayTheSpireMod:Dual Polarity+1","floor":22},{"not_picked":["ReplaySolidLightProjector+1","Sunder"],"picked":"Gash","floor":22},{"not_picked":["Turbo","Go for the Eyes"],"picked":"Lockon","floor":22},{"not_picked":["Leap","Reprogram"],"picked":"Steam+1","floor":23},{"not_picked":["Biased Cognition","Ball Lightning"],"picked":"Barrage","floor":24},{"not_picked":["Streamline","Loop"],"picked":"Gash","floor":24},{"not_picked":["Stack","Beam Cell+1"],"picked":"Chaos","floor":24},{"not_picked":["Coolheaded","Melter+1"],"picked":"Gash","floor":28},{"not_picked":["Stack+1","Conserve Battery"],"picked":"ReplayGash+1","floor":28},{"not_picked":["ReplayTheSpireMod:System Scan","Stack+1"],"picked":"White Noise","floor":28},{"not_picked":["Darkness","Double Energy"],"picked":"Recycle+1","floor":30},{"not_picked":["Undo+1","Compile Driver+1"],"picked":"Hologram","floor":30},{"not_picked":["BootSequence+1","Creative AI"],"picked":"Gash","floor":30},{"not_picked":["Turbo","Leap+1"],"picked":"Redo+1","floor":31}],"player_experience":497739,"relics_obtained":[{"floor":9.0,"key":"hubris:MysteriousPyramids"},{"floor":11.0,"key":"halation:BottledLove"},{"floor":19,"key":"Replay:Arrowhead"},{"floor":20,"key":"Matryoshka"},{"floor":26,"key":"reliquary:Buckler"},{"floor":26,"key":"Art of War"},{"floor":31,"key":"Juzu Bracelet"}],"event_choices":[{"damage_healed":0.0,"max_hp_gain":0.0,"max_hp_loss":0.0,"gold_gain":0.0,"event_name":"conspire:LoneGhost","player_choice":"Argue","floor":2.0,"gold_loss":0.0,"damage_taken":0.0},{"damage_healed":0.0,"max_hp_gain":0.0,"max_hp_loss":0.0,"gold_gain":0.0,"event_name":"Lab","player_choice":"Got Potions","floor":3.0,"gold_loss":0.0,"damage_taken":0.0},{"cards_removed":["infinitespire:NeuralNetwork"],"damage_healed":0,"gold_gain":0,"player_choice":"Take \u0026 Give","damage_taken":0,"max_hp_gain":0,"max_hp_loss":0,"event_name":"betterNote:BetterNote","floor":21,"gold_loss":0,"cards_obtained":["Anger"]},{"damage_healed":0,"gold_gain":0,"player_choice":"Copied","damage_taken":0,"max_hp_gain":0,"max_hp_loss":0,"event_name":"Duplicator","floor":29,"gold_loss":0,"cards_obtained":["Creative AI"]}],"is_beta":false,"boss_relics":[{"not_picked":["Replay:Drink Me","energizedSpire:MagnifyingGlass"],"picked":"Replay:Ancient Bell"},{"not_picked":["reliquary:WeakTea","Blood Vial"],"picked":"hubris:SlimyHat"},{"not_picked":["Meat on the Bone","halation:WeightlessCrab"],"picked":"aspiration:HummingbirdHeart"},{"not_picked":["conspire:GiftBox","hubris:Zylophone"],"picked":"Emotion Chip"},{"not_picked":["StSpp:Magatama","reliquary:KinkedSpring"],"picked":"StSpp:Balance"}],"items_purged_floors":[],"is_endless":false,"potions_floor_spawned":[6,13,14,16,18,19,22,24,30,31],"ascension_level":0}}