{"host":"hszimsrtxxc2k25w","time":1611982130,"event":{"mods":["AchievementEnabler","BaseMod","Colored Map","DeckTracker","Minty Spire (QoL Compilation)","Rare Cards Sparkle","SuperFastMode"],"gold_per_floor":[109,184,204,222,235,235,249,262,287,287,287,287,287,306,306,399,399,422,183,198,237,237,237],"floor_reached":22,"language":"KOR","playtime":640,"items_purged":["Strike_G"],"score":347,"play_id":"3ca07a99-b436-4430-9a15-2acb7693b331","local_time":"20210130134850","is_ascension_mode":true,"campfire_choices":[{"data":"Bouncing Flask","floor":6.0,"key":"SMITH"},{"data":"Prepared","floor":10.0,"key":"SMITH"},{"floor":13.0,"key":"REST"},{"data":"Eviscerate","floor":15.0,"key":"SMITH"}],"circlet_count":0,"master_deck":["AscendersBane","Strike_G","Strike_G","Strike_G","Strike_G","Defend_G","Defend_G","Defend_G","Defend_G","Defend_G","Survivor","Neutralize+1","Eviscerate+1","Bouncing Flask+1","Blade Dance","Prepared+1","PiercingWail","A Thousand Cuts","Footwork","Dodge and Roll"],"relics":["Ring of the Snake","Lantern","Golden Idol","Thread and Needle","Sozu","Oddly Smooth Stone","Red Mask"],"acts_visited":["Exordium","TheCity"],"potions_floor_usage":[],"damage_taken":[{"damage":1.0,"enemies":"Jaw Worm","floor":1.0,"turns":4.0},{"damage":12.0,"enemies":"Small Slimes","floor":3.0,"turns":4.0},{"damage":0.0,"enemies":"2 Louse","floor":4.0,"turns":2.0},{"damage":4.0,"enemies":"Blue Slaver","floor":5.0,"turns":5.0},{"damage":9.0,"enemies":"Lots of Slimes","floor":7.0,"turns":5.0},{"damage":9.0,"enemies":"Looter","floor":8.0,"turns":3.0},{"damage":0.0,"enemies":"Blue Slaver","floor":14.0,"turns":4.0},{"damage":11.0,"enemies":"The Guardian","floor":16.0,"turns":10.0},{"damage":6.0,"enemies":"Spheric Guardian","floor":18.0,"turns":4.0},{"damage":8.0,"enemies":"Chosen","floor":20.0,"turns":4.0},{"damage":34.0,"enemies":"Masked Bandits","floor":21.0,"turns":4.0},{"damage":7,"enemies":"Shelled Parasite and Fungi","floor":22,"turns":3}],"seed_played":"4534460048052689729","potions_obtained":[{"floor":1.0,"key":"Dexterity Potion"},{"floor":4.0,"key":"Block Potion"},{"floor":7.0,"key":"Fruit Juice"},{"floor":14.0,"key":"CunningPotion"},{"floor":16.0,"key":"EssenceOfSteel"}],"is_trial":false,"path_per_floor":["M","?","M","M","M","R","M","M","T","R","?","?","R","M","R","B",null,"M","$","M","?","M"],"character_chosen":"THE_SILENT","items_purchased":["Oddly Smooth Stone"],"campfire_rested":1,"item_purchase_floors":[19],"current_hp_per_floor":[58,47,35,35,31,31,22,13,13,13,13,7,26,26,26,15,53,47,47,39,5,0,0],"gold":237,"neow_bonus":"UPGRADE_CARD","is_daily":false,"chose_seed":false,"campfire_upgraded":3,"win_rate":0.0,"timestamp":1611982130,"path_taken":["M","?","M","M","M","R","M","M","T","R","?","?","R","M","R","BOSS","M","$","M","?","M"],"items_purchased_type":["Relic"],"build_version":"2020-12-22","purchased_purges":1,"victory":false,"max_hp_per_floor":[66,66,66,66,66,66,66,66,66,66,60,65,65,65,65,65,65,65,65,65,65,65,65],"card_choices":[{"not_picked":["Concentrate","Terror"],"picked":"Eviscerate","floor":1.0},{"not_picked":["Dodge and Roll","Terror"],"picked":"Bouncing Flask","floor":3.0},{"not_picked":["Deadly Poison","Backflip"],"picked":"Blade Dance","floor":4.0},{"not_picked":["Flying Knee","Endless Agony","Terror"],"picked":"SKIP","floor":5.0},{"not_picked":["Endless Agony","Dagger Spray"],"picked":"Prepared","floor":7.0},{"not_picked":["Choke","Footwork","Cloak And Dagger"],"picked":"SKIP","floor":8.0},{"not_picked":["Dagger Spray","Flying Knee"],"picked":"PiercingWail","floor":14.0},{"not_picked":["Grand Finale","Envenom"],"picked":"A Thousand Cuts","floor":16.0},{"not_picked":["Setup+1","Flying Knee","Dagger Throw"],"picked":"SKIP","floor":18.0},{"not_picked":["Cloak And Dagger","Infinite Blades"],"picked":"Footwork","floor":20.0},{"not_picked":["Setup","Outmaneuver"],"picked":"Dodge and Roll","floor":21.0}],"player_experience":650499,"relics_obtained":[{"floor":9.0,"key":"Lantern"},{"floor":21.0,"key":"Red Mask"}],"event_choices":[{"damage_healed":0.0,"max_hp_gain":0.0,"max_hp_loss":0.0,"gold_gain":75.0,"event_name":"World of Goop","player_choice":"Gather Gold","floor":2.0,"gold_loss":0.0,"damage_taken":11.0},{"damage_healed":0.0,"max_hp_gain":0.0,"max_hp_loss":6.0,"gold_gain":0.0,"event_name":"Golden Idol","player_choice":"Lose Max HP","floor":11.0,"gold_loss":0.0,"damage_taken":0.0,"relics_obtained":["Golden Idol"]},{"damage_healed":0.0,"max_hp_gain":0.0,"max_hp_loss":0.0,"gold_gain":0.0,"event_name":"Scrap Ooze","player_choice":"Success","floor":12.0,"gold_loss":0.0,"damage_taken":11.0,"relics_obtained":["Thread and Needle"]},{"damage_healed":0.0,"max_hp_gain":0.0,"max_hp_loss":0.0,"gold_gain":0.0,"event_name":"Masked Bandits","player_choice":"Fought Bandits","floor":21.0,"gold_loss":0.0,"damage_taken":0.0}],"is_beta":false,"boss_relics":[{"not_picked":["Fusion Hammer","Astrolabe"],"picked":"Sozu"}],"items_purged_floors":[19],"is_endless":false,"potions_floor_spawned":[1,4,7,14,16,20,21],"killed_by":"Shelled Parasite and Fungi","ascension_level":19}}