{"host":"gafwejejal4v72m6","time":1611991610,"event":{"mods":["AchievementEnabler","Aspiration","BaseMod","BetterRewards","Clockwork Mod","Conspire","Hermit","Hubris","Infinite Spire","Minty Spire (QoL Compilation)","Rare Cards Sparkle","Reliquary","Shop Mod","StS++","StSLib","The Animator","The Necromancer"],"gold_per_floor":[118,132,154,154,154,205,250,289,316,337,337,357,357,383,383,504,504,535,84,97,125,215,269,269,269,269],"floor_reached":25,"language":"RUS","playtime":1976,"items_purged":["animator:Strike"],"score":385,"play_id":"4f17bad6-14b0-479b-b48d-961f7da11b7f","local_time":"20210130142650","is_ascension_mode":false,"campfire_choices":[{"data":"animator:Kira","floor":11,"key":"SMITH"},{"floor":15,"key":"REST"},{"floor":24,"key":"REST"}],"circlet_count":0,"master_deck":["animator:Strike_Elsword","animator:Defend_Elsword","animator:Strike","animator:Strike","animator:Defend","animator:Defend","animator:Defend+1","animator:Chung","animator:Raven","animator:Kira+1","animator:GuildGirl","animator:YachiyoNanami","animator:TanyaDegurechaff","animator:Shuna","animator:Souei","animator:Berserker","Injury","animator:UneriGinkaku","animator:Ain","animator:Mitsurugi+1","animator:Megumin+3","animator:Verdia+1","animator:Ara","Beam Cell+1","animator:Mitsuba+1","animator:Shiro","animator:MisakiNakahara+1","animator:Zero+1","Electrodynamics"],"relics":["animator:LivingPicture","animator:TheMissingPiece","animator:PurgingStone","animator:AlchemistGlove","conspire:TreasureMap","hubris:Towel","Golden Idol","reliquary:SilkGlove","Toxic Egg 2","Juzu Bracelet","aspiration:DefectSkillbook","Molten Egg 2","Chemical X","Champion Belt"],"acts_visited":["Exordium","TheCity"],"potions_floor_usage":[23],"damage_taken":[{"damage":0,"enemies":"conspire:RoseBush","floor":1,"turns":3},{"damage":4,"enemies":"Jaw Worm","floor":2,"turns":3},{"damage":5,"enemies":"2 Louse","floor":3,"turns":3},{"damage":17,"enemies":"Lagavulin","floor":6,"turns":6},{"damage":0,"enemies":"Large Slime","floor":7,"turns":5},{"damage":39,"enemies":"Gremlin Nob","floor":8,"turns":5},{"damage":21,"enemies":"Gremlin Gang","floor":10,"turns":4},{"damage":1,"enemies":"Red Slaver","floor":12,"turns":3},{"damage":0,"enemies":"2 Fungi Beasts","floor":14,"turns":2},{"damage":43,"enemies":"Slime Boss","floor":16,"turns":7},{"damage":1,"enemies":"3 Byrds","floor":18,"turns":3},{"damage":0,"enemies":"Spheric Guardian","floor":20,"turns":1},{"damage":14,"enemies":"Cultist and Chosen","floor":21,"turns":4},{"damage":27,"enemies":"animator:HornedBat","floor":23,"turns":7},{"damage":36,"enemies":"Nightmare","floor":25,"turns":6}],"seed_played":"4783261338576240342","potions_obtained":[{"floor":3,"key":"Strength Potion"},{"floor":7,"key":"AttackPotion"},{"floor":14,"key":"SteroidPotion"},{"floor":21,"key":"SneckoOil"}],"is_trial":false,"path_per_floor":["M","M","M","?","?","E","M","E","T","M","R","M","?","M","R","B",null,"M","$","M","M","?","E","R","NM"],"character_chosen":"THE_ANIMATOR","items_purchased":["animator:Kira","animator:GuildGirl","animator:AlchemistGlove","animator:YachiyoNanami","animator:TanyaDegurechaff","conspire:TreasureMap","Molten Egg 2","Chemical X","Beam Cell+1"],"campfire_rested":2,"item_purchase_floors":[0,0,0,0,0,0,19,19,19],"current_hp_per_floor":[66,62,57,57,57,40,40,1,1,45,45,44,31,31,50,7,66,66,66,66,57,32,11,31,0,0],"gold":269,"neow_bonus":"","is_daily":false,"chose_seed":false,"campfire_upgraded":1,"win_rate":0.0,"timestamp":1611991610,"path_taken":["M","?","M","?","?","E","M","E","T","M","R","M","?","M","R","BOSS","M","$","M","M","?","E","R","NM"],"items_purchased_type":["Card","Card","Relic","Card","Card","Relic","Relic","Relic","Card"],"build_version":"2020-12-22","purchased_purges":1,"victory":false,"max_hp_per_floor":[66,66,66,66,66,66,66,66,66,66,66,66,66,66,66,66,66,67,67,67,67,67,67,67,67,67],"card_choices":[{"not_picked":["animator:Azekura","animator:ShinjiMatou"],"picked":"animator:Shuna","floor":1},{"not_picked":["animator:Vanir","animator:IrohaTamaki"],"picked":"animator:Souei","floor":2},{"not_picked":["animator:KyokoSakura","animator:DolaCouronne"],"picked":"animator:Berserker","floor":3},{"not_picked":["animator:Sebas","animator:Kuribayashi"],"picked":"animator:UneriGinkaku","floor":6},{"not_picked":["animator:Raven","animator:RoyMustang"],"picked":"animator:Ain","floor":7},{"not_picked":["animator:CowGirl+1","animator:DolaRiku+1"],"picked":"animator:Mitsurugi","floor":8},{"not_picked":["animator:YuiTsuruno","animator:YachiyoNanami"],"picked":"animator:Megumin","floor":10},{"not_picked":["animator:Layla","animator:LizardPriest+1"],"picked":"animator:Verdia+1","floor":12},{"not_picked":["animator:Elsword","animator:Alexander","animator:YuiTsuruno"],"picked":"SKIP","floor":14},{"not_picked":["animator:AcuraShin","animator:Rimuru"],"picked":"animator:Eris+1","floor":16},{"not_picked":["animator:Raven","animator:Kuribayashi","All For One"],"picked":"animator:Ara","floor":18},{"not_picked":["animator:Vanir+1","animator:Verdia+1","animator:Shigure+1"],"picked":"animator:Mitsuba+1","floor":20},{"not_picked":["animator:TukaLunaMarceau+1","animator:Vesta+1","animator:ShinjiMatou+1"],"picked":"animator:Shiro","floor":21},{"not_picked":["animator:Shion+1","animator:Lancer+1","Compile Driver+1"],"picked":"Electrodynamics","floor":23}],"player_experience":138038,"relics_obtained":[{"floor":6,"key":"reliquary:SilkGlove"},{"floor":8,"key":"Toxic Egg 2"},{"floor":9,"key":"Juzu Bracelet"},{"floor":23,"key":"Champion Belt"}],"event_choices":[{"damage_healed":0,"gold_gain":0,"player_choice":"Take Wound","damage_taken":0,"relics_obtained":["Golden Idol"],"max_hp_gain":0,"max_hp_loss":0,"event_name":"Golden Idol","floor":5,"gold_loss":0,"cards_obtained":["Injury"]},{"damage_healed":0,"gold_gain":0,"player_choice":"Entered Light","damage_taken":13,"max_hp_gain":0,"max_hp_loss":0,"event_name":"Shining Light","floor":13,"gold_loss":0,"cards_upgraded":["animator:Defend","animator:Mitsurugi"]},{"damage_healed":0,"gold_gain":90,"player_choice":"CARD GOLD CARD ","damage_taken":25,"max_hp_gain":0,"max_hp_loss":0,"event_name":"Knowing Skull","floor":22,"potions_obtained":[],"gold_loss":0,"cards_obtained":["animator:MisakiNakahara","animator:Zero"]}],"is_beta":false,"boss_relics":[{"not_picked":["animator:CursedBlade","reliquary:WritOfMandamus"],"picked":"aspiration:DefectSkillbook"}],"items_purged_floors":[0],"is_endless":false,"potions_floor_spawned":[3,7,14,18,21],"killed_by":"Nightmare","ascension_level":0}}