{"host":"ff3231evo43kn7q6","time":1611981251,"event":{"mods":["BaseMod","Downfall","Duelist Mod","Minty Spire (QoL Compilation)","StSLib"],"gold_per_floor":[145,145,145,162,87,121,121,140,140,140,151,183,183,183,183,278,278,289,299,317,317,317,350,362,462,462,462,480,494,505,505,505,601,601,614,614,627,377,390,424,437,47,47,102,116,116,136,13,13,13],"floor_reached":51,"language":"ENG","playtime":2337,"items_purged":["Pain"],"score":809,"play_id":"5f44fc8f-4f7f-4f33-b8dd-f96d78f90861","local_time":"20210129233411","is_ascension_mode":false,"campfire_choices":[{"data":"theDuelist:AncientGearGadjiltron","floor":7,"key":"SMITH"},{"data":"theDuelist:FluteSummoning","floor":10,"key":"SMITH"},{"data":"theDuelist:DragonMastery","floor":15,"key":"SMITH"},{"floor":27,"key":"REST"},{"floor":32,"key":"REST"},{"floor":46,"key":"REST"},{"data":"theDuelist:LordD","floor":49,"key":"SMITH"}],"circlet_count":0,"master_deck":["theDuelist:BabyDragon","theDuelist:CastleWalls","theDuelist:CastleWalls","theDuelist:CaveDragon","theDuelist:CaveDragon","theDuelist:LesserDragon","theDuelist:LesserDragon","theDuelist:Sparks+1","theDuelist:Sparks","theDuelist:YamataDragon+1","theDuelist:BlackTyranno","theDuelist:FluteSummoning+1","theDuelist:AncientGearGadjiltron+1","theDuelist:LordD+1","theDuelist:DragonMastery+1","theDuelist:Lancephorhynchus","theDuelist:Mountain+1"],"relics":["theDuelist:MillenniumPuzzle","theDuelist:CardPoolRelic","theDuelist:CardPoolBasicRelic","theDuelist:BoosterPackPoolRelic","theDuelist:CardPoolAddRelic","theDuelist:CardPoolMinusRelic","theDuelist:CardPoolSaveRelic","theDuelist:CardPoolOptionsRelic","NeowsBlessing","WarpedTongs","Kunai","Pantograph","Bottled Lightning","Runic Cube","Eternal Feather","Potion Belt","Self Forming Clay","theDuelist:GamblerChip","Mercury Hourglass","Anchor","Shuriken","theDuelist:DuelistTeaSet","Paper Frog","theDuelist:SpellMaxHPRelic","Calipers","theDuelist:SummonAnchorRare","theDuelist:ShopToken"],"acts_visited":["Exordium","TheCity","TheBeyond"],"potions_floor_usage":[11,12,16,19,28,33,41,45,45,45,50],"damage_taken":[{"damage":0,"enemies":"Small Slimes","floor":1,"turns":1},{"damage":0,"enemies":"Cultist","floor":4,"turns":1},{"damage":0,"enemies":"Lagavulin","floor":6,"turns":1},{"damage":1,"enemies":"2 Louse","floor":8,"turns":2},{"damage":3,"enemies":"Gremlin Gang","floor":11,"turns":4},{"damage":8,"enemies":"Gremlin Nob","floor":12,"turns":3},{"damage":18,"enemies":"The Guardian","floor":16,"turns":5},{"damage":4,"enemies":"Chosen","floor":18,"turns":2},{"damage":10,"enemies":"3 Byrds","floor":19,"turns":3},{"damage":21,"enemies":"Snake Plant","floor":20,"turns":2},{"damage":6,"enemies":"theDuelist:KaibaA2","floor":23,"turns":4},{"damage":0,"enemies":"Snecko","floor":24,"turns":2},{"damage":12,"enemies":"Cultist and Chosen","floor":28,"turns":5},{"damage":8,"enemies":"Chosen and Byrds","floor":29,"turns":4},{"damage":0,"enemies":"3 Cultists","floor":30,"turns":4},{"damage":30,"enemies":"Collector","floor":33,"turns":8},{"damage":24,"enemies":"3 Shapes","floor":35,"turns":4},{"damage":9,"enemies":"3 Darklings","floor":37,"turns":4},{"damage":7,"enemies":"Spire Growth","floor":39,"turns":2},{"damage":16,"enemies":"Reptomancer","floor":40,"turns":5},{"damage":14,"enemies":"4 Shapes","floor":41,"turns":4},{"damage":0,"enemies":"4 Shapes","floor":44,"turns":4},{"damage":0,"enemies":"Transient","floor":45,"turns":5},{"damage":4,"enemies":"Writhing Mass","floor":47,"turns":5},{"damage":22,"enemies":"Awakened One","floor":50,"turns":8}],"seed_played":"-893427298299072011","potions_obtained":[{"floor":8,"key":"AttackPotion"},{"floor":11,"key":"theDuelist:BurningPotion"},{"floor":12,"key":"Energy Potion"},{"floor":18,"key":"theDuelist:SealedPackC"},{"floor":23,"key":"theDuelist:WaterBottle"},{"floor":24,"key":"SpeedPotion"},{"floor":29,"key":"FocusPotion"},{"floor":30,"key":"AttackPotion"},{"floor":37,"key":"theDuelist:TokenPotion"},{"floor":40,"key":"Fire Potion"},{"floor":44,"key":"theDuelist:WaterBottle"},{"floor":45,"key":"BlessingOfTheForge"}],"is_trial":false,"path_per_floor":["M","?","?","M","$","E","R","M","T","R","M","E","$","?","R","B",null,"M","M","M","T","?","E","M","?","T","R","M","M","M","?","R","B",null,"M","?","M","$","M","E","M","$","T","?","M","R","M","$","R","B",null],"character_chosen":"THE_DUELIST","items_purchased":["Mercury Hourglass","Shuriken","theDuelist:DuelistTeaSet","theDuelist:ShopToken","theDuelist:BerserkScales"],"campfire_rested":3,"item_purchase_floors":[38,42,42,48,48],"current_hp_per_floor":[80,64,64,64,64,64,64,63,63,63,60,52,52,80,80,62,80,76,66,45,45,30,24,24,24,24,58,46,38,38,38,72,55,85,61,61,52,52,45,29,15,15,15,15,15,49,45,46,55,58],"gold":13,"neow_bonus":"THREE_ENEMY_KILL","is_daily":false,"chose_seed":false,"campfire_upgraded":4,"win_rate":0.0,"timestamp":1611981251,"path_taken":["M","?","?","?","$","E","R","M","T","R","M","E","?","?","R","BOSS","M","?","?","?","?","E","M","?","T","R","M","M","?","?","R","BOSS","M","?","M","$","M","E","M","$","T","?","?","R","M","?","R","BOSS"],"items_purchased_type":["Relic","Relic","Relic","Relic","Card"],"build_version":"2020-12-22","purchased_purges":1,"victory":true,"max_hp_per_floor":[80,80,80,80,80,80,80,80,80,80,80,80,80,80,80,80,80,80,80,80,80,85,85,85,85,85,85,85,85,85,85,85,85,85,85,85,85,85,85,85,85,85,85,85,85,85,85,86,86,86],"card_choices":[{"not_picked":["theDuelist:Hydrogeddon","theDuelist:CyberValley","theDuelist:BlackBrutdrago","theDuelist:Beatraptor"],"picked":"theDuelist:BlackTyranno","floor":1},{"not_picked":["theDuelist:StampingDestruction","theDuelist:Earthquake","theDuelist:CyberEmergency","theDuelist:UltraEvolutionPill"],"picked":"theDuelist:FluteSummoning","floor":4},{"not_picked":["theDuelist:MadSwordBeast","theDuelist:LordD","theDuelist:CurseDragon","theDuelist:Anthrosaurus"],"picked":"theDuelist:AncientGearGadjiltron","floor":6},{"not_picked":["theDuelist:Pyrorex","theDuelist:CyberTwinDragon","theDuelist:SnowDragon","theDuelist:BlizzardDragon"],"picked":"theDuelist:LordD","floor":8},{"not_picked":["theDuelist:Earthquake","theDuelist:OneDayPeace","theDuelist:DragonRavine","theDuelist:SuperStridentBlaze"],"picked":"theDuelist:SilverWing","floor":11},{"not_picked":["theDuelist:SurvivalFittest","theDuelist:FiveHeaded","theDuelist:BlueDuston","theDuelist:BSkullDragon"],"picked":"theDuelist:DragonMastery","floor":12},{"not_picked":["theDuelist:GaiaDragonChamp","theDuelist:FiveHeaded","theDuelist:BusterBladerDDS","theDuelist:BlasterDragonInfernos"],"picked":"theDuelist:Lancephorhynchus","floor":16},{"not_picked":["theDuelist:Pyrorex","theDuelist:DarkHorus","theDuelist:SnowDragon+1","theDuelist:MoltenDestruction","theDuelist:EvilMind+1"],"picked":"SKIP","floor":18},{"not_picked":["theDuelist:LightningDarts","theDuelist:GreenGraveOni+1","theDuelist:HaneHane+1","theDuelist:RedMedicine","theDuelist:MagicalStone"],"picked":"SKIP","floor":19},{"not_picked":["theDuelist:RainbowOverdragon+1","theDuelist:FeatherPho","theDuelist:LabyrinthWall","theDuelist:JamBreeding","theDuelist:ForbiddenChalice"],"picked":"SKIP","floor":20},{"not_picked":["theDuelist:Hinotama","theDuelist:RainbowBridge","theDuelist:BigEye+1","theDuelist:MagicalStone","theDuelist:BattleguardKing"],"picked":"SKIP","floor":23},{"not_picked":["theDuelist:SnowdustDragon","theDuelist:DarkDriceratops+1","theDuelist:Freezadon","theDuelist:DragonPiper","theDuelist:CyberDragonVier"],"picked":"SKIP","floor":24},{"not_picked":["theDuelist:StampingDestruction","theDuelist:AncientRules","theDuelist:BlackBrachios","theDuelist:WhiteHowling","theDuelist:Sabersaurus"],"picked":"SKIP","floor":28},{"not_picked":["theDuelist:VeilDarkness+1","theDuelist:SpiralSpearStrike+1","theDuelist:FireDarts+1","theDuelist:DragonShield+1","theDuelist:DefenseZone+1"],"picked":"SKIP","floor":29},{"not_picked":["theDuelist:AxeDespair","theDuelist:SuperancientDinobeast","theDuelist:SoulCharge","theDuelist:SnowDragon","theDuelist:SafeZone"],"picked":"SKIP","floor":30},{"not_picked":["theDuelist:Hinotama+1","theDuelist:LightningDarts+1","theDuelist:RainbowOverdragon+1","theDuelist:ForbiddenLance","theDuelist:Raigeki+1"],"picked":"SKIP","floor":35},{"not_picked":["theDuelist:SpiralSpearStrike","theDuelist:FluteSummoning","theDuelist:SilverWing+1","theDuelist:DragonMirror+1"],"picked":"theDuelist:Mountain+1","floor":37},{"not_picked":["theDuelist:DarkDriceratops","theDuelist:BlackTyranno","theDuelist:BlackBrutdrago","theDuelist:TrihornedDragon+1","theDuelist:BlackVeloci"],"picked":"SKIP","floor":39},{"not_picked":["theDuelist:GenesisDragon","theDuelist:CaveDragon","theDuelist:SilverDragon","theDuelist:Babycerasaurus","theDuelist:Dracocension"],"picked":"SKIP","floor":40},{"not_picked":["theDuelist:AxeDespair+1","theDuelist:FluteSummoning","theDuelist:CloudianGhost","theDuelist:ArmedDragon3+1","theDuelist:GalaxyTyranno+1"],"picked":"SKIP","floor":41},{"not_picked":["theDuelist:SnowDragon","theDuelist:EvolutionBurst","theDuelist:CyberRevsystem+1","theDuelist:BabyDragon","theDuelist:FluteSummoning+1"],"picked":"SKIP","floor":45},{"not_picked":["theDuelist:LesserDragon+1","theDuelist:DarkHorus+1","theDuelist:SilverDragon+1","theDuelist:RedRisingDragon","theDuelist:CyberDragonNachster+1"],"picked":"SKIP","floor":47}],"player_experience":382002,"relics_obtained":[{"floor":6,"key":"Kunai"},{"floor":9,"key":"Pantograph"},{"floor":12,"key":"Bottled Lightning"},{"floor":21,"key":"Eternal Feather"},{"floor":23,"key":"Potion Belt"},{"floor":26,"key":"Self Forming Clay"},{"floor":40,"key":"Anchor"},{"floor":43,"key":"Paper Frog"},{"floor":44,"key":"theDuelist:SpellMaxHPRelic"},{"floor":44,"key":"Calipers"},{"floor":44,"key":"theDuelist:SummonAnchorRare"}],"event_choices":[{"damage_healed":0,"gold_gain":0,"player_choice":"Entered Light","damage_taken":16,"max_hp_gain":0,"max_hp_loss":0,"event_name":"Shining Light","floor":2,"gold_loss":0,"cards_upgraded":["theDuelist:YamataDragon","theDuelist:Sparks"]},{"damage_healed":0,"gold_gain":0,"player_choice":"Rummage","damage_taken":0,"relics_obtained":["WarpedTongs"],"max_hp_gain":0,"max_hp_loss":0,"event_name":"Accursed Blacksmith","floor":3,"gold_loss":0,"cards_obtained":["Pain"]},{"cards_removed":["theDuelist:SilverWing"],"damage_healed":28,"gold_gain":0,"player_choice":"Offered Uncommon","damage_taken":0,"max_hp_gain":0,"max_hp_loss":0,"event_name":"Bonfire Elementals","floor":14,"gold_loss":0},{"damage_healed":0,"gold_gain":0,"player_choice":"Shed Blood","damage_taken":20,"max_hp_gain":5,"max_hp_loss":0,"event_name":"Forgotten Altar","floor":22,"gold_loss":0},{"damage_healed":0,"gold_gain":100,"player_choice":"Pray","damage_taken":0,"max_hp_gain":0,"max_hp_loss":0,"event_name":"Golden Shrine","floor":25,"gold_loss":0},{"damage_healed":0,"gold_gain":0,"player_choice":"Ignored","damage_taken":0,"max_hp_gain":0,"max_hp_loss":0,"event_name":"Tomb of Lord Red Mask","floor":36,"gold_loss":0},{"damage_healed":0,"gold_gain":0,"player_choice":"Fight","duelist":true,"damage_taken":0,"max_hp_gain":0,"max_hp_loss":0,"event_name":"Battle City","floor":44,"gold_loss":0}],"is_beta":false,"boss_relics":[{"not_picked":["Sozu","Fusion Hammer"],"picked":"Runic Cube"},{"not_picked":["Pandora\u0027s Box","Runic Dome"],"picked":"theDuelist:GamblerChip"}],"items_purged_floors":[5],"is_endless":false,"potions_floor_spawned":[8,11,12,18,23,24,29,30,37,40,44,45],"ascension_level":0}}