{"host":"403lw4pvxm1dv9ca","time":1611987242,"event":{"mods":["AchievementEnabler","BaseMod","Colored Map","Colored Powertips","Minty Spire (QoL Compilation)","Permanent Neow","Quick Restart"],"gold_per_floor":[111,111,111,127,141,176,194,194,194,194,224,236,256,103,103,202,202,212,225,225,225,225,250,250,250,250,260,12,41,58,58,58,156,156,173,184,184,184,184,217,217,242,242,268,318,46,77,87,87,87],"floor_reached":51,"language":"ENG","playtime":2624,"items_purged":["Strike_R","Defend_R","Defend_R"],"score":1198,"play_id":"e72cf9a5-1132-4de7-8cb3-b43a473e29b6","local_time":"20210130001402","is_ascension_mode":true,"campfire_choices":[{"data":"Strike_R","floor":10.0,"key":"PURGE"},{"data":"Whirlwind","floor":15.0,"key":"SMITH"},{"data":"Double Tap","floor":25.0,"key":"SMITH"},{"data":"Barricade","floor":32.0,"key":"SMITH"},{"data":"Flame Barrier","floor":49,"key":"SMITH"}],"circlet_count":0,"master_deck":["Defend_R","Defend_R","Bash","Spot Weakness","Bandage Up","Flame Barrier+1","Cleave","Inflame","Battle Trance","Shrug It Off","Whirlwind+1","Barricade+1","Heavy Blade+1","Necronomicurse","Shrug It Off","Disarm","Brutality","Seeing Red+1","Entrench+1","Disarm+1","Feel No Pain","Flame Barrier"],"relics":["Burning Blood","Peace Pipe","White Beast Statue","Velvet Choker","Necronomicon","Orichalcum","Matryoshka","Chemical X","Ancient Tea Set","Anchor","Pocketwatch","Busted Crown","Juzu Bracelet","Turnip","Bronze Scales","Dead Branch","FossilizedHelix","Red Skull","Magic Flower","Mercury Hourglass"],"acts_visited":["Exordium","TheCity","TheBeyond"],"potions_floor_usage":[40,44,44,45,45,50,50],"damage_taken":[{"damage":32.0,"enemies":"Small Slimes","floor":1.0,"turns":4.0},{"damage":0.0,"enemies":"Cultist","floor":4.0,"turns":4.0},{"damage":2.0,"enemies":"2 Louse","floor":5.0,"turns":2.0},{"damage":32.0,"enemies":"Gremlin Nob","floor":6.0,"turns":4.0},{"damage":14.0,"enemies":"Exordium Thugs","floor":7.0,"turns":5.0},{"damage":28.0,"enemies":"Lagavulin","floor":11.0,"turns":6.0},{"damage":0.0,"enemies":"2 Fungi Beasts","floor":12.0,"turns":3.0},{"damage":17.0,"enemies":"3 Louse","floor":13.0,"turns":3.0},{"damage":20.0,"enemies":"The Guardian","floor":16.0,"turns":11.0},{"damage":18.0,"enemies":"Spheric Guardian","floor":18.0,"turns":5.0},{"damage":11.0,"enemies":"2 Thieves","floor":19.0,"turns":3.0},{"damage":5.0,"enemies":"Gremlin Leader","floor":23.0,"turns":3.0},{"damage":0.0,"enemies":"Snecko","floor":27.0,"turns":2.0},{"damage":0.0,"enemies":"Slavers","floor":29.0,"turns":1.0},{"damage":0.0,"enemies":"3 Cultists","floor":30.0,"turns":1.0},{"damage":0.0,"enemies":"Automaton","floor":33.0,"turns":4.0},{"damage":9,"enemies":"3 Darklings","floor":35,"turns":3},{"damage":55,"enemies":"3 Shapes","floor":36,"turns":2},{"damage":0,"enemies":"Nemesis","floor":40,"turns":3},{"damage":0,"enemies":"Reptomancer","floor":42,"turns":3},{"damage":6,"enemies":"Giant Head","floor":44,"turns":6},{"damage":14,"enemies":"Mind Bloom Boss Battle","floor":45,"turns":6},{"damage":0,"enemies":"Reptomancer","floor":47,"turns":4},{"damage":3,"enemies":"Maw","floor":48,"turns":6},{"damage":7,"enemies":"Time Eater","floor":50,"turns":5}],"seed_played":"7368297939662270935","potions_obtained":[{"floor":5.0,"key":"PowerPotion"},{"floor":6.0,"key":"BloodPotion"},{"floor":12.0,"key":"GamblersBrew"},{"floor":13.0,"key":"Dexterity Potion"},{"floor":16.0,"key":"Block Potion"},{"floor":18.0,"key":"ColorlessPotion"},{"floor":19.0,"key":"BloodPotion"},{"floor":23.0,"key":"GamblersBrew"},{"floor":27.0,"key":"DuplicationPotion"},{"floor":29.0,"key":"EssenceOfSteel"},{"floor":33.0,"key":"SpeedPotion"},{"floor":35,"key":"Swift Potion"},{"floor":40,"key":"Regen Potion"},{"floor":44,"key":"AttackPotion"},{"floor":45,"key":"Block Potion"},{"floor":47,"key":"DuplicationPotion"},{"floor":48,"key":"Fire Potion"}],"is_trial":false,"path_per_floor":["M","?","?","M","M","E","M","?","T","R","E","M","M","$","R","B",null,"M","M","?","?","?","E","?","R","T","M","$","E","M","T","R","B",null,"M","M","?","T","?","E","$","E","T","E","?","$","E","M","R","B",null],"character_chosen":"IRONCLAD","items_purchased":["Whirlwind","Chemical X","Feel No Pain","Flame Barrier"],"campfire_rested":0,"item_purchase_floors":[14,28,46,46],"current_hp_per_floor":[30,35,35,45,53,44,40,40,40,40,22,32,25,25,25,15,85,77,76,76,60,44,67,67,67,67,73,73,79,85,85,85,90,90,87,38,38,38,38,48,48,58,58,76,72,72,87,90,90,90],"gold":87,"neow_bonus":"REMOVE_TWO","is_daily":false,"chose_seed":false,"campfire_upgraded":4,"win_rate":0.0,"timestamp":1611987242,"path_taken":["M","?","?","?","M","E","M","?","T","R","E","M","M","$","R","BOSS","M","M","?","?","?","E","?","R","T","M","$","E","?","?","R","BOSS","M","?","?","?","?","E","?","E","T","E","?","$","E","M","R","BOSS"],"items_purchased_type":["Card","Relic","Card","Card"],"build_version":"2020-12-22","purchased_purges":3,"victory":true,"max_hp_per_floor":[80,85,85,85,85,85,85,85,85,85,85,85,85,85,85,85,85,85,85,85,90,90,90,90,90,90,90,90,90,90,90,90,90,90,90,90,90,90,90,90,90,90,90,90,90,90,90,90,90,90],"card_choices":[{"not_picked":["Clothesline","Headbutt"],"picked":"Spot Weakness","floor":1.0},{"not_picked":["Heavy Blade","Flex"],"picked":"Inflame","floor":4.0},{"not_picked":["Headbutt","Havoc","Perfected Strike"],"picked":"SKIP","floor":5.0},{"not_picked":["Perfected Strike","Blood for Blood"],"picked":"Double Tap","floor":6.0},{"not_picked":["Twin Strike","Headbutt","Armaments"],"picked":"SKIP","floor":7.0},{"not_picked":["Thunderclap","Wild Strike"],"picked":"Battle Trance","floor":11.0},{"not_picked":["Clash","Twin Strike","Cleave"],"picked":"SKIP","floor":12.0},{"not_picked":["Carnage","Clash"],"picked":"Shrug It Off","floor":13.0},{"not_picked":["Demon Form","Immolate"],"picked":"Barricade","floor":16.0},{"not_picked":["Intimidate","Blood for Blood+1"],"picked":"Heavy Blade+1","floor":18.0},{"not_picked":["Cleave","Havoc","Iron Wave"],"picked":"SKIP","floor":19.0},{"not_picked":["Anger","Heavy Blade","Pummel"],"picked":"SKIP","floor":23.0},{"not_picked":["Pommel Strike","Sever Soul"],"picked":"Shrug It Off","floor":27.0},{"not_picked":["Shockwave","Sword Boomerang"],"picked":"Disarm","floor":29.0},{"not_picked":["Perfected Strike","Clothesline","Headbutt"],"picked":"SKIP","floor":30.0},{"not_picked":["Corruption","Exhume"],"picked":"Brutality","floor":33.0},{"not_picked":["Shrug It Off"],"picked":"SKIP","floor":35},{"not_picked":[],"picked":"Seeing Red+1","floor":36},{"not_picked":[],"picked":"Entrench+1","floor":40},{"not_picked":["Sword Boomerang+1"],"picked":"SKIP","floor":42},{"not_picked":["Ghostly Armor"],"picked":"SKIP","floor":44},{"not_picked":[],"picked":"Disarm+1","floor":45},{"not_picked":["Twin Strike+1"],"picked":"SKIP","floor":47},{"not_picked":["Cleave+1"],"picked":"SKIP","floor":48}],"player_experience":155049,"relics_obtained":[{"floor":6.0,"key":"Peace Pipe"},{"floor":11.0,"key":"White Beast Statue"},{"floor":22.0,"key":"Necronomicon"},{"floor":23.0,"key":"Orichalcum"},{"floor":26.0,"key":"Matryoshka"},{"floor":29.0,"key":"Ancient Tea Set"},{"floor":31.0,"key":"Anchor"},{"floor":31.0,"key":"Pocketwatch"},{"floor":38,"key":"Juzu Bracelet"},{"floor":38,"key":"Turnip"},{"floor":40,"key":"Bronze Scales"},{"floor":42,"key":"Dead Branch"},{"floor":43,"key":"FossilizedHelix"},{"floor":44,"key":"Red Skull"},{"floor":45,"key":"Magic Flower"},{"floor":47,"key":"Mercury Hourglass"}],"event_choices":[{"damage_healed":0.0,"max_hp_gain":5.0,"max_hp_loss":0.0,"gold_gain":0.0,"event_name":"Big Fish","player_choice":"Donut","floor":2.0,"gold_loss":0.0,"damage_taken":0.0},{"damage_healed":0.0,"max_hp_gain":0.0,"max_hp_loss":0.0,"gold_gain":0.0,"event_name":"Match and Keep!","player_choice":"3 cards matched","floor":3.0,"gold_loss":0.0,"damage_taken":0.0,"cards_obtained":["Bandage Up","Flame Barrier","Cleave"]},{"damage_healed":0.0,"max_hp_gain":0.0,"max_hp_loss":0.0,"gold_gain":0.0,"event_name":"Liars Game","player_choice":"Ignored","floor":8.0,"gold_loss":0.0,"damage_taken":0.0},{"damage_healed":0.0,"max_hp_gain":0.0,"max_hp_loss":0.0,"gold_gain":0.0,"event_name":"Vampires","player_choice":"Ignored","floor":20.0,"gold_loss":0.0,"damage_taken":0.0},{"damage_healed":0.0,"max_hp_gain":5.0,"max_hp_loss":0.0,"gold_gain":0.0,"event_name":"Forgotten Altar","player_choice":"Shed Blood","floor":21.0,"gold_loss":0.0,"damage_taken":21.0},{"damage_healed":0.0,"max_hp_gain":0.0,"max_hp_loss":0.0,"gold_gain":0.0,"event_name":"Cursed Tome","player_choice":"Obtained Book","floor":22.0,"gold_loss":0.0,"damage_taken":16.0},{"cards_removed":["Strike_R"],"damage_healed":0.0,"max_hp_gain":0.0,"max_hp_loss":0.0,"gold_gain":0.0,"event_name":"Purifier","player_choice":"Purged","floor":24.0,"gold_loss":0.0,"damage_taken":0.0},{"cards_removed":["Double Tap"],"damage_healed":0,"gold_gain":0,"player_choice":"Removed Skill","damage_taken":0,"max_hp_gain":0,"max_hp_loss":0,"event_name":"Falling","floor":37,"gold_loss":0},{"damage_healed":0,"gold_gain":0,"player_choice":"Ignored","damage_taken":0,"max_hp_gain":0,"max_hp_loss":0,"event_name":"Tomb of Lord Red Mask","floor":39,"gold_loss":0},{"damage_healed":0,"gold_gain":0,"player_choice":"Fight","damage_taken":0,"max_hp_gain":0,"max_hp_loss":0,"event_name":"MindBloom","floor":45,"gold_loss":0}],"is_beta":false,"boss_relics":[{"not_picked":["Ectoplasm","Fusion Hammer"],"picked":"Velvet Choker"},{"not_picked":["Empty Cage","Black Blood"],"picked":"Busted Crown"}],"items_purged_floors":[14,28,46],"is_endless":false,"potions_floor_spawned":[5,6,12,13,16,18,19,23,27,29,30,33,35,36,40,42,44,45,47,48],"ascension_level":4}}