{"host":"rolltorest","time":1611966222,"event":{"mods":["BaseMod","Gremlin Mod","Jorbs\u0027s Wanderer Trilogy","Koishi","Minty Spire (QoL Compilation)","Relic Stats","Robot Space Explorer","Slay the Relics Exporter","StSLib","The Servant 0.9.4"],"gold_per_floor":[109,184,156,176,176,204,204,204,284,284,311,311,335,8,8,85,85,96,96,21,33,83,83,111,111,111,129,160,160,171,33,33,33,33],"floor_reached":33,"language":"ENG","playtime":741,"items_purged":[],"score":624,"play_id":"b2b5e276-5fe3-4c6e-9461-e61a7790bb92","local_time":"20210129162342","is_ascension_mode":true,"campfire_choices":[{"data":"ShatteredReality","floor":8,"key":"SMITH"},{"data":"Exchange","floor":10,"key":"SMITH"},{"data":"1","floor":12,"key":"LIFT"},{"floor":15,"key":"REST"},{"data":"Manipulate","floor":23,"key":"SMITH"},{"floor":25,"key":"REST"},{"data":"Ghostly","floor":29,"key":"SMITH"},{"floor":32,"key":"REST"}],"circlet_count":0,"master_deck":["AscendersBane","Strike_S","Strike_S","Strike_S","Defend_S","Defend_S+1","Defend_S","Defend_S","KidneyShot","Exchange+1","ShatteredReality+1","BottledTime","Moonlight","SoulSculpture","Starlight","Ghostly+1","Ghostly","Ghostly+1","Manipulate+1","Rewind","Replace+1","TimeWarp+1","Gouge+1","BottledTime","Desolation"],"relics":["Uniform","NeowsBlessing","Strawberry","Girya","Bronze Scales","Pan","Regal Pillow","SlaversCollar","War Paint","Gremlin Horn","Orichalcum"],"acts_visited":["Exordium","TheCity"],"potions_floor_usage":[11,33],"damage_taken":[{"damage":0,"enemies":"Jaw Worm","floor":1,"turns":1},{"damage":0,"enemies":"2 Louse","floor":4,"turns":1},{"damage":0,"enemies":"3 Sentries","floor":6,"turns":2},{"damage":36,"enemies":"Lagavulin","floor":11,"turns":8},{"damage":35,"enemies":"The Guardian","floor":16,"turns":11},{"damage":15,"enemies":"Spheric Guardian","floor":18,"turns":5},{"damage":13,"enemies":"2 Thieves","floor":21,"turns":3},{"damage":22,"enemies":"Book of Stabbing","floor":24,"turns":6},{"damage":2,"enemies":"Centurion and Healer","floor":27,"turns":3},{"damage":3,"enemies":"Slavers","floor":28,"turns":3},{"damage":14,"enemies":"Shelled Parasite and Fungi","floor":30,"turns":4},{"damage":36,"enemies":"Collector","floor":33,"turns":8}],"seed_played":"-4376439422090095816","potions_obtained":[{"floor":1,"key":"Explosive Potion"},{"floor":16,"key":"Ancient Potion"},{"floor":18,"key":"CultistPotion"},{"floor":27,"key":"Swift Potion"}],"is_trial":false,"path_per_floor":["M","?","$","M","?","E","?","R","T","R","E","R","T","$","R","B",null,"M","?","?","M","?","R","E","R","T","M","E","R","M","$","R","B"],"character_chosen":"THE_SERVANT","items_purchased":["ShatteredReality","Pan","Regal Pillow","BottledTime","Desolation"],"campfire_rested":3,"item_purchase_floors":[3,14,14,31,31],"current_hp_per_floor":[54,43,43,43,43,50,55,55,55,55,19,19,19,19,55,20,59,44,36,36,23,23,23,1,26,26,24,21,21,7,7,32,0,0],"gold":33,"neow_bonus":"THREE_ENEMY_KILL","is_daily":false,"chose_seed":false,"campfire_upgraded":4,"win_rate":0.0,"timestamp":1611966222,"path_taken":["M","?","$","M","?","E","?","R","T","R","E","R","?","?","R","BOSS","M","?","?","M","?","R","E","R","T","M","E","R","M","$","R","BOSS"],"items_purchased_type":["Card","Relic","Relic","Card","Card"],"build_version":"2020-12-18","purchased_purges":0,"victory":false,"max_hp_per_floor":[60,60,60,60,60,67,72,72,72,72,72,72,72,72,72,72,72,72,36,36,36,36,36,36,36,36,36,36,36,36,36,36,36,36],"relic_stats":{"Regal Pillow":45,"Gremlin Horn":[7,7],"counters":[12,55],"Bronze Scales":[165],"War Paint":["Ghostly","Defend_S"],"Orichalcum":[24],"obtain_stats":[{"Girya":11,"SlaversCollar":17,"Regal Pillow":14,"NeowsBlessing":0,"Gremlin Horn":26,"Strawberry":6,"Bronze Scales":13,"Uniform":0,"Pan":14,"War Paint":24,"Orichalcum":28},{"Girya":4,"SlaversCollar":5,"Regal Pillow":4,"NeowsBlessing":0,"Gremlin Horn":8,"Strawberry":3,"Bronze Scales":4,"Uniform":0,"Pan":4,"War Paint":8,"Orichalcum":10},{"Girya":12,"SlaversCollar":23,"Regal Pillow":12,"NeowsBlessing":0,"Gremlin Horn":37,"Strawberry":4,"Bronze Scales":12,"Uniform":0,"Pan":12,"War Paint":37,"Orichalcum":43}]},"card_choices":[{"not_picked":["Rearm","Read","Advance"],"picked":"SKIP","floor":1},{"not_picked":["SpecialFormula","FastForward"],"picked":"BottledTime","floor":4},{"not_picked":["Unruled","TrueSight","DancingSilver"],"picked":"SKIP","floor":6},{"not_picked":["Ricochet","Replace"],"picked":"Moonlight","floor":11},{"not_picked":["MurderousAura","LightFlow"],"picked":"SoulSculpture","floor":16},{"not_picked":["Ricochet","Read"],"picked":"Starlight","floor":18},{"not_picked":["Spin+1","Revamp"],"picked":"Manipulate","floor":21},{"not_picked":["Orbit","Foresight+1"],"picked":"Rewind","floor":24},{"not_picked":["ShiftingGears","Rewind"],"picked":"Replace+1","floor":27},{"not_picked":["FanOfKnives","Initiator"],"picked":"TimeWarp+1","floor":28},{"not_picked":["Rewind","WasteNot"],"picked":"Gouge+1","floor":30}],"player_experience":2351717,"relics_obtained":[{"floor":6,"key":"Strawberry"},{"floor":11,"key":"Girya"},{"floor":13,"key":"Bronze Scales"},{"floor":24,"key":"War Paint"},{"floor":26,"key":"Gremlin Horn"},{"floor":28,"key":"Orichalcum"}],"event_choices":[{"damage_healed":0,"gold_gain":75,"player_choice":"Gather Gold","damage_taken":11,"max_hp_gain":0,"max_hp_loss":0,"event_name":"World of Goop","floor":2,"gold_loss":0},{"damage_healed":0,"gold_gain":0,"player_choice":"Leave","damage_taken":0,"max_hp_gain":0,"max_hp_loss":0,"event_name":"The Cleric","floor":5,"gold_loss":0},{"damage_healed":0,"gold_gain":0,"player_choice":"Donut","damage_taken":0,"max_hp_gain":5,"max_hp_loss":0,"event_name":"Big Fish","floor":7,"gold_loss":0},{"damage_healed":0,"gold_gain":0,"player_choice":"Became a Ghost","damage_taken":0,"max_hp_gain":0,"max_hp_loss":36,"event_name":"Ghosts","floor":19,"gold_loss":0,"cards_obtained":["Ghostly","Ghostly","Ghostly"]},{"cards_removed":["Strike_S"],"damage_healed":0,"gold_gain":0,"player_choice":"Gave Gold","damage_taken":0,"max_hp_gain":0,"max_hp_loss":0,"event_name":"Beggar","floor":20,"gold_loss":75},{"damage_healed":0,"gold_gain":50,"player_choice":"Stole From Cult","damage_taken":0,"max_hp_gain":0,"max_hp_loss":0,"event_name":"Nest","floor":22,"gold_loss":0}],"is_beta":true,"boss_relics":[{"not_picked":["Black Star","Fusion Hammer"],"picked":"SlaversCollar"}],"items_purged_floors":[],"is_endless":false,"potions_floor_spawned":[1,16,18,27,30],"killed_by":"Collector","ascension_level":20}}