{"host":"8srk5r1dwtmjotwd","time":1611976768,"event":{"mods":["AchievementEnabler","Act Like it!","BaseMod","Beaked The Cultist","Bestiary","Better Note","Better Third Choice","Colored Map","Colored Powertips","Friendly Minions","GifTheSpireLib","Halation","Hallownest","Hermit","Hubris","Minty Spire (QoL Compilation)","Quick Restart","Rare Cards Sparkle","Replay The Spire","Shop Mod","StSLib","SuperFastMode","Synergy Search","The Bug Knight","The Construct","The Cursed","The Jungle","Thieving Mod","Yohane!","everything is the same but u backflip on backflip","slay the spire mod where everything is the same but ironclad has a cowboy hat"],"gold_per_floor":[210,220,220,235,235,235,248,259,282,295,315,315,410,428,519,615,615,625,625,625,121,141,67,92,92,115,131,131,131,131,145,145,246,246,262,262,280,299,299,299],"floor_reached":39,"language":"ENG","playtime":2322,"items_purged":["ReplayTheSpireMod:Splinters"],"score":420,"play_id":"71b90917-a615-410f-9b9d-98b5c9137711","local_time":"20210129221928","is_ascension_mode":false,"campfire_choices":[{"data":"Neutralize","floor":6.0,"key":"SMITH"},{"floor":12.0,"key":"REST"},{"floor":25.0,"key":"REST"},{"floor":28.0,"key":"REST"},{"floor":30.0,"key":"REST"},{"floor":32.0,"key":"REST"}],"circlet_count":0,"master_deck":["Strike_G","Strike_G","Strike_G","Strike_G","Defend_G","Defend_G","Defend_G","Defend_G+1","Defend_G","Survivor","Neutralize+1","Dagger Spray","Slice","Blade Dance+1","Slice","Crippling Poison","Riddle With Holes","Backstab","Outmaneuver","Caltrops","hubris:Counter","Slice","Corpse Explosion","Skewer","Inflame","hubris:EnhanceAbility","hubris:Counter+1","Leg Sweep+1","Dagger Throw+1","Writhe","Poisoned Stab","ReplayTheSpireMod:From All Sides","CurseOfTheBell","Heel Hook+1","Outmaneuver","PiercingWail+1"],"relics":["Ring of the Snake","Blood Vial","Vajra","Mirror","War Paint","Shovel","Calling Bell","Bronze Scales","Eternal Feather","hubris:MedicalManual"],"acts_visited":["Exordium","Exordium","TheBeyond"],"potions_floor_usage":[33,33,33,39],"damage_taken":[{"damage":0.0,"enemies":"Small Slimes","floor":1.0,"turns":3.0},{"damage":1.0,"enemies":"Cultist","floor":2.0,"turns":4.0},{"damage":1.0,"enemies":"Jaw Worm","floor":4.0,"turns":4.0},{"damage":10.0,"enemies":"Looter","floor":7.0,"turns":2.0},{"damage":11.0,"enemies":"Gremlin Gang","floor":8.0,"turns":3.0},{"damage":0.0,"enemies":"Exordium Wildlife","floor":10.0,"turns":2.0},{"damage":3.0,"enemies":"Large Slime","floor":11.0,"turns":6.0},{"damage":5.0,"enemies":"Red Slaver","floor":14.0,"turns":2.0},{"damage":33.0,"enemies":"The Guardian","floor":16.0,"turns":9.0},{"damage":26.0,"enemies":"theJungle:GiantWrat","floor":18.0,"turns":5.0},{"damage":4.0,"enemies":"theJungle:MUSHROOMGANG","floor":22.0,"turns":2.0},{"damage":40.0,"enemies":"theJungle:Cassacara","floor":24.0,"turns":6.0},{"damage":17.0,"enemies":"theJungle:SlimyTreeVines","floor":27.0,"turns":6.0},{"damage":29.0,"enemies":"theJungle:Snecko_Cultist_And_Trap","floor":31.0,"turns":5.0},{"damage":35,"enemies":"theJungle:FunGuy","floor":33,"turns":9},{"damage":7,"enemies":"Orb Walker","floor":35,"turns":2},{"damage":33,"enemies":"3 Shapes","floor":37,"turns":3},{"damage":28,"enemies":"3 Darklings","floor":38,"turns":3},{"damage":13,"enemies":"4 Shapes","floor":39,"turns":5}],"seed_played":"8352914666692818428","potions_obtained":[{"floor":4.0,"key":"Adrenaline Potion"},{"floor":8.0,"key":"Elixir"},{"floor":11.0,"key":"PowerPotion"},{"floor":16.0,"key":"ColorlessPotion"},{"floor":18.0,"key":"Elixir"},{"floor":27.0,"key":"construct:ShiftPotion"},{"floor":31.0,"key":"ColorlessPotion"},{"floor":38,"key":"Energy Potion"}],"is_trial":false,"path_per_floor":["M","M","?","M","$","R","M","M","T","M","M","R","?","M","R_BF","B",null,"M","?","?","$","M","$","E","R","T","M","R","?","R","M","R","B",null,"M","?","M","M","M"],"character_chosen":"THE_SILENT","items_purchased":["Vajra","hubris:EnhanceAbility","Dexterity Potion","Energy Potion","DistilledChaos"],"campfire_rested":5,"item_purchase_floors":[21,21,21,21,23],"current_hp_per_floor":[70,69,69,68,68,68,58,47,47,49,48,69,69,65,65,34,70,44,44,53,53,51,51,13,34,34,25,46,46,67,40,61,28,70,63,63,32,6,0,0],"gold":299,"neow_bonus":"HUNDRED_GOLD","is_daily":false,"chose_seed":false,"campfire_upgraded":1,"win_rate":0.0,"timestamp":1611976768,"path_taken":["M","M","?","M","?","R","M","M","T","?","M","R","?","M","R_BF","BOSS","M","?","?","?","M","$","E","R","T","?","R","?","R","M","R","BOSS","M","?","M","M","M"],"items_purchased_type":["Relic","Card","Potion","Potion","Potion"],"build_version":"2020-12-22","purchased_purges":1,"victory":false,"max_hp_per_floor":[70,70,70,70,70,70,70,70,70,70,70,70,70,70,70,70,70,70,70,70,70,70,70,70,70,70,70,70,70,70,70,70,70,70,70,70,70,70,70,70],"card_choices":[{"not_picked":["Backflip","Hidden Blade"],"picked":"Dagger Spray","floor":1.0},{"not_picked":["Poisoned Stab","Hidden Blade"],"picked":"Slice","floor":2.0},{"not_picked":["Dodge and Roll","Noxious Fumes"],"picked":"Blade Dance","floor":4.0},{"not_picked":["PiercingWail","Expertise"],"picked":"Slice","floor":7.0},{"not_picked":["Slice","ReplayTheSpireMod:Scrap Shanks"],"picked":"Crippling Poison","floor":8.0},{"not_picked":["Escape Plan","Slice"],"picked":"Riddle With Holes","floor":10.0},{"not_picked":["Sucker Punch","Replay:Poison Smokescreen"],"picked":"Backstab","floor":11.0},{"not_picked":["Sneak Up","ReplayTheSpireMod:Shiv Toss"],"picked":"Outmaneuver","floor":13.0},{"not_picked":["Malaise","Eviscerate"],"picked":"Caltrops","floor":13.0},{"not_picked":["Leg Sweep","Acrobatics"],"picked":"hubris:Counter","floor":13.0},{"not_picked":["Dagger Spray","Dodge and Roll"],"picked":"Slice","floor":14.0},{"not_picked":["Atom Bomb","Replay:Bag of Tricks"],"picked":"Corpse Explosion","floor":16.0},{"not_picked":["ReplayTheSpireMod:The Works","PiercingWail"],"picked":"Skewer","floor":18.0},{"not_picked":["Skewer","Deflect+1"],"picked":"hubris:Counter+1","floor":22.0},{"not_picked":["Glass Knife","Footwork"],"picked":"Leg Sweep+1","floor":24.0},{"not_picked":["Riddle With Holes+1","Quick Slash"],"picked":"Dagger Throw+1","floor":27.0},{"not_picked":["Bane","Quick Slash+1"],"picked":"Poisoned Stab","floor":31.0},{"not_picked":["Corpse Explosion","Tools of the Trade"],"picked":"ReplayTheSpireMod:From All Sides","floor":33},{"not_picked":["Quick Slash+1","Calculated Gamble"],"picked":"Heel Hook+1","floor":35},{"not_picked":["Dagger Throw+1","Prepared"],"picked":"Outmaneuver","floor":37},{"not_picked":["ReplayTheSpireMod:Scrap Shanks+1","Acrobatics+1"],"picked":"PiercingWail+1","floor":38}],"player_experience":79990,"relics_obtained":[{"floor":9.0,"key":"Blood Vial"},{"floor":24.0,"key":"Mirror"},{"floor":26.0,"key":"War Paint"},{"floor":34,"key":"Bronze Scales"},{"floor":34,"key":"Eternal Feather"},{"floor":34,"key":"hubris:MedicalManual"}],"event_choices":[{"cards_removed":["Strike_G"],"damage_healed":0.0,"max_hp_gain":0.0,"max_hp_loss":0.0,"gold_gain":0.0,"event_name":"Bonfire Elementals","player_choice":"Offered Basic","floor":3.0,"gold_loss":0.0,"damage_taken":0.0},{"cards_removed":["Outmaneuver"],"damage_healed":0.0,"max_hp_gain":0.0,"max_hp_loss":0.0,"gold_gain":0.0,"event_name":"betterNote:BetterNote","player_choice":"Take \u0026 Give","floor":19.0,"gold_loss":0.0,"damage_taken":0.0,"cards_obtained":["Inflame"]},{"damage_healed":0,"gold_gain":0,"player_choice":"Ignored","damage_taken":0,"max_hp_gain":0,"max_hp_loss":0,"event_name":"Mysterious Sphere","floor":36,"gold_loss":0}],"is_beta":false,"boss_relics":[{"not_picked":["halation:MonkeysPaw","hubris:GrandSneckoEye","Kintsugi"]},{"not_picked":["Coffee Dripper","ChewingGum"],"picked":"Calling Bell"}],"items_purged_floors":[21],"is_endless":false,"potions_floor_spawned":[4,8,11,16,18,27,31,38],"killed_by":"4 Shapes","ascension_level":0}}