{"host":"l84l8xigz5v5foa2","time":1611986028,"event":{"mods":["2.2 Compatiblity","AchievementEnabler","BaseMod","Better Note","Better Vampires","Card Filter","Colored Map","DeckTracker","Downfall","Gremlin Skip","Highlight Path","Keyboard Shortcuts","Minty Spire (QoL Compilation)","Permanent Neow","Quick Restart","Relic Filter","Relic Stats","StSLib","SuperFastMode","Transform Curses","Unknown Chances"],"gold_per_floor":[110,110,110,90,111,111,154,178,247,247,288,308,308,341,341,437,437,457,65,90,113,133,133,153,184,184,200,239,239,260,295,295,391,391,411,411,411,311,330,330,376,376,400,400,424,443,477,491,491,491,491,491,491,115,115,115,115],"floor_reached":55,"language":"ENG","playtime":2590,"items_purged":["hexamod:Strike","hexamod:Strike","hexamod:Strike"],"score":2389,"play_id":"7598917b-e713-4f0e-b233-54125bbe224e","local_time":"20210130145348","is_ascension_mode":true,"campfire_choices":[{"data":"hexamod:Float","floor":6.0,"key":"SMITH"},{"data":"hexamod:RainOfEmbers","floor":10.0,"key":"SMITH"},{"data":"hexamod:NecessarySacrifice","floor":13.0,"key":"SMITH"},{"data":"hexamod:FastForward","floor":15.0,"key":"SMITH"},{"data":"hexamod:ForkedFlame","floor":23.0,"key":"SMITH"},{"data":"hexamod:ForkedFlame","floor":29.0,"key":"SMITH"},{"data":"hexamod:GiftsFromTheDead","floor":32.0,"key":"SMITH"},{"floor":40.0,"key":"RECALL"},{"data":"hexamod:ForkedFlame","floor":44.0,"key":"SMITH"},{"data":"hexamod:FlameSwitch","floor":49.0,"key":"SMITH"},{"data":"hexamod:ApocalypseNow","floor":53,"key":"SMITH"}],"circlet_count":0,"master_deck":["AscendersBane","hexamod:Defend","hexamod:Defend+1","hexamod:Defend","hexamod:Defend","hexamod:Sear","hexamod:Float+1","hexamod:SwordOfDarkness","hexamod:ShieldOfDarkness+1","hexamod:NecessarySacrifice+1","hexamod:RainOfEmbers+1","hexamod:FastForward+1","hexamod:HauntingEcho","hexamod:ForkedFlame+1","hexamod:GiftsFromTheDead+1","hexamod:StepThrough","hexamod:HeatShield+1","hexamod:NightmareGuise","hexamod:HeatMetal+1","hexamod:ForkedFlame+1","hexamod:ApocalypseNow+1","hexamod:InspiringFlames","hexamod:StepThrough","hexamod:RecurringNightmare+1","hexamod:ForkedFlame+1","hexamod:HeatShield+1","hexamod:FlameSwitch+1","hexamod:RadiantFlame"],"relics":["hexamod:SpiritBrand","hexamod:SpiritBrand","hexamod:BolsterEngine","Black Star","Golden Idol","Bronze Scales","Pantograph","White Beast Statue","Strawberry","Bag of Marbles","sneckomod:BlankCard","Guardian:PocketSentry","sneckomod:SneckoTalon","Gremlin Horn","Ornamental Fan","Centennial Puzzle","Sundial","hexamod:MatchstickCase","Akabeko","Happy Flower","War Paint","SacredBark","hexamod:TheBrokenSeal","Dream Catcher","Orichalcum","Unceasing Top","Turnip","Toolbox"],"acts_visited":["Exordium","TheCity","TheBeyond","TheEnding"],"potions_floor_usage":[],"damage_taken":[{"damage":0.0,"enemies":"2 Louse","floor":1.0,"turns":4.0},{"damage":0.0,"enemies":"Small Slimes","floor":5.0,"turns":3.0},{"damage":5.0,"enemies":"3 Sentries","floor":7.0,"turns":9.0},{"damage":0.0,"enemies":"Cultist","floor":8.0,"turns":3.0},{"damage":4.0,"enemies":"Gremlin Nob","floor":11.0,"turns":3.0},{"damage":0.0,"enemies":"Exordium Wildlife","floor":12.0,"turns":2.0},{"damage":0.0,"enemies":"Lagavulin","floor":14.0,"turns":4.0},{"damage":0.0,"enemies":"Slime Boss","floor":16.0,"turns":4.0},{"damage":0.0,"enemies":"Shell Parasite","floor":18.0,"turns":4.0},{"damage":0.0,"enemies":"3 Byrds","floor":20.0,"turns":1.0},{"damage":11.0,"enemies":"Shelled Parasite and Fungi","floor":21.0,"turns":3.0},{"damage":0.0,"enemies":"Cultist and Chosen","floor":22.0,"turns":3.0},{"damage":0.0,"enemies":"Snake Plant","floor":24.0,"turns":3.0},{"damage":0.0,"enemies":"Slavers","floor":25.0,"turns":5.0},{"damage":6.0,"enemies":"Shelled Parasite and Fungi","floor":27.0,"turns":3.0},{"damage":0.0,"enemies":"Book of Stabbing","floor":28.0,"turns":3.0},{"damage":0.0,"enemies":"Chosen and Byrds","floor":30.0,"turns":3.0},{"damage":0.0,"enemies":"Slavers","floor":31.0,"turns":2.0},{"damage":14.0,"enemies":"Champ","floor":33.0,"turns":8.0},{"damage":8.0,"enemies":"3 Shapes","floor":35.0,"turns":7.0},{"damage":1.0,"enemies":"3 Darklings","floor":39.0,"turns":5.0},{"damage":17.0,"enemies":"Nemesis","floor":41.0,"turns":7.0},{"damage":0.0,"enemies":"Transient","floor":45.0,"turns":6.0},{"damage":0.0,"enemies":"Writhing Mass","floor":46.0,"turns":3.0},{"damage":0.0,"enemies":"Reptomancer","floor":47.0,"turns":4.0},{"damage":0.0,"enemies":"4 Shapes","floor":48.0,"turns":4.0},{"damage":9.0,"enemies":"Time Eater","floor":50.0,"turns":8.0},{"damage":4,"enemies":"Awakened One","floor":51,"turns":10},{"damage":87,"enemies":"Shield and Spear","floor":55,"turns":5}],"seed_played":"6389653768232024133","potions_obtained":[{"floor":1.0,"key":"SteroidPotion"},{"floor":4.0,"key":"DuplicationPotion"},{"floor":11.0,"key":"LiquidBronze"},{"floor":12.0,"key":"Strength Potion"},{"floor":14.0,"key":"Explosive Potion"},{"floor":18.0,"key":"PowerPotion"},{"floor":20.0,"key":"DuplicationPotion"},{"floor":21.0,"key":"ColorlessPotion"},{"floor":22.0,"key":"DistilledChaos"},{"floor":24.0,"key":"Fruit Juice"},{"floor":25.0,"key":"Swift Potion"},{"floor":27.0,"key":"Fire Potion"},{"floor":27.0,"key":"hexamod:EctoCoolerPotion"},{"floor":28.0,"key":"hexamod:DoubleChargePotion"},{"floor":28.0,"key":"Explosive Potion"},{"floor":30.0,"key":"GamblersBrew"},{"floor":31.0,"key":"DistilledChaos"},{"floor":33.0,"key":"Energy Potion"},{"floor":33.0,"key":"BlessingOfTheForge"},{"floor":35.0,"key":"AttackPotion"},{"floor":39.0,"key":"PowerPotion"},{"floor":39.0,"key":"ColorlessPotion"},{"floor":41.0,"key":"Fire Potion"},{"floor":47.0,"key":"Swift Potion"},{"floor":48.0,"key":"EntropicBrew"}],"is_trial":false,"path_per_floor":["M","?","?","?","M","R","E","M","T","R","E","M","R","E","R","B",null,"M","$","M","M","M","R","M","E","T","M","E","R","M","E","R","B",null,"M","?","?","$","M","R","E","?","T","R","M","M","E","M","R","B","B",null,"R","$","E"],"character_chosen":"THE_SPIRIT","items_purchased":["hexamod:StepThrough","Gremlin Horn","SteroidPotion","Toolbox","hexamod:RadiantFlame"],"campfire_rested":0,"item_purchase_floors":[19,19,54,54,54],"current_hp_per_floor":[57,50,28,28,28,28,23,23,23,23,26,26,26,26,26,51,65,65,65,65,54,54,54,59,66,66,67,67,67,74,74,74,68,73,72,72,72,72,75,75,85,85,85,85,85,85,85,85,85,76,81,84,84,84,0,0,0],"gold":115,"neow_bonus":"RANDOM_COMMON_RELIC","is_daily":false,"chose_seed":false,"campfire_upgraded":10,"win_rate":0.0,"timestamp":1611986028,"path_taken":["M","?","?","?","M","R","E","M","T","R","E","M","R","E","R","BOSS","M","$","M","?","M","R","M","E","T","M","E","R","M","E","R","BOSS","M","?","?","$","?","R","E","?","T","R","M","M","E","?","R","BOSS","BOSS","R","$","E"],"items_purchased_type":["Card","Relic","Potion","Relic","Card"],"build_version":"2020-12-22","purchased_purges":3,"victory":false,"max_hp_per_floor":[63,63,63,63,63,63,63,63,63,63,70,70,70,70,70,70,70,70,70,70,70,70,70,75,75,75,75,75,75,75,75,75,75,75,75,75,75,75,75,75,85,85,85,85,85,85,85,85,85,85,85,85,85,85,85,85,85],"relic_stats":{"Gremlin Horn":[28,28],"Happy Flower":[22],"counters":[29,128],"Golden Idol":200,"War Paint":["hexamod:HeatShield","hexamod:Defend"],"Orichalcum":[12],"Centennial Puzzle":[24],"Dream Catcher":0,"Ornamental Fan":[92],"Sundial":[6],"Bronze Scales":[349],"Pantograph":35,"Turnip":[2],"Black Star":8,"obtain_stats":[{"Gremlin Horn":19,"sneckomod:BlankCard":14,"SacredBark":34,"Centennial Puzzle":25,"Dream Catcher":41,"Sundial":26,"Pantograph":7,"Strawberry":11,"Toolbox":54,"hexamod:SpiritBrand":0,"Happy Flower":31,"Golden Idol":3,"hexamod:TheBrokenSeal":41,"Guardian:PocketSentry":14,"War Paint":31,"Orichalcum":41,"sneckomod:SneckoTalon":17,"White Beast Statue":9,"Akabeko":28,"hexamod:MatchstickCase":28,"Ornamental Fan":25,"Bronze Scales":7,"Turnip":47,"Black Star":1,"Bag of Marbles":11,"hexamod:BolsterEngine":0,"Unceasing Top":47},{"Gremlin Horn":9,"sneckomod:BlankCard":7,"SacredBark":19,"Centennial Puzzle":14,"Dream Catcher":22,"Sundial":14,"Pantograph":3,"Strawberry":5,"Toolbox":28,"hexamod:SpiritBrand":0,"Happy Flower":18,"Golden Idol":1,"hexamod:TheBrokenSeal":22,"Guardian:PocketSentry":7,"War Paint":18,"Orichalcum":22,"sneckomod:SneckoTalon":8,"White Beast Statue":4,"Akabeko":16,"hexamod:MatchstickCase":16,"Ornamental Fan":14,"Bronze Scales":3,"Turnip":25,"Black Star":1,"Bag of Marbles":5,"hexamod:BolsterEngine":0,"Unceasing Top":25},{"Gremlin Horn":36,"sneckomod:BlankCard":28,"SacredBark":70,"Centennial Puzzle":51,"Dream Catcher":89,"Sundial":51,"Pantograph":16,"Strawberry":22,"Toolbox":123,"hexamod:SpiritBrand":0,"Happy Flower":62,"Golden Idol":4,"hexamod:TheBrokenSeal":88,"Guardian:PocketSentry":28,"War Paint":62,"Orichalcum":89,"sneckomod:SneckoTalon":32,"White Beast Statue":19,"Akabeko":57,"hexamod:MatchstickCase":57,"Ornamental Fan":51,"Bronze Scales":16,"Turnip":102,"Black Star":4,"Bag of Marbles":22,"hexamod:BolsterEngine":0,"Unceasing Top":102}],"Unceasing Top":[3]},"card_choices":[{"not_picked":["hexamod:PhantomCloak","hexamod:BacktrackSmack"],"picked":"hexamod:SwordOfDarkness","floor":1.0},{"not_picked":["hexamod:SpectersWail","hexamod:EtherealExpedition"],"picked":"hexamod:ShieldOfDarkness","floor":5.0},{"not_picked":["hexamod:SoulSteal","hexamod:NecessarySacrifice","hexamod:RetreatToShadows"],"picked":"SKIP","floor":7.0},{"not_picked":["hexamod:SoulSteal","hexamod:RetreatToShadows"],"picked":"hexamod:NecessarySacrifice","floor":7.0},{"not_picked":["hexamod:ThermalTransfer","hexamod:EtherealExpedition"],"picked":"hexamod:RainOfEmbers","floor":8.0},{"not_picked":["hexamod:SuperheatedStrike","hexamod:VolcanoVisage"],"picked":"hexamod:FourthSeal","floor":11.0},{"not_picked":["hexamod:Incineration","hexamod:CatchUp"],"picked":"hexamod:ThirdSeal","floor":12.0},{"not_picked":["hexamod:SecondSeal","hexamod:Haunt"],"picked":"hexamod:FastForward","floor":14.0},{"not_picked":["hexamod:HeatMetal","hexamod:Hexaguard"],"picked":"hexamod:HauntingEcho","floor":14.0},{"not_picked":["hexamod:GhostflameInferno","hexamod:TimeOfNeed"],"picked":"hexamod:ForkedFlame","floor":16.0},{"not_picked":["hexamod:Toasty","hexamod:FlameSwitch"],"picked":"hexamod:GiftsFromTheDead","floor":16.0},{"not_picked":["hexamod:Again","hexamod:BacktrackSmack","hexamod:Hexaguard"],"picked":"SKIP","floor":18.0},{"not_picked":["hexamod:FourthSeal","hexamod:ThermalTransfer","hexamod:GhostShield"],"picked":"SKIP","floor":18.0},{"not_picked":["hexamod:HeatMetal","hexamod:SwordOfDarkness"],"picked":"hexamod:HeatShield","floor":20.0},{"not_picked":["hexamod:FlamesFromBeyond","hexamod:PhantomFireball"],"picked":"hexamod:NightmareGuise","floor":21.0},{"not_picked":["hexamod:Haunt","hexamod:BacktrackSmack","hexamod:BurningTouch"],"picked":"SKIP","floor":21.0},{"not_picked":["hexamod:SwordOfDarkness","hexamod:SkipABeat","hexamod:SuperheatedStrike"],"picked":"SKIP","floor":22.0},{"not_picked":["hexamod:SuperheatedStrike","hexamod:BurningTouch","hexamod:RetreatToShadows"],"picked":"SKIP","floor":22.0},{"not_picked":["hexamod:ShieldOfDarkness","hexamod:SoulSteal"],"picked":"hexamod:FirstSeal","floor":24.0},{"not_picked":["hexamod:ShieldOfDarkness","hexamod:HauntingEcho"],"picked":"hexamod:HeatMetal+1","floor":24.0},{"not_picked":["hexamod:Hexaguard+1","hexamod:SwordOfDarkness"],"picked":"hexamod:ForkedFlame","floor":25.0},{"not_picked":["hexamod:PowerFromBeyond","hexamod:NightmareStrike","hexamod:NightmareGuise"],"picked":"SKIP","floor":25.0},{"not_picked":["hexamod:PowerFromBeyond","hexamod:NightmareStrike","hexamod:NightmareGuise"],"picked":"SKIP","floor":25.0},{"not_picked":["hexamod:ShieldOfDarkness","hexamod:FourthSeal","hexamod:BacktrackSmack"],"picked":"SKIP","floor":27.0},{"not_picked":["hexamod:ShieldOfDarkness","hexamod:HauntingEcho+1","hexamod:FlamesFromBeyond"],"picked":"SKIP","floor":27.0},{"not_picked":["hexamod:InspiringFlames","hexamod:SuperheatedStrike","hexamod:RecurringNightmare"],"picked":"SKIP","floor":28.0},{"not_picked":["hexamod:HauntingEcho","hexamod:Rewind+1"],"picked":"hexamod:ApocalypseNow","floor":30.0},{"not_picked":["hexamod:NightmareStrike","hexamod:BurningTouch"],"picked":"hexamod:InspiringFlames","floor":30.0},{"not_picked":["hexamod:NightmareStrike","hexamod:ThermalTransfer"],"picked":"hexamod:StepThrough","floor":31.0},{"not_picked":["hexamod:HeatCrush","hexamod:NightmareGuise","hexamod:BacktrackSmack"],"picked":"SKIP","floor":31.0},{"not_picked":["hexamod:Toasty","hexamod:FlameSwitch"],"picked":"hexamod:FifthSeal","floor":33.0},{"not_picked":["hexamod:FourthSeal","hexamod:SecondSeal"],"picked":"hexamod:SixthSeal","floor":35.0},{"not_picked":["hexamod:GhostOfSpirePast","hexamod:NecessarySacrifice"],"picked":"hexamod:RecurringNightmare+1","floor":35.0},{"not_picked":["hexamod:ShieldOfDarkness","hexamod:ThermalTransfer","hexamod:BurningTouch+1"],"picked":"SKIP","floor":35.0},{"not_picked":["hexamod:SixthSeal","hexamod:FirstSeal"],"picked":"hexamod:SecondSeal","floor":39.0},{"not_picked":["hexamod:FastForward","hexamod:GhostLash+1","hexamod:HeatMetal+1"],"picked":"SKIP","floor":39.0},{"not_picked":["hexamod:RetreatToShadows","hexamod:NightmareGuise","hexamod:FourthSeal"],"picked":"SKIP","floor":39.0},{"not_picked":["hexamod:Rewind","hexamod:SwordOfDarkness+1"],"picked":"hexamod:ForkedFlame","floor":41.0},{"not_picked":["hexamod:SkipABeat","hexamod:RainOfEmbers","hexamod:HeatMetal"],"picked":"SKIP","floor":45.0},{"not_picked":["hexamod:SoulSteal","hexamod:SuperheatedStrike","hexamod:BurningTouch"],"picked":"SKIP","floor":46.0},{"not_picked":["hexamod:SuperheatedStrike","hexamod:FlamesFromBeyond"],"picked":"hexamod:FlameSwitch","floor":47.0},{"not_picked":["hexamod:FlamesFromBeyond","hexamod:HauntingEcho+1","hexamod:InspiringFlames"],"picked":"SKIP","floor":48.0}],"player_experience":3506721,"relics_obtained":[{"floor":7.0,"key":"Bronze Scales"},{"floor":7.0,"key":"Pantograph"},{"floor":9.0,"key":"White Beast Statue"},{"floor":11.0,"key":"Strawberry"},{"floor":11.0,"key":"Bag of Marbles"},{"floor":14.0,"key":"sneckomod:BlankCard"},{"floor":14.0,"key":"Guardian:PocketSentry"},{"floor":25.0,"key":"Ornamental Fan"},{"floor":25.0,"key":"Centennial Puzzle"},{"floor":26.0,"key":"Sundial"},{"floor":28.0,"key":"hexamod:MatchstickCase"},{"floor":28.0,"key":"Akabeko"},{"floor":31.0,"key":"Happy Flower"},{"floor":31.0,"key":"War Paint"},{"floor":41.0,"key":"Dream Catcher"},{"floor":41.0,"key":"Orichalcum"},{"floor":47.0,"key":"Unceasing Top"},{"floor":47.0,"key":"Turnip"}],"event_choices":[{"cards_removed":["hexamod:Strike"],"damage_healed":0.0,"max_hp_gain":0.0,"max_hp_loss":0.0,"gold_gain":0.0,"event_name":"Golden Wing","player_choice":"Card Removal","floor":2.0,"gold_loss":0.0,"damage_taken":7.0},{"damage_healed":0.0,"max_hp_gain":0.0,"max_hp_loss":0.0,"gold_gain":0.0,"event_name":"Golden Idol","player_choice":"Take Damage","floor":3.0,"gold_loss":0.0,"damage_taken":22.0,"relics_obtained":["Golden Idol"]},{"damage_healed":0.0,"max_hp_gain":0.0,"max_hp_loss":0.0,"gold_gain":0.0,"event_name":"The Woman in Blue","player_choice":"Bought 1 Potion","floor":4.0,"gold_loss":0.0,"damage_taken":0.0},{"damage_healed":0.0,"max_hp_gain":0.0,"max_hp_loss":0.0,"gold_gain":0.0,"event_name":"SecretPortal","player_choice":"Ignored","floor":37.0,"gold_loss":0.0,"damage_taken":0.0},{"damage_healed":0.0,"max_hp_gain":0.0,"max_hp_loss":0.0,"gold_gain":0.0,"event_name":"Duplicator","player_choice":"Copied","floor":42.0,"gold_loss":0.0,"damage_taken":0.0,"cards_obtained":["hexamod:HeatShield"]}],"is_beta":false,"boss_relics":[{"not_picked":["Empty Cage","Astrolabe"],"picked":"sneckomod:SneckoTalon"},{"not_picked":["Busted Crown","hexamod:IceCube"],"picked":"SacredBark"}],"items_purged_floors":[19,38,54],"is_endless":false,"potions_floor_spawned":[1,11,12,14,16,18,20,21,22,24,25,27,28,30,31,33,35,39,41,45,46,47,48],"killed_by":"Shield and Spear","ascension_level":20}}