{"host":"04hh9gplt9wkfmr1","time":1611987075,"event":{"mods":["AchievementEnabler","BaseMod","Colored Map","KOR Keyword Fix","Minty Spire (QoL Compilation)","Rare Cards Sparkle","SuperFastMode"],"gold_per_floor":[112,112,122,140,156,156,181,181,181,200,217,263,263,290,290,389,389,400,400,96,96,109,440,440,470,470,487,487,487,505,505,505],"floor_reached":31,"language":"KOR","playtime":1146,"items_purged":[],"score":372,"play_id":"43b1666a-7c2b-4be0-9e27-9d642930846f","local_time":"20210130151115","is_ascension_mode":true,"campfire_choices":[{"data":"Impervious","floor":6.0,"key":"SMITH"},{"data":"Carnage","floor":8.0,"key":"SMITH"},{"data":"Shockwave","floor":13.0,"key":"SMITH"},{"data":"Demon Form","floor":15.0,"key":"SMITH"},{"data":"Double Tap","floor":24.0,"key":"SMITH"},{"floor":29.0,"key":"REST"}],"circlet_count":0,"master_deck":["Strike_R","Strike_R+1","Defend_R","Defend_R","Defend_R","Defend_R","Bash+1","Impervious+1","Shrug It Off","Inflame","Carnage+1","Ghostly Armor","Shockwave+1","Demon Form+1","Double Tap+1","Headbutt","Feel No Pain","Evolve+1","Exhume","Writhe"],"relics":["Burning Blood","Darkstone Periapt","White Beast Statue","MealTicket","Regal Pillow","SlaversCollar","Potion Belt","Sling","Old Coin","Bag of Marbles","Whetstone","Kunai"],"acts_visited":["Exordium","TheCity"],"potions_floor_usage":[],"damage_taken":[{"damage":0.0,"enemies":"2 Louse","floor":1.0,"turns":3.0},{"damage":7.0,"enemies":"Cultist","floor":3.0,"turns":5.0},{"damage":1.0,"enemies":"Small Slimes","floor":4.0,"turns":6.0},{"damage":4.0,"enemies":"Looter","floor":5.0,"turns":4.0},{"damage":8.0,"enemies":"3 Sentries","floor":7.0,"turns":10.0},{"damage":0.0,"enemies":"Blue Slaver","floor":10.0,"turns":6.0},{"damage":12.0,"enemies":"Large Slime","floor":11.0,"turns":8.0},{"damage":15.0,"enemies":"Lagavulin","floor":14.0,"turns":5.0},{"damage":16.0,"enemies":"Hexaghost","floor":16.0,"turns":8.0},{"damage":9.0,"enemies":"2 Thieves","floor":18.0,"turns":4.0},{"damage":43.0,"enemies":"Shell Parasite","floor":22.0,"turns":7.0},{"damage":15.0,"enemies":"Gremlin Leader","floor":23.0,"turns":7.0},{"damage":43.0,"enemies":"Slavers","floor":25.0,"turns":7.0},{"damage":18.0,"enemies":"Snecko","floor":27.0,"turns":3.0},{"damage":56.0,"enemies":"Cultist and Chosen","floor":30.0,"turns":9.0},{"damage":27,"enemies":"Colosseum Slavers","floor":31,"turns":1}],"seed_played":"7691758644500222224","potions_obtained":[{"floor":4.0,"key":"HeartOfIron"},{"floor":5.0,"key":"BloodPotion"},{"floor":10.0,"key":"FearPotion"},{"floor":11.0,"key":"ElixirPotion"},{"floor":14.0,"key":"SteroidPotion"},{"floor":16.0,"key":"Block Potion"},{"floor":18.0,"key":"DuplicationPotion"},{"floor":22.0,"key":"BloodPotion"},{"floor":23.0,"key":"SpeedPotion"},{"floor":25.0,"key":"BlessingOfTheForge"},{"floor":27.0,"key":"BlessingOfTheForge"},{"floor":30.0,"key":"BloodPotion"}],"is_trial":false,"path_per_floor":["M","?","M","M","M","R","E","R","T","M","M","T","R","E","R","B",null,"M","?","$","?","M","E","R","E","T","M","?","R","M","?"],"character_chosen":"IRONCLAD","items_purchased":["Potion Belt","Sling"],"campfire_rested":1,"item_purchase_floors":[20,20],"current_hp_per_floor":[62,62,61,66,68,68,66,66,66,72,66,66,66,57,57,47,80,77,62,77,77,40,48,48,28,28,16,22,64,14,0,0],"gold":505,"neow_bonus":"TRANSFORM_TWO_CARDS","is_daily":false,"chose_seed":false,"campfire_upgraded":5,"win_rate":0.0,"timestamp":1611987075,"path_taken":["M","?","M","M","M","R","E","R","T","M","?","?","R","E","R","BOSS","M","?","$","?","M","E","R","E","T","M","?","R","M","?"],"items_purchased_type":["Relic","Relic"],"build_version":"2020-12-22","purchased_purges":0,"victory":false,"max_hp_per_floor":[80,80,80,80,80,80,80,80,80,80,80,80,80,80,80,80,80,80,85,85,85,85,85,85,85,85,85,91,91,91,91,91],"card_choices":[{"not_picked":["Heavy Blade","Bloodletting"],"picked":"Inflame","floor":1.0},{"not_picked":["Pommel Strike","Anger","Second Wind"],"picked":"SKIP","floor":3.0},{"not_picked":["Havoc","Thunderclap"],"picked":"Carnage","floor":4.0},{"not_picked":["Perfected Strike","Pommel Strike","Flex"],"picked":"SKIP","floor":5.0},{"not_picked":["Flex","Cleave"],"picked":"Ghostly Armor","floor":7.0},{"not_picked":["Clash","Anger"],"picked":"Shockwave","floor":10.0},{"not_picked":["Rampage","Uppercut","Wild Strike"],"picked":"SKIP","floor":11.0},{"not_picked":["Bludgeon","Anger"],"picked":"Demon Form","floor":14.0},{"not_picked":["Berserk","Reaper"],"picked":"Double Tap","floor":16.0},{"not_picked":["Perfected Strike","Fire Breathing+1"],"picked":"Headbutt","floor":18.0},{"not_picked":["Hemokinesis","True Grit","Headbutt"],"picked":"SKIP","floor":22.0},{"not_picked":["Perfected Strike","Wild Strike"],"picked":"Evolve+1","floor":23.0},{"not_picked":["Ghostly Armor","Sword Boomerang"],"picked":"Exhume","floor":25.0},{"not_picked":["Havoc+1","Sever Soul","Reckless Charge"],"picked":"SKIP","floor":27.0},{"not_picked":["Twin Strike","Intimidate+1","Iron Wave"],"picked":"SKIP","floor":30.0}],"player_experience":103815,"relics_obtained":[{"floor":7.0,"key":"Darkstone Periapt"},{"floor":9.0,"key":"White Beast Statue"},{"floor":12.0,"key":"MealTicket"},{"floor":14.0,"key":"Regal Pillow"},{"floor":23.0,"key":"Old Coin"},{"floor":25.0,"key":"Bag of Marbles"},{"floor":26.0,"key":"Whetstone"}],"event_choices":[{"cards_removed":["Strike_R"],"damage_healed":0.0,"max_hp_gain":0.0,"max_hp_loss":0.0,"gold_gain":0.0,"event_name":"Bonfire Elementals","player_choice":"Offered Basic","floor":2.0,"gold_loss":0.0,"damage_taken":0.0},{"damage_healed":0.0,"max_hp_gain":5.0,"max_hp_loss":0.0,"gold_gain":0.0,"event_name":"Forgotten Altar","player_choice":"Shed Blood","floor":19.0,"gold_loss":0.0,"damage_taken":20.0},{"damage_healed":0.0,"max_hp_gain":0.0,"max_hp_loss":0.0,"gold_gain":0.0,"event_name":"The Library","player_choice":"Read","floor":21.0,"gold_loss":0.0,"damage_taken":0.0,"cards_obtained":["Feel No Pain"]},{"damage_healed":0.0,"max_hp_gain":0.0,"max_hp_loss":0.0,"gold_gain":0.0,"event_name":"The Mausoleum","player_choice":"Opened","floor":28.0,"gold_loss":0.0,"damage_taken":0.0,"relics_obtained":["Kunai"],"cards_obtained":["Writhe"]},{"damage_healed":0,"gold_gain":0,"player_choice":"Fight","damage_taken":0,"max_hp_gain":0,"max_hp_loss":0,"event_name":"Colosseum","floor":31,"gold_loss":0}],"is_beta":false,"boss_relics":[{"not_picked":["Pandora\u0027s Box","Astrolabe"],"picked":"SlaversCollar"}],"items_purged_floors":[],"is_endless":false,"potions_floor_spawned":[4,5,10,11,14,16,18,22,23,25,27,30],"killed_by":"Colosseum Slavers","ascension_level":4}}