{"host":"hszimsrtxxc2k25w","time":1611986905,"event":{"mods":["AchievementEnabler","BaseMod","Colored Map","DeckTracker","Minty Spire (QoL Compilation)","Rare Cards Sparkle","SuperFastMode"],"gold_per_floor":[119,119,119,269,269,303,303,63,118,162,162,205,240,240,240,342,342,374,374,227,245,145,145,70,102,129,162,175,222,251,272,272,272,272],"floor_reached":33,"language":"KOR","playtime":828,"items_purged":["Defend_G","Strike_G"],"score":645,"play_id":"920d875d-534c-4654-9bb1-4930f2f493cd","local_time":"20210130150825","is_ascension_mode":true,"campfire_choices":[{"data":"Doubt","floor":7.0,"key":"PURGE"},{"floor":15.0,"key":"REST"},{"data":"Bullet Time","floor":23.0,"key":"SMITH"},{"data":"Accuracy","floor":32,"key":"SMITH"}],"circlet_count":0,"master_deck":["AscendersBane","Strike_G","Defend_G","Defend_G","Defend_G","Defend_G","Survivor+1","Neutralize+1","Poisoned Stab","Venomology","Predator","Dash","Acrobatics","Blade Dance","Bullet Time+1","Accuracy+1","Cloak And Dagger+1","Finisher+1","Backflip+1","Storm of Steel"],"relics":["Ring of the Snake","NeowsBlessing","Ginger","Peace Pipe","Juzu Bracelet","CeramicFish","Sundial","Vajra","Odd Mushroom","Golden Idol","Black Star","Pear","PreservedInsect","Happy Flower","Toy Ornithopter"],"acts_visited":["Exordium","TheCity"],"potions_floor_usage":[30,30,30,31,33],"damage_taken":[{"damage":0.0,"enemies":"Small Slimes","floor":1.0,"turns":1.0},{"damage":0.0,"enemies":"Lagavulin","floor":6.0,"turns":1.0},{"damage":0.0,"enemies":"3 Sentries","floor":10.0,"turns":1.0},{"damage":9.0,"enemies":"Lagavulin","floor":12.0,"turns":6.0},{"damage":3.0,"enemies":"The Mushroom Lair","floor":13.0,"turns":4.0},{"damage":8.0,"enemies":"Hexaghost","floor":16.0,"turns":8.0},{"damage":5.0,"enemies":"Shell Parasite","floor":18.0,"turns":6.0},{"damage":2.0,"enemies":"Chosen","floor":21.0,"turns":4.0},{"damage":0.0,"enemies":"Centurion and Healer","floor":25.0,"turns":6.0},{"damage":0.0,"enemies":"Shelled Parasite and Fungi","floor":27.0,"turns":3.0},{"damage":0.0,"enemies":"Snake Plant","floor":28.0,"turns":2.0},{"damage":29.0,"enemies":"Slavers","floor":29.0,"turns":6.0},{"damage":14,"enemies":"Cultist and Chosen","floor":30,"turns":4},{"damage":9,"enemies":"Centurion and Healer","floor":31,"turns":3},{"damage":19,"enemies":"Collector","floor":33,"turns":3}],"seed_played":"-9038464480053067005","potions_obtained":[{"floor":1.0,"key":"ColorlessPotion"},{"floor":13.0,"key":"BlessingOfTheForge"},{"floor":27.0,"key":"Regen Potion"},{"floor":28.0,"key":"FearPotion"},{"floor":29.0,"key":"Strength Potion"},{"floor":31,"key":"Poison Potion"}],"is_trial":false,"path_per_floor":["M","?","?","?","?","E","R","$","T","E","?","E","?","?","R","B",null,"M","?","?","M","$","R","?","M","T","M","M","E","M","M","R","B"],"character_chosen":"THE_SILENT","items_purchased":["Juzu Bracelet"],"campfire_rested":1,"item_purchase_floors":[8],"current_hp_per_floor":[59,48,48,48,28,28,28,28,28,28,28,19,16,16,34,26,52,47,41,51,49,49,49,49,49,49,49,49,35,36,32,32,18,18],"gold":272,"neow_bonus":"THREE_ENEMY_KILL","is_daily":false,"chose_seed":false,"campfire_upgraded":2,"win_rate":0.0,"timestamp":1611986905,"path_taken":["M","?","?","?","?","E","R","$","T","E","?","E","?","?","R","BOSS","M","?","?","M","?","R","?","M","T","M","M","E","M","M","R","BOSS"],"items_purchased_type":["Relic"],"build_version":"2020-12-22","purchased_purges":2,"victory":false,"max_hp_per_floor":[66,66,66,66,66,66,66,66,66,66,66,66,66,60,60,60,60,60,60,70,70,70,70,70,70,70,70,70,70,70,70,70,70,70],"card_choices":[{"not_picked":["All Out Attack","PiercingWail"],"picked":"Poisoned Stab","floor":1.0},{"not_picked":["Dagger Throw","Poisoned Stab"],"picked":"Predator","floor":6.0},{"not_picked":["Tactician","Sucker Punch"],"picked":"Dash","floor":10.0},{"not_picked":["Sucker Punch","PiercingWail"],"picked":"Acrobatics","floor":12.0},{"not_picked":["Terror","Masterful Stab"],"picked":"Blade Dance","floor":13.0},{"not_picked":["Malaise","Venomology"],"picked":"Bullet Time","floor":16.0},{"not_picked":["Dodge and Roll","Prepared"],"picked":"Accuracy","floor":18.0},{"not_picked":["Leg Sweep","Dagger Throw","Quick Slash"],"picked":"SKIP","floor":21.0},{"not_picked":["Outmaneuver","Phantasmal Killer"],"picked":"Cloak And Dagger+1","floor":25.0},{"not_picked":["Riddle With Holes","Quick Slash"],"picked":"Finisher+1","floor":27.0},{"not_picked":["Dash","Flying Knee+1","Slice"],"picked":"SKIP","floor":28.0},{"not_picked":["Poisoned Stab","PiercingWail+1"],"picked":"Backflip+1","floor":29.0},{"not_picked":["Flying Knee","Dodge and Roll+1"],"picked":"Storm of Steel","floor":30},{"not_picked":["Caltrops","Slice","Deadly Poison"],"picked":"SKIP","floor":31}],"player_experience":654512,"relics_obtained":[{"floor":6.0,"key":"Peace Pipe"},{"floor":9.0,"key":"CeramicFish"},{"floor":10.0,"key":"Sundial"},{"floor":12.0,"key":"Vajra"},{"floor":13.0,"key":"Odd Mushroom"},{"floor":26.0,"key":"PreservedInsect"},{"floor":29.0,"key":"Happy Flower"},{"floor":29.0,"key":"Toy Ornithopter"}],"event_choices":[{"damage_healed":0.0,"max_hp_gain":0.0,"max_hp_loss":0.0,"gold_gain":0.0,"event_name":"Scrap Ooze","player_choice":"Success","floor":2.0,"gold_loss":0.0,"damage_taken":11.0,"relics_obtained":["Ginger"]},{"damage_healed":0.0,"max_hp_gain":0.0,"max_hp_loss":0.0,"gold_gain":0.0,"cards_transformed":["Strike_G"],"event_name":"Living Wall","player_choice":"Change","floor":3.0,"gold_loss":0.0,"damage_taken":0.0,"cards_obtained":["Venomology"]},{"damage_healed":0.0,"max_hp_gain":0.0,"max_hp_loss":0.0,"gold_gain":150.0,"event_name":"Liars Game","player_choice":"AGREE","floor":4.0,"gold_loss":0.0,"damage_taken":0.0,"cards_obtained":["Doubt"]},{"damage_healed":0.0,"max_hp_gain":0.0,"max_hp_loss":0.0,"gold_gain":0.0,"event_name":"Shining Light","player_choice":"Entered Light","floor":5.0,"gold_loss":0.0,"damage_taken":20.0,"cards_upgraded":["Survivor","Neutralize"]},{"cards_removed":["Strike_G"],"damage_healed":0.0,"max_hp_gain":0.0,"max_hp_loss":0.0,"gold_gain":0.0,"event_name":"Bonfire Elementals","player_choice":"Offered Basic","floor":11.0,"gold_loss":0.0,"damage_taken":0.0},{"damage_healed":0.0,"max_hp_gain":0.0,"max_hp_loss":0.0,"gold_gain":0.0,"event_name":"Mushrooms","player_choice":"Fought Mushrooms","floor":13.0,"gold_loss":0.0,"damage_taken":0.0},{"damage_healed":0.0,"max_hp_gain":0.0,"max_hp_loss":6.0,"gold_gain":0.0,"event_name":"Golden Idol","player_choice":"Lose Max HP","floor":14.0,"gold_loss":0.0,"damage_taken":0.0,"relics_obtained":["Golden Idol"]},{"damage_healed":0.0,"max_hp_gain":0.0,"max_hp_loss":0.0,"gold_gain":0.0,"event_name":"Knowing Skull","player_choice":"","floor":19.0,"potions_obtained":[],"gold_loss":0.0,"damage_taken":6.0,"cards_obtained":[]},{"damage_healed":0.0,"max_hp_gain":0.0,"max_hp_loss":0.0,"gold_gain":0.0,"event_name":"WeMeetAgain","player_choice":"Paid Gold","floor":20.0,"gold_loss":147.0,"damage_taken":0.0,"relics_obtained":["Pear"]},{"cards_removed":["Strike_G"],"damage_healed":0.0,"max_hp_gain":0.0,"max_hp_loss":0.0,"gold_gain":0.0,"event_name":"Beggar","player_choice":"Gave Gold","floor":24.0,"gold_loss":75.0,"damage_taken":0.0}],"is_beta":false,"boss_relics":[{"not_picked":["HoveringKite","Philosopher\u0027s Stone"],"picked":"Black Star"}],"items_purged_floors":[8,22],"is_endless":false,"potions_floor_spawned":[1,13,27,28,29,31],"killed_by":"Collector","ascension_level":19}}