{"host":"hjajo0rafoe1e6c4","time":1611991471,"event":{"mods":["AchievementEnabler","BaseMod","Bestiary","Colored Map","Colored Powertips","Highlight Path","Minty Spire (QoL Compilation)","Relic Stats"],"gold_per_floor":[113,113,132,148,166,166,200,200,235,247,259,283,295,333,345,459,471,502,514,132,142,161,193,206,234,261,261,261,4,16,26,26,130,130,146,161,161,172,172,198,198,211,238,238,198,198,211,67,67,67,67],"floor_reached":50,"language":"ENG","playtime":2871,"items_purged":["Strike_G","Strike_G"],"score":705,"play_id":"a0872382-619d-4c1f-92f2-b5927008b0b0","local_time":"20210130022431","is_ascension_mode":true,"campfire_choices":[{"floor":6.0,"key":"REST"},{"floor":11.0,"key":"REST"},{"floor":15.0,"key":"REST"},{"floor":28,"key":"REST"},{"floor":32,"key":"REST"},{"floor":41,"key":"REST"},{"floor":44,"key":"REST"},{"floor":46,"key":"REST"},{"floor":49,"key":"RECALL"}],"circlet_count":0,"master_deck":["Strike_G","Strike_G+1","Defend_G","Defend_G","Defend_G","Defend_G","Survivor","Neutralize","Infinite Blades+1","Flying Knee+1","Caltrops","Cloak And Dagger","Bouncing Flask+1","Skewer","Blade Dance","After Image+1","Prepared+1","Infinite Blades","Terror","Dodge and Roll","Acrobatics","Blade Dance","Noxious Fumes","PiercingWail","Footwork+1","Envenom","Calculated Gamble+1","Slice+1","Neutralize+1","Flash of Steel+1","Heel Hook+1","Deflect+1","Cloak And Dagger+1","Well Laid Plans+1"],"relics":["Fusion Hammer","Centennial Puzzle","MawBank","Blue Candle","WristBlade","Question Card","Molten Egg 2","Ninja Scroll","Blood Vial","SacredBark","Paper Crane","Pantograph","Boot","Lee\u0027s Waffle"],"acts_visited":["Exordium","TheCity","TheBeyond"],"potions_floor_usage":[33,38,40],"damage_taken":[{"damage":2.0,"enemies":"2 Louse","floor":1.0,"turns":2.0},{"damage":1.0,"enemies":"Cultist","floor":3.0,"turns":4.0},{"damage":3.0,"enemies":"Small Slimes","floor":4.0,"turns":4.0},{"damage":7.0,"enemies":"2 Fungi Beasts","floor":5.0,"turns":4.0},{"damage":14.0,"enemies":"3 Sentries","floor":7.0,"turns":8.0},{"damage":9.0,"enemies":"Large Slime","floor":12.0,"turns":4.0},{"damage":20.0,"enemies":"Gremlin Nob","floor":14.0,"turns":3.0},{"damage":27.0,"enemies":"Hexaghost","floor":16.0,"turns":6.0},{"damage":7.0,"enemies":"Chosen","floor":18.0,"turns":3.0},{"damage":14.0,"enemies":"2 Thieves","floor":21.0,"turns":4.0},{"damage":11.0,"enemies":"Centurion and Healer","floor":22.0,"turns":5.0},{"damage":17.0,"enemies":"Slavers","floor":23.0,"turns":6.0},{"damage":4.0,"enemies":"Chosen and Byrds","floor":24.0,"turns":4.0},{"damage":4,"enemies":"Book of Stabbing","floor":25,"turns":5},{"damage":4,"enemies":"Snecko","floor":30,"turns":4},{"damage":5,"enemies":"Snake Plant","floor":31,"turns":3},{"damage":24,"enemies":"Champ","floor":33,"turns":9},{"damage":0,"enemies":"Orb Walker","floor":35,"turns":4},{"damage":10,"enemies":"3 Darklings","floor":36,"turns":7},{"damage":0,"enemies":"Sphere and 2 Shapes","floor":38,"turns":2},{"damage":33,"enemies":"Nemesis","floor":40,"turns":7},{"damage":17,"enemies":"Jaw Worm Horde","floor":42,"turns":4},{"damage":15,"enemies":"4 Shapes","floor":47,"turns":5},{"damage":81,"enemies":"Awakened One","floor":50,"turns":6}],"seed_played":"6544748717665620231","potions_obtained":[{"floor":3.0,"key":"Block Potion"},{"floor":4.0,"key":"DuplicationPotion"},{"floor":21.0,"key":"PowerPotion"},{"floor":25,"key":"GamblersBrew"},{"floor":30,"key":"SteroidPotion"},{"floor":31,"key":"Explosive Potion"},{"floor":35,"key":"SpeedPotion"},{"floor":36,"key":"DuplicationPotion"},{"floor":47,"key":"PowerPotion"}],"is_trial":false,"path_per_floor":["M","?","M","M","M","R","E","?","T","?","R","M","?","E","R","B",null,"M","?","$","M","M","E","M","E","T","?","R","$","M","M","R","B",null,"M","M","?","M","?","E","R","M","T","R","?","R","M","$","R","B"],"character_chosen":"THE_SILENT","items_purchased":["Infinite Blades","Question Card","Blade Dance","Noxious Fumes","DuplicationPotion","Lee\u0027s Waffle"],"campfire_rested":8,"item_purchase_floors":[20,20,29,29,29,48],"current_hp_per_floor":[61,61,60,57,50,70,56,49,49,35,56,47,47,27,48,21,58,51,51,51,37,26,9,5,1,1,1,22,22,20,17,38,16,57,59,51,51,53,53,22,43,28,28,49,49,70,55,77,77,0,0],"gold":67,"neow_bonus":"BOSS_RELIC","is_daily":false,"chose_seed":false,"campfire_upgraded":0,"win_rate":0.0,"timestamp":1611991471,"path_taken":["M","?","M","M","?","R","E","?","T","?","R","M","?","E","R","BOSS","M","?","$","M","M","E","M","E","T","?","R","$","?","M","R","BOSS","M","M","?","?","?","E","R","?","T","R","?","R","?","$","R","BOSS"],"items_purchased_type":["Card","Relic","Card","Card","Potion","Relic"],"build_version":"2020-12-22","purchased_purges":2,"victory":false,"max_hp_per_floor":[70,70,70,70,70,70,70,70,70,70,70,70,70,70,70,70,70,70,70,70,70,70,70,70,70,70,70,70,70,70,70,70,70,70,70,70,70,70,70,70,70,70,70,70,70,70,70,77,77,77,77],"relic_stats":{"Blood Vial":16,"Centennial Puzzle":[51],"Lee\u0027s Waffle":22,"counters":[24,113],"Blue Candle":[0],"Pantograph":0,"MawBank":144,"Question Card":14,"Boot":[0],"obtain_stats":[{"Lee\u0027s Waffle":48,"Blue Candle":14,"SacredBark":34,"Paper Crane":39,"MawBank":8,"Question Card":20,"Boot":43,"Blood Vial":26,"Centennial Puzzle":7,"WristBlade":17,"Ninja Scroll":25,"Pantograph":40,"Molten Egg 2":23,"Fusion Hammer":0,"Ring of the Snake":0},{"Lee\u0027s Waffle":23,"Blue Candle":7,"SacredBark":17,"Paper Crane":20,"MawBank":5,"Question Card":9,"Boot":22,"Blood Vial":14,"Centennial Puzzle":5,"WristBlade":8,"Ninja Scroll":14,"Pantograph":21,"Molten Egg 2":12,"Fusion Hammer":0,"Ring of the Snake":0},{"Lee\u0027s Waffle":107,"Blue Candle":29,"SacredBark":78,"Paper Crane":91,"MawBank":22,"Question Card":38,"Boot":102,"Blood Vial":62,"Centennial Puzzle":22,"WristBlade":35,"Ninja Scroll":62,"Pantograph":98,"Molten Egg 2":53,"Fusion Hammer":0,"Ring of the Snake":0}]},"card_choices":[{"not_picked":["Sucker Punch","Tactician"],"picked":"Infinite Blades","floor":1.0},{"not_picked":["PiercingWail","Dagger Throw"],"picked":"Flying Knee","floor":3.0},{"not_picked":["Outmaneuver","Acrobatics"],"picked":"Caltrops","floor":4.0},{"not_picked":["Finisher","Bane"],"picked":"Cloak And Dagger","floor":5.0},{"not_picked":["Flying Knee","Quick Slash"],"picked":"Bouncing Flask","floor":7.0},{"not_picked":["Underhanded Strike","Expertise"],"picked":"Skewer","floor":12.0},{"not_picked":["Skewer","Sucker Punch"],"picked":"Blade Dance","floor":14.0},{"not_picked":["Bullet Time","Burst"],"picked":"After Image","floor":16.0},{"not_picked":["Flying Knee","Finisher"],"picked":"Prepared+1","floor":18.0},{"not_picked":["All Out Attack","Slice","Expertise"],"picked":"Escape Plan","floor":21.0},{"not_picked":["Slice+1","Poisoned Stab","All Out Attack"],"picked":"Terror","floor":22.0},{"not_picked":["Flying Knee+1","Slice+1","Blade Dance"],"picked":"Dodge and Roll","floor":23.0},{"not_picked":["Dagger Spray+1","Poisoned Stab+1","All Out Attack+1"],"picked":"Acrobatics","floor":24.0},{"not_picked":["All Out Attack+1","Underhanded Strike+1","Bane+1","Grand Finale+1"],"picked":"SKIP","floor":25},{"not_picked":["Prepared","Poisoned Stab+1","Quick Slash+1","PiercingWail"],"picked":"SKIP","floor":30},{"not_picked":["Prepared","Poisoned Stab+1","Quick Slash+1"],"picked":"PiercingWail","floor":30},{"not_picked":["Infinite Blades","Masterful Stab+1","Calculated Gamble"],"picked":"Footwork","floor":31},{"not_picked":["Corpse Explosion","Tools of the Trade","Bullet Time"],"picked":"Envenom","floor":33},{"not_picked":["Poisoned Stab+1","Deflect+1","Caltrops+1"],"picked":"Calculated Gamble+1","floor":35},{"not_picked":["Calculated Gamble","Riddle With Holes+1","Poisoned Stab+1"],"picked":"Slice+1","floor":36},{"not_picked":["Prepared","Deflect","Footwork"],"picked":"Heel Hook+1","floor":38},{"not_picked":["Setup","Phantasmal Killer","Accuracy+1"],"picked":"Deflect+1","floor":40},{"not_picked":["Tactician+1","Escape Plan+1","Flechettes+1"],"picked":"Cloak And Dagger+1","floor":42},{"not_picked":["Flechettes+1","Flying Knee+1","Concentrate+1"],"picked":"Well Laid Plans+1","floor":47}],"player_experience":199087,"relics_obtained":[{"floor":7.0,"key":"Centennial Puzzle"},{"floor":14.0,"key":"Blue Candle"},{"floor":23.0,"key":"Molten Egg 2"},{"floor":25,"key":"Ninja Scroll"},{"floor":26,"key":"Blood Vial"},{"floor":40,"key":"Pantograph"},{"floor":43,"key":"Boot"}],"event_choices":[{"cards_removed":["Defend_G"],"damage_healed":0.0,"max_hp_gain":0.0,"max_hp_loss":0.0,"gold_gain":0.0,"event_name":"Bonfire Elementals","player_choice":"Offered Basic","floor":2.0,"gold_loss":0.0,"damage_taken":0.0},{"damage_healed":0.0,"max_hp_gain":0.0,"max_hp_loss":0.0,"gold_gain":0.0,"event_name":"Scrap Ooze","player_choice":"Success","floor":8.0,"gold_loss":0.0,"damage_taken":7.0,"relics_obtained":["MawBank"]},{"damage_healed":0.0,"max_hp_gain":0.0,"max_hp_loss":0.0,"gold_gain":0.0,"event_name":"Shining Light","player_choice":"Entered Light","floor":10.0,"gold_loss":0.0,"damage_taken":14.0,"cards_upgraded":["Strike_G","Flying Knee"]},{"damage_healed":0.0,"max_hp_gain":0.0,"max_hp_loss":0.0,"gold_gain":0.0,"event_name":"Upgrade Shrine","player_choice":"Upgraded","floor":13.0,"gold_loss":0.0,"damage_taken":0.0,"cards_upgraded":["Bouncing Flask"]},{"cards_removed":["Strike_G"],"damage_healed":0.0,"max_hp_gain":0.0,"max_hp_loss":0.0,"gold_gain":0.0,"event_name":"Back to Basics","player_choice":"Elegance","floor":19.0,"gold_loss":0.0,"damage_taken":0.0},{"damage_healed":0,"gold_gain":0,"player_choice":"Forge","damage_taken":0,"max_hp_gain":0,"max_hp_loss":0,"event_name":"Accursed Blacksmith","floor":27,"gold_loss":0,"cards_upgraded":["After Image"]},{"damage_healed":0,"gold_gain":0,"player_choice":"2 cards matched","damage_taken":0,"max_hp_gain":0,"max_hp_loss":0,"event_name":"Match and Keep!","floor":37,"gold_loss":0,"cards_obtained":["Neutralize","Flash of Steel"]},{"cards_removed":["Escape Plan"],"damage_healed":0,"gold_gain":0,"player_choice":"Gave Card","damage_taken":0,"relics_obtained":["Paper Crane"],"max_hp_gain":0,"max_hp_loss":0,"event_name":"WeMeetAgain","floor":39,"gold_loss":0},{"damage_healed":0,"gold_gain":0,"player_choice":"Upgraded Two","damage_taken":0,"max_hp_gain":0,"max_hp_loss":0,"event_name":"Designer","floor":45,"gold_loss":40,"cards_upgraded":["Footwork","Infinite Blades"]}],"is_beta":false,"boss_relics":[{"not_picked":["Coffee Dripper","HoveringKite"],"picked":"WristBlade"},{"not_picked":["Cursed Key","Runic Dome"],"picked":"SacredBark"}],"items_purged_floors":[20,29],"is_endless":false,"potions_floor_spawned":[3,4,21,25,30,31,35,36,47],"killed_by":"Awakened One","ascension_level":7}}