{"host":"rzjc4nrqz5d54r3r","time":1611993526,"event":{"mods":["BaseMod","Colored Map","Keyboard Shortcuts","Minty Spire (QoL Compilation)","Quick Restart","StSLib","SuperFastMode","everything is the same but u backflip on backflip"],"gold_per_floor":[116,131,141,66,84,84,114,139,139,171,188,188,188,221,221,318,318,337,287,297,297,163,180,105,37,85,111,125,125,137,157,157,254,254,271,283,193,193,208,208,238,34,103,115,130,150,165,18,18,18],"floor_reached":51,"language":"KOR","playtime":1817,"items_purged":["Strike_P","Eruption","Defend_P","Strike_P"],"score":786,"play_id":"7bd6e6ec-af53-44f8-8f02-a2f575c9d6f6","local_time":"20210130165846","is_ascension_mode":true,"campfire_choices":[{"data":"Consecrate","floor":6.0,"key":"SMITH"},{"data":"EmptyMind","floor":15.0,"key":"SMITH"},{"floor":29.0,"key":"REST"},{"floor":32.0,"key":"REST"},{"floor":40.0,"key":"REST"},{"data":"Adaptation","floor":49,"key":"SMITH"}],"circlet_count":0,"master_deck":["Strike_P","Defend_P","Vigilance","Indignation","Consecrate+1","EmptyMind+1","DeusExMachina","FlurryOfBlows","MentalFortress","Finesse+1","Adaptation+1","ForeignInfluence","DevaForm","ConjureBlade","Adaptation","Halt+1"],"relics":["HolyWater","Smiling Mask","Odd Mushroom","Sundial","Torii","Ice Cream","SlaversCollar","Juzu Bracelet","Red Mask","Letter Opener","Lantern","Frozen Egg 2","Lee\u0027s Waffle"],"acts_visited":["Exordium","TheCity","TheBeyond"],"potions_floor_usage":[45,46,47,50],"damage_taken":[{"damage":1.0,"enemies":"Cultist","floor":1.0,"turns":4.0},{"damage":4.0,"enemies":"2 Louse","floor":2.0,"turns":2.0},{"damage":0.0,"enemies":"Small Slimes","floor":3.0,"turns":2.0},{"damage":3.0,"enemies":"3 Louse","floor":5.0,"turns":2.0},{"damage":23.0,"enemies":"Lagavulin","floor":7.0,"turns":5.0},{"damage":2.0,"enemies":"The Mushroom Lair","floor":8.0,"turns":3.0},{"damage":18.0,"enemies":"Gremlin Nob","floor":10.0,"turns":4.0},{"damage":2.0,"enemies":"Exordium Thugs","floor":11.0,"turns":4.0},{"damage":14.0,"enemies":"Lagavulin","floor":14.0,"turns":6.0},{"damage":0.0,"enemies":"Slime Boss","floor":16.0,"turns":5.0},{"damage":15.0,"enemies":"2 Thieves","floor":18.0,"turns":2.0},{"damage":0.0,"enemies":"Chosen","floor":20.0,"turns":4.0},{"damage":13.0,"enemies":"3 Cultists","floor":23.0,"turns":4.0},{"damage":16.0,"enemies":"Masked Bandits","floor":27.0,"turns":4.0},{"damage":8.0,"enemies":"Centurion and Healer","floor":28.0,"turns":3.0},{"damage":15.0,"enemies":"Chosen and Byrds","floor":30.0,"turns":5.0},{"damage":1.0,"enemies":"Snecko","floor":31.0,"turns":5.0},{"damage":22.0,"enemies":"Automaton","floor":33.0,"turns":8.0},{"damage":17.0,"enemies":"3 Darklings","floor":35.0,"turns":5.0},{"damage":16.0,"enemies":"Orb Walker","floor":36.0,"turns":3.0},{"damage":11.0,"enemies":"Jaw Worm Horde","floor":39.0,"turns":3.0},{"damage":42.0,"enemies":"Nemesis","floor":41.0,"turns":5.0},{"damage":0.0,"enemies":"Spire Growth","floor":44.0,"turns":3.0},{"damage":10,"enemies":"3 Darklings","floor":45,"turns":3},{"damage":70,"enemies":"Transient","floor":46,"turns":5},{"damage":21,"enemies":"Sphere and 2 Shapes","floor":47,"turns":4},{"damage":34,"enemies":"Time Eater","floor":50,"turns":7}],"seed_played":"7583021157836962709","potions_obtained":[{"floor":3.0,"key":"Energy Potion"},{"floor":8.0,"key":"EntropicBrew"},{"floor":10.0,"key":"Swift Potion"},{"floor":14.0,"key":"Fire Potion"},{"floor":20.0,"key":"BottledMiracle"},{"floor":28.0,"key":"FairyPotion"},{"floor":30.0,"key":"BlessingOfTheForge"},{"floor":31.0,"key":"GamblersBrew"},{"floor":35.0,"key":"Fire Potion"},{"floor":41.0,"key":"DuplicationPotion"},{"floor":45,"key":"StancePotion"},{"floor":47,"key":"AttackPotion"}],"is_trial":false,"path_per_floor":["M","M","M","$","M","R","E","?","T","E","M","?","?","E","R","B",null,"M","$","M","?","$","M","?","$","T","?","M","R","M","M","R","B",null,"M","M","?","?","M","R","E","$","T","M","M","M","M","$","R","B",null],"character_chosen":"WATCHER","items_purchased":["Finesse","Adaptation","Lantern","Lee\u0027s Waffle"],"campfire_rested":3,"item_purchase_floors":[22,25,42,48],"current_hp_per_floor":[78,74,74,74,71,71,48,46,46,28,26,52,52,38,38,38,79,64,64,64,58,58,45,45,45,45,29,21,44,29,28,51,29,79,62,46,46,46,35,58,16,16,16,16,6,23,2,86,86,52],"gold":18,"neow_bonus":"TEN_PERCENT_HP_BONUS","is_daily":false,"chose_seed":false,"campfire_upgraded":3,"win_rate":0.0,"timestamp":1611993526,"path_taken":["M","M","M","$","?","R","E","?","T","E","M","?","?","E","R","BOSS","M","?","M","?","$","?","?","$","T","?","M","R","M","M","R","BOSS","M","M","?","?","M","R","E","?","T","M","M","M","M","$","R","BOSS"],"items_purchased_type":["Card","Card","Relic","Relic"],"build_version":"2020-12-22","purchased_purges":4,"victory":true,"max_hp_per_floor":[79,79,79,79,79,79,79,79,79,79,79,79,79,79,79,79,79,79,79,79,79,79,79,79,79,79,79,79,79,79,79,79,79,79,79,79,79,79,79,79,79,79,79,79,79,79,79,86,86,86],"card_choices":[{"not_picked":["Protect","EmptyBody"],"picked":"Indignation","floor":1.0},{"not_picked":["ForeignInfluence","Indignation"],"picked":"Consecrate","floor":2.0},{"not_picked":["Consecrate","SashWhip"],"picked":"EmptyMind","floor":3.0},{"not_picked":["CutThroughFate","WreathOfFlame"],"picked":"DeusExMachina","floor":5.0},{"not_picked":["Evaluate","Swivel","EmptyFist"],"picked":"SKIP","floor":7.0},{"not_picked":["Protect","Prostrate","Wallop"],"picked":"SKIP","floor":10.0},{"not_picked":["JustLucky","LikeWater"],"picked":"FlurryOfBlows","floor":11.0},{"not_picked":["FlurryOfBlows","Evaluate","Sanctity"],"picked":"SKIP","floor":14.0},{"not_picked":["JustLucky","Crescendo","ClearTheMind"],"picked":"SKIP","floor":18.0},{"not_picked":["SashWhip","EmptyMind"],"picked":"MentalFortress","floor":20.0},{"not_picked":["CrushJoints","DeceiveReality","Meditate"],"picked":"SKIP","floor":23.0},{"not_picked":["CutThroughFate","JustLucky+1","FlurryOfBlows+1"],"picked":"SKIP","floor":28.0},{"not_picked":["EmptyFist","FollowUp"],"picked":"ForeignInfluence","floor":30.0},{"not_picked":["SashWhip","Evaluate"],"picked":"DevaForm","floor":31.0},{"not_picked":["Judgement","LessonLearned"],"picked":"ConjureBlade","floor":33.0},{"not_picked":["BowlingBash+1","FearNoEvil+1","EmptyFist"],"picked":"SKIP","floor":35.0},{"not_picked":["SashWhip","FearNoEvil","FollowUp"],"picked":"SKIP","floor":36.0},{"not_picked":["Evaluate","SashWhip"],"picked":"Halt+1","floor":39.0},{"not_picked":["Indignation+1","Halt+1","Alpha"],"picked":"SKIP","floor":41.0},{"not_picked":["Swivel","Vengeance+1","CrushJoints"],"picked":"SKIP","floor":44.0},{"not_picked":["PathToVictory","WheelKick+1","FlurryOfBlows+1"],"picked":"SKIP","floor":45},{"not_picked":["Weave+1","WindmillStrike","Consecrate"],"picked":"SKIP","floor":46},{"not_picked":["CrushJoints","Halt","JustLucky"],"picked":"SKIP","floor":47}],"player_experience":46037,"relics_obtained":[{"floor":7.0,"key":"Smiling Mask"},{"floor":8.0,"key":"Odd Mushroom"},{"floor":9.0,"key":"Sundial"},{"floor":10.0,"key":"Torii"},{"floor":14.0,"key":"Ice Cream"},{"floor":26.0,"key":"Juzu Bracelet"},{"floor":27.0,"key":"Red Mask"},{"floor":41.0,"key":"Letter Opener"},{"floor":43.0,"key":"Frozen Egg 2"}],"event_choices":[{"damage_healed":0.0,"max_hp_gain":0.0,"max_hp_loss":0.0,"gold_gain":0.0,"event_name":"Mushrooms","player_choice":"Fought Mushrooms","floor":8.0,"gold_loss":0.0,"damage_taken":0.0},{"damage_healed":26.0,"max_hp_gain":0.0,"max_hp_loss":0.0,"gold_gain":0.0,"event_name":"Big Fish","player_choice":"Banana","floor":12.0,"gold_loss":0.0,"damage_taken":0.0},{"cards_removed":["Defend_P"],"damage_healed":0.0,"max_hp_gain":0.0,"max_hp_loss":0.0,"gold_gain":0.0,"event_name":"Purifier","player_choice":"Purged","floor":13.0,"gold_loss":0.0,"damage_taken":0.0},{"damage_healed":0.0,"max_hp_gain":0.0,"max_hp_loss":0.0,"gold_gain":0.0,"event_name":"Knowing Skull","player_choice":"","floor":21.0,"potions_obtained":[],"gold_loss":0.0,"damage_taken":6.0,"cards_obtained":[]},{"cards_removed":["Defend_P"],"damage_healed":0.0,"max_hp_gain":0.0,"max_hp_loss":0.0,"gold_gain":0.0,"event_name":"Beggar","player_choice":"Gave Gold","floor":24.0,"gold_loss":75.0,"damage_taken":0.0},{"damage_healed":0.0,"max_hp_gain":0.0,"max_hp_loss":0.0,"gold_gain":0.0,"event_name":"Masked Bandits","player_choice":"Fought Bandits","floor":27.0,"gold_loss":0.0,"damage_taken":0.0},{"cards_removed":["Strike_P"],"damage_healed":0.0,"max_hp_gain":0.0,"max_hp_loss":0.0,"gold_gain":0.0,"event_name":"Designer","player_choice":"Upgrade and Remove","floor":37.0,"gold_loss":90.0,"damage_taken":0.0,"cards_upgraded":["Finesse"]},{"damage_healed":0.0,"max_hp_gain":0.0,"max_hp_loss":0.0,"gold_gain":0.0,"event_name":"Match and Keep!","player_choice":"1 cards matched","floor":38.0,"gold_loss":0.0,"damage_taken":0.0,"cards_obtained":["Adaptation"]}],"is_beta":false,"boss_relics":[{"not_picked":["Tiny House","Philosopher\u0027s Stone"],"picked":"SlaversCollar"},{"not_picked":["Cursed Key","Busted Crown"],"picked":"HolyWater"}],"items_purged_floors":[4,19,22,42],"is_endless":false,"potions_floor_spawned":[3,8,10,14,20,28,30,31,35,41,45,47],"ascension_level":1}}