{"host":"OR","time":1611995239,"event":{"mods":["Act Like it!","BaseMod","Friendly Minions","Highlight Path","Minty Spire (QoL Compilation)","Quarter Circle Forward PUNCH!","Quick Restart","StSLib","TheWitcher"],"gold_per_floor":[112,112,112,112,133,133,178,178,178,218,231,247,277,277,277,277,277],"floor_reached":16,"language":"ZHS","playtime":812,"items_purged":[],"score":143,"play_id":"ff5d52ec-0c2c-484b-9c8a-46b99cddd0e8","local_time":"20210130162719","is_ascension_mode":false,"campfire_choices":[{"data":"SnafuTest:SuddenPuncture","floor":6.0,"key":"SMITH"},{"data":"SnafuTest:DefaultCommonSkill","floor":8.0,"key":"PURGE"},{"floor":15,"key":"REST"}],"circlet_count":0,"master_deck":["SnafuTest:DefaultCommonAttack","SnafuTest:DefaultCommonAttack+1","SnafuTest:DefaultCommonAttack","SnafuTest:BountyHunt+1","SnafuTest:DefaultCommonSkill","SnafuTest:SignAxii","SnafuTest:SuddenPuncture+1","SnafuTest:SpellIncendiaryShower","SnafuTest:Decapitate","Iron Wave"],"relics":["SnafuTest:UnstableMutagenRelic","NeowsBlessing","Peace Pipe","qcfpunch:Black_Training_Shirt","Whetstone","qcfpunch:Red_Gi","Matryoshka"],"acts_visited":["Exordium"],"potions_floor_usage":[13,13],"damage_taken":[{"damage":0.0,"enemies":"Jaw Worm","floor":1.0,"turns":1.0},{"damage":0.0,"enemies":"2 Louse","floor":5.0,"turns":2.0},{"damage":0.0,"enemies":"Gremlin Nob","floor":7.0,"turns":2.0},{"damage":36.0,"enemies":"Lagavulin","floor":10.0,"turns":6.0},{"damage":7.0,"enemies":"Small Slimes","floor":11.0,"turns":2.0},{"damage":20.0,"enemies":"Exordium Thugs","floor":12.0,"turns":3.0},{"damage":9,"enemies":"3 Sentries","floor":13,"turns":4},{"damage":35,"enemies":"The Guardian","floor":16,"turns":4}],"seed_played":"1835951838017261443","potions_obtained":[{"floor":10.0,"key":"SmokeBomb"},{"floor":11.0,"key":"Energy Potion"},{"floor":12.0,"key":"LiquidMemories"},{"floor":13,"key":"GamblersBrew"}],"is_trial":false,"path_per_floor":["M","?","?","T","M","R","E","R","T","E","M","M","E","?","R","B"],"character_chosen":"THE_WITCHER","items_purchased":[],"campfire_rested":1,"item_purchase_floors":[],"current_hp_per_floor":[75,80,80,80,80,80,80,80,80,44,37,17,8,8,32,0,0],"gold":277,"neow_bonus":"THREE_ENEMY_KILL","is_daily":false,"chose_seed":false,"campfire_upgraded":1,"win_rate":0.0,"timestamp":1611995239,"path_taken":["M","?","?","?","M","R","E","R","T","E","M","M","E","?","R","BOSS"],"items_purchased_type":[],"build_version":"2020-12-18","purchased_purges":0,"victory":false,"max_hp_per_floor":[75,80,80,80,80,80,80,80,80,80,80,80,80,80,80,80,80],"card_choices":[{"not_picked":["SnafuTest:ShieldUp","SnafuTest:PayBank","SnafuTest:WitchHunt"],"picked":"SKIP","floor":1.0},{"not_picked":["SnafuTest:SpellDarkMirror","SnafuTest:SignYrden"],"picked":"SnafuTest:SuddenPuncture","floor":5.0},{"not_picked":["SnafuTest:TrackingSense","SnafuTest:SpellDarkMirror","SnafuTest:MCPlayGwent"],"picked":"SKIP","floor":7.0},{"not_picked":["SnafuTest:PayWeaponShop","SnafuTest:FirstAid"],"picked":"SnafuTest:SpellIncendiaryShower","floor":10.0},{"not_picked":["SnafuTest:BombMoonDust","SnafuTest:BattleCry","SnafuTest:Portal"],"picked":"SKIP","floor":11.0},{"not_picked":["SnafuTest:PayHappyHour","SnafuTest:WeddingDance","SnafuTest:PowerAlwaysAWay"],"picked":"SKIP","floor":12.0},{"not_picked":["SnafuTest:ExcessiveLevies","SnafuTest:BattleCry"],"picked":"SnafuTest:Decapitate","floor":13}],"player_experience":450134,"relics_obtained":[{"floor":4.0,"key":"Peace Pipe"},{"floor":7.0,"key":"qcfpunch:Black_Training_Shirt"},{"floor":9.0,"key":"Whetstone"},{"floor":10.0,"key":"qcfpunch:Red_Gi"},{"floor":13,"key":"Matryoshka"}],"event_choices":[{"damage_healed":0.0,"max_hp_gain":5.0,"max_hp_loss":0.0,"gold_gain":0.0,"event_name":"Big Fish","player_choice":"Donut","floor":2.0,"gold_loss":0.0,"damage_taken":0.0},{"damage_healed":0.0,"max_hp_gain":0.0,"max_hp_loss":0.0,"gold_gain":0.0,"event_name":"Liars Game","player_choice":"Ignored","floor":3.0,"gold_loss":0.0,"damage_taken":0.0},{"cards_removed":["SnafuTest:DefaultCommonSkill"],"damage_healed":0,"gold_gain":0,"player_choice":"Took Card","damage_taken":0,"max_hp_gain":0,"max_hp_loss":0,"event_name":"NoteForYourself","floor":14,"gold_loss":0,"cards_obtained":["Iron Wave"]}],"is_beta":true,"boss_relics":[],"items_purged_floors":[],"is_endless":false,"potions_floor_spawned":[10,11,12,13],"killed_by":"The Guardian","ascension_level":0}}