{"host":"awsx6hu75lh7tsqd","time":1611991432,"event":{"mods":["AchievementEnabler","BaseMod","BetterRewards","Colored Map","Evolution","Minty Spire (QoL Compilation)","Shop Mod","StSLib"],"gold_per_floor":[112,131,146,161,171,197,272,283,356,356,385,33,33,33,33,138,138,149,165,177,177,196,196,196],"floor_reached":23,"language":"ENG","playtime":2003,"items_purged":["Defend_B","Defend_B"],"score":336,"play_id":"49e1eb9e-850e-4024-900e-4a741c1bab71","local_time":"20210130002352","is_ascension_mode":true,"campfire_choices":[{"floor":10,"key":"REST"},{"floor":13,"key":"REST"},{"floor":15,"key":"REST"}],"circlet_count":0,"master_deck":["Cold Snap","Strike_B","Strike_B","Strike_B","Defend_B","Defend_B","Zap","Dualcast","Hologram","Gash","Loop","White Noise","Cold Snap","Melter","Chill","All For One","Scrape","Steam","Gash","Beam Cell","Enlightenment"],"relics":["Cracked Core","EVO:Axolotl","Blood Vial","Pantograph","Orrery","Black Star"],"acts_visited":["Exordium","TheCity"],"potions_floor_usage":[4,5,11,19,22],"damage_taken":[{"damage":4,"enemies":"Cultist","floor":1,"turns":3},{"damage":0,"enemies":"Small Slimes","floor":2,"turns":2},{"damage":0,"enemies":"2 Louse","floor":3,"turns":2},{"damage":14,"enemies":"Exordium Thugs","floor":4,"turns":4},{"damage":22,"enemies":"Exordium Wildlife","floor":5,"turns":4},{"damage":16,"enemies":"Gremlin Nob","floor":6,"turns":4},{"damage":2,"enemies":"Blue Slaver","floor":8,"turns":5},{"damage":27,"enemies":"Lagavulin","floor":11,"turns":7},{"damage":55,"enemies":"Hexaghost","floor":16,"turns":12},{"damage":25,"enemies":"Shell Parasite","floor":18,"turns":7},{"damage":6,"enemies":"3 Byrds","floor":19,"turns":2},{"damage":39,"enemies":"Centurion and Healer","floor":20,"turns":9},{"damage":36,"enemies":"Snake Plant","floor":22,"turns":6},{"damage":5,"enemies":"Book of Stabbing","floor":23,"turns":1}],"seed_played":"6340640065550450174","potions_obtained":[{"floor":1,"key":"EssenceOfDarkness"},{"floor":4,"key":"Explosive Potion"},{"floor":5,"key":"Swift Potion"},{"floor":18,"key":"SkillPotion"},{"floor":20,"key":"Explosive Potion"}],"is_trial":false,"path_per_floor":["M","M","M","M","M","E","?","M","T","R","E","$","R","?","R","B",null,"M","M","M","?","M","E"],"character_chosen":"DEFECT","items_purchased":["Hologram","Orrery","FairyPotion"],"campfire_rested":3,"item_purchase_floors":[0,12,12],"current_hp_per_floor":[71,71,71,57,35,19,8,8,8,30,5,5,27,27,49,20,75,50,46,9,9,1,0,0],"gold":196,"neow_bonus":"","is_daily":false,"chose_seed":false,"campfire_upgraded":0,"win_rate":0.0,"timestamp":1611991432,"path_taken":["M","M","M","M","?","E","?","M","T","R","E","$","R","?","R","BOSS","M","M","M","?","M","E"],"items_purchased_type":["Card","Relic","Potion"],"build_version":"2020-12-22","purchased_purges":2,"victory":false,"max_hp_per_floor":[75,75,75,75,75,75,75,75,75,75,75,75,75,75,75,75,75,75,75,75,75,75,75,75],"card_choices":[{"not_picked":["Beam Cell","Double Energy","Tempest"],"picked":"SKIP","floor":1},{"not_picked":["Rip and Tear","Stack","Streamline"],"picked":"SKIP","floor":2},{"not_picked":["Undo","Go for the Eyes","Compile Driver"],"picked":"SKIP","floor":3},{"not_picked":["Sweeping Beam","FTL","Fusion"],"picked":"SKIP","floor":4},{"not_picked":["Turbo","Fusion","Leap"],"picked":"SKIP","floor":5},{"not_picked":["Darkness","Barrage","Reprogram"],"picked":"SKIP","floor":6},{"not_picked":["Beam Cell","Storm"],"picked":"Gash","floor":8},{"not_picked":["Conserve Battery","Stack"],"picked":"Loop","floor":11},{"not_picked":["Rip and Tear","Double Energy"],"picked":"White Noise","floor":12},{"not_picked":["Hologram","Blizzard"],"picked":"Cold Snap","floor":12},{"not_picked":["Chaos","Lockon"],"picked":"Melter","floor":12},{"not_picked":["Hyperbeam","Conserve Battery"],"picked":"Chill","floor":12},{"not_picked":["Reboot","Meteor Strike"],"picked":"All For One","floor":16},{"not_picked":["Steam Power","Chill"],"picked":"Scrape","floor":18},{"not_picked":["Static Discharge","Genetic Algorithm+1"],"picked":"Steam","floor":19},{"not_picked":["Tempest","Rebound"],"picked":"Gash","floor":20},{"not_picked":["Consume+1","Sweeping Beam","Undo"],"picked":"SKIP","floor":22}],"player_experience":113701,"relics_obtained":[{"floor":6,"key":"Blood Vial"},{"floor":11,"key":"Pantograph"}],"event_choices":[{"damage_healed":0,"gold_gain":75,"player_choice":"Gather Gold","damage_taken":11,"max_hp_gain":0,"max_hp_loss":0,"event_name":"World of Goop","floor":7,"gold_loss":0},{"damage_healed":0,"gold_gain":0,"player_choice":"Ignored","damage_taken":0,"max_hp_gain":0,"max_hp_loss":0,"event_name":"Golden Idol","floor":14,"gold_loss":0},{"damage_healed":0,"gold_gain":0,"player_choice":"2 cards matched","damage_taken":0,"max_hp_gain":0,"max_hp_loss":0,"event_name":"Match and Keep!","floor":21,"gold_loss":0,"cards_obtained":["Beam Cell","Enlightenment"]}],"is_beta":false,"boss_relics":[{"not_picked":["Philosopher\u0027s Stone","Runic Pyramid"],"picked":"Black Star"}],"items_purged_floors":[0,12],"is_endless":false,"potions_floor_spawned":[1,4,5,18,20],"killed_by":"Book of Stabbing","ascension_level":2}}