{"host":"sav7uxregyirlf69","time":1611974104,"event":{"mods":["AchievementEnabler","BaseMod","Colored Map","DeckTracker","Keyboard Shortcuts","Minty Spire (QoL Compilation)","READ ME - Guardian Mod","StSLib","SuperFastMode"],"gold_per_floor":[112,129,129,142,157,157,177,177,203,236,248,24,24,38,38,112,112,125,125,82,32,32,32,42,42,115,115,33,33,33,50,50,123,123,136,150,161,175,175,175,193,193,220,255,255,285,285,285,285],"floor_reached":48,"language":"KOR","playtime":1300,"items_purged":["Strike_G","Defend_G"],"score":1084,"play_id":"91560517-6936-4144-b6dd-607ec231cfeb","local_time":"20210130113504","is_ascension_mode":true,"campfire_choices":[{"data":"Footwork","floor":6.0,"key":"SMITH"},{"data":"Noxious Fumes","floor":8.0,"key":"SMITH"},{"floor":15,"key":"REST"},{"data":"Catalyst","floor":23,"key":"SMITH"},{"data":"Adrenaline","floor":27,"key":"SMITH"},{"data":"Well Laid Plans","floor":30,"key":"SMITH"},{"data":"Neutralize","floor":32,"key":"SMITH"},{"data":"Burst","floor":40,"key":"SMITH"},{"data":"Prepared","floor":42,"key":"SMITH"},{"data":"Escape Plan","floor":45,"key":"SMITH"}],"circlet_count":0,"master_deck":["AscendersBane","Strike_G","Defend_G","Defend_G","Defend_G+1","Survivor","Neutralize+1","Noxious Fumes+1","Footwork+1","Well Laid Plans+1","Blade Dance+1","Backflip","Escape Plan+1","Adrenaline+1","Escape Plan","Deadly Poison","Catalyst+1","Noxious Fumes","Prepared+1","Burst+1","Reflex+1","Acrobatics"],"relics":["Ring of the Snake","Toy Ornithopter","Membership Card","Coffee Dripper","Sundial","PreservedInsect","Nloth\u0027s Gift","Runic Pyramid","War Paint","Ancient Tea Set"],"acts_visited":["Exordium","TheCity","TheBeyond"],"potions_floor_usage":[16,24,31,33,46],"damage_taken":[{"damage":2.0,"enemies":"Small Slimes","floor":1.0,"turns":6.0},{"damage":0.0,"enemies":"Cultist","floor":2.0,"turns":4.0},{"damage":3.0,"enemies":"2 Louse","floor":4.0,"turns":4.0},{"damage":0.0,"enemies":"Blue Slaver","floor":5.0,"turns":6.0},{"damage":28.0,"enemies":"Exordium Thugs","floor":7.0,"turns":5.0},{"damage":41.0,"enemies":"Gremlin Nob","floor":10.0,"turns":5.0},{"damage":2.0,"enemies":"3 Louse","floor":11.0,"turns":4.0},{"damage":2,"enemies":"Large Slime","floor":14,"turns":7},{"damage":10,"enemies":"The Guardian","floor":16,"turns":12},{"damage":16,"enemies":"Shell Parasite","floor":18,"turns":7},{"damage":7,"enemies":"2 Thieves","floor":20,"turns":5},{"damage":0,"enemies":"3 Cultists","floor":24,"turns":5},{"damage":11,"enemies":"Cultist and Chosen","floor":31,"turns":5},{"damage":4,"enemies":"Champ","floor":33,"turns":12},{"damage":0,"enemies":"Orb Walker","floor":35,"turns":3},{"damage":14,"enemies":"3 Shapes","floor":36,"turns":5},{"damage":0,"enemies":"Maw","floor":37,"turns":5},{"damage":28,"enemies":"Sphere and 2 Shapes","floor":38,"turns":7},{"damage":0,"enemies":"Writhing Mass","floor":41,"turns":3},{"damage":0,"enemies":"Giant Head","floor":44,"turns":4},{"damage":10,"enemies":"Reptomancer","floor":46,"turns":5},{"damage":0,"enemies":"Jaw Worm Horde","floor":48,"turns":1}],"seed_played":"-2624291436744698115","potions_obtained":[{"floor":1.0,"key":"Regen Potion"},{"floor":2.0,"key":"Block Potion"},{"floor":10.0,"key":"Fire Potion"},{"floor":16,"key":"SpeedPotion"},{"floor":20,"key":"ColorlessPotion"},{"floor":24,"key":"BlessingOfTheForge"},{"floor":37,"key":"Strength Potion"},{"floor":41,"key":"Explosive Potion"},{"floor":44,"key":"DuplicationPotion"}],"is_trial":false,"path_per_floor":["M","M","?","M","M","R","M","R","T","E","M","$","?","M","R","B",null,"M","?","M","$","?","R","M","?","T","R","$","?","R","M","R","B",null,"M","M","M","M","?","R","M","R","T","E","R","E","?","M"],"character_chosen":"THE_SILENT","items_purchased":["Membership Card","Poison Potion","PreservedInsect"],"campfire_rested":1,"item_purchase_floors":[12,12,28],"current_hp_per_floor":[57,57,57,54,54,54,26,26,26,9,12,12,12,10,29,24,56,40,40,33,33,33,33,38,38,38,38,38,38,38,32,32,33,58,58,44,44,16,16,16,16,16,16,16,16,11,76,76,76],"gold":285,"neow_bonus":"REMOVE_CARD","is_daily":false,"chose_seed":false,"campfire_upgraded":9,"win_rate":0.0,"timestamp":1611974104,"path_taken":["M","M","?","M","?","R","?","R","T","E","M","$","?","M","R","BOSS","M","?","M","?","?","R","M","?","T","R","$","?","R","M","R","BOSS","M","?","M","M","?","R","M","R","T","E","R","E","?","M"],"items_purchased_type":["Relic","Potion","Relic"],"build_version":"2020-12-22","purchased_purges":2,"victory":false,"max_hp_per_floor":[66,66,66,66,66,66,66,66,66,66,66,66,66,66,66,66,66,66,66,66,66,66,66,66,66,66,66,66,66,66,66,66,66,66,66,66,66,66,66,66,66,66,66,66,66,66,76,76,76],"card_choices":[{"not_picked":["Terror","Accuracy"],"picked":"Noxious Fumes","floor":1.0},{"not_picked":["Expertise","Dodge and Roll"],"picked":"Footwork","floor":2.0},{"not_picked":["Distraction","Caltrops"],"picked":"Blade Dance","floor":4.0},{"not_picked":["Poisoned Stab","Catalyst","Quick Slash"],"picked":"SKIP","floor":5.0},{"not_picked":["Choke","Dagger Throw"],"picked":"Backflip","floor":7.0},{"not_picked":["Distraction","Wraith Form v2","Infinite Blades"],"picked":"SKIP","floor":10.0},{"not_picked":["Dagger Throw","Dagger Spray"],"picked":"Escape Plan","floor":11.0},{"not_picked":["Calculated Gamble","Slice","Deflect"],"picked":"SKIP","floor":14},{"not_picked":["Doppelganger","Storm of Steel"],"picked":"Adrenaline","floor":16},{"not_picked":["Underhanded Strike","Masterful Stab"],"picked":"Escape Plan","floor":18},{"not_picked":["Expertise","Heel Hook"],"picked":"Deadly Poison","floor":20},{"not_picked":["Dash","Quick Slash"],"picked":"Noxious Fumes","floor":24},{"not_picked":["Dagger Throw","Eviscerate"],"picked":"Prepared","floor":31},{"not_picked":["Tools of the Trade","Envenom"],"picked":"Burst","floor":33},{"not_picked":["Setup","Dagger Throw"],"picked":"Reflex+1","floor":35},{"not_picked":["Dodge and Roll","Underhanded Strike","Reflex+1"],"picked":"SKIP","floor":36},{"not_picked":["Poisoned Stab","Noxious Fumes+1","Doppelganger"],"picked":"SKIP","floor":37},{"not_picked":["PiercingWail+1","Leg Sweep","Flying Knee"],"picked":"SKIP","floor":38},{"not_picked":["Deadly Poison+1","Blade Dance"],"picked":"Acrobatics","floor":41},{"not_picked":["Unload","Acrobatics","Phantasmal Killer"],"picked":"SKIP","floor":44},{"not_picked":["Deadly Poison","Storm of Steel","Envenom"],"picked":"SKIP","floor":46}],"player_experience":1434616,"relics_obtained":[{"floor":9.0,"key":"Toy Ornithopter"},{"floor":10.0,"key":"Bag of Marbles"},{"floor":26,"key":"Sundial"},{"floor":44,"key":"War Paint"},{"floor":46,"key":"Ancient Tea Set"}],"event_choices":[{"damage_healed":0.0,"max_hp_gain":0.0,"max_hp_loss":0.0,"gold_gain":0.0,"event_name":"Match and Keep!","player_choice":"2 cards matched","floor":3.0,"gold_loss":0.0,"damage_taken":0.0,"cards_obtained":["Well Laid Plans","After Image"]},{"damage_healed":0.0,"max_hp_gain":0.0,"max_hp_loss":0.0,"gold_gain":0.0,"event_name":"Liars Game","player_choice":"Ignored","floor":13.0,"gold_loss":0.0,"damage_taken":0.0},{"cards_removed":["Strike_G"],"damage_healed":0,"gold_gain":0,"player_choice":"Purged","damage_taken":0,"max_hp_gain":0,"max_hp_loss":0,"event_name":"Purifier","floor":19,"gold_loss":0},{"damage_healed":0,"gold_gain":0,"player_choice":"Read","damage_taken":0,"max_hp_gain":0,"max_hp_loss":0,"event_name":"The Library","floor":22,"gold_loss":0,"cards_obtained":["Catalyst"]},{"cards_removed":["Strike_G"],"damage_healed":0,"gold_gain":0,"player_choice":"Elegance","damage_taken":0,"max_hp_gain":0,"max_hp_loss":0,"event_name":"Back to Basics","floor":25,"gold_loss":0},{"damage_healed":0,"gold_gain":0,"player_choice":"Traded Relic","damage_taken":0,"relics_obtained":["Nloth\u0027s Gift"],"max_hp_gain":0,"max_hp_loss":0,"event_name":"N\u0027loth","floor":29,"relics_lost":["Bag of Marbles"],"gold_loss":0},{"cards_removed":["Strike_G"],"damage_healed":0,"gold_gain":0,"player_choice":"Removed Attack","damage_taken":0,"max_hp_gain":0,"max_hp_loss":0,"event_name":"Falling","floor":39,"gold_loss":0},{"cards_removed":["After Image"],"damage_healed":55,"gold_gain":0,"player_choice":"Offered Rare","damage_taken":0,"max_hp_gain":10,"max_hp_loss":0,"event_name":"Bonfire Elementals","floor":47,"gold_loss":0}],"is_beta":false,"boss_relics":[{"not_picked":["Cursed Key","SacredBark"],"picked":"Coffee Dripper"},{"not_picked":["Tiny House","Empty Cage"],"picked":"Runic Pyramid"}],"items_purged_floors":[12,21],"is_endless":false,"potions_floor_spawned":[1,2,10,16,20,24,37,41,44],"killed_by":"Jaw Worm Horde","ascension_level":20}}