{"host":"08z5bj28eube4vug","time":1611979732,"event":{"mods":["2.2 Compatiblity","Abigail Mod","Act Like it!","BaseMod","Beaked The Cultist","Bestiary","Friendly Minions","Gensokyo","GungeonMod","Hallownest","Kiyohime????","Koishi","Lobotomy","Marisa????????","Minty Spire (QoL Compilation)","Prisma Mod","Remilia??????","Replay The Spire","StSLib","Td1madao Mod","The Alterego","The Bug Knight","The Jungle","The Sage","The Senshi","The Servant 0.9.4","Waifu the Spire","WarShipGirlsR/????R mod","Yuri Mod"],"gold_per_floor":[120,41,55,75,93,93,121,135,180,180,140,169,169,186,186,284,284,209,30,40,50,64,64,82,82,82],"floor_reached":25,"language":"ENG","playtime":1659,"items_purged":["Gluttony_TH"],"score":329,"play_id":"16b524bc-0772-4cb6-a4cf-be024f740b63","local_time":"20210130070852","is_ascension_mode":true,"campfire_choices":[{"data":"alterego_mod:BigMeatyClaws","floor":6,"key":"SMITH"},{"floor":13,"key":"REST"}],"circlet_count":0,"master_deck":["alterego_mod:Strike","alterego_mod:Strike","alterego_mod:Strike","alterego_mod:Strike","alterego_mod:Defend","alterego_mod:Defend","alterego_mod:Defend","alterego_mod:Defend","alterego_mod:Impale","alterego_mod:BigMeatyClaws+1","alterego_mod:BrynhildrsRune","alterego_mod:MaintainEyeContact","alterego_mod:Vow+1","alterego_mod:RocketPunch","alterego_mod:Pet","alterego_mod:Rip","alterego_mod:ClassAdvantage","Injury","Gensokyo:AllTheWorldsEvil","alterego_mod:PerceptionDisorder","alterego_mod:Undulate","alterego_mod:Mirror+1","alterego_mod:PerceptionDisorder+1","alterego_mod:Pet+1"],"relics":["Runic Dome","ReplayTheSpireMod:Lightbulb","Potion Belt","Letter Opener","Replay:Ancient Bell","theSenshi:SailorFukuRelic","DemoMod:MeltedRock","FossilizedHelix","DemoMod:GlassGuonStoneRelic"],"acts_visited":["Exordium","TheCity"],"potions_floor_usage":[5,12,12,16,16,16,21,23,25],"damage_taken":[{"damage":8,"enemies":"Cultist","floor":1,"turns":3},{"damage":6,"enemies":"Small Slimes","floor":3,"turns":4},{"damage":6,"enemies":"2 Louse","floor":4,"turns":5},{"damage":7,"enemies":"Red Slaver","floor":5,"turns":3},{"damage":27,"enemies":"Lagavulin","floor":7,"turns":6},{"damage":13,"enemies":"Exordium Thugs","floor":8,"turns":3},{"damage":15,"enemies":"Gremlin Nob","floor":12,"turns":4},{"damage":3,"enemies":"3 Louse","floor":14,"turns":4},{"damage":48,"enemies":"The Guardian","floor":16,"turns":12},{"damage":17,"enemies":"2 Thieves","floor":18,"turns":5},{"damage":0,"enemies":"3 Byrds","floor":20,"turns":5},{"damage":9,"enemies":"3 Cultists","floor":21,"turns":5},{"damage":8,"enemies":"Snecko","floor":22,"turns":5},{"damage":7,"enemies":"Book of Stabbing","floor":23,"turns":3},{"damage":21,"enemies":"Snake Plant","floor":24,"turns":6},{"damage":10,"enemies":"3 Cultists","floor":25,"turns":3}],"seed_played":"5149931280431123768","potions_obtained":[{"floor":1,"key":"BlessingOfTheForge"},{"floor":7,"key":"Strength Potion"},{"floor":8,"key":"SpeedPotion"},{"floor":11,"key":"SmokeBomb"},{"floor":11,"key":"PowerPotion"},{"floor":11,"key":"PowerPotion"},{"floor":14,"key":"GamblersBrew"},{"floor":20,"key":"Languid Potion"},{"floor":24,"key":"Dexterity Potion"}],"is_trial":false,"path_per_floor":["M","$","M","M","M","R","E","M","T","?","?","E","R","M","R","B",null,"M","$","M","M","M","E","M","M"],"character_chosen":"The_Alterego","items_purchased":["alterego_mod:MaintainEyeContact","alterego_mod:PerceptionDisorder","alterego_mod:Undulate"],"campfire_rested":1,"item_purchase_floors":[2,19,19],"current_hp_per_floor":[62,62,63,64,64,64,37,24,24,24,24,9,30,34,55,7,54,37,37,37,42,34,27,6,0,0],"gold":82,"neow_bonus":"BOSS_RELIC","is_daily":false,"chose_seed":false,"campfire_upgraded":1,"win_rate":0.0,"timestamp":1611979732,"path_taken":["M","$","M","?","M","R","E","M","T","?","?","E","R","?","R","BOSS","M","$","M","?","M","E","?","M"],"items_purchased_type":["Card","Card","Card"],"build_version":"2020-12-22","purchased_purges":1,"victory":false,"max_hp_per_floor":[70,70,70,70,70,70,70,70,70,70,70,70,70,70,70,70,70,70,70,70,70,70,70,70,70,70],"card_choices":[{"not_picked":["alterego_mod:Cycle","alterego_mod:SuperDuperMasochism","alterego_mod:Bunnysuit"],"picked":"SKIP","floor":1},{"not_picked":["alterego_mod:Clap","alterego_mod:Cycle","alterego_mod:Crossover"],"picked":"SKIP","floor":3},{"not_picked":["alterego_mod:Maid","alterego_mod:HighServant","alterego_mod:Bounce"],"picked":"SKIP","floor":4},{"not_picked":["alterego_mod:Table","alterego_mod:BusterCard","alterego_mod:Bounce"],"picked":"SKIP","floor":5},{"not_picked":["alterego_mod:Complex","alterego_mod:Stockings"],"picked":"alterego_mod:Vow","floor":7},{"not_picked":["alterego_mod:Skirt","alterego_mod:Rip"],"picked":"alterego_mod:RocketPunch","floor":8},{"not_picked":["alterego_mod:IndependentAction","alterego_mod:Bunnysuit"],"picked":"alterego_mod:Pet","floor":12},{"not_picked":["alterego_mod:PurpleHair","alterego_mod:TrashNCrash"],"picked":"alterego_mod:Rip","floor":14},{"not_picked":["alterego_mod:VirginLaserPalladion","alterego_mod:Valkyrie"],"picked":"alterego_mod:ClassAdvantage","floor":16},{"not_picked":["Gensokyo:ImpossibleRequest","Normality"],"picked":"Injury","floor":17},{"not_picked":["Delirium","Regret"],"picked":"Gensokyo:AllTheWorldsEvil","floor":17},{"not_picked":["Gensokyo:ImpossibleRequest","yuri:MarkovCurse"],"picked":"Gluttony_TH","floor":17},{"not_picked":["alterego_mod:BoobPocket","alterego_mod:TrashNCrash","alterego_mod:Bounce"],"picked":"SKIP","floor":18},{"not_picked":["alterego_mod:Cooking","alterego_mod:Valentines+1"],"picked":"alterego_mod:Mirror+1","floor":20},{"not_picked":["alterego_mod:MagicResistance+1","alterego_mod:Belts"],"picked":"alterego_mod:PerceptionDisorder+1","floor":21},{"not_picked":["alterego_mod:BeGentle","alterego_mod:PerceptionDisorder"],"picked":"alterego_mod:Pet+1","floor":22},{"not_picked":["alterego_mod:Skirt","alterego_mod:Belts","alterego_mod:Punishment"],"picked":"SKIP","floor":24}],"player_experience":863362,"relics_obtained":[{"floor":7,"key":"ReplayTheSpireMod:Lightbulb"},{"floor":9,"key":"DemoMod:WeirdEgg"},{"floor":12,"key":"Letter Opener"}],"event_choices":[{"damage_healed":0,"gold_gain":0,"player_choice":"Ignored","damage_taken":0,"max_hp_gain":0,"max_hp_loss":0,"event_name":"Golden Wing","floor":10,"gold_loss":0},{"damage_healed":0,"gold_gain":0,"player_choice":"Bought 3 Potions","damage_taken":0,"max_hp_gain":0,"max_hp_loss":0,"event_name":"The Woman in Blue","floor":11,"gold_loss":0}],"is_beta":false,"boss_relics":[{"not_picked":["beaked:MawFillet","Replay:Drink Me"],"picked":"Replay:Ancient Bell"},{"not_picked":["Bronze Scales","Centennial Puzzle"],"picked":"theSenshi:SailorFukuRelic"},{"not_picked":["Question Card","Pear"],"picked":"DemoMod:MeltedRock"},{"not_picked":["Dead Branch","Counterbalance"],"picked":"FossilizedHelix"}],"items_purged_floors":[19],"is_endless":false,"potions_floor_spawned":[1,7,8,14,20,23,24],"killed_by":"3 Cultists","ascension_level":8}}