{"host":"cwjcp8ldy62zu3uk","time":1611989094,"event":{"mods":["AchievementEnabler","Act Like it!","BaseMod","Better Note","CapriCore","Colored Powertips","DeckTracker","Friendly Minions","Gensokyo","GifTheSpireLib","Jorbs\u0027s Wanderer Trilogy","KinomotoSakuraMod(ÙÊñýÜâ?)","Koishi","Marisa£¨Ùöéë¡¡Øª×âÞÞ£©","Minty Spire (QoL Compilation)","Random Character Button","Rare Cards Sparkle","Reimu£¨ÚÏ???£©","StSLib","The Hierophant","The Immortal","The Mystic","The Runesmith","The Servant 0.9.4","Yakumo Yukari mod","Yuyuko"],"gold_per_floor":[109,14,28,28,47,61,61,372,399,418,418,437,447,447,447,545,545,559,157,167,167,187,216,216,230,276,276,293,293,306,130,130,130,130],"floor_reached":33,"language":"KOR","playtime":2677,"items_purged":["Koishi:Provoke"],"score":263,"play_id":"ddfce39e-8905-491b-80eb-d272e19f5c91","local_time":"20210130154454","is_ascension_mode":false,"campfire_choices":[{"data":"Koishi:ReleaseOfTheId","floor":7.0,"key":"SMITH"},{"floor":15.0,"key":"REST"},{"data":"Koishi:ReleaseOfTheId","floor":24.0,"key":"SMITH"},{"floor":27.0,"key":"REST"},{"floor":32.0,"key":"REST"}],"circlet_count":0,"master_deck":["Koishi:BasicStrike","Koishi:BasicStrike","Koishi:BasicStrike","Koishi:BasicStrike","Koishi:BasicDefend","Koishi:BasicDefend","Koishi:BasicDefend","Koishi:BasicDefend","Koishi:HauntingSlash","Koishi:Prune","Koishi:ReleaseOfTheId+1","Koishi:HeartfeltFancy","Koishi:SubterraneanRose","Koishi:DreadfulBlow","Koishi:SubconsciousSweep","Koishi:EmbersOfLove+1","Koishi:RacingHeart","Koishi:ReleaseOfTheId+1","Koishi:Jaunt","Koishi:PerfectMindControl","CurseOfTheBell","Koishi:EmbryosDream","Master of Strategy","Koishi:Jaunt+1","Koishi:ParalyzingFear","Koishi:Prune","Koishi:Jaunt","Koishi:HeartAttack","Koishi:DreadfulBlow+1","Gensokyo:Taser","Gensokyo:ExoticEgg"],"relics":["Koishi:ImaginaryFriend","NeowsBlessing","Ancient Tea Set","Mango","Calling Bell","RuthlessExorcism:ReiMu","CrazyTorch:ReiMu","Peace Pipe","PreservedInsect","Gensokyo:DirgeOfMelancholy","Koishi:AHoleWhereASisterShouldBe","Omamori","Centennial Puzzle"],"acts_visited":["Gensokyo:Gensokyo","Gensokyo:Gensokyoer"],"potions_floor_usage":[],"damage_taken":[{"damage":0.0,"enemies":"Gensokyo:Gryphon","floor":1.0,"turns":1.0},{"damage":0.0,"enemies":"Gensokyo:Python","floor":3.0,"turns":1.0},{"damage":0.0,"enemies":"Gensokyo:3_Fairies","floor":5.0,"turns":4.0},{"damage":9.0,"enemies":"Gensokyo:Python_and_Kodama","floor":6.0,"turns":5.0},{"damage":22.0,"enemies":"Gensokyo:5_Fairies","floor":8.0,"turns":6.0},{"damage":7.0,"enemies":"Gensokyo:CorruptedTreant","floor":10.0,"turns":4.0},{"damage":0.0,"enemies":"Gensokyo:Gryphon_and_Rabbit","floor":12.0,"turns":3.0},{"damage":0.0,"enemies":"Gensokyo:Python_and_Kodama","floor":13.0,"turns":4.0},{"damage":6.0,"enemies":"Gensokyo:Reimu","floor":16.0,"turns":7.0},{"damage":10.0,"enemies":"Gensokyo:AngelMirror","floor":18.0,"turns":4.0},{"damage":0.0,"enemies":"Gensokyo:2_Gloops","floor":20.0,"turns":6.0},{"damage":30.0,"enemies":"Gensokyo:Slime_Group","floor":22.0,"turns":5.0},{"damage":32.0,"enemies":"Gensokyo:Tenshi","floor":23.0,"turns":4.0},{"damage":12.0,"enemies":"Gensokyo:Wraith","floor":25.0,"turns":6.0},{"damage":4.0,"enemies":"Gensokyo:Monolith_and_Dog","floor":28.0,"turns":4.0},{"damage":35.0,"enemies":"Gensokyo:Slime_Group","floor":30.0,"turns":6.0},{"damage":52,"enemies":"Gensokyo:Eternal_Rivals","floor":33,"turns":5}],"seed_played":"7143716148699647603","potions_obtained":[{"floor":1.0,"key":"GrandPatriotsElixir:ReiMu"},{"floor":5.0,"key":"Block Potion"},{"floor":10.0,"key":"Dexterity Potion"},{"floor":16.0,"key":"PowerPotion"},{"floor":22.0,"key":"Explosive Potion"}],"is_trial":false,"path_per_floor":["M","COS","M","?","M","M","R","M","T","M","?","M","M","?","R","B",null,"M","$","M","?","M","E","R","M","T","R","M","?","M","COS","R","B"],"character_chosen":"KOISHI","items_purchased":["Master of Strategy","PreservedInsect"],"campfire_rested":3,"item_purchase_floors":[19,19],"current_hp_per_floor":[60,60,60,60,60,53,53,32,32,28,28,32,32,25,47,45,74,64,64,69,69,42,44,44,39,39,61,58,58,26,26,46,0,0],"gold":130,"neow_bonus":"THREE_ENEMY_KILL","is_daily":false,"chose_seed":false,"campfire_upgraded":2,"win_rate":0.0,"timestamp":1611989094,"path_taken":["M","COS","M","?","M","M","R","M","T","?","?","?","M","?","R","BOSS","M","$","M","?","M","E","R","?","T","R","M","?","M","COS","R","BOSS"],"items_purchased_type":["Card","Relic"],"build_version":"2020-12-22","purchased_purges":1,"victory":false,"max_hp_per_floor":[60,60,60,60,60,60,60,60,60,60,60,60,60,74,74,74,74,74,74,74,74,74,74,74,74,74,74,74,69,69,69,69,69,69],"card_choices":[{"not_picked":["Koishi:MassHysteria","Koishi:ReleaseOfTheId"],"picked":"Koishi:Prune","floor":1.0},{"not_picked":["Koishi:PhantomStrike","Koishi:ApparitionsStalkTheNight"],"picked":"Koishi:ReleaseOfTheId","floor":3.0},{"not_picked":["Koishi:StingingMind","Koishi:GeneticsOfTheUnconscious"],"picked":"Koishi:HeartfeltFancy","floor":4.0},{"not_picked":["Koishi:IdleWhim","Koishi:ParalyzingFear"],"picked":"Koishi:SubterraneanRose","floor":4.0},{"not_picked":["Koishi:FormlessExistence","Koishi:UnconsciousUprising"],"picked":"Koishi:DreadfulBlow","floor":5.0},{"not_picked":["Koishi:MassHysteria","Koishi:BloodcurdlingScream"],"picked":"Koishi:SubconsciousSweep","floor":6.0},{"not_picked":["Koishi:SpiritedAway","Koishi:MindNumbingTerror"],"picked":"Koishi:EmbersOfLove","floor":8.0},{"not_picked":["Koishi:PhantomStrike","Koishi:SubterraneanRose"],"picked":"Koishi:RacingHeart","floor":10.0},{"not_picked":["Koishi:Prune","Koishi:SpiritedAway"],"picked":"Koishi:ReleaseOfTheId","floor":12.0},{"not_picked":["Koishi:PredatoryInstincts","Koishi:EmbersOfLove"],"picked":"Koishi:Jaunt","floor":13.0},{"not_picked":["Koishi:SuperEgo","Koishi:MentalBreakdown"],"picked":"Koishi:PerfectMindControl","floor":16.0},{"not_picked":["Koishi:ParalyzingFear","Koishi:Bloodlust"],"picked":"Koishi:EmbryosDream","floor":18.0},{"not_picked":["Koishi:SubterraneanRose","Koishi:UnconsciousUprising"],"picked":"Koishi:Jaunt+1","floor":20.0},{"not_picked":["Koishi:HeartfeltFancy","Koishi:RoseHell"],"picked":"Koishi:ParalyzingFear","floor":22.0},{"not_picked":["Koishi:MassHysteria","Koishi:StrangeCloudFist"],"picked":"Koishi:Prune","floor":23.0},{"not_picked":["Koishi:JumpScare","Koishi:EmbryosDream"],"picked":"Koishi:Jaunt","floor":25.0},{"not_picked":["Koishi:UnansweredLove+1","Koishi:Prune"],"picked":"Koishi:HeartAttack","floor":28.0},{"not_picked":["Koishi:RorschachInDanmaku","Koishi:HeartStoppingHorror"],"picked":"Koishi:DreadfulBlow+1","floor":30.0}],"player_experience":131623,"relics_obtained":[{"floor":9.0,"key":"Ancient Tea Set"},{"floor":17.0,"key":"RuthlessExorcism:ReiMu"},{"floor":17.0,"key":"CrazyTorch:ReiMu"},{"floor":17.0,"key":"Peace Pipe"},{"floor":23.0,"key":"Koishi:AHoleWhereASisterShouldBe"},{"floor":26.0,"key":"Omamori"}],"event_choices":[],"is_beta":false,"boss_relics":[{"not_picked":["Pandora\u0027s Box","Philosopher\u0027s Stone"],"picked":"Calling Bell"}],"items_purged_floors":[19],"is_endless":false,"potions_floor_spawned":[1,5,10,12,16,18,22,23,28],"killed_by":"Gensokyo:Eternal_Rivals","ascension_level":0}}