{"host":"t4s40kl3r64vu0u6","time":1611979466,"event":{"mods":["BaseMod","Colored Map","Googly Eyes","Highlight Path","Minty Spire (QoL Compilation)","READ ME - Snecko Mod","StSLib","slay the spire mod where everything is the same but ironclad has a cowboy hat"],"gold_per_floor":[364,382,382,10,22,22,42,67,67,67,87,87,116,116,116,221,221,232,232,251,176,91,137,149,161,161],"floor_reached":25,"language":"ENG","playtime":1693,"items_purged":["Defend_B"],"score":288,"play_id":"d9a50e22-37ef-49a1-a5d7-001c2c6bb413","local_time":"20210129230426","is_ascension_mode":true,"campfire_choices":[{"data":"Loop","floor":6,"key":"SMITH"},{"data":"Genetic Algorithm","floor":10,"key":"SMITH"},{"data":"Conserve Battery","floor":12,"key":"SMITH"},{"data":"Dualcast","floor":15,"key":"SMITH"},{"data":"Chill","floor":24,"key":"SMITH"}],"circlet_count":0,"master_deck":["Strike_B","Strike_B","Strike_B","Defend_B+1","Defend_B","Defend_B","Zap","Dualcast+1","Conserve Battery+1","Turbo","Loop+1","Doom and Gloom","Reinforced Body","Genetic Algorithm+1","Chill+1","Multi-Cast","Steam","Ghostly+1","Ghostly","Ghostly","Ghostly","Ghostly","Rainbow"],"relics":["Cracked Core","Oddly Smooth Stone","StrikeDummy","Sundial","Cables","Coffee Dripper","MawBank","War Paint"],"acts_visited":["Exordium","TheCity"],"potions_floor_usage":[8,13,13,23,25],"damage_taken":[{"damage":7,"enemies":"Jaw Worm","floor":1,"turns":3},{"damage":0,"enemies":"Cultist","floor":2,"turns":3},{"damage":0,"enemies":"2 Louse","floor":5,"turns":1},{"damage":18,"enemies":"Large Slime","floor":7,"turns":4},{"damage":18,"enemies":"Gremlin Nob","floor":8,"turns":4},{"damage":0,"enemies":"2 Fungi Beasts","floor":11,"turns":3},{"damage":20,"enemies":"3 Sentries","floor":13,"turns":6},{"damage":9,"enemies":"The Guardian","floor":16,"turns":9},{"damage":12,"enemies":"Chosen","floor":18,"turns":5},{"damage":0,"enemies":"Spheric Guardian","floor":20,"turns":5},{"damage":25,"enemies":"Slavers","floor":23,"turns":8},{"damage":14,"enemies":"Gremlin Leader","floor":25,"turns":4}],"seed_played":"2203171331592217129","potions_obtained":[{"floor":5,"key":"DistilledChaos"},{"floor":7,"key":"AttackPotion"},{"floor":8,"key":"FocusPotion"},{"floor":16,"key":"Explosive Potion"},{"floor":18,"key":"Fire Potion"}],"is_trial":false,"path_per_floor":["M","M","?","$","M","R","M","E","T","R","M","R","E","?","R","B",null,"M","?","M","?","?","E","R","E"],"character_chosen":"DEFECT","items_purchased":["Loop","Doom and Gloom","Oddly Smooth Stone"],"campfire_rested":0,"item_purchase_floors":[4,4,4],"current_hp_per_floor":[61,61,61,61,61,61,43,25,25,25,25,25,5,27,27,18,68,56,34,34,34,34,9,9,0,0],"gold":161,"neow_bonus":"TWO_FIFTY_GOLD","is_daily":false,"chose_seed":false,"campfire_upgraded":5,"win_rate":0.0,"timestamp":1611979466,"path_taken":["M","M","?","$","M","R","M","E","T","R","?","R","E","?","R","BOSS","M","?","M","?","?","E","R","E"],"items_purchased_type":["Card","Card","Relic"],"build_version":"2020-12-22","purchased_purges":1,"victory":false,"max_hp_per_floor":[68,68,68,68,68,68,68,68,68,68,68,68,68,68,68,68,68,68,34,34,34,34,34,34,34,34],"card_choices":[{"not_picked":["Cold Snap","Go for the Eyes"],"picked":"Conserve Battery","floor":1},{"not_picked":["Force Field","Stack"],"picked":"Turbo","floor":2},{"not_picked":["Reprogram","Stack","Steam Power"],"picked":"SKIP","floor":5},{"not_picked":["Gash","Rebound"],"picked":"Reinforced Body","floor":7},{"not_picked":["Beam Cell","Gash"],"picked":"Genetic Algorithm","floor":8},{"not_picked":["Capacitor","Compile Driver","Scrape"],"picked":"SKIP","floor":11},{"not_picked":["Sweeping Beam","Sunder"],"picked":"Chill","floor":13},{"not_picked":["Reboot","Seek"],"picked":"Multi-Cast","floor":16},{"not_picked":["Ball Lightning+1","FTL"],"picked":"Steam","floor":18},{"not_picked":["Static Discharge+1","Reprogram+1","Barrage+1"],"picked":"SKIP","floor":20},{"not_picked":["Loop","Ball Lightning"],"picked":"Rainbow","floor":23}],"player_experience":234848,"relics_obtained":[{"floor":8,"key":"StrikeDummy"},{"floor":9,"key":"Sundial"},{"floor":13,"key":"Cables"},{"floor":23,"key":"War Paint"}],"event_choices":[{"damage_healed":0,"gold_gain":0,"player_choice":"0 cards matched","damage_taken":0,"max_hp_gain":0,"max_hp_loss":0,"event_name":"Match and Keep!","floor":3,"gold_loss":0,"cards_obtained":[]},{"damage_healed":22,"gold_gain":0,"player_choice":"Banana","damage_taken":0,"max_hp_gain":0,"max_hp_loss":0,"event_name":"Big Fish","floor":14,"gold_loss":0},{"damage_healed":0,"gold_gain":0,"player_choice":"Became a Ghost","damage_taken":0,"max_hp_gain":0,"max_hp_loss":34,"event_name":"Ghosts","floor":19,"gold_loss":0,"cards_obtained":["Ghostly","Ghostly","Ghostly","Ghostly","Ghostly"]},{"cards_removed":["Strike_B"],"damage_healed":0,"gold_gain":0,"player_choice":"Gave Gold","damage_taken":0,"max_hp_gain":0,"max_hp_loss":0,"event_name":"Beggar","floor":21,"gold_loss":75},{"damage_healed":0,"gold_gain":0,"player_choice":"Obtained Relic","damage_taken":0,"relics_obtained":["MawBank"],"max_hp_gain":0,"max_hp_loss":0,"event_name":"Addict","floor":22,"gold_loss":85}],"is_beta":false,"boss_relics":[{"not_picked":["Runic Dome","Inserter"],"picked":"Coffee Dripper"}],"items_purged_floors":[4],"is_endless":false,"potions_floor_spawned":[5,7,8,16,18],"killed_by":"Gremlin Leader","ascension_level":3}}