{"host":"vyjryxuuuxkt43k4","time":1611967839,"event":{"mods":["AchievementEnabler","BaseMod","Colored Map","DeckTracker","Keyboard Shortcuts","Minty Spire (QoL Compilation)","Permanent Neow","Quick Restart","Rare Cards Sparkle","StSLib","SuperFastMode","everything is the same but u backflip on backflip"],"gold_per_floor":[117,128,128,145,51,51,76,87,87,113,113,78,78,109,109,182,182,193,193,210,14,14,14],"floor_reached":22,"language":"KOR","playtime":746,"items_purged":[],"score":504,"play_id":"b863303d-cfab-42da-a124-22738bb2a301","local_time":"20210130095039","is_ascension_mode":true,"campfire_choices":[{"data":"Perfected Strike","floor":6.0,"key":"SMITH"},{"data":"Flex","floor":11.0,"key":"SMITH"},{"data":"Perfected Strike","floor":13.0,"key":"SMITH"},{"data":"Pommel Strike","floor":15.0,"key":"SMITH"}],"circlet_count":0,"master_deck":["AscendersBane","Strike_R","Strike_R","Strike_R","Strike_R","Strike_R","Defend_R","Defend_R","Bash","Twin Strike","Perfected Strike+1","Flex+1","Ghostly Armor","Perfected Strike+1","Pommel Strike+1","Impervious","Limit Break","Feel No Pain","Second Wind"],"relics":["Burning Blood","Nunchaku","Smiling Mask","Bottled Lightning","Gambling Chip","Tiny Chest","Runic Pyramid","Membership Card"],"acts_visited":["Exordium","TheCity"],"potions_floor_usage":[],"damage_taken":[{"damage":5.0,"enemies":"Small Slimes","floor":1.0,"turns":3.0},{"damage":6.0,"enemies":"2 Louse","floor":2.0,"turns":3.0},{"damage":1.0,"enemies":"Cultist","floor":4.0,"turns":3.0},{"damage":35.0,"enemies":"Lagavulin","floor":7.0,"turns":5.0},{"damage":0.0,"enemies":"Looter","floor":8.0,"turns":2.0},{"damage":10.0,"enemies":"3 Sentries","floor":10.0,"turns":4.0},{"damage":32.0,"enemies":"Gremlin Nob","floor":14.0,"turns":4.0},{"damage":0.0,"enemies":"Slime Boss","floor":16.0,"turns":5.0},{"damage":23,"enemies":"3 Byrds","floor":18,"turns":7},{"damage":25,"enemies":"Shell Parasite","floor":20,"turns":5},{"damage":32,"enemies":"Centurion and Healer","floor":22,"turns":4}],"seed_played":"1571722637237700761","potions_obtained":[{"floor":4.0,"key":"AttackPotion"},{"floor":14.0,"key":"DistilledChaos"}],"is_trial":false,"path_per_floor":["M","M","?","M","$","R","E","M","T","E","R","?","R","E","R","B",null,"M","?","M","$","M"],"character_chosen":"IRONCLAD","items_purchased":["Ghostly Armor","Explosive Potion","Membership Card","ColorlessPotion"],"campfire_rested":0,"item_purchase_floors":[5,5,21,21],"current_hp_per_floor":[69,69,62,67,67,67,38,44,44,40,40,58,58,32,32,38,66,49,49,30,30,0,0],"gold":14,"neow_bonus":"RANDOM_COMMON_RELIC","is_daily":false,"chose_seed":false,"campfire_upgraded":4,"win_rate":0.0,"timestamp":1611967839,"path_taken":["M","M","?","M","$","R","E","M","T","E","R","?","R","E","R","BOSS","M","?","M","$","?"],"items_purchased_type":["Card","Potion","Relic","Potion"],"build_version":"2020-12-22","purchased_purges":0,"victory":false,"max_hp_per_floor":[75,75,75,75,75,75,75,75,75,75,75,75,75,75,75,75,75,75,75,75,75,75,75],"card_choices":[{"not_picked":["Cleave","Clash"],"picked":"Twin Strike","floor":1.0},{"not_picked":["True Grit","Twin Strike"],"picked":"Perfected Strike","floor":2.0},{"not_picked":["Anger","Body Slam"],"picked":"Flex","floor":4.0},{"not_picked":["Rampage","Bloodletting"],"picked":"Perfected Strike","floor":7.0},{"not_picked":["Shrug It Off","Cleave"],"picked":"Pommel Strike","floor":8.0},{"not_picked":["Clothesline","Armaments"],"picked":"Impervious","floor":10.0},{"not_picked":["Ghostly Armor","Cleave","Hemokinesis"],"picked":"SKIP","floor":14.0},{"not_picked":["Barricade","Juggernaut"],"picked":"Limit Break","floor":16.0},{"not_picked":["Sword Boomerang","Headbutt"],"picked":"Feel No Pain","floor":18},{"not_picked":["Infernal Blade","Hemokinesis+1"],"picked":"Second Wind","floor":20}],"player_experience":508892,"relics_obtained":[{"floor":7.0,"key":"Smiling Mask"},{"floor":9.0,"key":"Bottled Lightning"},{"floor":10.0,"key":"Gambling Chip"},{"floor":14.0,"key":"Tiny Chest"}],"event_choices":[{"cards_removed":["Defend_R"],"damage_healed":0.0,"max_hp_gain":0.0,"max_hp_loss":0.0,"gold_gain":0.0,"event_name":"Golden Wing","player_choice":"Card Removal","floor":3.0,"gold_loss":0.0,"damage_taken":7.0},{"damage_healed":18.0,"max_hp_gain":0.0,"max_hp_loss":0.0,"gold_gain":0.0,"event_name":"The Cleric","player_choice":"Healed","floor":12.0,"gold_loss":35.0,"damage_taken":0.0},{"cards_removed":["Defend_R"],"damage_healed":0,"gold_gain":0,"player_choice":"Card Removal","damage_taken":0,"max_hp_gain":0,"max_hp_loss":0,"event_name":"Wheel of Change","floor":19,"gold_loss":0}],"is_beta":false,"boss_relics":[{"not_picked":["Black Blood","Astrolabe"],"picked":"Runic Pyramid"}],"items_purged_floors":[],"is_endless":false,"potions_floor_spawned":[4,14],"killed_by":"Centurion and Healer","ascension_level":20}}