{"host":"y24pqu7jih1n8m3t","time":1611979824,"event":{"mods":["AchievementEnabler","BaseMod","Bestiary","Block Reminder","Colored Map","Colored Powertips","DeckTracker","Highlight Path","Minty Spire (QoL Compilation)","Permanent Neow","Quick Restart","Rare Cards Sparkle","Relic Stats"],"gold_per_floor":[109,126,205,205,224,224,258,258,284,317,393,429,447,0,0,128,128,149,174,195,211,224,262,262,295,295,295,333,352,352,368,368,489,489,507,507,507,249,249,249,137,168,195,216,216,230,274,294,294,294,294],"floor_reached":50,"language":"ENG","playtime":2831,"items_purged":["Strike_R"],"score":800,"play_id":"83067386-8618-4017-a762-3c69b068b391","local_time":"20210129231024","is_ascension_mode":true,"campfire_choices":[{"floor":6,"key":"REST"},{"floor":8,"key":"REST"},{"floor":15,"key":"RECALL"},{"floor":24,"key":"REST"},{"floor":27,"key":"REST"},{"floor":30,"key":"REST"},{"floor":32,"key":"REST"},{"floor":40,"key":"REST"},{"floor":49,"key":"REST"}],"circlet_count":0,"master_deck":["Strike_R","Strike_R","Strike_R","Strike_R","Defend_R","Defend_R","Defend_R","Defend_R","Bash","Uppercut","Cleave","Flex","Offering","Rampage","Evolve","Fire Breathing","Thunderclap","Double Tap","True Grit","Flex+1","Pummel","Battle Trance","Entrench+1","Impervious","Infernal Blade+1","Body Slam+1","Rage","Battle Trance","Demon Form","CurseOfTheBell","Flash of Steel","Armaments","Enlightenment","Inflame","Pommel Strike+1","Pummel","Heavy Blade+1","Twin Strike+1","Perfected Strike"],"relics":["Fusion Hammer","Golden Idol","Akabeko","Potion Belt","Ornamental Fan","Bag of Preparation","Anchor","Lee\u0027s Waffle","Lantern","Strawberry","Philosopher\u0027s Stone","Letter Opener","Happy Flower","CaptainsWheel","Tiny Chest","Calling Bell","Regal Pillow","Mercury Hourglass","Champion Belt","Ancient Tea Set","Pen Nib","Art of War","Pear","Gremlin Horn"],"acts_visited":["Exordium","TheCity","TheBeyond"],"potions_floor_usage":[7,16,25,33,50],"damage_taken":[{"damage":2,"enemies":"Jaw Worm","floor":1,"turns":3},{"damage":0,"enemies":"Small Slimes","floor":2,"turns":3},{"damage":9,"enemies":"2 Louse","floor":5,"turns":3},{"damage":25,"enemies":"3 Sentries","floor":7,"turns":8},{"damage":4,"enemies":"Gremlin Nob","floor":10,"turns":3},{"damage":11,"enemies":"3 Sentries","floor":11,"turns":6},{"damage":31,"enemies":"Lagavulin","floor":12,"turns":4},{"damage":0,"enemies":"2 Fungi Beasts","floor":13,"turns":1},{"damage":57,"enemies":"Hexaghost","floor":16,"turns":7},{"damage":7,"enemies":"Shell Parasite","floor":18,"turns":3},{"damage":6,"enemies":"2 Thieves","floor":19,"turns":2},{"damage":0,"enemies":"Cultist and Chosen","floor":20,"turns":4},{"damage":0,"enemies":"Snake Plant","floor":21,"turns":1},{"damage":16,"enemies":"Shelled Parasite and Fungi","floor":22,"turns":3},{"damage":17,"enemies":"Slavers","floor":23,"turns":5},{"damage":26,"enemies":"Book of Stabbing","floor":25,"turns":3},{"damage":6,"enemies":"Slavers","floor":28,"turns":4},{"damage":6,"enemies":"Cultist and Chosen","floor":29,"turns":1},{"damage":6,"enemies":"Snake Plant","floor":31,"turns":2},{"damage":68,"enemies":"Collector","floor":33,"turns":10},{"damage":0,"enemies":"3 Darklings","floor":35,"turns":3},{"damage":6,"enemies":"Giant Head","floor":42,"turns":5},{"damage":6,"enemies":"3 Shapes","floor":44,"turns":3},{"damage":0,"enemies":"Jaw Worm Horde","floor":46,"turns":1},{"damage":42,"enemies":"Reptomancer","floor":47,"turns":5},{"damage":44,"enemies":"Maw","floor":48,"turns":7},{"damage":81,"enemies":"Time Eater","floor":50,"turns":7}],"seed_played":"-8399019778007588846","potions_obtained":[{"floor":1,"key":"LiquidMemories"},{"floor":7,"key":"BloodPotion"},{"floor":10,"key":"ElixirPotion"},{"floor":12,"key":"ColorlessPotion"},{"floor":21,"key":"PowerPotion"},{"floor":23,"key":"SteroidPotion"},{"floor":28,"key":"SpeedPotion"},{"floor":29,"key":"FearPotion"},{"floor":31,"key":"Energy Potion"},{"floor":35,"key":"BlessingOfTheForge"},{"floor":46,"key":"Weak Potion"}],"is_trial":false,"path_per_floor":["M","M","?","?","M","R","E","R","T","E","?","E","M","$","R","B",null,"M","M","M","M","M","E","R","E","T","R","E","M","R","M","R","B",null,"M","?","?","$","T","R","$","E","T","M","T","M","E","M","R","B"],"character_chosen":"IRONCLAD","items_purchased":["Lee\u0027s Waffle","Lantern","Strawberry","Ancient Tea Set","Armaments","Enlightenment","Inflame"],"campfire_rested":8,"item_purchase_floors":[14,14,14,38,38,38,41],"current_hp_per_floor":[78,78,78,58,49,73,48,72,72,68,57,26,26,94,94,37,94,87,81,81,81,65,48,76,50,50,78,72,66,94,88,94,26,94,94,94,94,94,94,94,94,88,88,82,92,92,50,6,52,0,0],"gold":294,"neow_bonus":"BOSS_RELIC","is_daily":false,"chose_seed":false,"campfire_upgraded":0,"win_rate":0.0,"timestamp":1611979824,"path_taken":["M","M","?","?","M","R","E","R","T","E","?","E","M","$","R","BOSS","M","M","M","M","M","E","R","E","T","R","E","M","R","M","R","BOSS","M","?","?","$","?","R","$","E","T","M","?","M","E","M","R","BOSS"],"items_purchased_type":["Relic","Relic","Relic","Relic","Card","Card","Card"],"build_version":"2020-12-22","purchased_purges":1,"victory":false,"max_hp_per_floor":[80,80,80,80,80,80,80,80,80,80,80,80,80,94,94,94,94,94,94,94,94,94,94,94,94,94,94,94,94,94,94,94,94,94,94,94,94,94,94,94,94,94,94,94,104,104,104,104,104,104,104],"relic_stats":{"Lee\u0027s Waffle":61,"Regal Pillow":15,"Happy Flower":[16],"Gremlin Horn":[0,0],"counters":[27,107],"Golden Idol":181,"Pen Nib":[6],"Bag of Preparation":[44],"Letter Opener":[214],"Mercury Hourglass":[120],"Ornamental Fan":[208],"Tiny Chest":1,"Art of War":[0],"Champion Belt":[17],"obtain_stats":[{"Lantern":14,"Regal Pillow":34,"Gremlin Horn":47,"Bag of Preparation":11,"Ancient Tea Set":38,"Burning Blood":0,"Strawberry":14,"Philosopher\u0027s Stone":17,"Tiny Chest":28,"Fusion Hammer":0,"Potion Belt":9,"Lee\u0027s Waffle":14,"Pear":45,"Happy Flower":25,"Golden Idol":4,"Pen Nib":42,"Letter Opener":23,"Akabeko":7,"Mercury Hourglass":34,"Calling Bell":34,"Anchor":12,"CaptainsWheel":26,"Ornamental Fan":10,"Art of War":43,"Champion Belt":34},{"Lantern":8,"Regal Pillow":20,"Gremlin Horn":25,"Bag of Preparation":5,"Ancient Tea Set":21,"Burning Blood":0,"Strawberry":8,"Philosopher\u0027s Stone":9,"Tiny Chest":17,"Fusion Hammer":0,"Potion Belt":4,"Lee\u0027s Waffle":8,"Pear":23,"Happy Flower":16,"Golden Idol":2,"Pen Nib":22,"Letter Opener":15,"Akabeko":4,"Mercury Hourglass":20,"Calling Bell":20,"Anchor":7,"CaptainsWheel":16,"Ornamental Fan":5,"Art of War":22,"Champion Belt":20},{"Lantern":31,"Regal Pillow":76,"Gremlin Horn":93,"Bag of Preparation":20,"Ancient Tea Set":79,"Burning Blood":0,"Strawberry":31,"Philosopher\u0027s Stone":38,"Tiny Chest":63,"Fusion Hammer":0,"Potion Belt":17,"Lee\u0027s Waffle":31,"Pear":87,"Happy Flower":59,"Golden Idol":6,"Pen Nib":84,"Letter Opener":56,"Akabeko":17,"Mercury Hourglass":76,"Calling Bell":76,"Anchor":30,"CaptainsWheel":59,"Ornamental Fan":20,"Art of War":84,"Champion Belt":76}]},"card_choices":[{"not_picked":["Pummel","Anger"],"picked":"Uppercut","floor":1},{"not_picked":["Warcry","Bloodletting"],"picked":"Cleave","floor":2},{"not_picked":["Rage","Clothesline"],"picked":"Flex","floor":5},{"not_picked":["Second Wind","Rupture"],"picked":"Offering","floor":7},{"not_picked":["Evolve","True Grit"],"picked":"Rampage","floor":10},{"not_picked":["Warcry","Anger"],"picked":"Evolve","floor":11},{"not_picked":["Combust","Offering"],"picked":"Fire Breathing","floor":12},{"not_picked":["Searing Blow","Warcry"],"picked":"Thunderclap","floor":13},{"not_picked":["Corruption","Exhume"],"picked":"Double Tap","floor":16},{"not_picked":["Entrench","Iron Wave"],"picked":"True Grit","floor":18},{"not_picked":["Searing Blow+1","Dropkick"],"picked":"Flex+1","floor":19},{"not_picked":["Carnage","Sever Soul+1"],"picked":"Pummel","floor":20},{"not_picked":["Sever Soul","Clothesline"],"picked":"Battle Trance","floor":21},{"not_picked":["Evolve+1","Havoc+1"],"picked":"Entrench+1","floor":22},{"not_picked":["Havoc","Entrench"],"picked":"Impervious","floor":23},{"not_picked":["Entrench","Flex+1"],"picked":"Infernal Blade+1","floor":25},{"not_picked":["Cleave","Armaments"],"picked":"Body Slam+1","floor":28},{"not_picked":["Pommel Strike+1","Twin Strike"],"picked":"Rage","floor":29},{"not_picked":["Havoc","Fire Breathing+1"],"picked":"Battle Trance","floor":31},{"not_picked":["Exhume","Corruption"],"picked":"Demon Form","floor":33},{"not_picked":["Second Wind+1","Fire Breathing+1"],"picked":"Carnage","floor":35},{"not_picked":["Panacea","Finesse"],"picked":"Flash of Steel","floor":36},{"not_picked":["Bludgeon","Fire Breathing+1"],"picked":"Pommel Strike+1","floor":42},{"not_picked":["Warcry","Havoc"],"picked":"Pummel","floor":44},{"not_picked":["Clash","Exhume"],"picked":"Heavy Blade+1","floor":46},{"not_picked":["Brutality","Pummel+1"],"picked":"Twin Strike+1","floor":47},{"not_picked":["Intimidate","Evolve"],"picked":"Perfected Strike","floor":48}],"player_experience":210133,"relics_obtained":[{"floor":7,"key":"Akabeko"},{"floor":9,"key":"Potion Belt"},{"floor":10,"key":"Ornamental Fan"},{"floor":12,"key":"Anchor"},{"floor":23,"key":"Letter Opener"},{"floor":25,"key":"Happy Flower"},{"floor":26,"key":"CaptainsWheel"},{"floor":28,"key":"Tiny Chest"},{"floor":34,"key":"Regal Pillow"},{"floor":34,"key":"Mercury Hourglass"},{"floor":34,"key":"Champion Belt"},{"floor":42,"key":"Pen Nib"},{"floor":43,"key":"Art of War"},{"floor":45,"key":"Pear"},{"floor":47,"key":"Gremlin Horn"}],"event_choices":[{"damage_healed":0,"gold_gain":79,"player_choice":"Gained Gold","damage_taken":0,"max_hp_gain":0,"max_hp_loss":0,"event_name":"Golden Wing","floor":3,"gold_loss":0},{"damage_healed":0,"gold_gain":0,"player_choice":"Take Damage","damage_taken":20,"relics_obtained":["Golden Idol"],"max_hp_gain":0,"max_hp_loss":0,"event_name":"Golden Idol","floor":4,"gold_loss":0},{"damage_healed":0,"gold_gain":0,"player_choice":"Searched \u00272\u0027 times","damage_taken":0,"relics_obtained":["Bag of Preparation"],"max_hp_gain":0,"max_hp_loss":0,"event_name":"Dead Adventurer","floor":11,"gold_loss":0},{"damage_healed":0,"gold_gain":0,"player_choice":"Memory 1","damage_taken":0,"max_hp_gain":0,"max_hp_loss":0,"event_name":"SensoryStone","floor":36,"gold_loss":0},{"cards_removed":["Carnage"],"damage_healed":0,"gold_gain":0,"player_choice":"Removed Attack","damage_taken":0,"max_hp_gain":0,"max_hp_loss":0,"event_name":"Falling","floor":37,"gold_loss":0}],"is_beta":false,"boss_relics":[{"not_picked":["Sozu","SacredBark"],"picked":"Philosopher\u0027s Stone"},{"not_picked":["Velvet Choker","Snecko Eye"],"picked":"Calling Bell"}],"items_purged_floors":[41],"is_endless":false,"potions_floor_spawned":[1,7,10,12,21,23,28,29,31,35,46],"killed_by":"Time Eater","ascension_level":3}}