{"host":"tsm37ib3nbi21ovq","time":1611967801,"event":{"mods":["100% Spire Juice","Act Like it!","BaseMod","Gensokyo","Koishi","Minty Spire (QoL Compilation)","Prisma Mod","Reimu£®≤©¿ˆ¡È√Œ£©","Remilia£®¿Ÿ√◊¿Ú—«£©","Replay The Spire","StSLib","Yakumo Yukari mod"],"gold_per_floor":[111,111,145,63,63,98,60,100,100,100,100,143,143,173,186,49,49,165,165,166,43,99,139,198,198,235,235,258,316,346,398,398,453,453,590,590,627,680,276,312,342,342,46,46,72,72,146,213,283,341,341,341],"floor_reached":53,"language":"ZHS","playtime":6937,"items_purged":["Strike_RM","Defend_RM","Strike_RM"],"score":1193,"play_id":"38751295-909e-4b9a-8b11-2048e5172a57","local_time":"20210130085001","is_ascension_mode":false,"campfire_choices":[{"floor":13.0,"key":"REST"},{"floor":17.0,"key":"REST"},{"data":"ScarletMeister","floor":25.0,"key":"SMITH"},{"data":"MastersStateliness","floor":27.0,"key":"SMITH"},{"data":"UnstableMagic","floor":34,"key":"SMITH"},{"floor":42,"key":"REST"},{"data":"KillingBlow","floor":44,"key":"SMITH"},{"data":"UnstableMagic","floor":51,"key":"SMITH"}],"circlet_count":0,"master_deck":["Strike_RM","Strike_RM","Defend_RM","Defend_RM","RedMoon","ScarletShoot","FavorOfDestiny","Septette","BloodHunter","BloodHunter","MastersStateliness+1","VampireFantasy","MiserableFate","FavorOfDestiny","RedRainbow","ScarletImprint","CharismaGuard","ReplayTheSpireMod:Private Reserves","DiffusionOfMisfortune","ScarletMeister+1","MillenniumVampire","MastersStateliness","BloodHunter","BombardNight","BlasphemousPunishment+1","RedNightlessCastle","UnstableMagic+1","KillingBlow+1","StarOfDavid+1","TwelveNightmare","RedRainbow","ScarletImprint","UnderTheZenith+1","UnstableMagic+1","DevilSight","MiserableFate+1","BloodHunter","QueenOfMidnight","Writhe","VampireFantasy+1","UnstableMagic+1","MastersStateliness+1"],"relics":["ScarletHat","NeowsBlessing","Bottled Tornado","Mercury Hourglass","Odd Mushroom","Busted Crown","ReplayTheSpireMod:Lightbulb","RedLine:ReiMu","Blue Doll","Orrery","Happy Flower","ReplayFunnel","Mango","TypeBBloodRedTea"],"acts_visited":["Exordium","TheCity","TheBeyond"],"potions_floor_usage":[30,35,35,40,40,48,52,52],"damage_taken":[{"damage":0.0,"enemies":"Small Slimes","floor":1.0,"turns":2.0},{"damage":0.0,"enemies":"2 Louse","floor":3.0,"turns":2.0},{"damage":0.0,"enemies":"Lagavulin","floor":6.0,"turns":2.0},{"damage":0.0,"enemies":"Cultist","floor":8.0,"turns":5.0},{"damage":25.0,"enemies":"The Mushroom Lair","floor":12.0,"turns":4.0},{"damage":1.0,"enemies":"2 Fungi Beasts","floor":14.0,"turns":5.0},{"damage":12.0,"enemies":"Blue Slaver","floor":15.0,"turns":5.0},{"damage":13.0,"enemies":"Slime Boss","floor":18.0,"turns":9.0},{"damage":4.0,"enemies":"2 Thieves","floor":20.0,"turns":4.0},{"damage":0.0,"enemies":"Spheric Guardian","floor":22.0,"turns":6.0},{"damage":7.0,"enemies":"Chosen and Byrds","floor":23.0,"turns":7.0},{"damage":5.0,"enemies":"Centurion and Healer","floor":24.0,"turns":8.0},{"damage":6.0,"enemies":"Snake Plant","floor":26.0,"turns":3.0},{"damage":0.0,"enemies":"Snecko","floor":29.0,"turns":7.0},{"damage":0,"enemies":"Centurion and Healer","floor":30,"turns":6},{"damage":0,"enemies":"3 Cultists","floor":31,"turns":4},{"damage":0,"enemies":"Snecko","floor":33,"turns":6},{"damage":12,"enemies":"Pondfish","floor":35,"turns":9},{"damage":19,"enemies":"3 Shapes","floor":37,"turns":4},{"damage":24,"enemies":"3 Darklings","floor":38,"turns":3},{"damage":29,"enemies":"Transient","floor":40,"turns":5},{"damage":35,"enemies":"Maw","floor":41,"turns":7},{"damage":26,"enemies":"Nemesis","floor":47,"turns":5},{"damage":20,"enemies":"2 Orb Walkers","floor":48,"turns":3},{"damage":20,"enemies":"Mind Bloom Boss Battle","floor":49,"turns":3},{"damage":10,"enemies":"Jaw Worm Horde","floor":50,"turns":3},{"damage":38,"enemies":"Donu and Deca","floor":52,"turns":8}],"seed_played":"4590996361388282958","potions_obtained":[{"floor":3.0,"key":"SpeedPotion"},{"floor":6.0,"key":"Regen Potion"},{"floor":12.0,"key":"Swift Potion"},{"floor":14.0,"key":"SkillPotion"},{"floor":20.0,"key":"Dexterity Potion"},{"floor":22.0,"key":"Dexterity Potion"},{"floor":22.0,"key":"Swift Potion"},{"floor":23.0,"key":"Languid Potion"},{"floor":24.0,"key":"Fruit Juice"},{"floor":24.0,"key":"PowerPotion"},{"floor":26.0,"key":"LiquidMemories"},{"floor":29.0,"key":"Toxic Potion"},{"floor":30,"key":"SteroidPotion"},{"floor":31,"key":"Strength Potion"},{"floor":31,"key":"EssenceOfSteel"},{"floor":33,"key":"DistilledChaos"},{"floor":35,"key":"Milkshake"},{"floor":35,"key":"Regen Potion"},{"floor":40,"key":"LiquidMemories"},{"floor":40,"key":"Energy Potion"},{"floor":48,"key":"Languid Potion"},{"floor":49,"key":"Reflective Coating"}],"is_trial":false,"path_per_floor":["M","?","M","$","?","E","$","M","T","PTL","PTL","?","R","M","M","$","R","B",null,"M","$","M","M","M","R","M","R","T","M","M","M","?","M","R","B",null,"M","M","$","M","M","R","$","R","T","?","E","?","?","M","R","B",null],"character_chosen":"REMILIA","items_purchased":["BloodHunter","MastersStateliness","MiserableFate","ReplayTheSpireMod:Private Reserves","DiffusionOfMisfortune","MastersStateliness","Blue Doll","Orrery","BloodHunter","QueenOfMidnight"],"campfire_rested":3,"item_purchase_floors":[4,4,7,16,16,21,39,39,43,43],"current_hp_per_floor":[75,68,68,68,68,68,68,69,69,69,69,45,67,66,55,55,75,72,75,73,73,75,75,77,77,74,74,74,79,80,80,80,80,80,80,80,62,44,44,50,37,61,61,61,61,80,80,94,94,87,87,94],"gold":341,"neow_bonus":"THREE_ENEMY_KILL","is_daily":false,"chose_seed":false,"campfire_upgraded":5,"win_rate":0.0,"timestamp":1611967801,"path_taken":["M","?","M","$","?","E","$","M","T","PTL","PTL","?","R","M","M","?","R","BOSS","M","$","M","M","M","R","M","R","T","M","M","?","?","M","R","BOSS","M","M","$","M","M","R","$","R","T","?","E","?","?","M","R","BOSS"],"items_purchased_type":["Card","Card","Card","Card","Card","Card","Relic","Relic","Card","Card"],"build_version":"2020-12-22","purchased_purges":3,"victory":true,"max_hp_per_floor":[75,75,75,75,75,75,75,75,75,75,75,75,75,75,75,75,75,75,75,75,75,75,75,80,80,80,80,80,80,80,80,80,80,80,80,80,80,80,80,80,80,80,80,80,80,80,80,94,94,94,94,94],"card_choices":[{"not_picked":["BombardNight","DevilSight"],"picked":"FavorOfDestiny","floor":1.0},{"not_picked":["ScarletImprint","EternalNight"],"picked":"Septette","floor":3.0},{"not_picked":["ScarletDream","EndlessAdversity"],"picked":"VampireFantasy","floor":6.0},{"not_picked":["SuperhumanBloodyKnife","BloodyMagicSquare"],"picked":"FavorOfDestiny","floor":8.0},{"not_picked":["StarOfDavid","RedMagic"],"picked":"RedRainbow","floor":12.0},{"not_picked":["VampireFantasy","BlasphemousPunishment"],"picked":"ScarletImprint","floor":14.0},{"not_picked":["Stigmanizer","DevilSight"],"picked":"CharismaGuard","floor":15.0},{"not_picked":["BatForm","BloodRain"],"picked":"ScarletMeister","floor":18.0},{"not_picked":[],"picked":"MillenniumVampire","floor":20.0},{"not_picked":[],"picked":"BloodHunter","floor":22.0},{"not_picked":[],"picked":"BombardNight","floor":23.0},{"not_picked":[],"picked":"BlasphemousPunishment+1","floor":24.0},{"not_picked":["CharismaGuard"],"picked":"SKIP","floor":26.0},{"not_picked":["VampireFantasy"],"picked":"SKIP","floor":29.0},{"not_picked":[],"picked":"RedNightlessCastle","floor":30},{"not_picked":["ScarletGensokyo+1"],"picked":"SKIP","floor":31},{"not_picked":[],"picked":"UnstableMagic","floor":33},{"not_picked":[],"picked":"KillingBlow","floor":35},{"not_picked":[],"picked":"StarOfDavid+1","floor":37},{"not_picked":[],"picked":"TwelveNightmare","floor":38},{"not_picked":[],"picked":"RedRainbow","floor":39},{"not_picked":[],"picked":"ScarletImprint","floor":39},{"not_picked":[],"picked":"UnderTheZenith+1","floor":39},{"not_picked":[],"picked":"UnstableMagic+1","floor":39},{"not_picked":[],"picked":"DevilSight","floor":39},{"not_picked":["UnderTheZenith"],"picked":"SKIP","floor":40},{"not_picked":[],"picked":"MiserableFate+1","floor":41},{"not_picked":[],"picked":"VampireFantasy+1","floor":47},{"not_picked":[],"picked":"UnstableMagic","floor":49},{"not_picked":[],"picked":"MastersStateliness+1","floor":50}],"player_experience":6177,"relics_obtained":[{"floor":6.0,"key":"Bottled Tornado"},{"floor":9.0,"key":"Mercury Hourglass"},{"floor":12.0,"key":"Odd Mushroom"},{"floor":28.0,"key":"ReplayTheSpireMod:Lightbulb"},{"floor":45,"key":"Happy Flower"},{"floor":47,"key":"ReplayFunnel"},{"floor":48,"key":"Mango"},{"floor":49,"key":"TypeBBloodRedTea"}],"event_choices":[{"cards_removed":["Defend_RM"],"damage_healed":0.0,"max_hp_gain":0.0,"max_hp_loss":0.0,"gold_gain":0.0,"event_name":"Golden Wing","player_choice":"Card Removal","floor":2.0,"gold_loss":0.0,"damage_taken":7.0},{"damage_healed":0.0,"max_hp_gain":0.0,"max_hp_loss":0.0,"gold_gain":0.0,"event_name":"Liars Game","player_choice":"Ignored","floor":5.0,"gold_loss":0.0,"damage_taken":0.0},{"damage_healed":0.0,"max_hp_gain":0.0,"max_hp_loss":0.0,"gold_gain":0.0,"event_name":"Mushrooms","player_choice":"Fought Mushrooms","floor":12.0,"gold_loss":0.0,"damage_taken":0.0},{"damage_healed":20,"gold_gain":0,"player_choice":"Writhe","damage_taken":0,"max_hp_gain":0,"max_hp_loss":0,"event_name":"Winding Halls","floor":46,"gold_loss":0,"cards_obtained":["Writhe"]},{"damage_healed":0,"gold_gain":0,"player_choice":"Fight","damage_taken":0,"max_hp_gain":0,"max_hp_loss":0,"event_name":"Mysterious Sphere","floor":48,"gold_loss":0},{"damage_healed":0,"gold_gain":0,"player_choice":"Fight","damage_taken":0,"max_hp_gain":0,"max_hp_loss":0,"event_name":"MindBloom","floor":49,"gold_loss":0}],"is_beta":false,"boss_relics":[{"not_picked":["Kintsugi","Ectoplasm"],"picked":"Busted Crown"},{"not_picked":["Fusion Hammer","Black Star"],"picked":"RedLine:ReiMu"}],"items_purged_floors":[21,39,43],"is_endless":false,"potions_floor_spawned":[3,12,14,22,23,26,30,31,35,37,40,48,49,50],"ascension_level":0}}