{"host":"2qyxu97h6u4ukicb","time":1611967562,"event":{"mods":["AchievementEnabler","BaseMod","BetterRewards","Colored Map","Colored Powertips","Minty Spire (QoL Compilation)","Replay The Spire","Shop Mod","StSLib"],"gold_per_floor":[109,109,123,136,149,149,240,240,263,263,263],"floor_reached":10,"language":"ENG","playtime":506,"items_purged":[],"score":58,"play_id":"909d6666-d498-40d3-a8b5-1833be252113","local_time":"20210129184602","is_ascension_mode":false,"campfire_choices":[{"floor":6,"key":"REST"}],"circlet_count":0,"master_deck":["Strike_P","Strike_P","Strike_P","Strike_P","Defend_P","Defend_P","Defend_P","Defend_P","Eruption","Vigilance","FlyingSleeves","WreathOfFlame","Collect","SandsOfTime","Prostrate","Prostrate","Halt"],"relics":["PureWater","NeowsBlessing"],"acts_visited":["Exordium"],"potions_floor_usage":[5,5,5,5,10],"damage_taken":[{"damage":0,"enemies":"2 Louse","floor":1,"turns":2},{"damage":0,"enemies":"Cultist","floor":3,"turns":1},{"damage":0,"enemies":"Small Slimes","floor":4,"turns":1},{"damage":22,"enemies":"Gremlin Gang","floor":5,"turns":3},{"damage":52,"enemies":"Lagavulin","floor":10,"turns":7}],"seed_played":"206360257433056674","potions_obtained":[{"floor":1,"key":"EntropicBrew"},{"floor":5,"key":"Explosive Potion"}],"is_trial":false,"path_per_floor":["M","?","M","M","M","R","?","$","T","E"],"character_chosen":"WATCHER","items_purchased":[],"campfire_rested":1,"item_purchase_floors":[],"current_hp_per_floor":[72,72,72,72,50,71,43,43,43,0,0],"gold":263,"neow_bonus":"THREE_ENEMY_KILL","is_daily":false,"chose_seed":false,"campfire_upgraded":0,"win_rate":0.0,"timestamp":1611967562,"path_taken":["M","?","?","M","M","R","?","$","T","E"],"items_purchased_type":[],"build_version":"2020-12-22","purchased_purges":0,"victory":false,"max_hp_per_floor":[72,72,72,72,72,72,72,72,72,72,72],"card_choices":[{"not_picked":["ClearTheMind","Wallop"],"picked":"FlyingSleeves","floor":1},{"not_picked":["Evaluate","CrushJoints"],"picked":"WreathOfFlame","floor":3},{"not_picked":["WheelKick","Replay:AtTheReady"],"picked":"Collect","floor":4},{"not_picked":["FlyingSleeves","Crescendo"],"picked":"SandsOfTime","floor":5},{"not_picked":["ThirdEye","CarveReality"],"picked":"Prostrate","floor":7},{"not_picked":["FollowUp","WindmillStrike"],"picked":"Prostrate","floor":7},{"not_picked":["EmptyFist","FlurryOfBlows"],"picked":"Halt","floor":7}],"player_experience":749472,"relics_obtained":[],"event_choices":[{"damage_healed":0,"gold_gain":0,"player_choice":"Full Heal","damage_taken":0,"max_hp_gain":0,"max_hp_loss":0,"event_name":"Wheel of Change","floor":2,"gold_loss":0}],"is_beta":false,"boss_relics":[],"items_purged_floors":[],"is_endless":false,"potions_floor_spawned":[1,5],"killed_by":"Lagavulin","ascension_level":0}}