{"host":"liwj66r6jjqhm4vi","time":1611966349,"event":{"mods":["BaseMod","Colored Map","Downfall","Minty Spire (QoL Compilation)","StSLib"],"gold_per_floor":[99,115,135,285,385,400,400,415,430,430,446,446,480,495,509,607,607,607,625,641,655,655,655,702,702,6,18,45,45,145,145,163,163,163,163],"floor_reached":33,"language":"ENG","playtime":2567,"items_purged":["downfall:Icky"],"score":296,"play_id":"a81b60c6-0a7b-4596-b42c-6887e964798c","local_time":"20210129192549","is_ascension_mode":false,"campfire_choices":[{"data":"champ:Taunt","floor":1,"key":"SMITH"},{"floor":10,"key":"REST"},{"data":"champ:ShieldSlam","floor":12,"key":"SMITH"},{"data":"champ:SteelEdge","floor":18,"key":"SMITH"},{"data":"champ:StanceDance","floor":23,"key":"SMITH"},{"data":"champ:Shatter","floor":25,"key":"SMITH"},{"floor":29,"key":"REST"}],"circlet_count":0,"master_deck":["champ:Strike","champ:Defend","champ:Defend","champ:Defend","champ:Defend","champ:Execute","champ:Taunt+1","champ:DefensiveShout","champ:StanceDance+1","champ:FaceSlap","champ:FaceSlap","champ:ShieldSlam+1","champ:PreciseThrust","champ:RisingSlash","champ:Shatter+1","champ:FanOfKnives","champ:SteelEdge+1","champ:PreciseThrust+1","champ:Parry+1","champ:CheapShot+1","champ:BringItOn","champ:BringItOn","champ:AdrenalArmor+1","champ:VampiricStrike","champ:IronFortress","champ:BerserkersShout","champ:EndlessRage+1","champ:GutPunch+1","downfall:Bewildered","champ:LastStand"],"relics":["champ:ChampionCrown","White Beast Statue","Mango","Astrolabe","downfall:RedIOU","Happy Flower","Lantern","TheAbacus","Sundial","Ice Cream","champ:BlackKnightHelmet","Letter Opener","sneckomod:BabySnecko"],"acts_visited":["Exordium","TheCity"],"potions_floor_usage":[5,13,13,16,16,16,19,21,28,28,28,30,32],"damage_taken":[{"damage":10,"enemies":"2 Louse","floor":2,"turns":3},{"damage":16,"enemies":"Cultist","floor":3,"turns":4},{"damage":112,"enemies":"downfall:LadyInBlue","floor":5,"turns":13},{"damage":0,"enemies":"Jaw Worm","floor":6,"turns":2},{"damage":30,"enemies":"2 Fungi Beasts","floor":8,"turns":3},{"damage":20,"enemies":"Exordium Wildlife","floor":9,"turns":3},{"damage":0,"enemies":"Blue Slaver","floor":11,"turns":1},{"damage":43,"enemies":"Lagavulin","floor":13,"turns":4},{"damage":26,"enemies":"2 Fungi Beasts","floor":14,"turns":2},{"damage":3,"enemies":"Red Slaver","floor":15,"turns":2},{"damage":34,"enemies":"WA_ARCHETYPE_RETAIN","floor":16,"turns":6},{"damage":5,"enemies":"3 Byrds","floor":19,"turns":3},{"damage":45,"enemies":"Sentry and Sphere","floor":20,"turns":4},{"damage":60,"enemies":"Centurion and Healer","floor":21,"turns":7},{"damage":45,"enemies":"downfall:FleeingMerchant","floor":26,"turns":5},{"damage":22,"enemies":"Snecko","floor":27,"turns":6},{"damage":28,"enemies":"Slavers","floor":28,"turns":5},{"damage":56,"enemies":"Slavers","floor":30,"turns":7},{"damage":14,"enemies":"3 Cultists","floor":32,"turns":5},{"damage":8,"enemies":"IC_MUSHROOM_ARCHETYPE","floor":33,"turns":3}],"seed_played":"-2882111411240038883","potions_obtained":[{"floor":3,"key":"Slimebound:ThreeZeroPotion"},{"floor":5,"key":"EssenceOfSteel"},{"floor":5,"key":"Ancient Potion"},{"floor":5,"key":"Explosive Potion"},{"floor":8,"key":"champ:TechniquePotion"},{"floor":9,"key":"FearPotion"},{"floor":11,"key":"SneckoOil"},{"floor":13,"key":"FearPotion"},{"floor":14,"key":"Regen Potion"},{"floor":15,"key":"Fire Potion"},{"floor":16,"key":"DuplicationPotion"},{"floor":19,"key":"Fire Potion"},{"floor":20,"key":"champ:OpenerPotion"},{"floor":21,"key":"EssenceOfSteel"},{"floor":26,"key":"Fire Potion"},{"floor":27,"key":"Guardian:BlockOnCardUsePotion"},{"floor":28,"key":"champ:OpenerPotion"},{"floor":30,"key":"Fire Potion"},{"floor":32,"key":"SpeedPotion"}],"is_trial":false,"path_per_floor":["R","M","M","?","?","M","T","M","M","R","M","R","E","M","M","B",null,"R","M","M","M","?","R","T","R","$","M","E","R","?","?","M","B"],"character_chosen":"THE_CHAMP","items_purchased":["Lantern","TheAbacus","Sundial","champ:IronFortress"],"campfire_rested":2,"item_purchase_floors":[26,26,26,26],"current_hp_per_floor":[99,99,98,98,31,31,31,11,5,34,34,34,40,34,31,26,113,113,108,78,48,48,48,48,48,43,21,9,42,9,9,3,0,0,0],"gold":163,"neow_bonus":"TEN_PERCENT_HP_BONUS","is_daily":false,"chose_seed":false,"campfire_upgraded":5,"win_rate":0.0,"timestamp":1611966349,"path_taken":["R","M","M","?","?","?","T","M","M","R","M","R","E","M","M","BOSS","R","M","M","M","?","R","T","R","$","M","E","R","?","?","M","BOSS"],"items_purchased_type":["Relic","Relic","Relic","Card"],"build_version":"2020-12-22","purchased_purges":1,"victory":false,"max_hp_per_floor":[99,99,99,99,99,99,99,99,99,99,99,99,113,113,113,113,113,113,113,113,113,113,113,113,113,113,113,113,113,113,113,113,113,113,113],"card_choices":[{"not_picked":["champ:SetATrap","champ:ShieldWall"],"picked":"champ:DefensiveShout","floor":2},{"not_picked":["champ:PerfectedStrike","champ:TornadoPunch"],"picked":"champ:StanceDance","floor":3},{"not_picked":["champ:TornadoPunch","champ:DeathBlow"],"picked":"champ:FaceSlap","floor":5},{"not_picked":["champ:RecklessLeap","champ:PreciseThrust"],"picked":"champ:FaceSlap","floor":6},{"not_picked":["champ:StanceDance","champ:Backstep"],"picked":"champ:ShieldSlam","floor":8},{"not_picked":["champ:BladeFlurry","champ:SkillfulDodge"],"picked":"champ:PreciseThrust","floor":9},{"not_picked":["champ:DeathBlow","champ:Duel"],"picked":"champ:RisingSlash","floor":11},{"not_picked":["champ:BerserkersShout","champ:HeavySlash"],"picked":"champ:Shatter","floor":13},{"not_picked":["champ:Shatter","champ:FocusedDefense"],"picked":"champ:FanOfKnives","floor":14},{"not_picked":["champ:PreciseThrust","champ:BerserkersShout","champ:FalseCounter"],"picked":"SKIP","floor":15},{"not_picked":["champ:DancingMaster","champ:MurderStrike"],"picked":"champ:SteelEdge","floor":16},{"not_picked":["champ:DeathBlow","champ:CrookedStrike"],"picked":"champ:BringItOn","floor":19},{"not_picked":["champ:Shatter","champ:SetATrap"],"picked":"champ:BringItOn","floor":20},{"not_picked":["champ:RecklessLeap","champ:RapidStrikes"],"picked":"champ:AdrenalArmor+1","floor":21},{"not_picked":["champ:ArenaPreparation","champ:CrownThrow"],"picked":"champ:VampiricStrike","floor":26},{"not_picked":["champ:FanOfKnives","champ:Haymaker"],"picked":"champ:BerserkersShout","floor":27},{"not_picked":["champ:GutPunch","champ:MurderStrike"],"picked":"champ:EndlessRage+1","floor":28},{"not_picked":["champ:Haymaker+1","champ:PerfectedStrike+1"],"picked":"champ:GutPunch+1","floor":30},{"not_picked":["champ:FanOfKnives","champ:BladeFlurry"],"picked":"champ:LastStand","floor":32}],"player_experience":168043,"relics_obtained":[{"floor":5,"key":"White Beast Statue"},{"floor":7,"key":"Potion Belt"},{"floor":13,"key":"Mango"},{"floor":24,"key":"Happy Flower"},{"floor":28,"key":"Ice Cream"},{"floor":30,"key":"champ:BlackKnightHelmet"},{"floor":30,"key":"Letter Opener"}],"event_choices":[],"is_beta":false,"boss_relics":[{"not_picked":["Empty Cage","SlaversCollar"],"picked":"Astrolabe"}],"items_purged_floors":[26],"is_endless":false,"potions_floor_spawned":[3,6,8,9,11,13,14,15,16,19,20,21,26,27,28,30,32],"killed_by":"IC_MUSHROOM_ARCHETYPE","ascension_level":0}}