{"host":"0buepsujecqpt684","time":1611988150,"event":{"mods":["AchievementEnabler","AlwaysNeverKeys","BaseMod","Bestiary","Better Altar","Better Match","Better Note","Better Sensory Stone","Better Skull","Better Third Choice","Better-Laid Plans","Dota2Spire","Downfall","GifTheSpireLib","GungeonMod","Hyrulean Relics","Ironclad Rager","Minty Spire (QoL Compilation)","Spicy Shops","StSLib","The Wild Card","Treasure Hunter"],"gold_per_floor":[161,161,141,154,171,203,203,16,43,8,8,33,52,78,78,181,181,191,207,222,222,222,222],"floor_reached":22,"language":"ENG","playtime":1921,"items_purged":[],"score":194,"play_id":"fddbcb8a-062b-4956-8365-d2307f041926","local_time":"20210130012910","is_ascension_mode":false,"campfire_choices":[{"floor":7,"key":"REST"},{"floor":11,"key":"REST"},{"floor":15,"key":"REST"}],"circlet_count":0,"master_deck":["Strike_P","Strike_P","Strike_P","Strike_P","Defend_P","Defend_P","Defend_P","Defend_P","Eruption+1","Vigilance","ThirdEye","CurseOfTheBell","ForeignInfluence+1"],"relics":["PureWater","NeowsBlessing","betterThird:SlimedRelic","Dota2Spire:MagicBottle","Dota2Spire:Vanguard","DemoMod:GnawedKey","Happy Flower","Dota2Spire:Dagon","DemoMod:PoisonVial","Calling Bell","PreservedInsect","Darkstone Periapt","DemoMod:Relodestone"],"acts_visited":["Exordium","TheCity"],"potions_floor_usage":[12,16,16],"damage_taken":[{"damage":0,"enemies":"Jaw Worm","floor":1,"turns":1},{"damage":0,"enemies":"2 Louse","floor":4,"turns":1},{"damage":0,"enemies":"Small Slimes","floor":5,"turns":2},{"damage":45,"enemies":"3 Sentries","floor":6,"turns":11},{"damage":28,"enemies":"Gremlin Nob","floor":12,"turns":4},{"damage":0,"enemies":"Exordium Wildlife","floor":13,"turns":4},{"damage":21,"enemies":"Slime Boss","floor":16,"turns":7},{"damage":13,"enemies":"3 Byrds","floor":18,"turns":8},{"damage":42,"enemies":"Spheric Guardian","floor":19,"turns":4},{"damage":0,"enemies":"Centurion and Healer","floor":20,"turns":7},{"damage":27,"enemies":"Chosen and Byrds","floor":22,"turns":8}],"seed_played":"-8322211779083406884","potions_obtained":[{"floor":4,"key":"PowerPotion"},{"floor":6,"key":"GamblersBrew"},{"floor":13,"key":"Dexterity Potion"},{"floor":20,"key":"FearPotion"}],"is_trial":false,"path_per_floor":["M","?","?","M","M","E","R","$","T","?","R","E","M","T","R","B",null,"M","M","M","?","M"],"character_chosen":"WATCHER","items_purchased":["Dota2Spire:Vanguard","DemoMod:GnawedKey"],"campfire_rested":3,"item_purchase_floors":[8,8],"current_hp_per_floor":[72,72,61,61,61,16,37,37,37,55,72,44,50,50,71,59,72,59,17,17,17,0,0],"gold":222,"neow_bonus":"THREE_ENEMY_KILL","is_daily":false,"chose_seed":false,"campfire_upgraded":0,"win_rate":0.0,"timestamp":1611988150,"path_taken":["M","?","?","?","M","E","R","$","T","?","R","E","M","?","R","BOSS","M","?","M","?","M"],"items_purchased_type":["Relic","Relic"],"build_version":"2020-12-22","purchased_purges":0,"victory":false,"max_hp_per_floor":[72,72,72,72,72,72,72,72,72,72,72,72,72,72,72,72,72,72,72,72,72,72,72],"card_choices":[{"not_picked":["EmptyBody","Tantrum","BowlingBash"],"picked":"SKIP","floor":1},{"not_picked":["Study","EmptyBody"],"picked":"ThirdEye","floor":4},{"not_picked":["EmptyFist","FlyingSleeves","Pray"],"picked":"SKIP","floor":5},{"not_picked":["TH:EnergyPotion","TH:CursedSword"],"picked":"SKIP","floor":6},{"not_picked":["MentalFortress","Omniscience","FlyingSleeves"],"picked":"SKIP","floor":6},{"not_picked":["TH:CursedSword","TH:DeckOfManyThings"],"picked":"SKIP","floor":9},{"not_picked":["TH:ArmorSpikes","TH:Mimic"],"picked":"SKIP","floor":12},{"not_picked":["BowlingBash","Establishment","JustLucky"],"picked":"SKIP","floor":12},{"not_picked":["ClearTheMind","Evaluate","BowlingBash"],"picked":"SKIP","floor":13},{"not_picked":["TH:BikiniMail","TH:DeckOfManyThings"],"picked":"SKIP","floor":14},{"not_picked":["WreathOfFlame","Halt","FlurryOfBlows"],"picked":"SKIP","floor":18},{"not_picked":["TalkToTheHand+1","Wireheading+1","Ragnarok"],"picked":"SKIP","floor":19},{"not_picked":["EmptyBody","CutThroughFate","JustLucky"],"picked":"SKIP","floor":20}],"player_experience":274122,"relics_obtained":[{"floor":6,"key":"Dota2Spire:MagicBottle"},{"floor":9,"key":"Happy Flower"},{"floor":12,"key":"Dota2Spire:Dagon"},{"floor":14,"key":"DemoMod:PoisonVial"},{"floor":17,"key":"PreservedInsect"},{"floor":17,"key":"Darkstone Periapt"},{"floor":17,"key":"DemoMod:Relodestone"}],"event_choices":[{"damage_healed":0,"gold_gain":0,"player_choice":"Grow","damage_taken":0,"max_hp_gain":0,"max_hp_loss":0,"event_name":"Living Wall","floor":2,"gold_loss":0,"cards_upgraded":["Eruption"]},{"damage_healed":0,"gold_gain":0,"player_choice":"Slimed","damage_taken":11,"max_hp_gain":0,"max_hp_loss":0,"event_name":"betterThird:BetterGoop","floor":3,"gold_loss":20},{"damage_healed":18,"gold_gain":0,"player_choice":"Healed","damage_taken":0,"max_hp_gain":0,"max_hp_loss":0,"event_name":"The Cleric","floor":10,"gold_loss":35},{"cards_removed":["Eruption"],"damage_healed":0,"gold_gain":0,"player_choice":"Take \u0026 Give","damage_taken":0,"max_hp_gain":0,"max_hp_loss":0,"event_name":"betterNote:BetterNote","floor":21,"gold_loss":0,"cards_obtained":["ForeignInfluence"]}],"is_beta":false,"boss_relics":[{"not_picked":["Empty Cage","HolyWater"],"picked":"Calling Bell"}],"items_purged_floors":[],"is_endless":false,"potions_floor_spawned":[4,6,13,20],"killed_by":"Chosen and Byrds","ascension_level":0}}