{"host":"izkte3iaxw6lzeie","time":1611988368,"event":{"mods":["BaseMod","Bestiary","Curses Come First","Duelist Mod","GifTheSpireLib","Minty Spire (QoL Compilation)","StSLib","The Alterego","egg"],"gold_per_floor":[113,130,3,178,178,178,193,227,227,251,327,327,371,387,387,512,512,525,37,37,34,52,95,95,15,70,345,364,402,415,451,451,571,571,587,600,600,618,618,618,638,638,662,687,1020,1036,419,438,438,438],"floor_reached":51,"language":"ENG","playtime":3965,"items_purged":["alterego_mod:Impale","alterego_mod:BigMeatyClaws","alterego_mod:Strike"],"score":871,"play_id":"70427a07-a045-4752-8b91-db36b2afa49a","local_time":"20210130013248","is_ascension_mode":true,"campfire_choices":[{"data":"alterego_mod:TrashNCrash","floor":6.0,"key":"SMITH"},{"data":"alterego_mod:Bounce","floor":15,"key":"SMITH"},{"data":"alterego_mod:Cooking","floor":24,"key":"SMITH"},{"data":"alterego_mod:MagicResistance","floor":32,"key":"SMITH"},{"data":"alterego_mod:IndependentAction","floor":40,"key":"SMITH"},{"data":"alterego_mod:MaintainEyeContact","floor":49,"key":"SMITH"}],"circlet_count":0,"master_deck":["alterego_mod:Strike","alterego_mod:Strike","alterego_mod:Defend","alterego_mod:Defend","alterego_mod:Defend","alterego_mod:Defend","alterego_mod:BrynhildrsRune","alterego_mod:TrashNCrash+1","alterego_mod:MagicResistance+1","Doubt","alterego_mod:Cushion+1","alterego_mod:SakuraFive","alterego_mod:Bounce+1","alterego_mod:Cooking+1","Good Instincts","Pain","alterego_mod:MaintainEyeContact+1","Regret","alterego_mod:MaintainEyeContact","alterego_mod:IndependentAction+1","alterego_mod:Punishment+1","alterego_mod:Rip+1","alterego_mod:Maid+1","alterego_mod:MaintainEyeContact","Secret Weapon","Good Instincts","alterego_mod:BiFurious+1"],"relics":["alterego_mod:MasochisticConstitution","TungstenRod","Art of War","Blue Candle","Unceasing Top","Happy Flower","Sozu","Gremlin Horn","WarpedTongs","Molten Egg 2","Strawberry","PreservedInsect","Boot","Runic Dome","Omamori","TheAbacus"],"acts_visited":["Exordium","TheCity","TheBeyond"],"potions_floor_usage":[14],"damage_taken":[{"damage":3.0,"enemies":"2 Louse","floor":1.0,"turns":6.0},{"damage":10.0,"enemies":"Jaw Worm","floor":2.0,"turns":6.0},{"damage":9.0,"enemies":"Cultist","floor":7.0,"turns":4.0},{"damage":30.0,"enemies":"Gremlin Nob","floor":8.0,"turns":4.0},{"damage":0.0,"enemies":"Large Slime","floor":10.0,"turns":6.0},{"damage":13.0,"enemies":"Gremlin Nob","floor":11.0,"turns":3.0},{"damage":3.0,"enemies":"3 Sentries","floor":13.0,"turns":5.0},{"damage":3,"enemies":"Red Slaver","floor":14,"turns":4},{"damage":0,"enemies":"Slime Boss","floor":16,"turns":7},{"damage":8,"enemies":"Shell Parasite","floor":18,"turns":5},{"damage":17,"enemies":"2 Thieves","floor":21,"turns":4},{"damage":6,"enemies":"Centurion and Healer","floor":22,"turns":5},{"damage":10,"enemies":"Gremlin Leader","floor":23,"turns":7},{"damage":11,"enemies":"Chosen and Byrds","floor":28,"turns":5},{"damage":0,"enemies":"theDuelist:KaibaA2","floor":29,"turns":3},{"damage":14,"enemies":"Snake Plant","floor":30,"turns":4},{"damage":0,"enemies":"Book of Stabbing","floor":31,"turns":5},{"damage":12,"enemies":"Collector","floor":33,"turns":6},{"damage":0,"enemies":"Orb Walker","floor":35,"turns":2},{"damage":17,"enemies":"3 Shapes","floor":36,"turns":3},{"damage":17,"enemies":"Maw","floor":38,"turns":6},{"damage":40,"enemies":"4 Shapes","floor":41,"turns":6},{"damage":0,"enemies":"Spire Growth","floor":44,"turns":5},{"damage":0,"enemies":"3 Darklings","floor":46,"turns":4},{"damage":0,"enemies":"Maw","floor":48,"turns":6},{"damage":18,"enemies":"Awakened One","floor":50,"turns":6}],"seed_played":"8514295768608967016","potions_obtained":[{"floor":2.0,"key":"FearPotion"},{"floor":7.0,"key":"SteroidPotion"},{"floor":10.0,"key":"EntropicBrew"},{"floor":11.0,"key":"SpeedPotion"}],"is_trial":false,"path_per_floor":["M","M","$","?","?","R","M","E","T","M","?","?","E","M","R","B",null,"M","$","?","M","M","E","R","$","T","?","M","E","M","E","R","B",null,"M","M","?","M","?","R","M","?","T","M","?","M","$","M","R","B",null],"character_chosen":"The_Alterego","items_purchased":["alterego_mod:MagicResistance","alterego_mod:Cooking","Gremlin Horn","Good Instincts","alterego_mod:MaintainEyeContact","TheAbacus","alterego_mod:MaintainEyeContact","Secret Weapon","Good Instincts"],"campfire_rested":0,"item_purchase_floors":[3,19,19,19,25,47,47,47,47],"current_hp_per_floor":[64,55,55,55,55,55,47,18,18,18,6,6,18,23,23,37,65,58,58,58,52,64,69,69,69,76,76,73,77,71,78,78,79,79,79,63,63,58,58,58,44,44,44,55,55,80,80,82,82,72],"gold":438,"neow_bonus":"ONE_RARE_RELIC","is_daily":false,"chose_seed":false,"campfire_upgraded":6,"win_rate":0.0,"timestamp":1611988368,"path_taken":["M","M","$","?","?","R","M","E","T","M","?","?","E","M","R","BOSS","M","$","?","M","?","E","R","$","T","?","?","E","M","E","R","BOSS","M","M","?","M","?","R","M","?","T","?","?","M","$","M","R","BOSS"],"items_purchased_type":["Card","Card","Relic","Card","Card","Relic","Card","Card","Card"],"build_version":"2020-12-22","purchased_purges":3,"victory":true,"max_hp_per_floor":[64,65,65,65,60,60,61,62,62,62,63,63,64,65,65,65,65,66,66,66,67,68,69,69,69,76,76,77,77,78,78,78,79,79,79,80,80,81,81,81,82,82,82,82,82,82,82,82,82,83],"card_choices":[{"not_picked":["alterego_mod:Complex","alterego_mod:Support","alterego_mod:BiFurious"],"picked":"SKIP","floor":1.0},{"not_picked":["alterego_mod:Maid","alterego_mod:DeftHands"],"picked":"alterego_mod:TrashNCrash","floor":2.0},{"not_picked":["alterego_mod:GachaTicket","alterego_mod:Schoolgirl","alterego_mod:Bunnysuit"],"picked":"SKIP","floor":7.0},{"not_picked":["alterego_mod:PerceptionDisorder","alterego_mod:Weigh"],"picked":"alterego_mod:1TonWallop","floor":8.0},{"not_picked":["alterego_mod:Stockings","alterego_mod:Maid"],"picked":"alterego_mod:Cushion","floor":10.0},{"not_picked":["alterego_mod:Cooking","alterego_mod:Belts"],"picked":"alterego_mod:SakuraFive","floor":13.0},{"not_picked":["alterego_mod:SakuraFive","alterego_mod:Collar"],"picked":"alterego_mod:Bounce","floor":14},{"not_picked":["alterego_mod:Belts","alterego_mod:BusterCard","alterego_mod:Pet"],"picked":"SKIP","floor":18},{"not_picked":["alterego_mod:DeftHands","alterego_mod:Punishment","alterego_mod:Mirror"],"picked":"SKIP","floor":21},{"not_picked":["alterego_mod:GoddessCore+1","alterego_mod:DiscoLights","alterego_mod:TrashNCrash"],"picked":"SKIP","floor":22},{"not_picked":["alterego_mod:1TonWallop+1","alterego_mod:TrickOrTreatment","alterego_mod:RidiculouslyBig"],"picked":"SKIP","floor":23},{"not_picked":["alterego_mod:Mirror","alterego_mod:DestructionOfProperty","alterego_mod:1TonWallop+1"],"picked":"SKIP","floor":28},{"not_picked":["alterego_mod:Maid+1","alterego_mod:Cycle"],"picked":"alterego_mod:MaintainEyeContact","floor":29},{"not_picked":["alterego_mod:IdEs","alterego_mod:Rip","alterego_mod:DestructionOfProperty"],"picked":"SKIP","floor":30},{"not_picked":["alterego_mod:GoddessCore+1","alterego_mod:Punishment","alterego_mod:MagicResistance"],"picked":"SKIP","floor":31},{"not_picked":["alterego_mod:1TonWallop+1","alterego_mod:Cycle"],"picked":"alterego_mod:IndependentAction","floor":35},{"not_picked":["alterego_mod:1TonWallop+1","alterego_mod:MagicResistance"],"picked":"alterego_mod:Punishment+1","floor":36},{"not_picked":["alterego_mod:BoobPocket+1","alterego_mod:DustData+1"],"picked":"alterego_mod:Rip+1","floor":38},{"not_picked":["alterego_mod:Cycle","alterego_mod:Pet+1","alterego_mod:Punishment"],"picked":"SKIP","floor":41},{"not_picked":["alterego_mod:DestructionOfProperty","alterego_mod:Alter","alterego_mod:Complex+1"],"picked":"SKIP","floor":44},{"not_picked":["alterego_mod:HighServant","alterego_mod:Complex+1","alterego_mod:DiscoLights"],"picked":"SKIP","floor":46},{"not_picked":["alterego_mod:HighServant","alterego_mod:Belts+1"],"picked":"alterego_mod:BiFurious+1","floor":48}],"player_experience":1684031,"relics_obtained":[{"floor":8.0,"key":"Art of War"},{"floor":9.0,"key":"Blue Candle"},{"floor":13.0,"key":"Happy Flower"},{"floor":23,"key":"Molten Egg 2"},{"floor":26,"key":"Strawberry"},{"floor":29,"key":"PreservedInsect"},{"floor":31,"key":"Boot"},{"floor":43,"key":"Omamori"}],"event_choices":[{"damage_healed":0.0,"max_hp_gain":0.0,"max_hp_loss":0.0,"gold_gain":175.0,"event_name":"Liars Game","player_choice":"AGREE","floor":4.0,"gold_loss":0.0,"damage_taken":0.0,"cards_obtained":["Doubt"]},{"damage_healed":0.0,"max_hp_gain":0.0,"max_hp_loss":5.0,"gold_gain":0.0,"event_name":"Golden Idol","player_choice":"Lose Max HP","floor":5.0,"gold_loss":0.0,"damage_taken":0.0,"relics_obtained":["Golden Idol"]},{"damage_healed":0.0,"max_hp_gain":0.0,"max_hp_loss":0.0,"gold_gain":0.0,"event_name":"Dead Adventurer","player_choice":"Searched \u00272\u0027 times","floor":11.0,"gold_loss":0.0,"damage_taken":0.0,"relics_obtained":["Unceasing Top"]},{"damage_healed":0.0,"max_hp_gain":0.0,"max_hp_loss":0.0,"gold_gain":0.0,"event_name":"Living Wall","player_choice":"Grow","floor":12.0,"gold_loss":0.0,"damage_taken":0.0,"cards_upgraded":["alterego_mod:Cushion"]},{"damage_healed":0,"gold_gain":0,"player_choice":"Rummage","damage_taken":0,"relics_obtained":["WarpedTongs"],"max_hp_gain":0,"max_hp_loss":0,"event_name":"Accursed Blacksmith","floor":20,"gold_loss":0,"cards_obtained":["Pain"]},{"damage_healed":0,"gold_gain":275,"player_choice":"Desecrate","damage_taken":0,"max_hp_gain":0,"max_hp_loss":0,"event_name":"Golden Shrine","floor":27,"gold_loss":0,"cards_obtained":["Regret"]},{"damage_healed":0,"gold_gain":0,"player_choice":"Ignored","damage_taken":0,"max_hp_gain":0,"max_hp_loss":0,"event_name":"Tomb of Lord Red Mask","floor":37,"gold_loss":0},{"cards_removed":["alterego_mod:1TonWallop"],"damage_healed":0,"gold_gain":0,"player_choice":"Removed Attack","damage_taken":0,"max_hp_gain":0,"max_hp_loss":0,"event_name":"Falling","floor":39,"gold_loss":0},{"damage_healed":0,"gold_gain":0,"cards_transformed":["alterego_mod:Strike"],"player_choice":"Transformed","damage_taken":0,"max_hp_gain":0,"max_hp_loss":0,"event_name":"Transmorgrifier","floor":42,"gold_loss":0,"cards_obtained":["alterego_mod:Maid"]},{"damage_healed":0,"gold_gain":333,"player_choice":"Gave Idol","damage_taken":0,"max_hp_gain":0,"max_hp_loss":0,"event_name":"The Moai Head","floor":45,"relics_lost":["Golden Idol"],"gold_loss":0}],"is_beta":false,"boss_relics":[{"not_picked":["Calling Bell","Fusion Hammer"],"picked":"Sozu"},{"not_picked":["Busted Crown","Black Star"],"picked":"Runic Dome"}],"items_purged_floors":[3,19,47],"is_endless":false,"potions_floor_spawned":[2,7,10,11,21,23,28,31,38,41,44],"ascension_level":2}}