{"host":"8e35oykb3je6g7ng","time":1611979831,"event":{"mods":["Act Like it!","BaseMod","Better Altar","Better Match","Better Third Choice","BetterRewards","Block Reminder","Card Forge","Colored Map","Colored Powertips","Jedi Mod","Marked Mod","Minty Spire (QoL Compilation)","Permanent Neow","Quick Restart","Reliquary","Shop Mod","StSLib","The Blackbeard","UnlockEverythingMod"],"gold_per_floor":[117,117,128,140,159,159,6,23,23,54,54,71,71,90,90,195,195,208,221,221,221,237,267,278,278,278,278,50,70,85,101,101,200,200,216,227,246,246,259,292,292,311,338,338,354,31,41,41,41,41],"floor_reached":51,"language":"ENG","playtime":3599,"items_purged":["Doubt","Normality"],"score":857,"play_id":"e9933323-d96e-4589-b97e-7427769bcc4d","local_time":"20210129231031","is_ascension_mode":false,"campfire_choices":[{"data":"Vault","floor":6.0,"key":"SMITH"},{"data":"blackbeard:ChaoticDefense","floor":11.0,"key":"SMITH"},{"data":"blackbeard:SmithingHammer","floor":13.0,"key":"SMITH"},{"data":"blackbeard:ReapersScythe","floor":15.0,"key":"SMITH"},{"data":"blackbeard:Salvager","floor":25.0,"key":"SMITH"},{"data":"blackbeard:DoubleCannonball","floor":27.0,"key":"SMITH"},{"floor":32.0,"key":"REST"},{"data":"blackbeard:MegaUpgrade","floor":41,"key":"SMITH"},{"data":"blackbeard:Parrot","floor":44,"key":"SMITH"},{"floor":49,"key":"REST"}],"circlet_count":0,"master_deck":["blackbeard:BlackbeardStrike+1","blackbeard:BlackbeardStrike+1","blackbeard:BlackbeardStrike+1","blackbeard:BlackbeardStrike","blackbeard:IntimidatingStrike","blackbeard:BlackbeardDefend","blackbeard:BlackbeardDefend","blackbeard:BlackbeardDefend","blackbeard:BlackbeardDefend","blackbeard:Cutlass+1","blackbeard:FishingNets","Vault+1","blackbeard:AgileStrike","blackbeard:TerrorOfTheSeas","blackbeard:SmithingHammer+1","blackbeard:GoldenDefense","blackbeard:ChaoticDefense+1","blackbeard:DoubleCannonball+1","blackbeard:ReapersScythe+1","blackbeard:Salvager+1","blackbeard:Parrot+1","blackbeard:PirateStrength","blackbeard:JollyRoger+1","blackbeard:Revenge+1","blackbeard:BlindAttacks+1","blackbeard:CaptainsCabin+1","blackbeard:MegaUpgrade+1","blackbeard:Scrap+1","Ghostly","blackbeard:Anchor+1","blackbeard:PirateHook+1"],"relics":["blackbeard:LoadTheCannons","Hammer of Thor","Seething Fire","Anvil of the Gods","reliquary:Buckler","blackbeard:Spearhead","Whetstone","blackbeard:MagicalCauldron","Cursed Key","Singing Bowl","Nloth\u0027s Gift","blackbeard:HipFlask","reliquary:Boomerang","Vajra","SlaversCollar","blackbeard:CannonballsOfSteel","reliquary:Stiletto","Strawberry"],"acts_visited":["Exordium","TheCity","TheBeyond"],"potions_floor_usage":[39,39,40,40,42,50,50,50],"damage_taken":[{"damage":1.0,"enemies":"Jaw Worm","floor":1.0,"turns":2.0},{"damage":0.0,"enemies":"Cultist","floor":3.0,"turns":4.0},{"damage":0.0,"enemies":"2 Louse","floor":4.0,"turns":3.0},{"damage":2.0,"enemies":"Large Slime","floor":5.0,"turns":6.0},{"damage":1.0,"enemies":"2 Fungi Beasts","floor":8.0,"turns":2.0},{"damage":0.0,"enemies":"Lagavulin","floor":10.0,"turns":5.0},{"damage":4.0,"enemies":"Gremlin Gang","floor":12.0,"turns":4.0},{"damage":4.0,"enemies":"Lots of Slimes","floor":14.0,"turns":3.0},{"damage":13.0,"enemies":"Slime Boss","floor":16.0,"turns":9.0},{"damage":1.0,"enemies":"Spheric Guardian","floor":18.0,"turns":3.0},{"damage":1.0,"enemies":"Chosen","floor":19.0,"turns":3.0},{"damage":13.0,"enemies":"Snake Plant","floor":22.0,"turns":4.0},{"damage":23.0,"enemies":"Book of Stabbing","floor":23.0,"turns":4.0},{"damage":7.0,"enemies":"3 Cultists","floor":24.0,"turns":5.0},{"damage":6.0,"enemies":"Cultist and Chosen","floor":29.0,"turns":5.0},{"damage":7.0,"enemies":"Snake Plant","floor":30.0,"turns":2.0},{"damage":13.0,"enemies":"Centurion and Healer","floor":31.0,"turns":4.0},{"damage":19.0,"enemies":"Collector","floor":33.0,"turns":9.0},{"damage":10.0,"enemies":"3 Darklings","floor":35.0,"turns":5.0},{"damage":10.0,"enemies":"3 Shapes","floor":36.0,"turns":2.0},{"damage":17.0,"enemies":"Transient","floor":37.0,"turns":6.0},{"damage":9,"enemies":"Maw","floor":39,"turns":6},{"damage":15,"enemies":"Giant Head","floor":40,"turns":6},{"damage":8,"enemies":"Writhing Mass","floor":42,"turns":2},{"damage":12,"enemies":"3 Darklings","floor":45,"turns":5},{"damage":1,"enemies":"Transient","floor":47,"turns":6},{"damage":9,"enemies":"Time Eater","floor":50,"turns":5}],"seed_played":"-4216793516636835102","potions_obtained":[{"floor":1.0,"key":"jedi:mysterypotion"},{"floor":4.0,"key":"PowerPotion"},{"floor":5.0,"key":"blackbeard:UpgradePotion"},{"floor":10.0,"key":"ColorlessPotion"},{"floor":12.0,"key":"SpeedPotion"},{"floor":14.0,"key":"EssenceOfSteel"},{"floor":16.0,"key":"DuplicationPotion"},{"floor":18.0,"key":"PowerPotion"},{"floor":29.0,"key":"Fire Potion"},{"floor":33.0,"key":"ColorlessPotion"},{"floor":36.0,"key":"Dexterity Potion"},{"floor":37.0,"key":"Fire Potion"},{"floor":39,"key":"Regen Potion"}],"is_trial":false,"path_per_floor":["M","?","M","M","M","R","$","M","T","E","R","M","R","M","R","B",null,"M","M","T","?","M","E","M","R","T","R","$","M","M","M","R","B",null,"M","M","M","?","M","E","R","M","T","R","M","$","M","?","R","B",null],"character_chosen":"BLACKBEARD_CLASS","items_purchased":["Whetstone","Vajra","Strawberry","DuplicationPotion"],"campfire_rested":2,"item_purchase_floors":[7,28,46,46],"current_hp_per_floor":[74,62,62,62,60,60,60,59,59,59,59,55,55,51,51,38,75,74,73,73,73,60,37,30,30,30,30,30,24,17,4,26,15,75,67,59,42,42,35,35,35,29,29,29,17,24,25,25,52,43],"gold":41,"neow_bonus":"RANDOM_COMMON_RELIC","is_daily":false,"chose_seed":false,"campfire_upgraded":8,"win_rate":0.0,"timestamp":1611979831,"path_taken":["M","?","M","M","M","R","?","M","T","E","R","M","R","M","R","BOSS","M","M","?","?","?","E","?","R","T","R","?","M","M","M","R","BOSS","M","M","M","?","?","E","R","M","T","R","M","$","M","?","R","BOSS"],"items_purchased_type":["Relic","Relic","Relic","Potion"],"build_version":"2020-12-22","purchased_purges":2,"victory":true,"max_hp_per_floor":[75,75,75,75,75,75,75,75,75,75,75,75,75,75,75,75,75,75,75,75,75,75,75,75,75,75,75,75,75,75,75,75,75,75,77,79,79,79,81,81,81,83,83,83,83,90,92,92,92,92],"card_choices":[{"not_picked":["blackbeard:TacticalRetreat","blackbeard:Spear"],"picked":"blackbeard:FishingNets","floor":1.0},{"not_picked":["blackbeard:Eyepatch","blackbeard:Shrapnel"],"picked":"blackbeard:AgileStrike","floor":3.0},{"not_picked":["blackbeard:Sword","blackbeard:Shrapnel"],"picked":"blackbeard:TerrorOfTheSeas","floor":4.0},{"not_picked":["blackbeard:JollyRoger","blackbeard:Sharpening"],"picked":"blackbeard:SmithingHammer","floor":5.0},{"not_picked":["blackbeard:CloakAndCannonball","blackbeard:Spear"],"picked":"blackbeard:GoldenDefense","floor":8.0},{"not_picked":["blackbeard:AgileStrike","blackbeard:Revenge"],"picked":"blackbeard:ChaoticDefense","floor":10.0},{"not_picked":["blackbeard:Toast","blackbeard:GoldenStrike"],"picked":"blackbeard:DoubleCannonball","floor":12.0},{"not_picked":["blackbeard:WiseDefense","blackbeard:VengefulSpirit"],"picked":"blackbeard:ReapersScythe","floor":14.0},{"not_picked":["blackbeard:Halberd","blackbeard:BountyHunter"],"picked":"blackbeard:Salvager","floor":16.0},{"not_picked":["blackbeard:CloakAndCannonball","blackbeard:GoldenStrike","blackbeard:TacticalRetreat"],"picked":"SKIP","floor":18.0},{"not_picked":["blackbeard:Revenge","blackbeard:Sharpening"],"picked":"blackbeard:Shrapnel+1","floor":19.0},{"not_picked":["blackbeard:Dagger","blackbeard:DoubleCannonball"],"picked":"blackbeard:Parrot","floor":22.0},{"not_picked":["blackbeard:FinalBarrage","blackbeard:VengefulSpirit"],"picked":"blackbeard:PirateStrength","floor":23.0},{"not_picked":["blackbeard:DoubleCannonball","blackbeard:Provisioning"],"picked":"blackbeard:JollyRoger+1","floor":24.0},{"not_picked":["blackbeard:Toast","blackbeard:PiratesWill"],"picked":"blackbeard:Revenge+1","floor":29.0},{"not_picked":["blackbeard:GhostInTheRum","blackbeard:Dagger"],"picked":"blackbeard:BlindAttacks+1","floor":30.0},{"not_picked":["blackbeard:WiseDefense","blackbeard:SwordDance"],"picked":"blackbeard:CaptainsCabin+1","floor":31.0},{"not_picked":["blackbeard:PowerHungry","blackbeard:WeaponMastery"],"picked":"blackbeard:MegaUpgrade","floor":33.0},{"not_picked":["blackbeard:PowderKeg","blackbeard:Sword+1","blackbeard:Shrapnel+1"],"picked":"Singing Bowl","floor":35.0},{"not_picked":["blackbeard:Shrapnel","blackbeard:GoldenStrike","blackbeard:DeadlyArsenal"],"picked":"Singing Bowl","floor":36.0},{"not_picked":["blackbeard:GoldenStrike+1","blackbeard:PirateStrength"],"picked":"blackbeard:Scrap+1","floor":37.0},{"not_picked":["blackbeard:GoldenStrike","blackbeard:Sharpening","blackbeard:Rum"],"picked":"Singing Bowl","floor":39},{"not_picked":["blackbeard:CaptainsCabin","blackbeard:GoldenDefense+1"],"picked":"blackbeard:Anchor+1","floor":40},{"not_picked":["blackbeard:BuriedTreasure+1","blackbeard:GoldenStrike+1","blackbeard:WiseDefense"],"picked":"Singing Bowl","floor":42},{"not_picked":["blackbeard:GoldenRain","blackbeard:BeatUp"],"picked":"blackbeard:PirateHook+1","floor":45},{"not_picked":["blackbeard:SmithingHammer+1","blackbeard:Bandana","blackbeard:GoldenStrike+1"],"picked":"Singing Bowl","floor":47}],"player_experience":522045,"relics_obtained":[{"floor":9.0,"key":"White Beast Statue"},{"floor":10.0,"key":"blackbeard:MagicalCauldron"},{"floor":20.0,"key":"Singing Bowl"},{"floor":23.0,"key":"blackbeard:HipFlask"},{"floor":26.0,"key":"reliquary:Boomerang"},{"floor":40,"key":"blackbeard:CannonballsOfSteel"},{"floor":43,"key":"reliquary:Stiletto"}],"event_choices":[{"damage_healed":0.0,"max_hp_gain":0.0,"max_hp_loss":0.0,"gold_gain":0.0,"event_name":"N\u0027loth","player_choice":"Traded Relic","floor":21.0,"relics_lost":["White Beast Statue"],"gold_loss":0.0,"damage_taken":0.0,"relics_obtained":["Nloth\u0027s Gift"]},{"damage_healed":0,"gold_gain":0,"player_choice":"Random: Yellow","damage_taken":0,"max_hp_gain":0,"max_hp_loss":0,"event_name":"betterThird:BetterPortal","floor":38,"gold_loss":0},{"cards_removed":["Shame"],"damage_healed":0,"gold_gain":0,"player_choice":"Took Card","damage_taken":0,"max_hp_gain":0,"max_hp_loss":0,"event_name":"NoteForYourself","floor":38,"gold_loss":0,"cards_obtained":["Ghostly"]},{"cards_removed":["blackbeard:Shrapnel"],"damage_healed":0,"gold_gain":0,"player_choice":"Removed Attack","damage_taken":0,"max_hp_gain":0,"max_hp_loss":0,"event_name":"Falling","floor":48,"gold_loss":0}],"is_beta":false,"boss_relics":[{"not_picked":["blackbeard:Karategi","Pandora\u0027s Box"],"picked":"Cursed Key"},{"not_picked":["Runic Dome","Tiny House"],"picked":"SlaversCollar"}],"items_purged_floors":[28,46],"is_endless":false,"potions_floor_spawned":[1,4,5,8,10,12,14,16,18,19,29,33,36,37,39],"ascension_level":0}}