{"host":"2xnjhc1nuqzfyzm4","time":1611984668,"event":{"mods":["100% Spire Juice","Act Like it!","Arknights The Spire","BaseMod","Beaked The Cultist","Bestiary","Better Match","Better Note","Better Sensory Stone","Better Third Choice","Block Reminder","CapriCore","CatGirl Mod","ChefMod","Colored Powertips","Displayed Cursed Tome","Dota2Spire","Downfall","Ekko","Elementarium","GungeonMod","Hallownest","Hermit","Hubris","Humility","Infinite Spire","Jedi Mod","Jorbs\u0027s Wanderer Trilogy","Luminous","Mad Scientist","Marisa????????","Menagerie","Minty Spire (QoL Compilation)","Potionbrewer","Prisma Mod","QueenMod","Relic Stats","Reliquary","Replay The Spire","Robot Space Explorer","SIMod","Shade Mod","Spikes Relics","StSLib","The Alterego","The Animator","The Blackbeard","The Bug Knight","The Cursed","The Death Knight","The Disciple","The Dragon Tamer","The Dragonkin","The Druid","The Elementalist","The Exalted","The Fake Hero","The Florist","The Gatherer","The Hayseed","The Hierophant","The Immortal","The Jungle","The Mystic","The Necromancer","The Poker Player","The Runesmith","The Sage","The Senshi","The Servant 0.9.4","The Showman","The Valiant","The Wild Card","TheBandit","TheSwordswoman","TheVacant","TheVelvet","TheWitcher","Trackpad","Waifu the Spire","WarShipGirlsR/????R mod","Yakumo Yukari mod"],"gold_per_floor":[109,123,136,136,136,136,154,154,154,169,184,202,218,183,183,287,287,300,300,280,280,294,328,340,340,340,352,352,381,419,453,453,577,577,622,922,974,987,841,841,880,880,880,933,973,1017,1037,1051,1051,1051,1051,1051,929,979,979],"floor_reached":56,"language":"ENG","playtime":5631,"items_purged":[],"score":1167,"play_id":"791c74c1-e3ae-4b92-ac1e-34f2e4c2590a","local_time":"20210129213108","is_ascension_mode":false,"campfire_choices":[{"floor":6,"key":"REST"},{"floor":8,"key":"RECALL"},{"data":"elementalist:Monument","floor":15,"key":"SMITH"},{"floor":25,"key":"REST"},{"data":"elementalist:Fire_Emblem","floor":28,"key":"SMITH"},{"floor":40,"key":"REST"},{"floor":42,"key":"REST"},{"data":"hubris:Fate","floor":49,"key":"SMITH"},{"data":"ReplayTheSpireMod:Book of Names","floor":52,"key":"SMITH"}],"circlet_count":0,"master_deck":["elementalist:Fire_Emblem","elementalist:Fire_Emblem+1","elementalist:Earth_Emblem","elementalist:Earth_Emblem","elementalist:Strike+Elemblue","elementalist:Defend_Elemblue","elementalist:Defend_Elemblue","elementalist:Defend_Elemblue","elementalist:Defend_Elemblue","elementalist:Defend_Elemblue","elementalist:Firestrike","elementalist:Earthstrike","elementalist:Waterstrike","elementalist:Crystal_Chalk","elementalist:Aegis","elementalist:Prepared_Sand+1","elementalist:Monument+1","elementalist:Mage_Hand","elementalist:Concentricity","elementalist:Caution","elementalist:Aegis","elementalist:Quake","elementalist:Gaian_Form+1","infinitespire:FutureSight","ReplayTheSpireMod:Book of Names+1","elementalist:Magma_Shot","elementalist:Ferruchemy","elementalist:Geomancy+1","elementalist:Fission_Lance+1","elementalist:Momentum+1","elementalist:Geomancy","elementalist:Kiln","infinitespire:Gouge","hubris:Fate+1","elementalist:Prepared_Sand+1","Parasite","elementalist:Gaian_Form+1","elementalist:Stone_to_Mud"],"relics":["elementalistmod:MagusStaff","elementalistmod:YellowCirclet","trackpad:DisasterInABottle","reliquary:RedCape","DemoMod:MeatBun","Dota2Spire:PhaseBoots","Blood Vial","Red Mask","Velvet Choker","Old Coin","DemoMod:Relodestone","jedi:arcanewood","Eternal Feather","reliquary:RoseTintedGlasses","reliquary:JackalopeAntler"],"acts_visited":["Exordium","TheCity","TheBeyond","TheEnding"],"potions_floor_usage":[7,16,16,30,33,37,38,45,47,55,55,55,55],"damage_taken":[{"damage":12,"enemies":"Cultist","floor":1,"turns":5},{"damage":12,"enemies":"Jaw Worm","floor":2,"turns":7},{"damage":5,"enemies":"Small Slimes","floor":3,"turns":5},{"damage":5,"enemies":"3 Louse","floor":7,"turns":8},{"damage":15,"enemies":"Exordium Thugs","floor":10,"turns":7},{"damage":5,"enemies":"Large Slime","floor":11,"turns":5},{"damage":1,"enemies":"Exordium Wildlife","floor":12,"turns":2},{"damage":0,"enemies":"2 Fungi Beasts","floor":13,"turns":2},{"damage":22,"enemies":"Hexaghost","floor":16,"turns":11},{"damage":14,"enemies":"Chosen","floor":18,"turns":6},{"damage":10,"enemies":"2 Thieves","floor":20,"turns":4},{"damage":0,"enemies":"Chosen and Byrds","floor":22,"turns":4},{"damage":28,"enemies":"Gremlin Leader","floor":23,"turns":4},{"damage":6,"enemies":"Centurion and Healer","floor":24,"turns":8},{"damage":0,"enemies":"3 Cultists","floor":27,"turns":2},{"damage":0,"enemies":"Book of Stabbing","floor":29,"turns":3},{"damage":0,"enemies":"Sentry and Sphere","floor":30,"turns":5},{"damage":11,"enemies":"Masked Bandits","floor":31,"turns":4},{"damage":11,"enemies":"hubris:MusketHawk","floor":33,"turns":5},{"damage":10,"enemies":"3 Shapes","floor":35,"turns":5},{"damage":9,"enemies":"2 Orb Walkers","floor":37,"turns":3},{"damage":40,"enemies":"3 Darklings","floor":38,"turns":7},{"damage":2,"enemies":"Transient","floor":41,"turns":2},{"damage":20,"enemies":"Giant Head","floor":44,"turns":8},{"damage":17,"enemies":"Jaw Worm Horde","floor":45,"turns":5},{"damage":8,"enemies":"3 Darklings","floor":46,"turns":4},{"damage":0,"enemies":"Maw","floor":47,"turns":5},{"damage":0,"enemies":"Writhing Mass","floor":48,"turns":3},{"damage":0,"enemies":"TheAcolyte","floor":50,"turns":1},{"damage":0,"enemies":"Shield and Spear","floor":54,"turns":6},{"damage":13,"enemies":"The Heart","floor":55,"turns":10}],"seed_played":"-4587203130542057376","potions_obtained":[{"floor":7,"key":"Fruit Juice"},{"floor":10,"key":"potionbrewer:FreezingPotion"},{"floor":11,"key":"Reflective Coating"},{"floor":24,"key":"potionbrewer:EndurancePotion"},{"floor":29,"key":"Toxic Potion"},{"floor":30,"key":"LiquidMemories"},{"floor":33,"key":"hexamod:SoulburnPotion"},{"floor":35,"key":"Dota2Spire:Clarity"},{"floor":37,"key":"Elixir"},{"floor":41,"key":"Adrenaline Potion"},{"floor":48,"key":"Reflective Coating"}],"is_trial":false,"path_per_floor":["M","M","M","?","?","R","M","R","T","M","M","M","M","?","R","B",null,"M","?","M","AVR","M","E","M","R","T","M","R","E","M","?","R","B",null,"M","AVR","?","M","$","R","M","R","T","E","M","M","M","M","R","B",null,"R","$","E","B",null],"character_chosen":"THE_ELEMENTALIST","items_purchased":["jedi:arcanewood","Milkshake","Dota2Spire:HealingSalve"],"campfire_rested":4,"item_purchase_floors":[39,53,53],"current_hp_per_floor":[65,53,48,48,48,71,71,71,71,56,51,50,50,70,70,48,82,68,68,58,72,72,44,38,62,62,65,65,65,70,61,87,81,92,82,82,84,46,46,76,84,109,109,97,91,94,96,98,119,121,135,135,135,144,134],"gold":979,"neow_bonus":"TEN_PERCENT_HP_BONUS","is_daily":false,"chose_seed":false,"campfire_upgraded":4,"win_rate":0.0,"timestamp":1611984668,"path_taken":["M","M","M","?","?","R","M","R","T","M","M","M","?","?","R","BOSS","M","?","M","AVR","M","E","M","R","T","M","R","E","M","?","R","BOSS","M","AVR","?","M","$","R","M","R","T","E","M","M","M","M","R","BOSS","R","$","E","BOSS"],"items_purchased_type":["Relic","Potion","Potion"],"build_version":"2020-12-22","purchased_purges":0,"victory":true,"max_hp_per_floor":[77,77,77,77,77,77,82,82,82,82,82,82,82,82,82,82,82,82,82,82,82,82,82,82,82,82,85,85,85,88,88,88,92,92,92,92,101,101,101,101,109,109,109,117,126,135,135,135,135,135,135,135,135,144,144],"relic_stats":{"Blood Vial":21,"counters":[31,156],"Eternal Feather":21,"obtain_stats":[{"Velvet Choker":34,"Eternal Feather":43,"DemoMod:GlassGuonStoneRelic":11,"reliquary:RedCape":21,"trackpad:DisasterInABottle":9,"Old Coin":36,"Blood Vial":29,"reliquary:JackalopeAntler":54,"DemoMod:MeatBun":21,"elementalistmod:YellowCirclet":1,"DemoMod:Relodestone":37,"reliquary:RoseTintedGlasses":44,"Red Mask":31,"jedi:arcanewood":39,"elementalistmod:MagusStaff":0,"elementalistmod:GraduationLetter":0,"Dota2Spire:PhaseBoots":23},{"Velvet Choker":19,"Eternal Feather":23,"DemoMod:GlassGuonStoneRelic":6,"reliquary:RedCape":11,"trackpad:DisasterInABottle":4,"Old Coin":20,"Blood Vial":16,"reliquary:JackalopeAntler":30,"DemoMod:MeatBun":11,"elementalistmod:YellowCirclet":1,"DemoMod:Relodestone":21,"reliquary:RoseTintedGlasses":24,"Red Mask":18,"jedi:arcanewood":22,"elementalistmod:MagusStaff":0,"elementalistmod:GraduationLetter":0,"Dota2Spire:PhaseBoots":13},{"Velvet Choker":97,"Eternal Feather":114,"DemoMod:GlassGuonStoneRelic":37,"reliquary:RedCape":62,"trackpad:DisasterInABottle":25,"Old Coin":102,"Blood Vial":83,"reliquary:JackalopeAntler":146,"DemoMod:MeatBun":62,"elementalistmod:YellowCirclet":1,"DemoMod:Relodestone":105,"reliquary:RoseTintedGlasses":122,"Red Mask":92,"jedi:arcanewood":112,"elementalistmod:MagusStaff":0,"elementalistmod:GraduationLetter":0,"Dota2Spire:PhaseBoots":70}]},"card_choices":[{"not_picked":["elementalist:Magma_Shot","elementalist:Breeze"],"picked":"elementalist:Aegis","floor":1},{"not_picked":["elementalist:Aegis","elementalist:Aero"],"picked":"elementalist:Prepared_Sand","floor":2},{"not_picked":["elementalist:Breeze","elementalist:Prepared_Sand"],"picked":"elementalist:Monument","floor":3},{"not_picked":["elementalist:Vaccuum","elementalist:Flame"],"picked":"elementalist:Mage_Hand","floor":7},{"not_picked":["elementalist:Spark","elementalist:Prepared_Sand"],"picked":"elementalist:Concentricity","floor":10},{"not_picked":["elementalist:Aegis","elementalist:Undertow"],"picked":"elementalist:Caution","floor":11},{"not_picked":["elementalist:Monument","elementalist:Widdershins_Conversion","elementalist:Spark"],"picked":"SKIP","floor":12},{"not_picked":["elementalist:Cauterize","elementalist:Spark"],"picked":"elementalist:Aegis","floor":13},{"not_picked":["elementalist:Absolute_Zero","elementalist:Impact"],"picked":"elementalist:Quake","floor":16},{"not_picked":["elementalist:Aegis+1","elementalist:Spark"],"picked":"elementalist:Gaian_Form+1","floor":18},{"not_picked":["elementalist:Tsunami","elementalist:Aegis+1","elementalist:Prepared_Sand"],"picked":"SKIP","floor":20},{"not_picked":["elementalist:Confluence","elementalist:Flame","elementalist:Overheat"],"picked":"SKIP","floor":22},{"not_picked":["elementalist:Monument","elementalist:Mage_Hand"],"picked":"elementalist:Magma_Shot","floor":23},{"not_picked":["elementalist:Monument+1","elementalist:Magma_Shot+1"],"picked":"elementalist:Ferruchemy","floor":24},{"not_picked":["elementalist:Momentum+1","elementalist:Confluence"],"picked":"elementalist:Geomancy+1","floor":27},{"not_picked":["elementalist:Magma_Shot","elementalist:Widdershins_Conversion","elementalist:Spark"],"picked":"SKIP","floor":29},{"not_picked":["elementalist:Overheat","elementalist:Caution","elementalist:Fission_Lance+1"],"picked":"SKIP","floor":30},{"not_picked":["elementalist:Stone_to_Mud+1","elementalist:Aegis"],"picked":"elementalist:Momentum+1","floor":31},{"not_picked":["elementalist:Quake","elementalist:Reckless_Dance"],"picked":"elementalist:Kiln","floor":33},{"not_picked":["elementalist:Wards+1","elementalist:Prepared_Sand+1","elementalist:Gaian_Form"],"picked":"SKIP","floor":35},{"not_picked":["elementalist:Monument+1","elementalist:Gaian_Form+1"],"picked":"elementalist:Prepared_Sand+1","floor":38},{"not_picked":["elementalist:Spout","elementalist:Magma_Shot","elementalist:Concentricity"],"picked":"SKIP","floor":41},{"not_picked":["elementalist:Ferruchemy","elementalist:Cyclone+1","elementalist:Pressurize+1"],"picked":"SKIP","floor":44},{"not_picked":["elementalist:Mist","elementalist:Momentum+1","elementalist:Breeze"],"picked":"SKIP","floor":45},{"not_picked":["elementalist:Momentum","elementalist:Fission_Lance+1","elementalist:Spark"],"picked":"SKIP","floor":46},{"not_picked":["elementalist:Mage_Hand+1","elementalist:Emberveil","elementalist:Aegis+1"],"picked":"SKIP","floor":47},{"not_picked":["elementalist:Prepared_Sand+1","elementalist:Emberveil+1","elementalist:Aero"],"picked":"SKIP","floor":48},{"not_picked":["elementalist:Prepared_Sand+1","elementalist:Emberveil+1","elementalist:Aero"],"picked":"SKIP","floor":48},{"not_picked":["elementalist:Spout","elementalist:Gaian_Form"],"picked":"elementalist:Stone_to_Mud","floor":54}],"player_experience":188466,"relics_obtained":[{"floor":9,"key":"trackpad:DisasterInABottle"},{"floor":23,"key":"Dota2Spire:PhaseBoots"},{"floor":29,"key":"Blood Vial"},{"floor":31,"key":"Red Mask"},{"floor":37,"key":"DemoMod:Relodestone"},{"floor":43,"key":"Eternal Feather"},{"floor":44,"key":"reliquary:RoseTintedGlasses"},{"floor":54,"key":"reliquary:JackalopeAntler"}],"event_choices":[{"damage_healed":0,"gold_gain":0,"player_choice":"Ignored","damage_taken":0,"max_hp_gain":0,"max_hp_loss":0,"event_name":"Golden Wing","floor":4,"gold_loss":0},{"cards_removed":["elementalist:Airstrike"],"damage_healed":0,"gold_gain":0,"player_choice":"Card Removal","damage_taken":0,"max_hp_gain":0,"max_hp_loss":0,"event_name":"Wheel of Change","floor":5,"gold_loss":0},{"damage_healed":20,"gold_gain":0,"player_choice":"Healed","damage_taken":0,"max_hp_gain":0,"max_hp_loss":0,"event_name":"The Cleric","floor":14,"gold_loss":35},{"cards_removed":["elementalist:Mage_Hand"],"damage_healed":0,"gold_gain":0,"player_choice":"Give","damage_taken":0,"max_hp_gain":0,"max_hp_loss":0,"event_name":"betterNote:BetterNote","floor":19,"gold_loss":0,"cards_obtained":["None"]},{"damage_healed":0,"gold_gain":0,"player_choice":"Fought Bandits","damage_taken":0,"max_hp_gain":0,"max_hp_loss":0,"event_name":"Masked Bandits","floor":31,"gold_loss":0},{"damage_healed":0,"gold_gain":0,"player_choice":"Fight","damage_taken":0,"max_hp_gain":0,"max_hp_loss":0,"event_name":"Mysterious Sphere","floor":37,"gold_loss":0}],"is_beta":false,"boss_relics":[{"not_picked":["hubris:BlackHole","Kintsugi","Abe\u0027s Treasure"]},{"not_picked":["sagemod:Falmels_Amulet","infinitespire:Cupcake"],"picked":"Velvet Choker"}],"items_purged_floors":[],"is_endless":false,"potions_floor_spawned":[7,10,11,23,24,29,30,33,35,37,41,44,48],"ascension_level":0,"is_humility":true}}