{"host":"e1y4kviho5jwd7e6","time":1611993235,"event":{"mods":["Act Like it!","Aspiration","BaseMod","Better Altar","Better Match","Better Note","Better Skull","Better Synergies","Better Third Choice","BetterRewards","CCEM2","Colored Powertips","Communication Mod","Conjunction","Conspire","Downfall","Energized Spire","Exacting","GifTheSpireLib","Hubris","Hyrulean Relics","Minty Spire (QoL Compilation)","Quarter Circle Forward PUNCH!","Replay The Spire","Small Relic Pack","Spicy Shops","StSLib","Stuff the Spire","The Blue Laboratory","Transform Curses","Uncapped"],"gold_per_floor":[110,120,147,147,147,147,163,163,163,163,163,163,206,217,217,312,312,322,342,342,342,342],"floor_reached":21,"language":"ENG","playtime":474,"items_purged":[],"score":171,"play_id":"b7cdbd26-0e5f-4001-a955-3ccedde1a91f","local_time":"20210130025355","is_ascension_mode":false,"campfire_choices":[{"data":"Dualcast","floor":6.0,"key":"SMITH"},{"data":"Zap","floor":8.0,"key":"SMITH"},{"data":"Time Bomb","floor":10,"key":"SMITH"},{"data":"Ball Lightning","floor":12,"key":"SMITH"},{"floor":15,"key":"REST"}],"circlet_count":0,"master_deck":["Strike_B","Strike_B","Strike_B","Defend_B","Defend_B","Defend_B","Defend_B","Zap+1","Dualcast+1","Ball Lightning+1","Time Bomb+1","Creative AI"],"relics":["Cracked Core","Oddly Smooth Stone","hubris:Towel","energizedSpire:CursedPentagram"],"acts_visited":["Exordium","TheCity"],"potions_floor_usage":[16,18],"damage_taken":[{"damage":2.0,"enemies":"conspire:RoseBush","floor":1.0,"turns":2.0},{"damage":2.0,"enemies":"2 Louse","floor":2.0,"turns":2.0},{"damage":0.0,"enemies":"Jaw Worm","floor":3.0,"turns":2.0},{"damage":10.0,"enemies":"Looter","floor":7.0,"turns":3.0},{"damage":8,"enemies":"Lots of Slimes","floor":13,"turns":3},{"damage":17,"enemies":"Gremlin Gang","floor":14,"turns":3},{"damage":24,"enemies":"Hexaghost","floor":16,"turns":7},{"damage":28,"enemies":"2 Thieves","floor":18,"turns":4},{"damage":12,"enemies":"Chosen","floor":19,"turns":5},{"damage":38,"enemies":"Shelled Parasite and Fungi","floor":21,"turns":4}],"seed_played":"7971951640459397847","potions_obtained":[{"floor":1.0,"key":"FearPotion"},{"floor":3.0,"key":"sneckomod:MuddlingPotion"},{"floor":16,"key":"blueLaboratory:EmptyBottle"}],"is_trial":false,"path_per_floor":["M","M","M","?","?","R","M","R","T","R","?","R","M","M","R","B",null,"M","M","?","M"],"character_chosen":"DEFECT","items_purchased":[],"campfire_rested":1,"item_purchase_floors":[],"current_hp_per_floor":[73,71,71,64,64,64,54,54,54,54,54,54,46,29,51,27,75,47,35,35,0,0],"gold":342,"neow_bonus":"RANDOM_COMMON_RELIC","is_daily":false,"chose_seed":false,"campfire_upgraded":4,"win_rate":0.0,"timestamp":1611993235,"path_taken":["M","M","M","?","?","R","M","R","T","R","?","R","?","M","R","BOSS","M","M","?","M"],"items_purchased_type":[],"build_version":"2020-12-22","purchased_purges":0,"victory":false,"max_hp_per_floor":[75,75,75,75,75,75,75,75,75,75,75,75,75,75,75,75,75,75,75,75,75,75],"card_choices":[{"not_picked":["Tempest","Steam"],"picked":"Ball Lightning","floor":1.0},{"not_picked":["Panic Button","Steam","Turbo"],"picked":"SKIP","floor":2.0},{"not_picked":["Rebound","StuffTheSpire:Rend","Fusion"],"picked":"SKIP","floor":3.0},{"not_picked":["ReplayTheSpireMod:Repulse","Seek"],"picked":"Time Bomb","floor":7.0},{"not_picked":["Panic Button","Blizzard","Ball Lightning"],"picked":"SKIP","floor":13},{"not_picked":["Sweeping Beam","Rip and Tear","Go for the Eyes"],"picked":"SKIP","floor":13},{"not_picked":["Turbo","Stack","ReplayTheSpireMod:Fabricate Wheel"],"picked":"SKIP","floor":14},{"not_picked":["Hyperbeam","Amplify"],"picked":"Creative AI","floor":16},{"not_picked":["Go for the Eyes","BasicCrystalCard","StuffTheSpire:LoadUp"],"picked":"SKIP","floor":18},{"not_picked":["Beam Cell","ReplayTheSpireMod:Reroute Power","Go for the Eyes"],"picked":"SKIP","floor":19}],"player_experience":944205,"relics_obtained":[],"event_choices":[{"cards_removed":["Strike_B"],"damage_healed":0.0,"max_hp_gain":0.0,"max_hp_loss":0.0,"gold_gain":0.0,"event_name":"Golden Wing","player_choice":"Card Removal","floor":4.0,"gold_loss":0.0,"damage_taken":7.0},{"damage_healed":54,"gold_gain":0,"player_choice":"Leave","damage_taken":0,"max_hp_gain":0,"max_hp_loss":75,"event_name":"betterThird:BetterShining","floor":11,"gold_loss":0},{"cards_removed":["Ball Lightning"],"damage_healed":0,"gold_gain":0,"player_choice":"Give","damage_taken":0,"max_hp_gain":0,"max_hp_loss":0,"event_name":"betterNote:BetterNote","floor":20,"gold_loss":0,"cards_obtained":["theextravagant:Shake"]}],"is_beta":false,"boss_relics":[{"not_picked":["Fusion Hammer","Snecko Eye"],"picked":"energizedSpire:CursedPentagram"}],"items_purged_floors":[],"is_endless":false,"potions_floor_spawned":[1,3,16],"killed_by":"Shelled Parasite and Fungi","ascension_level":0}}