{"host":"2brg86hfzr3u5cix","time":1611995281,"event":{"mods":["AchievementEnabler","Ascension Unlocker","BaseMod","CapriCore","DeckTracker","Highlight Path","Keyboard Shortcuts","Minty Spire (QoL Compilation)","Permanent Neow","Relic Stats","StSLib","Twitch Utils","Uncapped","UnlockEverythingMod"],"gold_per_floor":[115,190,190,200,212,212,212,212],"floor_reached":7,"language":"KOR","playtime":181,"items_purged":[],"score":82,"play_id":"bd33042e-d3e4-4e40-ac4c-fdaefe51d9d9","local_time":"20210130172801","is_ascension_mode":true,"campfire_choices":[{"data":"Eruption","floor":6,"key":"SMITH"}],"circlet_count":0,"master_deck":["AscendersBane","Strike_P","Strike_P","Strike_P","Strike_P","Defend_P","Defend_P","Defend_P","Defend_P","Eruption+1","Vigilance","Consecrate","Blasphemy","EmptyFist","InnerPeace"],"relics":["PureWater","Ice Cream"],"acts_visited":["Exordium"],"potions_floor_usage":[4],"damage_taken":[{"damage":4,"enemies":"Jaw Worm","floor":1,"turns":6},{"damage":3,"enemies":"Small Slimes","floor":4,"turns":3},{"damage":0,"enemies":"Cultist","floor":5,"turns":2},{"damage":41,"enemies":"Gremlin Nob","floor":7,"turns":3}],"seed_played":"-4534028533828043177","potions_obtained":[{"floor":1,"key":"DuplicationPotion"}],"is_trial":false,"path_per_floor":["M","?","?","M","M","R","E"],"character_chosen":"WATCHER","items_purchased":[],"campfire_rested":0,"item_purchase_floors":[],"current_hp_per_floor":[39,28,28,25,25,25,0,0],"gold":212,"neow_bonus":"ONE_RARE_RELIC","is_daily":false,"chose_seed":false,"campfire_upgraded":1,"win_rate":0.0,"timestamp":1611995281,"path_taken":["M","?","?","M","?","R","E"],"items_purchased_type":[],"build_version":"2020-12-22","purchased_purges":0,"victory":false,"max_hp_per_floor":[68,68,68,68,68,68,68,68],"relic_stats":{"counters":[4,14],"obtain_stats":[{"Ice Cream":0,"PureWater":0},{"Ice Cream":0,"PureWater":0},{"Ice Cream":0,"PureWater":0}]},"card_choices":[{"not_picked":["Nirvana","Consecrate","ClearTheMind"],"picked":"SKIP","floor":1},{"not_picked":["Nirvana","ClearTheMind"],"picked":"Consecrate","floor":1},{"not_picked":["ClearTheMind","ReachHeaven"],"picked":"EmptyFist","floor":4},{"not_picked":["WheelKick","CarveReality"],"picked":"InnerPeace","floor":5}],"player_experience":342771,"relics_obtained":[],"event_choices":[{"damage_healed":0,"gold_gain":75,"player_choice":"Gather Gold","damage_taken":11,"max_hp_gain":0,"max_hp_loss":0,"event_name":"World of Goop","floor":2,"gold_loss":0},{"damage_healed":0,"gold_gain":0,"player_choice":"1 cards matched","damage_taken":0,"max_hp_gain":0,"max_hp_loss":0,"event_name":"Match and Keep!","floor":3,"gold_loss":0,"cards_obtained":["Blasphemy"]}],"is_beta":false,"boss_relics":[],"items_purged_floors":[],"is_endless":false,"potions_floor_spawned":[1],"killed_by":"Gremlin Nob","ascension_level":20}}