{"host":"rq7gz685gkaokql0","time":1611978256,"event":{"mods":["BaseMod","Hubris","Minty Spire (QoL Compilation)","Replay The Spire","StSLib"],"gold_per_floor":[109,127,127,227,239,266,266],"floor_reached":6,"language":"ENG","playtime":237,"items_purged":[],"score":92,"play_id":"36c1d5b5-4e40-4697-a21a-ba83be90524b","local_time":"20210129174416","is_ascension_mode":true,"campfire_choices":[],"circlet_count":0,"master_deck":["AscendersBane","Strike_R","Strike_R","Strike_R","Strike_R","Strike_R","Defend_R","Defend_R","Defend_R","Defend_R","Bash","Defend_G","hubris:Strike_Merchant","ReplayTheSpireMod:Brewmster","Dropkick","Metallicize","Cleave","Clash"],"relics":["Burning Blood","Ancient Tea Set","ReplayFunnel"],"acts_visited":["Exordium"],"potions_floor_usage":[2,6,6,6,6],"damage_taken":[{"damage":29,"enemies":"Cultist","floor":1,"turns":6},{"damage":9,"enemies":"Jaw Worm","floor":2,"turns":4},{"damage":0,"enemies":"2 Louse","floor":5,"turns":4},{"damage":29,"enemies":"Gremlin Nob","floor":6,"turns":4}],"seed_played":"-9141797759037351048","potions_obtained":[{"floor":5,"key":"Fire Potion"}],"is_trial":false,"path_per_floor":["M","M","?","?","M","E"],"character_chosen":"IRONCLAD","items_purchased":[],"campfire_rested":0,"item_purchase_floors":[],"current_hp_per_floor":[45,42,24,24,30,7,7],"gold":266,"neow_bonus":"RANDOM_COLORLESS_2","is_daily":false,"chose_seed":false,"campfire_upgraded":0,"win_rate":0.0,"timestamp":1611978256,"path_taken":["M","M","?","?","M","E"],"items_purchased_type":[],"build_version":"2020-12-22","purchased_purges":0,"victory":false,"max_hp_per_floor":[75,75,75,75,75,75,75],"card_choices":[{"not_picked":["Midas Touch","ReplayUltimateDefense"],"picked":"ReplayTheSpireMod:Brewmster","floor":0},{"not_picked":["Life Link","Pommel Strike"],"picked":"Dropkick","floor":1},{"not_picked":["True Grit","Disarm"],"picked":"Metallicize","floor":2},{"not_picked":["Defy Death","Pommel Strike"],"picked":"Cleave","floor":5},{"not_picked":["Bloodletting","True Grit"],"picked":"Clash","floor":6}],"player_experience":1220960,"relics_obtained":[{"floor":6,"key":"ReplayFunnel"}],"event_choices":[{"damage_healed":0,"gold_gain":0,"player_choice":"Success","damage_taken":18,"relics_obtained":["Ancient Tea Set"],"max_hp_gain":0,"max_hp_loss":0,"event_name":"Scrap Ooze","floor":3,"gold_loss":0},{"damage_healed":0,"gold_gain":100,"player_choice":"Gold","damage_taken":0,"max_hp_gain":0,"max_hp_loss":0,"event_name":"Wheel of Change","floor":4,"gold_loss":0}],"is_beta":false,"boss_relics":[],"items_purged_floors":[],"is_endless":false,"potions_floor_spawned":[1,5],"killed_by":"Gremlin Nob","ascension_level":20}}