{"host":"y3h3n3f7seyagppx","time":1611969370,"event":{"mods":["AlwaysNeverKeys","BaseMod","Better Vampires","Colored Powertips","DeckTracker","Emptier Cage","Minty Spire (QoL Compilation)","Permanent Neow","Quick Restart","Rare Cards Sparkle","Relic Sorter","Relic Stats","StSLib","Transform Curses"],"gold_per_floor":[359,373,373,393,412,412,440,26,26,37,10,10,26,59,59,138,138,155,155,170,16,44,76,76,87,111,136,136,169,187,198,198,274,274,294,516,535,535,169,201,218,218,242,274,274,308,308,328,328,328,328,328,328,6,40,40,40],"floor_reached":56,"language":"ENG","playtime":6992,"items_purged":["Strike_R","Pain","Strike_R+1","Strike_R+1"],"score":2089,"play_id":"262516fe-a019-47ba-a46d-88b7557eb57d","local_time":"20210129201610","is_ascension_mode":true,"campfire_choices":[{"data":"Bash","floor":6.0,"key":"SMITH"},{"data":"Clothesline","floor":12.0,"key":"SMITH"},{"data":"Anger","floor":15.0,"key":"SMITH"},{"floor":32.0,"key":"REST"},{"floor":45.0,"key":"REST"},{"floor":49.0,"key":"REST"},{"floor":53.0,"key":"REST"}],"circlet_count":0,"master_deck":["AscendersBane","Strike_R+1","Defend_R+1","Defend_R+1","Defend_R+1","Defend_R+1","Bash+1","Ghostly Armor","Clothesline+1","Anger+1","Offering","Feed","Battle Trance+1","Cleave+1","Headbutt+1","Disarm+1","Brutality","Feel No Pain+1","Spot Weakness","Dark Shackles","Sword Boomerang","Sword Boomerang+1","Dark Embrace+1"],"relics":["Burning Blood","Pantograph","Bag of Preparation","TheAbacus","Ornamental Fan","Anchor","Fusion Hammer","WarpedTongs","Red Mask","Pen Nib","Oddly Smooth Stone","Self Forming Clay","Red Skull","Mark of Pain","Nunchaku","White Beast Statue","Happy Flower","Bag of Marbles","War Paint","Bronze Scales","InkBottle"],"acts_visited":["Exordium","TheCity","TheBeyond","TheEnding"],"potions_floor_usage":[56],"damage_taken":[{"damage":2.0,"enemies":"2 Louse","floor":1.0,"turns":2.0},{"damage":1.0,"enemies":"Cultist","floor":2.0,"turns":3.0},{"damage":4.0,"enemies":"Small Slimes","floor":4.0,"turns":5.0},{"damage":7.0,"enemies":"3 Louse","floor":5.0,"turns":6.0},{"damage":23.0,"enemies":"Lagavulin","floor":7.0,"turns":8.0},{"damage":4.0,"enemies":"Blue Slaver","floor":10.0,"turns":6.0},{"damage":10.0,"enemies":"Exordium Thugs","floor":11.0,"turns":4.0},{"damage":0.0,"enemies":"Large Slime","floor":13.0,"turns":5.0},{"damage":8.0,"enemies":"3 Sentries","floor":14.0,"turns":10.0},{"damage":23.0,"enemies":"Hexaghost","floor":16.0,"turns":6.0},{"damage":7.0,"enemies":"Shell Parasite","floor":18.0,"turns":2.0},{"damage":22.0,"enemies":"3 Byrds","floor":20.0,"turns":6.0},{"damage":6.0,"enemies":"Masked Bandits","floor":22.0,"turns":5.0},{"damage":12.0,"enemies":"Book of Stabbing","floor":23.0,"turns":4.0},{"damage":8.0,"enemies":"3 Cultists","floor":25.0,"turns":4.0},{"damage":6.0,"enemies":"Gremlin Leader","floor":27.0,"turns":4.0},{"damage":8.0,"enemies":"Slavers","floor":29.0,"turns":3.0},{"damage":6.0,"enemies":"Snecko","floor":30.0,"turns":4.0},{"damage":0.0,"enemies":"Shelled Parasite and Fungi","floor":31.0,"turns":3.0},{"damage":60.0,"enemies":"Automaton","floor":33.0,"turns":10.0},{"damage":0.0,"enemies":"Orb Walker","floor":35.0,"turns":4.0},{"damage":10.0,"enemies":"3 Darklings","floor":37.0,"turns":5.0},{"damage":28.0,"enemies":"Reptomancer","floor":40.0,"turns":5.0},{"damage":6.0,"enemies":"Jaw Worm Horde","floor":41.0,"turns":5.0},{"damage":21.0,"enemies":"Nemesis","floor":44.0,"turns":5.0},{"damage":25.0,"enemies":"Giant Head","floor":46.0,"turns":8.0},{"damage":6.0,"enemies":"Sphere and 2 Shapes","floor":48.0,"turns":3.0},{"damage":89.0,"enemies":"Time Eater","floor":50.0,"turns":12.0},{"damage":26.0,"enemies":"Awakened One","floor":51.0,"turns":10.0},{"damage":67.0,"enemies":"Shield and Spear","floor":55.0,"turns":6.0},{"damage":106,"enemies":"The Heart","floor":56,"turns":8}],"seed_played":"7643828173390173198","potions_obtained":[{"floor":4.0,"key":"Fruit Juice"},{"floor":5.0,"key":"BlessingOfTheForge"},{"floor":7.0,"key":"ColorlessPotion"},{"floor":11.0,"key":"Strength Potion"},{"floor":13.0,"key":"BlessingOfTheForge"},{"floor":16.0,"key":"AttackPotion"},{"floor":20.0,"key":"Regen Potion"},{"floor":22.0,"key":"ElixirPotion"},{"floor":25.0,"key":"Regen Potion"},{"floor":27.0,"key":"Strength Potion"},{"floor":55.0,"key":"Energy Potion"}],"is_trial":false,"path_per_floor":["M","M","?","M","M","R","E","$","T","M","M","R","M","E","R","B",null,"M","?","M","$","?","E","?","M","T","E","$","E","M","M","R","B",null,"M","?","M","?","$","E","M","T","T","E","R","E","?","M","R","B","B",null,"R","$","E","B"],"character_chosen":"IRONCLAD","items_purchased":["Bag of Preparation","TheAbacus","Fire Potion","Dark Shackles","SteroidPotion","GamblersBrew","Bronze Scales"],"campfire_rested":4,"item_purchase_floors":[8,8,21,39,39,39,54],"current_hp_per_floor":[54,59,59,61,60,60,43,43,43,45,41,41,52,50,50,58,75,77,77,65,65,83,77,77,78,78,93,93,95,95,104,104,50,91,100,100,96,86,86,68,71,71,71,60,95,76,76,80,116,43,51,110,129,129,68,0,0],"gold":40,"neow_bonus":"TWO_FIFTY_GOLD","is_daily":false,"chose_seed":false,"campfire_upgraded":3,"win_rate":0.0,"timestamp":1611969370,"path_taken":["M","M","?","M","M","R","E","$","T","M","M","R","?","E","R","BOSS","M","?","M","?","?","E","?","M","T","E","$","E","M","?","R","BOSS","M","?","M","?","$","E","M","?","T","E","R","E","?","M","R","BOSS","BOSS","R","$","E","BOSS"],"items_purchased_type":["Relic","Relic","Potion","Card","Potion","Potion","Relic"],"build_version":"2020-12-22","purchased_purges":4,"victory":false,"max_hp_per_floor":[75,75,75,75,75,75,75,75,75,75,75,75,80,80,80,80,80,83,83,87,87,91,91,91,94,94,97,97,101,101,104,104,104,104,107,107,107,107,107,111,114,114,114,118,118,118,118,122,122,126,129,129,129,129,129,129,129],"relic_stats":{"Happy Flower":[17],"counters":[31,171],"Self Forming Clay":[228],"Pen Nib":[26],"Bag of Preparation":[52],"War Paint":["Battle Trance","Disarm"],"Burning Blood":180,"WarpedTongs":[76],"Nunchaku":[13],"TheAbacus":[264],"Ornamental Fan":[332],"Pantograph":81,"Bronze Scales":[123],"obtain_stats":[{"Happy Flower":43,"Self Forming Clay":27,"Oddly Smooth Stone":26,"Pen Nib":23,"Bag of Preparation":8,"War Paint":46,"Burning Blood":0,"White Beast Statue":42,"WarpedTongs":19,"Anchor":14,"Nunchaku":40,"TheAbacus":8,"Ornamental Fan":9,"Pantograph":7,"Bronze Scales":54,"Fusion Hammer":17,"Mark of Pain":34,"Red Mask":22,"Bag of Marbles":44,"Red Skull":29,"InkBottle":55},{"Happy Flower":24,"Self Forming Clay":16,"Oddly Smooth Stone":15,"Pen Nib":14,"Bag of Preparation":5,"War Paint":26,"Burning Blood":0,"White Beast Statue":24,"WarpedTongs":11,"Anchor":9,"Nunchaku":23,"TheAbacus":5,"Ornamental Fan":5,"Pantograph":5,"Bronze Scales":29,"Fusion Hammer":10,"Mark of Pain":20,"Red Mask":13,"Bag of Marbles":25,"Red Skull":17,"InkBottle":30},{"Happy Flower":119,"Self Forming Clay":80,"Oddly Smooth Stone":76,"Pen Nib":72,"Bag of Preparation":24,"War Paint":132,"Burning Blood":0,"White Beast Statue":119,"WarpedTongs":57,"Anchor":49,"Nunchaku":114,"TheAbacus":24,"Ornamental Fan":24,"Pantograph":24,"Bronze Scales":157,"Fusion Hammer":55,"Mark of Pain":100,"Red Mask":68,"Bag of Marbles":124,"Red Skull":83,"InkBottle":163}],"InkBottle":[1]},"card_choices":[{"not_picked":["Havoc","Second Wind"],"picked":"Feel No Pain","floor":1.0},{"not_picked":["Ghostly Armor","Clash","Body Slam"],"picked":"SKIP","floor":2.0},{"not_picked":["Clash","Body Slam"],"picked":"Ghostly Armor","floor":2.0},{"not_picked":["Perfected Strike","Armaments"],"picked":"Clothesline","floor":4.0},{"not_picked":["Warcry","Second Wind","True Grit"],"picked":"SKIP","floor":5.0},{"not_picked":["Iron Wave","True Grit","Headbutt"],"picked":"SKIP","floor":7.0},{"not_picked":["Hemokinesis","Fire Breathing"],"picked":"Anger","floor":10.0},{"not_picked":["Iron Wave","Clash","Cleave"],"picked":"SKIP","floor":11.0},{"not_picked":["Rupture","Perfected Strike","Intimidate"],"picked":"SKIP","floor":13.0},{"not_picked":["Rupture","Perfected Strike","Intimidate"],"picked":"SKIP","floor":13.0},{"not_picked":["Sentinel","Fire Breathing"],"picked":"Offering","floor":14.0},{"not_picked":["Double Tap","Limit Break"],"picked":"Feed","floor":16.0},{"not_picked":["Heavy Blade","Flex"],"picked":"Battle Trance","floor":18.0},{"not_picked":["Body Slam","Warcry+1"],"picked":"Cleave+1","floor":20.0},{"not_picked":["Blood for Blood","Anger"],"picked":"Headbutt+1","floor":23.0},{"not_picked":["Havoc","Body Slam","Searing Blow"],"picked":"SKIP","floor":25.0},{"not_picked":["Havoc","Body Slam","Searing Blow"],"picked":"SKIP","floor":25.0},{"not_picked":["Inflame","Sword Boomerang","Bludgeon"],"picked":"SKIP","floor":27.0},{"not_picked":["Dark Embrace","Sentinel","Clothesline"],"picked":"SKIP","floor":29.0},{"not_picked":["True Grit","Dark Embrace"],"picked":"Disarm","floor":30.0},{"not_picked":["Thunderclap","Havoc","Heavy Blade+1"],"picked":"SKIP","floor":31.0},{"not_picked":["Juggernaut","Feed"],"picked":"Brutality","floor":33.0},{"not_picked":["Headbutt","Whirlwind"],"picked":"Feel No Pain+1","floor":35.0},{"not_picked":["Ghostly Armor+1","Metallicize"],"picked":"Spot Weakness","floor":37.0},{"not_picked":["Heavy Blade","Dual Wield","Pommel Strike"],"picked":"SKIP","floor":40.0},{"not_picked":["Clothesline","Headbutt","Perfected Strike+1"],"picked":"SKIP","floor":41.0},{"not_picked":["True Grit","Carnage"],"picked":"Sword Boomerang","floor":44.0},{"not_picked":["Iron Wave+1","Thunderclap"],"picked":"Sword Boomerang+1","floor":46.0},{"not_picked":["Berserk","Seeing Red+1","Cleave"],"picked":"SKIP","floor":48.0},{"not_picked":["Carnage","Anger"],"picked":"Dark Embrace+1","floor":55.0}],"player_experience":21792384,"relics_obtained":[{"floor":7.0,"key":"Pantograph"},{"floor":9.0,"key":"Ornamental Fan"},{"floor":14.0,"key":"Anchor"},{"floor":22.0,"key":"Red Mask"},{"floor":23.0,"key":"Pen Nib"},{"floor":26.0,"key":"Oddly Smooth Stone"},{"floor":27.0,"key":"Self Forming Clay"},{"floor":29.0,"key":"Red Skull"},{"floor":40.0,"key":"Nunchaku"},{"floor":42.0,"key":"White Beast Statue"},{"floor":43.0,"key":"Happy Flower"},{"floor":44.0,"key":"Bag of Marbles"},{"floor":46.0,"key":"War Paint"},{"floor":55.0,"key":"InkBottle"}],"event_choices":[{"cards_removed":["Strike_R"],"damage_healed":0.0,"max_hp_gain":0.0,"max_hp_loss":0.0,"gold_gain":0.0,"event_name":"Purifier","player_choice":"Purged","floor":3.0,"gold_loss":0.0,"damage_taken":0.0},{"damage_healed":0.0,"max_hp_gain":0.0,"max_hp_loss":0.0,"gold_gain":0.0,"event_name":"Accursed Blacksmith","player_choice":"Rummage","floor":19.0,"gold_loss":0.0,"damage_taken":0.0,"relics_obtained":["WarpedTongs"],"cards_obtained":["Pain"]},{"damage_healed":0.0,"max_hp_gain":0.0,"max_hp_loss":0.0,"gold_gain":0.0,"event_name":"Masked Bandits","player_choice":"Fought Bandits","floor":22.0,"gold_loss":0.0,"damage_taken":0.0},{"damage_healed":0.0,"max_hp_gain":0.0,"max_hp_loss":0.0,"gold_gain":0.0,"event_name":"Back to Basics","player_choice":"Simplicity","floor":24.0,"gold_loss":0.0,"damage_taken":0.0,"cards_upgraded":["Strike_R","Strike_R","Strike_R","Defend_R","Defend_R","Defend_R","Defend_R"]},{"damage_healed":0.0,"max_hp_gain":0.0,"max_hp_loss":0.0,"gold_gain":222.0,"event_name":"Tomb of Lord Red Mask","player_choice":"Wore Mask","floor":36.0,"gold_loss":0.0,"damage_taken":0.0},{"damage_healed":0.0,"max_hp_gain":0.0,"max_hp_loss":0.0,"gold_gain":0.0,"event_name":"SensoryStone","player_choice":"Memory 3","floor":38.0,"gold_loss":0.0,"damage_taken":10.0},{"cards_removed":["Feel No Pain"],"damage_healed":0.0,"max_hp_gain":0.0,"max_hp_loss":0.0,"gold_gain":0.0,"event_name":"Falling","player_choice":"Removed Power","floor":47.0,"gold_loss":0.0,"damage_taken":0.0}],"is_beta":false,"boss_relics":[{"not_picked":["Sozu","Astrolabe"],"picked":"Fusion Hammer"},{"not_picked":["Runic Dome","Velvet Choker"],"picked":"Mark of Pain"}],"items_purged_floors":[8,21,39,54],"is_endless":false,"potions_floor_spawned":[4,5,7,11,13,16,20,22,25,27,44,46,48,55],"killed_by":"The Heart","ascension_level":20}}