{"host":"lnt5dzsuhru0aonl","time":1611994889,"event":{"mods":["2.2 Compatiblity","BaseMod","Colored Map","Colored Powertips","DeckTracker","Keyboard Shortcuts","Minty Spire (QoL Compilation)","Permanent Neow","Rare Cards Sparkle","StSLib","SuperFastMode","everything is the same but u backflip on backflip"],"gold_per_floor":[115,190,190,202,233,271,310,115,115,26,26,43,43,54,54,54,54],"floor_reached":16,"language":"KOR","playtime":370,"items_purged":["Defend_R"],"score":246,"play_id":"a4fca5bb-48f7-4723-bde2-b6ba9a1dfedc","local_time":"20210130172129","is_ascension_mode":true,"campfire_choices":[{"floor":11,"key":"REST"},{"data":"Barricade","floor":13,"key":"SMITH"},{"data":"True Grit","floor":15,"key":"SMITH"}],"circlet_count":0,"master_deck":["AscendersBane","Strike_R","Strike_R","Strike_R","Strike_R","Strike_R","Defend_R","Defend_R","Defend_R","Bash","Perfected Strike","Shrug It Off","Burning Pact","Power Through","Wild Strike","Barricade+1","Battle Trance","True Grit+1"],"relics":["Burning Blood","NeowsBlessing","MawBank","Bag of Preparation","Odd Mushroom","Sundial"],"acts_visited":["Exordium"],"potions_floor_usage":[16],"damage_taken":[{"damage":0.0,"enemies":"Small Slimes","floor":1.0,"turns":1.0},{"damage":0.0,"enemies":"2 Louse","floor":5.0,"turns":1.0},{"damage":0.0,"enemies":"3 Sentries","floor":6.0,"turns":2.0},{"damage":26.0,"enemies":"The Mushroom Lair","floor":7.0,"turns":7.0},{"damage":1,"enemies":"Cultist","floor":12,"turns":3},{"damage":0,"enemies":"3 Louse","floor":14,"turns":3},{"damage":61,"enemies":"The Guardian","floor":16,"turns":13}],"seed_played":"-8615665259178342501","potions_obtained":[{"floor":6.0,"key":"DuplicationPotion"},{"floor":7.0,"key":"Block Potion"},{"floor":12,"key":"EssenceOfSteel"}],"is_trial":false,"path_per_floor":["M","?","?","$","M","E","?","$","T","$","R","M","R","M","R","B"],"character_chosen":"IRONCLAD","items_purchased":["Power Through","Wild Strike","Barricade"],"campfire_rested":1,"item_purchase_floors":[8,8,10],"current_hp_per_floor":[74,63,18,18,24,30,10,10,10,10,32,37,37,43,43,0,0],"gold":54,"neow_bonus":"THREE_ENEMY_KILL","is_daily":false,"chose_seed":false,"campfire_upgraded":2,"win_rate":0.0,"timestamp":1611994889,"path_taken":["M","?","?","$","M","E","?","$","T","?","R","M","R","M","R","BOSS"],"items_purchased_type":["Card","Card","Card"],"build_version":"2020-12-22","purchased_purges":1,"victory":false,"max_hp_per_floor":[75,75,75,75,75,75,75,75,75,75,75,75,75,75,75,75,75],"card_choices":[{"not_picked":["True Grit","Heavy Blade"],"picked":"Perfected Strike","floor":1.0},{"not_picked":["Sentinel","Clothesline"],"picked":"Shrug It Off","floor":5.0},{"not_picked":["Anger","Flex","Headbutt"],"picked":"SKIP","floor":6.0},{"not_picked":["Intimidate","Iron Wave"],"picked":"Burning Pact","floor":7.0},{"not_picked":["Sword Boomerang","Armaments"],"picked":"Battle Trance","floor":12},{"not_picked":["Shrug It Off","Seeing Red"],"picked":"True Grit","floor":14}],"player_experience":781209,"relics_obtained":[{"floor":6.0,"key":"Bag of Preparation"},{"floor":7.0,"key":"Odd Mushroom"},{"floor":9,"key":"Sundial"}],"event_choices":[{"damage_healed":0.0,"max_hp_gain":0.0,"max_hp_loss":0.0,"gold_gain":75.0,"event_name":"World of Goop","player_choice":"Gather Gold","floor":2.0,"gold_loss":0.0,"damage_taken":11.0},{"damage_healed":0.0,"max_hp_gain":0.0,"max_hp_loss":0.0,"gold_gain":0.0,"event_name":"Scrap Ooze","player_choice":"Success","floor":3.0,"gold_loss":0.0,"damage_taken":45.0,"relics_obtained":["MawBank"]},{"damage_healed":0.0,"max_hp_gain":0.0,"max_hp_loss":0.0,"gold_gain":0.0,"event_name":"Mushrooms","player_choice":"Fought Mushrooms","floor":7.0,"gold_loss":0.0,"damage_taken":0.0}],"is_beta":false,"boss_relics":[],"items_purged_floors":[8],"is_endless":false,"potions_floor_spawned":[6,7,12,14],"killed_by":"The Guardian","ascension_level":20}}