{"host":"uvmuduost5bzvojs","time":1611977715,"event":{"mods":["Aspiration","Bard","BaseMod","Better Match","Block Reminder","Conspire","Hermit","Highlight Path","Hubris","Infinite Spire","Jorbs\u0027s Wanderer Trilogy","Mad Scientist","Marisa????????","Mimic Mod","Minty Spire (QoL Compilation)","Potionbrewer","Replay The Spire","Robot Space Explorer","StSLib","The Blackbeard","The Construct","The Cursed","The Disciple","The Hayseed","The Hierophant","The Juggle","The Jungle","The Poker Player","The Runesmith","The Servant 0.9.4","The Spell Scribe","The Valiant","TheBandit"],"gold_per_floor":[112,123,123,143,157,185,185,215,215,240,255,255,266,285,285,389,389,405,405,320,331,331,363,363,389,389,389,404,404,404,460,460,563,563,582,627,641,661,672,672,701,701,777,777,804,815,815,826,826,826,826,826,104,134,134],"floor_reached":56,"language":"ENG","playtime":3151,"items_purged":["Predator","conspire:GhostlyStrike","Slice"],"score":1394,"play_id":"ea8b2b81-e763-4b36-afe2-3fde25584d78","local_time":"20210129223515","is_ascension_mode":false,"campfire_choices":[{"data":"Blade Dance","floor":7,"key":"SMITH"},{"floor":12,"key":"DIG"},{"floor":15,"key":"DIG"},{"data":"ReplayTheSpireMod:Scrap Shanks","floor":24,"key":"SMITH"},{"data":"conspire:DoublingDagger","floor":29,"key":"SMITH"},{"floor":32,"key":"DIG"},{"floor":40,"key":"RECALL"},{"floor":47,"key":"DIG"},{"floor":49,"key":"DIG"},{"floor":52,"key":"DIG"}],"circlet_count":0,"master_deck":["conspire:GhostlyStrike","conspire:GhostlyStrike","conspire:GhostlyStrike","conspire:GhostlyStrike","conspire:GhostlyDefend+1","conspire:GhostlyDefend","conspire:GhostlyDefend","conspire:GhostlyDefend","conspire:GhostlyDefend","Survivor","Neutralize","Prepared","Blade Dance+1","Accuracy","Accuracy","conspire:DoublingDagger+1","Hidden Blade","Accuracy+1","ReplayTheSpireMod:Scrap Shanks+1","Cloak And Dagger+1","Wraith Form v2","Infinite Blades+1","conspire:PoisonWeapons+1","hubris:Sniper","Dagger Throw+1"],"relics":["Ring of the Snake","Ginger","Winged Necklace","hubris:FunFungus","Shovel","hubris:Metronome","infinitespire:EmpoweringShard","Coffee Dripper","hubris:SphereOfDissonance","Gremlin Horn","hubris:Icosahedron","aspiration:TomeofQuesting","Ice Cream","hubris:SphereOfDissonance","Ring of Fury","ReplayTheSpireMod:Ring of Challenge","conspire:GlowingRock","hubris:Backtick","Shuriken","CatCart","Dream Catcher","hubris:Towel","conspire:SpecialSausage","aspiration:HummingbirdHeart","conspire:DecoderRing","Mirror","InkBottle","Eternal Feather","Lantern","Sling","aspiration:ChemicalBlood","War Paint"],"acts_visited":["Exordium","TheCity","TheBeyond","TheEnding"],"potions_floor_usage":[18,33,33,36,36,39,48,50,50,50,55,55,55,55,55],"damage_taken":[{"damage":6,"enemies":"Cultist","floor":1,"turns":5},{"damage":0,"enemies":"2 Louse","floor":2,"turns":2},{"damage":3,"enemies":"Jaw Worm","floor":4,"turns":3},{"damage":4,"enemies":"Looter","floor":5,"turns":3},{"damage":13,"enemies":"Lagavulin","floor":6,"turns":5},{"damage":4,"enemies":"Gremlin Nob","floor":8,"turns":3},{"damage":5,"enemies":"Lagavulin","floor":10,"turns":5},{"damage":1,"enemies":"Exordium Wildlife","floor":11,"turns":3},{"damage":4,"enemies":"Blue Slaver","floor":13,"turns":2},{"damage":4,"enemies":"3 Louse","floor":14,"turns":3},{"damage":0,"enemies":"Fading Forest","floor":16,"turns":11},{"damage":10,"enemies":"Shell Parasite","floor":18,"turns":2},{"damage":0,"enemies":"conspire:FuzzyDice","floor":21,"turns":4},{"damage":6,"enemies":"Replay:Snechameleon","floor":23,"turns":2},{"damage":13,"enemies":"Slavers","floor":25,"turns":3},{"damage":5,"enemies":"Chosen and Byrds","floor":28,"turns":3},{"damage":2,"enemies":"Cultist and Chosen","floor":31,"turns":3},{"damage":8,"enemies":"Champ","floor":33,"turns":5},{"damage":0,"enemies":"3 Darklings","floor":35,"turns":2},{"damage":11,"enemies":"Orin","floor":36,"turns":4},{"damage":0,"enemies":"Orb Walker","floor":37,"turns":1},{"damage":12,"enemies":"Maw","floor":38,"turns":4},{"damage":24,"enemies":"Spire Growth","floor":39,"turns":3},{"damage":25,"enemies":"R_Hoarder","floor":41,"turns":4},{"damage":7,"enemies":"Reptomancer","floor":45,"turns":3},{"damage":5,"enemies":"Jaw Worm Horde","floor":46,"turns":3},{"damage":5,"enemies":"3 Darklings","floor":48,"turns":2},{"damage":12,"enemies":"Awakened One","floor":50,"turns":4},{"damage":0,"enemies":"Shield and Spear","floor":54,"turns":2},{"damage":62,"enemies":"The Heart","floor":55,"turns":5}],"seed_played":"517186858266287562","potions_obtained":[{"floor":1,"key":"potionbrewer:BoundlessPotion"},{"floor":2,"key":"potionbrewer:StunPotion"},{"floor":13,"key":"Explosive Potion"},{"floor":18,"key":"potionbrewer:StunPotion"},{"floor":33,"key":"potionbrewer:DiscountPotion"},{"floor":36,"key":"SkillPotion"},{"floor":38,"key":"Weak Potion"},{"floor":41,"key":"potionbrewer:DiscountPotion"},{"floor":45,"key":"Strength Potion"},{"floor":48,"key":"SkillPotion"}],"is_trial":false,"path_per_floor":["M","M","?","M","M","E","R","E","T","E","M","R","M","M","R","B",null,"M","AVR","?","M","?","E","R","E","T","?","M","R","?","M","R","B",null,"M","?","M","M","M","R","E","?","T","AVR","E","M","R","M","R","B",null,"R","$","E","B",null],"character_chosen":"THE_SILENT","items_purchased":["hubris:Sniper","Lantern","Sling","aspiration:ChemicalBlood","Strength Potion","potionbrewer:CleansingPotion","Regen Potion"],"campfire_rested":0,"item_purchase_floors":[53,53,53,53,53,53,53],"current_hp_per_floor":[71,71,71,68,64,51,51,47,47,46,45,45,41,37,37,49,77,67,67,67,70,70,64,64,52,52,38,34,34,34,32,32,31,82,82,75,75,64,40,40,18,18,18,18,11,9,9,4,4,56,82,82,82,82,37],"gold":134,"neow_bonus":"TEN_PERCENT_HP_BONUS","is_daily":false,"chose_seed":false,"campfire_upgraded":3,"win_rate":0.0,"timestamp":1611977715,"path_taken":["M","M","?","M","M","E","R","E","T","E","M","R","M","M","R","BOSS","M","AVR","?","M","?","E","R","E","T","?","?","R","?","M","R","BOSS","M","?","M","M","M","R","E","?","T","AVR","E","M","R","M","R","BOSS","R","$","E","BOSS"],"items_purchased_type":["Card","Relic","Relic","Relic","Potion","Potion","Potion"],"build_version":"2020-12-22","purchased_purges":3,"victory":true,"max_hp_per_floor":[77,77,77,77,77,77,77,77,77,77,77,77,77,77,77,77,77,77,77,77,77,77,77,77,77,77,82,82,82,82,82,82,82,82,82,82,82,82,82,82,82,82,82,82,82,82,82,82,82,82,82,82,82,82,82],"card_choices":[{"not_picked":["Hidden Blade","Concentrate"],"picked":"Predator","floor":1},{"not_picked":["Hidden Blade","Cloak And Dagger"],"picked":"Prepared","floor":2},{"not_picked":["Slice","Concentrate"],"picked":"Blade Dance","floor":4},{"not_picked":["Grand Finale","Poisoned Stab"],"picked":"Accuracy","floor":5},{"not_picked":["aspiration:Lunge","Cloak And Dagger"],"picked":"Accuracy","floor":6},{"not_picked":["Poisoned Stab","Riddle With Holes","Flying Knee"],"picked":"SKIP","floor":8},{"not_picked":["hubris:SlightOfHand","aspiration:Lunge"],"picked":"conspire:DoublingDagger","floor":10},{"not_picked":["Draining Mist","Poisoned Stab"],"picked":"Hidden Blade","floor":11},{"not_picked":["Setup","Quick Slash","Dodge and Roll"],"picked":"SKIP","floor":13},{"not_picked":["Noxious Fumes","PiercingWail","Concentrate"],"picked":"SKIP","floor":14},{"not_picked":["Replay:Poison Smokescreen+1","Dagger Throw+1"],"picked":"Accuracy+1","floor":18},{"not_picked":["Draining Mist","Deadly Poison+1"],"picked":"Slice","floor":21},{"not_picked":["Accuracy","hubris:Sniper"],"picked":"ReplayTheSpireMod:Scrap Shanks","floor":23},{"not_picked":["Concentrate+1","Draining Mist","Venomology"],"picked":"SKIP","floor":25},{"not_picked":["Deflect","Backflip","Dagger Spray"],"picked":"SKIP","floor":28},{"not_picked":["Catalyst","Dagger Spray+1"],"picked":"Cloak And Dagger+1","floor":31},{"not_picked":["ReplayTheSpireMod:Necrosis","Bullet Time"],"picked":"Wraith Form v2","floor":33},{"not_picked":["Quick Slash+1","Well Laid Plans+1"],"picked":"Infinite Blades+1","floor":35},{"not_picked":["Bouncing Flask","Setup+1","Dagger Throw"],"picked":"SKIP","floor":37},{"not_picked":["Backflip+1","Bullet Time","Toxin Wave"],"picked":"SKIP","floor":38},{"not_picked":["Catalyst+1","ReplayTheSpireMod:Tripwire+1","Prepared"],"picked":"SKIP","floor":39},{"not_picked":["Fluid Movement","Dagger Spray+1","Sucker Punch+1"],"picked":"SKIP","floor":41},{"not_picked":["ReplayTheSpireMod:The Works","Quick Slash","Hidden Blade+1"],"picked":"SKIP","floor":45},{"not_picked":["Slice","Hidden Blade+1"],"picked":"conspire:PoisonWeapons","floor":46},{"not_picked":["Dodge and Roll","Infinite Blades","Backflip"],"picked":"SKIP","floor":48},{"not_picked":["Predator","Cloak And Dagger","Dagger Throw+1"],"picked":"SKIP","floor":54},{"not_picked":["Predator","Cloak And Dagger"],"picked":"Dagger Throw+1","floor":54}],"player_experience":1920415,"relics_obtained":[{"floor":6,"key":"Ginger"},{"floor":8,"key":"Winged Necklace"},{"floor":9,"key":"hubris:FunFungus"},{"floor":10,"key":"Shovel"},{"floor":12,"key":"hubris:Metronome"},{"floor":15,"key":"infinitespire:EmpoweringShard"},{"floor":23,"key":"aspiration:TomeofQuesting"},{"floor":25,"key":"Ice Cream"},{"floor":26,"key":"hubris:SphereOfDissonance"},{"floor":30,"key":"Ring of Fury"},{"floor":30,"key":"ReplayTheSpireMod:Ring of Challenge"},{"floor":32,"key":"conspire:GlowingRock"},{"floor":36,"key":"CatCart"},{"floor":41,"key":"Dream Catcher"},{"floor":45,"key":"conspire:DecoderRing"},{"floor":47,"key":"Mirror"},{"floor":49,"key":"InkBottle"},{"floor":52,"key":"Eternal Feather"},{"floor":54,"key":"War Paint"}],"event_choices":[{"damage_healed":0,"gold_gain":0,"player_choice":"Agree","damage_taken":0,"max_hp_gain":0,"max_hp_loss":0,"event_name":"conspire:LoneGhost","floor":3,"gold_loss":0},{"damage_healed":0,"gold_gain":0,"player_choice":"Obtained Relic","damage_taken":0,"relics_obtained":["Gremlin Horn"],"max_hp_gain":0,"max_hp_loss":0,"event_name":"Addict","floor":20,"gold_loss":85},{"damage_healed":0,"gold_gain":0,"player_choice":"Shed Blood","damage_taken":19,"max_hp_gain":5,"max_hp_loss":0,"event_name":"Forgotten Altar","floor":27,"gold_loss":0},{"damage_healed":0,"gold_gain":0,"player_choice":"Fight","damage_taken":0,"max_hp_gain":0,"max_hp_loss":0,"event_name":"OrinTheCat","floor":36,"gold_loss":0}],"is_beta":false,"boss_relics":[{"not_picked":["conspire:SlowCooker","Kintsugi"],"picked":"Coffee Dripper"},{"not_picked":["Busted Crown","potionbrewer:BhaskarasWheel"],"picked":"hubris:Backtick"}],"items_purged_floors":[19,44,53],"is_endless":false,"potions_floor_spawned":[1,2,13,14,18,21,31,33,36,38,41,45,48],"ascension_level":0}}