{"host":"2js2pxuugveqjuf7","time":1611967295,"event":{"mods":["BaseMod","Colored Map","Minty Spire (QoL Compilation)","Quick Restart","Random Character Button","Relic Stats","StSLib"],"gold_per_floor":[119,419,369,48,62,95,95,28,28,55,55,85,105,135,135,231,231,243,243,255,271,271,271,289,289,343,34,62,62,87,101,101,206,206,225,239,262,1261,969,1000,1010,1022,1076,768,768,768,785,813,813,813,813,813,245,273,273,273],"floor_reached":55,"language":"ENG","playtime":4181,"items_purged":["Strike_B","Defend_B","Bite","Defend_B","Defend_B"],"score":1265,"play_id":"79a4cb26-4c0a-452e-b4d9-6fbf1c5f9012","local_time":"20210129184135","is_ascension_mode":true,"campfire_choices":[{"data":"Genetic Algorithm","floor":7.0,"key":"SMITH"},{"data":"Defragment","floor":15.0,"key":"SMITH"},{"data":"1","floor":23.0,"key":"LIFT"},{"data":"2","floor":25.0,"key":"LIFT"},{"data":"3","floor":29.0,"key":"LIFT"},{"data":"Defragment","floor":32.0,"key":"SMITH"},{"floor":49.0,"key":"RECALL"},{"data":"Apotheosis","floor":52.0,"key":"SMITH"}],"circlet_count":0,"master_deck":["Zap","Dualcast","Barrage","Defragment+1","Hologram","Genetic Algorithm+1","Electrodynamics","Defragment+1","Melter","Go for the Eyes","Cold Snap","Tempest","Sweeping Beam","Seek","Aggregate","Necronomicurse","Doom and Gloom","Streamline+1","Bite","Bite","Bite","Bite","Rebound+1","Biased Cognition","Undo","Darkness+1","Cold Snap","Conserve Battery","Core Surge","CurseOfTheBell","White Noise+1","Chill+1","Rip and Tear+1","Sunder+1","Cold Snap+1","Glacier","Coolheaded","Barrage+1","Coolheaded","Dark Shackles","Apotheosis+1","PanicButton","Tempest","Rip and Tear+1","Force Field","Mayhem","Conserve Battery+1"],"relics":["Cracked Core","NeowsBlessing","Old Coin","Toolbox","Anchor","Mummified Hand","Girya","Pen Nib","Sozu","Necronomicon","PreservedInsect","Membership Card","HornCleat","Happy Flower","Calling Bell","Tiny Chest","Molten Egg 2","TungstenRod","Omamori","Medical Kit","Oddly Smooth Stone","Akabeko","ClockworkSouvenir","Pear","Meat on the Bone","Lantern","Letter Opener","Art of War","Frozen Eye","InkBottle"],"acts_visited":["Exordium","TheCity","TheBeyond","TheEnding"],"potions_floor_usage":[55],"damage_taken":[{"damage":0.0,"enemies":"Small Slimes","floor":1.0,"turns":1.0},{"damage":0.0,"enemies":"Jaw Worm","floor":5.0,"turns":1.0},{"damage":0.0,"enemies":"3 Sentries","floor":6.0,"turns":1.0},{"damage":10.0,"enemies":"Gremlin Nob","floor":10.0,"turns":3.0},{"damage":0.0,"enemies":"3 Sentries","floor":12.0,"turns":2.0},{"damage":0.0,"enemies":"2 Louse","floor":13.0,"turns":2.0},{"damage":0.0,"enemies":"Exordium Wildlife","floor":14.0,"turns":3.0},{"damage":18.0,"enemies":"Hexaghost","floor":16.0,"turns":8.0},{"damage":0.0,"enemies":"3 Byrds","floor":18.0,"turns":2.0},{"damage":0.0,"enemies":"Chosen","floor":20.0,"turns":3.0},{"damage":0.0,"enemies":"Snecko","floor":21.0,"turns":3.0},{"damage":0.0,"enemies":"Shelled Parasite and Fungi","floor":24.0,"turns":3.0},{"damage":0.0,"enemies":"Slavers","floor":28.0,"turns":2.0},{"damage":0.0,"enemies":"Gremlin Leader","floor":30.0,"turns":3.0},{"damage":6.0,"enemies":"Snake Plant","floor":31.0,"turns":3.0},{"damage":10.0,"enemies":"Collector","floor":33.0,"turns":6.0},{"damage":0.0,"enemies":"3 Darklings","floor":35.0,"turns":1.0},{"damage":0.0,"enemies":"3 Shapes","floor":36.0,"turns":3.0},{"damage":0.0,"enemies":"Reptomancer","floor":40.0,"turns":3.0},{"damage":0.0,"enemies":"3 Darklings","floor":41.0,"turns":3.0},{"damage":2.0,"enemies":"Spire Growth","floor":42.0,"turns":3.0},{"damage":5.0,"enemies":"4 Shapes","floor":47.0,"turns":5.0},{"damage":2.0,"enemies":"Nemesis","floor":48.0,"turns":3.0},{"damage":19.0,"enemies":"Donu and Deca","floor":50.0,"turns":8.0},{"damage":28.0,"enemies":"Shield and Spear","floor":54.0,"turns":4.0},{"damage":40,"enemies":"The Heart","floor":55,"turns":6}],"seed_played":"-8987708239385973977","potions_obtained":[{"floor":1.0,"key":"ColorlessPotion"},{"floor":10.0,"key":"DistilledChaos"},{"floor":12.0,"key":"Block Potion"},{"floor":13.0,"key":"CultistPotion"}],"is_trial":false,"path_per_floor":["M","?","?","$","M","E","R","$","T","E","?","E","M","M","R","B",null,"M","?","M","M","?","R","M","R","T","$","E","R","E","M","R","B",null,"M","M","T","?","$","E","M","M","T","$","?","T","M","E","R","B",null,"R","$","E","B"],"character_chosen":"DEFECT","items_purchased":["Defragment","Hologram","Toolbox","Defragment","Membership Card","Biased Cognition","Undo","Medical Kit","Oddly Smooth Stone","Rip and Tear+1","Sunder+1","ClockworkSouvenir","Pear","Barrage+1","Coolheaded","Tempest","Rip and Tear+1","Letter Opener","Art of War","Force Field","Mayhem","Frozen Eye"],"campfire_rested":0,"item_purchase_floors":[4,4,4,8,27,27,27,39,39,39,39,44,44,44,44,53,53,53,53,53,53,53],"current_hp_per_floor":[68,68,68,68,68,68,68,68,68,58,58,58,58,58,58,40,66,66,50,50,50,50,50,52,52,52,52,52,52,52,46,46,42,50,50,52,52,52,52,52,52,52,52,62,53,53,54,54,54,44,58,58,58,33,0,0],"gold":273,"neow_bonus":"THREE_ENEMY_KILL","is_daily":false,"chose_seed":false,"campfire_upgraded":4,"win_rate":0.0,"timestamp":1611967295,"path_taken":["M","?","?","$","M","E","R","?","T","E","?","E","M","M","R","BOSS","M","?","M","M","?","R","M","R","T","?","E","R","E","M","R","BOSS","M","M","?","?","$","E","M","M","T","$","?","?","M","E","R","BOSS","R","$","E","BOSS"],"items_purchased_type":["Card","Card","Relic","Card","Relic","Card","Card","Relic","Relic","Card","Card","Relic","Relic","Card","Card","Card","Card","Relic","Relic","Card","Card","Relic"],"build_version":"2020-12-22","purchased_purges":5,"victory":false,"max_hp_per_floor":[75,75,75,75,75,75,75,75,75,75,75,75,75,75,75,75,75,75,75,75,75,52,52,52,52,52,52,52,52,52,52,52,52,52,52,52,52,52,52,52,52,52,52,62,62,62,62,62,62,62,62,62,62,62,62,62],"relic_stats":{"Happy Flower":[16],"counters":[26,85],"Pen Nib":[16],"PreservedInsect":260,"Letter Opener":[10],"Medical Kit":[3],"Sozu":5,"Mummified Hand":[65],"Tiny Chest":1,"Necronomicon":[22],"Art of War":[0],"obtain_stats":[{"Lantern":48,"Old Coin":2,"ClockworkSouvenir":44,"Sozu":17,"Frozen Eye":53,"HornCleat":28,"Mummified Hand":9,"Toolbox":4,"Tiny Chest":34,"Necronomicon":19,"Cracked Core":0,"InkBottle":54,"Girya":10,"Pear":44,"NeowsBlessing":0,"Happy Flower":30,"Oddly Smooth Stone":39,"Pen Nib":12,"PreservedInsect":26,"Omamori":37,"Letter Opener":53,"Medical Kit":39,"Akabeko":40,"Calling Bell":34,"Anchor":6,"Molten Egg 2":34,"Art of War":53,"Membership Card":27,"TungstenRod":34,"Meat on the Bone":46},{"Lantern":23,"Old Coin":1,"ClockworkSouvenir":21,"Sozu":8,"Frozen Eye":24,"HornCleat":13,"Mummified Hand":3,"Toolbox":1,"Tiny Chest":16,"Necronomicon":9,"Cracked Core":0,"InkBottle":25,"Girya":4,"Pear":21,"NeowsBlessing":0,"Happy Flower":14,"Oddly Smooth Stone":18,"Pen Nib":5,"PreservedInsect":12,"Omamori":18,"Letter Opener":24,"Medical Kit":18,"Akabeko":19,"Calling Bell":16,"Anchor":3,"Molten Egg 2":16,"Art of War":24,"Membership Card":12,"TungstenRod":16,"Meat on the Bone":21},{"Lantern":67,"Old Coin":1,"ClockworkSouvenir":59,"Sozu":21,"Frozen Eye":75,"HornCleat":34,"Mummified Hand":3,"Toolbox":1,"Tiny Chest":46,"Necronomicon":23,"Cracked Core":0,"InkBottle":79,"Girya":6,"Pear":59,"NeowsBlessing":0,"Happy Flower":37,"Oddly Smooth Stone":50,"Pen Nib":8,"PreservedInsect":32,"Omamori":50,"Letter Opener":75,"Medical Kit":50,"Akabeko":53,"Calling Bell":46,"Anchor":3,"Molten Egg 2":46,"Art of War":75,"Membership Card":32,"TungstenRod":46,"Meat on the Bone":59}],"TungstenRod":24,"InkBottle":[3],"Meat on the Bone":0},"card_choices":[{"not_picked":["Aggregate","Go for the Eyes"],"picked":"Barrage","floor":1.0},{"not_picked":["Sweeping Beam","Reprogram"],"picked":"Genetic Algorithm","floor":5.0},{"not_picked":["Hello World","Sweeping Beam"],"picked":"Electrodynamics","floor":6.0},{"not_picked":["Stack","FTL"],"picked":"Melter","floor":10.0},{"not_picked":["Hologram","Rip and Tear"],"picked":"Cold Snap","floor":12.0},{"not_picked":["Compile Driver","Melter"],"picked":"Tempest","floor":13.0},{"not_picked":["Compile Driver","Stack"],"picked":"Sweeping Beam","floor":14.0},{"not_picked":["Meteor Strike","All For One"],"picked":"Seek","floor":16.0},{"not_picked":["Gash","FTL"],"picked":"Aggregate","floor":18.0},{"not_picked":["Rebound+1","Leap"],"picked":"Doom and Gloom","floor":20.0},{"not_picked":["Coolheaded","Genetic Algorithm"],"picked":"Streamline+1","floor":21.0},{"not_picked":["Reprogram","Steam Power+1"],"picked":"Rebound+1","floor":24.0},{"not_picked":["All For One","Go for the Eyes"],"picked":"Darkness+1","floor":28.0},{"not_picked":["Gash","Hologram"],"picked":"Cold Snap","floor":30.0},{"not_picked":["Go for the Eyes","Recycle"],"picked":"Conserve Battery","floor":31.0},{"not_picked":["Fission","Amplify"],"picked":"Core Surge","floor":33.0},{"not_picked":["Reprogram","Chill"],"picked":"White Noise+1","floor":35.0},{"not_picked":["Redo+1","Undo"],"picked":"Chill+1","floor":36.0},{"not_picked":["Sweeping Beam+1","Reprogram"],"picked":"Cold Snap+1","floor":40.0},{"not_picked":["Gash+1","Ball Lightning+1"],"picked":"Glacier","floor":41.0},{"not_picked":["Go for the Eyes+1","Heatsinks"],"picked":"Coolheaded","floor":42.0},{"not_picked":["Panacea","Forethought"],"picked":"Dark Shackles","floor":45.0},{"not_picked":["Finesse","PanicButton"],"picked":"Apotheosis","floor":45.0},{"not_picked":["Deep Breath","Thinking Ahead"],"picked":"PanicButton","floor":45.0},{"not_picked":["Chill+1","Stack","Barrage+1"],"picked":"SKIP","floor":47.0},{"not_picked":["Chill+1","Melter+1","Stack+1"],"picked":"SKIP","floor":48.0},{"not_picked":["Redo","Turbo"],"picked":"Conserve Battery+1","floor":54.0}],"player_experience":321042,"relics_obtained":[{"floor":6.0,"key":"Anchor"},{"floor":9.0,"key":"Mummified Hand"},{"floor":10.0,"key":"Girya"},{"floor":12.0,"key":"Pen Nib"},{"floor":19.0,"key":"Necronomicon"},{"floor":26.0,"key":"PreservedInsect"},{"floor":28.0,"key":"HornCleat"},{"floor":30.0,"key":"Happy Flower"},{"floor":34.0,"key":"Tiny Chest"},{"floor":34.0,"key":"Molten Egg 2"},{"floor":34.0,"key":"TungstenRod"},{"floor":37.0,"key":"Omamori"},{"floor":40.0,"key":"Akabeko"},{"floor":46.0,"key":"Meat on the Bone"},{"floor":48.0,"key":"Lantern"},{"floor":54.0,"key":"InkBottle"}],"event_choices":[{"damage_healed":0.0,"max_hp_gain":0.0,"max_hp_loss":0.0,"gold_gain":0.0,"event_name":"Big Fish","player_choice":"Box","floor":2.0,"gold_loss":0.0,"damage_taken":0.0,"relics_obtained":["Old Coin"],"cards_obtained":["Regret"]},{"cards_removed":["Regret"],"damage_healed":0.0,"max_hp_gain":0.0,"max_hp_loss":0.0,"gold_gain":0.0,"event_name":"The Cleric","player_choice":"Card Removal","floor":3.0,"gold_loss":50.0,"damage_taken":0.0},{"damage_healed":0.0,"max_hp_gain":0.0,"max_hp_loss":0.0,"gold_gain":0.0,"cards_transformed":["Defend_B"],"event_name":"Living Wall","player_choice":"Change","floor":11.0,"gold_loss":0.0,"damage_taken":0.0,"cards_obtained":["Go for the Eyes"]},{"damage_healed":0.0,"max_hp_gain":0.0,"max_hp_loss":0.0,"gold_gain":0.0,"event_name":"Cursed Tome","player_choice":"Obtained Book","floor":19.0,"gold_loss":0.0,"damage_taken":16.0},{"damage_healed":0.0,"max_hp_gain":0.0,"max_hp_loss":23.0,"gold_gain":0.0,"event_name":"Vampires","player_choice":"Became a vampire","floor":22.0,"gold_loss":0.0,"damage_taken":0.0,"cards_obtained":["Bite","Bite","Bite","Bite","Bite"]},{"damage_healed":0.0,"max_hp_gain":0.0,"max_hp_loss":0.0,"gold_gain":999.0,"event_name":"MindBloom","player_choice":"Gold","floor":38.0,"gold_loss":0.0,"damage_taken":0.0,"cards_obtained":["Normality","Normality"]},{"damage_healed":0.0,"max_hp_gain":0.0,"max_hp_loss":0.0,"gold_gain":0.0,"event_name":"SensoryStone","player_choice":"Memory 3","floor":45.0,"gold_loss":0.0,"damage_taken":10.0}],"is_beta":false,"boss_relics":[{"not_picked":["Ectoplasm","Cursed Key"],"picked":"Sozu"},{"not_picked":["Busted Crown","Inserter"],"picked":"Calling Bell"}],"items_purged_floors":[4,27,39,44,53],"is_endless":false,"potions_floor_spawned":[1,10,12,13,21,24,31,36,41],"killed_by":"The Heart","ascension_level":6}}