{"host":"nw4g04f085wnqcgt","time":1611984832,"event":{"mods":["AchievementEnabler","BaseMod","Colored Map","Colored Powertips","DeckTracker","Minty Spire (QoL Compilation)","Relic Sorter","SuperFastMode"],"gold_per_floor":[117,117,132,132,142,142,168,168,191,191,206,206,216,230,230,230,230],"floor_reached":16,"language":"ENG","playtime":649,"items_purged":[],"score":122,"play_id":"0061fa9b-3084-4214-b1ac-db8d81a61a60","local_time":"20210130003352","is_ascension_mode":true,"campfire_choices":[{"data":"Blur","floor":6,"key":"SMITH"},{"floor":8,"key":"REST"},{"data":"Neutralize","floor":10,"key":"SMITH"},{"data":"Dagger Spray","floor":12,"key":"SMITH"},{"floor":15,"key":"REST"}],"circlet_count":0,"master_deck":["Strike_G","Strike_G","Strike_G","Strike_G","Strike_G","Defend_G","Defend_G","Defend_G","Defend_G","Defend_G","Survivor","Neutralize+1","Blur+1","Outmaneuver","Catalyst","Dagger Spray+1","Poisoned Stab"],"relics":["Ring of the Snake","Omamori","Smiling Mask","Gremlin Horn"],"acts_visited":["Exordium"],"potions_floor_usage":[7,16],"damage_taken":[{"damage":0,"enemies":"Jaw Worm","floor":1,"turns":7},{"damage":0,"enemies":"Cultist","floor":3,"turns":4},{"damage":0,"enemies":"Small Slimes","floor":5,"turns":5},{"damage":35,"enemies":"Lagavulin","floor":7,"turns":12},{"damage":11,"enemies":"Exordium Wildlife","floor":11,"turns":5},{"damage":19,"enemies":"Exordium Thugs","floor":13,"turns":6},{"damage":0,"enemies":"2 Fungi Beasts","floor":14,"turns":3},{"damage":48,"enemies":"Hexaghost","floor":16,"turns":14}],"seed_played":"-7419886038767220404","potions_obtained":[{"floor":1,"key":"GamblersBrew"},{"floor":3,"key":"Strength Potion"},{"floor":13,"key":"Dexterity Potion"},{"floor":14,"key":"Fire Potion"}],"is_trial":false,"path_per_floor":["M","?","M","?","M","R","E","R","T","R","M","R","M","M","R","B"],"character_chosen":"THE_SILENT","items_purchased":[],"campfire_rested":2,"item_purchase_floors":[],"current_hp_per_floor":[70,67,67,67,67,67,32,53,53,53,42,42,23,23,44,0,0],"gold":230,"neow_bonus":"THREE_CARDS","is_daily":false,"chose_seed":false,"campfire_upgraded":3,"win_rate":0.0,"timestamp":1611984832,"path_taken":["M","?","M","?","?","R","E","R","T","R","M","R","M","M","R","BOSS"],"items_purchased_type":[],"build_version":"2020-12-22","purchased_purges":0,"victory":false,"max_hp_per_floor":[70,70,70,70,70,70,70,70,70,70,70,70,70,70,70,70,70],"card_choices":[{"not_picked":["Sucker Punch","Acrobatics"],"picked":"Blur","floor":0},{"not_picked":["Choke","Setup"],"picked":"Outmaneuver","floor":1},{"not_picked":["PiercingWail","Underhanded Strike"],"picked":"Catalyst","floor":3},{"not_picked":["Outmaneuver","Skewer","Terror"],"picked":"SKIP","floor":5},{"not_picked":["Sucker Punch","Quick Slash","Underhanded Strike"],"picked":"SKIP","floor":7},{"not_picked":["Cloak And Dagger","Bane"],"picked":"Dagger Spray","floor":11},{"not_picked":["Slice","After Image"],"picked":"Poisoned Stab","floor":13},{"not_picked":["Quick Slash","Endless Agony","Outmaneuver"],"picked":"SKIP","floor":14}],"player_experience":361090,"relics_obtained":[{"floor":7,"key":"Gremlin Horn"}],"event_choices":[{"damage_healed":0,"gold_gain":0,"player_choice":"Success","damage_taken":3,"relics_obtained":["Omamori"],"max_hp_gain":0,"max_hp_loss":0,"event_name":"Scrap Ooze","floor":2,"gold_loss":0},{"damage_healed":0,"gold_gain":0,"player_choice":"Gave Potion","damage_taken":0,"relics_obtained":["Smiling Mask"],"max_hp_gain":0,"max_hp_loss":0,"event_name":"WeMeetAgain","floor":4,"gold_loss":0}],"is_beta":false,"boss_relics":[],"items_purged_floors":[],"is_endless":false,"potions_floor_spawned":[1,3,13,14],"killed_by":"Hexaghost","ascension_level":4}}