{"host":"3vgzk5mhz751jdrj","time":1611973125,"event":{"mods":["2.2 Compatiblity","AchievementEnabler","Act Like it!","Aspiration","BaseMod","Better Altar","Better Match","Better Note","Better Sensory Stone","Better Skull","Better Third Choice","Block Reminder","Colored Map","Conspire","Curses Come First","Dark Map","Displayed Cursed Tome","Downfall","Friendly Minions","GifTheSpireLib","Halation","Hubris","Marked Mod","Mimic Mod","Minty Spire (QoL Compilation)","Quick Restart","Rare Cards Sparkle","Replay The Spire","Shop Mod","Spicy Shops","Spikes Relics","StSLib","Stuff the Spire","TheSurvivalist","Trackpad"],"gold_per_floor":[117,165,165,175,25,41,73,148,148,148,168,168,17,27,27,130,130,143,156,156,171,187,187,216,232,232,242,202,202,221,221,221,319,319,335,158,158,158,158],"floor_reached":38,"language":"ENG","playtime":2070,"items_purged":[],"score":396,"play_id":"ed541fd8-8d86-408c-a31b-3bac5c33021f","local_time":"20210129211845","is_ascension_mode":false,"campfire_choices":[{"floor":10,"key":"REST"},{"data":"survmod:Sprint","floor":15,"key":"SMITH"},{"floor":23,"key":"REST"},{"floor":29,"key":"REST"},{"floor":32,"key":"REST"}],"circlet_count":0,"master_deck":["survmod:Strike","survmod:Strike+1","survmod:Strike","survmod:Strike","survmod:Defend","survmod:Defend","survmod:Defend","survmod:Defend","survmod:VersatileOffense","survmod:Sprint+1","survmod:PenetratingShot","survmod:LongShot","survmod:LongShot","survmod:FlashbangTrap+1","survmod:LeapingShot","survmod:ExplosiveTrap","survmod:NeedleShot","survmod:AcidTrap","survmod:ExpertSniper","survmod:PiercingShot","survmod:AcidArrow","survmod:PinningSnipe+1","survmod:FlashbangShot","survmod:ComplexMutation","survmod:WalledOffTraps","survmod:MarkTrap","survmod:UnleashTheTraps+1","survmod:TakeAim+1","survmod:MutantEnergy","survmod:SkillfulManeuver"],"relics":["survmod:InnateMutation","aspiration:DSix","Eternal Feather","Guardian:PocketSentry","StuffTheSpire:Nightcore","expansioncontent:StudyCardRelic","aspiration:Stabinomicon","hubris:Metronome","Medical Kit","conspire:SpecialSausage"],"acts_visited":["Exordium","TheCity","TheBeyond"],"potions_floor_usage":[16,19,22,25,27,33,33],"damage_taken":[{"damage":5,"enemies":"Small Slimes","floor":1,"turns":4},{"damage":0,"enemies":"2 Louse","floor":4,"turns":2},{"damage":2,"enemies":"Cultist","floor":6,"turns":4},{"damage":9,"enemies":"Lagavulin","floor":7,"turns":8},{"damage":1,"enemies":"2 Fungi Beasts","floor":11,"turns":2},{"damage":2,"enemies":"Large Slime","floor":14,"turns":2},{"damage":19,"enemies":"The Guardian","floor":16,"turns":12},{"damage":6,"enemies":"Shell Parasite","floor":18,"turns":5},{"damage":4,"enemies":"Chosen","floor":19,"turns":6},{"damage":2,"enemies":"Centurion and Healer","floor":21,"turns":5},{"damage":15,"enemies":"3 Cultists","floor":22,"turns":6},{"damage":38,"enemies":"Slavers","floor":24,"turns":7},{"damage":0,"enemies":"Snecko","floor":25,"turns":4},{"damage":2,"enemies":"Chosen and Byrds","floor":27,"turns":6},{"damage":4,"enemies":"Cultist and Chosen","floor":30,"turns":3},{"damage":31,"enemies":"conspire:MysteriousRune","floor":33,"turns":10},{"damage":39,"enemies":"3 Shapes","floor":35,"turns":5},{"damage":14,"enemies":"conspire:MimicChest","floor":38,"turns":4}],"seed_played":"1575303642080913989","potions_obtained":[{"floor":2,"key":"LiquidBronze"},{"floor":4,"key":"conspire:TimeTravelPotion"},{"floor":16,"key":"Reflective Coating"},{"floor":18,"key":"Swift Potion"},{"floor":22,"key":"SpeedPotion"},{"floor":25,"key":"Strength Potion"},{"floor":30,"key":"Toxic Potion"}],"is_trial":false,"path_per_floor":["M","?","?","M","$","M","E","?","T","R","M","?","$","M","R","B",null,"M","M","?","M","M","R","E","M","T","M","?","R","M","$","R","B",null,"M","$","?","?"],"character_chosen":"THE_SURVIVOR","items_purchased":["Guardian:PocketSentry","survmod:NeedleShot","Medical Kit","survmod:MutantEnergy","survmod:SkillfulManeuver"],"campfire_rested":4,"item_purchase_floors":[5,13,31,36,36],"current_hp_per_floor":[45,45,45,45,45,43,34,23,23,47,46,46,46,44,50,31,50,44,40,24,22,15,42,4,4,4,2,2,32,28,18,48,17,50,11,11,11,0,0],"gold":158,"neow_bonus":"DSIX","is_daily":false,"chose_seed":false,"campfire_upgraded":1,"win_rate":0.0,"timestamp":1611973125,"path_taken":["M","?","?","M","$","?","E","?","T","R","M","?","$","M","R","BOSS","M","?","?","M","M","R","E","M","T","M","?","R","?","?","R","BOSS","M","$","?","?"],"items_purchased_type":["Relic","Card","Relic","Card","Card"],"build_version":"2020-12-22","purchased_purges":0,"victory":false,"max_hp_per_floor":[50,50,50,50,50,50,50,50,50,50,50,50,50,50,50,50,50,50,50,50,50,50,50,50,50,50,50,50,50,50,50,50,50,50,50,50,50,50,50],"card_choices":[{"not_picked":["survmod:TacticalManeuver","survmod:GoForFace"],"picked":"survmod:PenetratingShot","floor":1},{"not_picked":["survmod:FindCover","survmod:FenceTrap"],"picked":"survmod:LongShot","floor":2},{"not_picked":["survmod:SwiftKick","survmod:TwinShot"],"picked":"survmod:LongShot","floor":4},{"not_picked":["survmod:LongShot","survmod:MarkTrap"],"picked":"survmod:FlashbangTrap","floor":6},{"not_picked":["survmod:UnfortunateEscape","survmod:FlashbangTrap"],"picked":"survmod:LeapingShot","floor":7},{"not_picked":["survmod:MarkTrap","survmod:KnowThyEnemy"],"picked":"survmod:ExplosiveTrap","floor":11},{"not_picked":["survmod:SurpriseTrap","survmod:LongShot"],"picked":"survmod:AcidTrap","floor":14},{"not_picked":["survmod:DeadlyAim","survmod:UnleashTheTraps"],"picked":"survmod:ExpertSniper","floor":16},{"not_picked":["survmod:AcidTrap","survmod:BendAndBow+1"],"picked":"survmod:PiercingShot","floor":18},{"not_picked":["survmod:UnfortunateEscape","survmod:QuickThinking","survmod:FlashbangTrap+1"],"picked":"SKIP","floor":19},{"not_picked":["survmod:TwinShot","survmod:Adaptability"],"picked":"survmod:AcidArrow","floor":21},{"not_picked":["survmod:FocusedFire","survmod:OverexertingShot+1"],"picked":"survmod:PinningSnipe+1","floor":22},{"not_picked":["survmod:LongShot+1","survmod:Exploit"],"picked":"survmod:FlashbangShot","floor":24},{"not_picked":["survmod:SimpleMutation+1","survmod:BendAndBow"],"picked":"survmod:ComplexMutation","floor":25},{"not_picked":["survmod:BearTrap","survmod:FlashbangTrap"],"picked":"survmod:WalledOffTraps","floor":27},{"not_picked":["survmod:DuckAndFlare+1","survmod:ComplexMutation"],"picked":"survmod:MarkTrap","floor":30},{"not_picked":["survmod:ChokingBow","survmod:DesperateAmbush"],"picked":"survmod:UnleashTheTraps","floor":33},{"not_picked":["survmod:SimpleMutation","survmod:SwiftKick"],"picked":"survmod:TakeAim+1","floor":35}],"player_experience":415543,"relics_obtained":[{"floor":2,"key":"Eternal Feather"},{"floor":7,"key":"StuffTheSpire:Nightcore"},{"floor":24,"key":"hubris:Metronome"}],"event_choices":[{"cards_removed":["ReplayTheSpireMod:Splinters"],"damage_healed":0,"gold_gain":0,"player_choice":"Removed Curses","damage_taken":0,"max_hp_gain":0,"max_hp_loss":0,"event_name":"Fountain of Cleansing","floor":3,"gold_loss":0},{"damage_healed":0,"gold_gain":75,"player_choice":"Gold","damage_taken":11,"max_hp_gain":0,"max_hp_loss":0,"event_name":"betterThird:BetterGoop","floor":8,"gold_loss":0},{"cards_removed":["survmod:LeapingShot"],"damage_healed":0,"gold_gain":0,"player_choice":"Give","damage_taken":0,"max_hp_gain":0,"max_hp_loss":0,"event_name":"betterNote:BetterNote","floor":12,"gold_loss":0,"cards_obtained":["Slimebound:FirmFortitude"]},{"damage_healed":0,"gold_gain":0,"player_choice":"Obtained Book","damage_taken":16,"max_hp_gain":0,"max_hp_loss":0,"event_name":"Cursed Tome","floor":20,"gold_loss":0},{"damage_healed":0,"gold_gain":0,"player_choice":"Upgraded Two","damage_taken":0,"max_hp_gain":0,"max_hp_loss":0,"event_name":"Designer","floor":28,"gold_loss":40,"cards_upgraded":["survmod:Strike","survmod:FlashbangTrap"]}],"is_beta":false,"boss_relics":[{"not_picked":["hubris:Stopwatch","bronze:MakeshiftBattery"],"picked":"expansioncontent:StudyCardRelic"},{"not_picked":["trackpad:Trackpad","Replay:Drink Me"],"picked":"conspire:SpecialSausage"}],"items_purged_floors":[],"is_endless":false,"potions_floor_spawned":[4,16,18,22,25,30],"killed_by":"conspire:MimicChest","ascension_level":0}}