{"host":"KYO","time":1611968701,"event":{"mods":["ATMod(°¢èªMod)","BaseMod","Minty Spire (QoL Compilation)","Permanent Neow","Replay The Spire","Shop Mod","StSLib","SuperFastMode","TestMod","[IsaacMod]ÒÔÈö¼âËþ","¡¾ÒÅÎï¿¨ÅÆ¡¿REMEMod"],"gold_per_floor":[213,227,244,284,209,238,288,397,421,483,540,625,625,692,692,791,791,886,886,663,553,678,732,732,833,879,879,914,972,1011,1052,1052,1224,1224,1264,1405,1405,1543,1583,1643,1643,1760,1760,1865,1695,1738,1738,1874,1874,1899,1949,1949,1949,1786,1866,1891],"floor_reached":57,"language":"ZHS","playtime":1975,"items_purged":["Strike_R","All Out Attack","SuicideKing","Rampage"],"score":3334,"play_id":"3c29da1c-a74c-407b-ac29-0c66fd2b8edd","local_time":"20210130090501","is_ascension_mode":true,"campfire_choices":[{"data":"Pot Of Greed","floor":13.0,"key":"SMITH"},{"data":"Pot Of Greed","floor":15.0,"key":"SMITH"},{"data":"Offering","floor":24.0,"key":"SMITH"},{"data":"Fiend Fire","floor":27.0,"key":"SMITH"},{"data":"Pommel Strike","floor":32.0,"key":"SMITH"},{"data":"Finesse","floor":47,"key":"SMITH"},{"floor":49,"key":"RECALL"},{"data":"Disarm","floor":53,"key":"SMITH"}],"circlet_count":0,"master_deck":["AscendersBane","Defend_R","Defend_R","Defend_R","Defend_R","AT_FamilyPortrait+1","Pommel Strike+1","Inflame","Pot Of Greed+1","Pot Of Greed+1","Fiend Fire+1","Heavy Blade+1","Abandon+1","AT_ManFootWork+1","Offering+1","Finesse+1","Disarm+1"],"relics":["Burning Blood","HushsDoor","AT_ATBox","REME_ComplimentaryCards","testmod-TestBox","MoneyPower","testmod-Brilliant","AT_MibuBalloonWealth","Replay:Baseball","Enchiridion","MerchantsRug","Replay:Wax Seal","Ornamental Fan","AT_BladeRuinedKing","Cursed Key","Busted Crown","MagicMushroom","GuppysCollar","Membership Card","DeadEye","testmod-EqualTreatment","Medical Kit","Bronze Scales","Divine Protection"],"acts_visited":["Exordium","TheCity","TheBeyond","TheEnding"],"potions_floor_usage":[56,56],"damage_taken":[{"damage":0.0,"enemies":"2 Louse","floor":1.0,"turns":1.0},{"damage":0.0,"enemies":"Small Slimes","floor":2.0,"turns":1.0},{"damage":1.0,"enemies":"Cultist","floor":4.0,"turns":3.0},{"damage":22.0,"enemies":"Replay:BlueRogue","floor":6.0,"turns":3.0},{"damage":0.0,"enemies":"3 Sentries","floor":8.0,"turns":1.0},{"damage":0.0,"enemies":"2 Fungi Beasts","floor":10.0,"turns":1.0},{"damage":0.0,"enemies":"Gremlin Nob","floor":11.0,"turns":2.0},{"damage":0.0,"enemies":"3 Louse","floor":12.0,"turns":1.0},{"damage":0.0,"enemies":"Large Slime","floor":14.0,"turns":2.0},{"damage":47.0,"enemies":"Hexaghost","floor":16.0,"turns":6.0},{"damage":0.0,"enemies":"3 Byrds","floor":18.0,"turns":1.0},{"damage":0.0,"enemies":"Hiden Room Battle","floor":22.0,"turns":1.0},{"damage":6.0,"enemies":"Replay:Snechameleon","floor":23.0,"turns":1.0},{"damage":6.0,"enemies":"Slavers","floor":25.0,"turns":1.0},{"damage":6.0,"enemies":"Chosen","floor":28.0,"turns":1.0},{"damage":0.0,"enemies":"REME_1_Revenger","floor":29.0,"turns":1.0},{"damage":0.0,"enemies":"Snecko","floor":30.0,"turns":1.0},{"damage":0.0,"enemies":"Snake Plant","floor":31.0,"turns":1.0},{"damage":49.0,"enemies":"Pondfish","floor":33.0,"turns":3.0},{"damage":0.0,"enemies":"Orb Walker","floor":35.0,"turns":1.0},{"damage":0.0,"enemies":"3 Darklings","floor":38.0,"turns":1.0},{"damage":0.0,"enemies":"Maw","floor":39.0,"turns":2.0},{"damage":6.0,"enemies":"Nemesis","floor":40.0,"turns":1.0},{"damage":0.0,"enemies":"4 Shapes","floor":42.0,"turns":1.0},{"damage":0,"enemies":"Reptomancer","floor":44,"turns":1},{"damage":6,"enemies":"Writhing Mass","floor":46,"turns":1},{"damage":0,"enemies":"3 Darklings","floor":48,"turns":1},{"damage":21,"enemies":"Replay:Hell Engine","floor":50,"turns":2},{"damage":6,"enemies":"Donu and Deca","floor":51,"turns":1},{"damage":0,"enemies":"Shield and Spear","floor":55,"turns":1},{"damage":36,"enemies":"The Heart","floor":56,"turns":6}],"seed_played":"1272071880355454332","potions_obtained":[{"floor":1.0,"key":"EntropicBrew"},{"floor":2.0,"key":"ColorlessPotion"},{"floor":8.0,"key":"Dexterity Potion"},{"floor":16.0,"key":"AttackPotion"},{"floor":25.0,"key":"AttackPotion"},{"floor":28.0,"key":"LifebloodPotion"},{"floor":38.0,"key":"LifebloodPotion"},{"floor":46,"key":"BlessingOfTheForge"},{"floor":48,"key":"Block Potion"}],"is_trial":false,"path_per_floor":["M","M","?","M","?","E","?","E","T","M","E","M","R","M","R","B",null,"M","?","$","?","?","E","R","E","T","R","M","E","M","M","R","B",null,"M","$","?","M","M","E","T","M","T","E","$","M","R","M","R","B","B",null,"R","$","E","B",null],"character_chosen":"IRONCLAD","items_purchased":["Offering","MerchantsRug","Replay:Wax Seal","GuppysCollar","Membership Card","testmod-EqualTreatment","Medical Kit","Bronze Scales"],"campfire_rested":0,"item_purchase_floors":[17,20,20,34,36,45,54,54],"current_hp_per_floor":[74,75,51,56,56,40,25,31,31,37,53,59,59,65,65,24,67,73,52,52,52,43,43,43,43,43,43,43,49,55,61,61,18,63,69,69,69,75,75,75,75,75,75,75,75,75,75,75,75,75,75,75,75,75,75,45],"gold":1891,"neow_bonus":"HUNDRED_GOLD","is_daily":false,"chose_seed":false,"campfire_upgraded":7,"win_rate":0.0,"timestamp":1611968701,"path_taken":["M","M","?","M","?","E","?","E","T","?","E","M","R","M","R","BOSS","M","?","$","?","?","E","R","E","T","R","M","E","M","?","R","BOSS","M","$","?","M","?","E","?","M","T","E","$","M","R","M","R","BOSS","BOSS","R","$","E","BOSS"],"items_purchased_type":["Card","Relic","Relic","Relic","Relic","Relic","Relic","Relic"],"build_version":"2020-12-18","purchased_purges":4,"victory":true,"max_hp_per_floor":[75,75,75,75,75,75,75,75,75,75,85,85,85,85,85,85,81,81,81,81,81,81,81,81,81,81,81,81,81,81,81,81,81,75,75,75,75,75,75,75,75,75,75,75,75,75,75,75,75,75,75,75,75,75,75,75],"card_choices":[{"not_picked":[],"picked":"SuicideKing","floor":0.0},{"not_picked":["Clash","Dark Embrace","Metallicize"],"picked":"SKIP","floor":1.0},{"not_picked":["Feel No Pain","Anger"],"picked":"Pommel Strike","floor":2.0},{"not_picked":["Sentinel","Wild Strike"],"picked":"Rampage","floor":3.0},{"not_picked":["Clothesline","ReplayTheSpireMod:Strike From Hell","Shrug It Off"],"picked":"SKIP","floor":4.0},{"not_picked":["Armaments","Cleave"],"picked":"Inflame","floor":6.0},{"not_picked":["Anger","Entrench","Ghostly Armor"],"picked":"SKIP","floor":8.0},{"not_picked":["Anger","ReplayTheSpireMod:Corrosion Curse","AT_IchimonjiDouble"],"picked":"SKIP","floor":10.0},{"not_picked":["Sever Soul","Perfected Strike","Clash"],"picked":"SKIP","floor":11.0},{"not_picked":["Entrench","Dark Embrace","Twin Strike"],"picked":"SKIP","floor":12.0},{"not_picked":["REME_TheLastStrike","Pummel","Heavy Blade"],"picked":"SKIP","floor":14.0},{"not_picked":["REME_Fury","Demonic Infusion"],"picked":"Fiend Fire","floor":16.0},{"not_picked":["Havoc","Shockwave","Perfected Strike"],"picked":"SKIP","floor":18.0},{"not_picked":["Spot Weakness","True Grit","REME_Scribble"],"picked":"SKIP","floor":23.0},{"not_picked":["Demonic Infusion","Intimidate","Fire Breathing"],"picked":"SKIP","floor":25.0},{"not_picked":["Twin Strike","Anger","Heavy Blade"],"picked":"SKIP","floor":28.0},{"not_picked":["Brutality","Dropkick","Armaments"],"picked":"SKIP","floor":29.0},{"not_picked":["Havoc","Thunderclap","Warcry"],"picked":"SKIP","floor":30.0},{"not_picked":["Headbutt+1","Armaments","Replay:Undeath\u0027s Touch"],"picked":"SKIP","floor":31.0},{"not_picked":["Headbutt+1","Armaments","Replay:Undeath\u0027s Touch"],"picked":"SKIP","floor":31.0},{"not_picked":["Pommel Strike"],"picked":"SKIP","floor":35.0},{"not_picked":[],"picked":"Finesse","floor":37.0},{"not_picked":["AT_GerminateFire"],"picked":"SKIP","floor":38.0},{"not_picked":["AT_BodySlamDance+1"],"picked":"SKIP","floor":39.0},{"not_picked":["Clash"],"picked":"SKIP","floor":40.0},{"not_picked":["Sword Boomerang+1"],"picked":"SKIP","floor":42.0},{"not_picked":["ReplayTheSpireMod:Stacked"],"picked":"SKIP","floor":44},{"not_picked":["Flex"],"picked":"SKIP","floor":46},{"not_picked":[],"picked":"Disarm","floor":48},{"not_picked":["AT_IchimonjiDouble"],"picked":"SKIP","floor":55}],"player_experience":706213,"relics_obtained":[{"floor":3.0,"key":"Pocketwatch"},{"floor":6.0,"key":"AT_MibuBalloonWealth"},{"floor":8.0,"key":"Replay:Baseball"},{"floor":9.0,"key":"Grinning Jar"},{"floor":11.0,"key":"Pear"},{"floor":19.0,"key":"Enchiridion"},{"floor":22.0,"key":"TuHaoJin"},{"floor":22.0,"key":"Tiny Chest"},{"floor":23.0,"key":"Ornamental Fan"},{"floor":25.0,"key":"AT_BladeRuinedKing"},{"floor":29.0,"key":"D4"},{"floor":40.0,"key":"D6"},{"floor":44,"key":"DeadEye"},{"floor":55,"key":"Divine Protection"}],"event_choices":[{"cards_removed":["Strike_R"],"damage_healed":0.0,"max_hp_gain":0.0,"max_hp_loss":0.0,"gold_gain":0.0,"event_name":"The Cleric","player_choice":"Card Removal","floor":5.0,"gold_loss":75.0,"damage_taken":0.0},{"damage_healed":0.0,"max_hp_gain":0.0,"max_hp_loss":0.0,"gold_gain":0.0,"event_name":"Cursed Tome","player_choice":"Obtained Book","floor":19.0,"gold_loss":0.0,"damage_taken":21.0},{"cards_removed":["Bash"],"damage_healed":0.0,"max_hp_gain":0.0,"max_hp_loss":0.0,"gold_gain":0.0,"event_name":"Designer","player_choice":"Upgrade and Remove","floor":21.0,"gold_loss":110.0,"damage_taken":0.0,"cards_upgraded":["AT_FamilyPortrait"]},{"damage_healed":0.0,"max_hp_gain":0.0,"max_hp_loss":0.0,"gold_gain":0.0,"event_name":"HidenRoomEvent","player_choice":"Fight","floor":22.0,"gold_loss":0.0,"damage_taken":0.0},{"damage_healed":0.0,"max_hp_gain":0.0,"max_hp_loss":0.0,"gold_gain":0.0,"event_name":"SensoryStone","player_choice":"Memory 1","floor":37.0,"gold_loss":0.0,"damage_taken":0.0}],"is_beta":true,"boss_relics":[{"not_picked":["Velvet Choker","Replay:Drink Me"],"picked":"Astrolabe"},{"not_picked":[]},{"not_picked":["Ooze Armor","Ring of Chaos"],"picked":"Replay:Grab Bag"},{"not_picked":["Runic Dome","ChewingGum"],"picked":"Cursed Key"},{"not_picked":["Sozu","Coffee Dripper"],"picked":"Busted Crown"},{"not_picked":["Empty Cage","Runic Cube"],"picked":"MagicMushroom"},{"not_picked":[]}],"items_purged_floors":[20,36,45,54],"is_endless":false,"potions_floor_spawned":[1,2,8,16,18,25,28,29,31,38,39,46,48],"ascension_level":20}}