{"host":"tq99ucv8ezzqzioe","time":1611982625,"event":{"mods":["BaseMod","Colored Map","Downfall","Highlight Path","Minty Spire (QoL Compilation)","StSLib"],"gold_per_floor":[416,431,506,519,68,94,106,106,178,210,210,210,229,239,239,239,239],"floor_reached":16,"language":"ENG","playtime":600,"items_purged":["Parasite"],"score":211,"play_id":"c0be3606-d610-45c2-8fb0-bce368d7f3d7","local_time":"20210129235705","is_ascension_mode":true,"campfire_choices":[{"data":"Perfected Strike","floor":8,"key":"SMITH"},{"floor":12,"key":"REST"},{"data":"Pommel Strike","floor":15,"key":"SMITH"}],"circlet_count":0,"master_deck":["Strike_R","Strike_R","Strike_R","Strike_R","Strike_R","Defend_R+1","Defend_R","Defend_R","Defend_R+1","Bash","Evolve","Pommel Strike","Perfected Strike+1","Pommel Strike","Immolate","Pommel Strike+1","Spot Weakness","Bludgeon","Twin Strike"],"relics":["Burning Blood","Old Coin","Mummified Hand","Gambling Chip","War Paint"],"acts_visited":["Exordium"],"potions_floor_usage":[10,10],"damage_taken":[{"damage":3,"enemies":"2 Louse","floor":1,"turns":5},{"damage":6,"enemies":"Cultist","floor":2,"turns":4},{"damage":9,"enemies":"Jaw Worm","floor":4,"turns":3},{"damage":20,"enemies":"3 Sentries","floor":6,"turns":3},{"damage":21,"enemies":"Large Slime","floor":7,"turns":4},{"damage":20,"enemies":"Lagavulin","floor":10,"turns":3},{"damage":0,"enemies":"3 Louse","floor":13,"turns":2},{"damage":0,"enemies":"Gremlin Gang","floor":14,"turns":1}],"seed_played":"-6513522124838151982","potions_obtained":[{"floor":2,"key":"BlessingOfTheForge"},{"floor":7,"key":"bronze:BurnAndBuffPotion"},{"floor":13,"key":"SteroidPotion"}],"is_trial":false,"path_per_floor":["M","M","?","M","$","E","M","R","T","E","?","R","M","M","R","B"],"character_chosen":"IRONCLAD","items_purchased":["Mummified Hand","Pommel Strike","Immolate"],"campfire_rested":1,"item_purchase_floors":[5,5,5],"current_hp_per_floor":[75,75,64,61,61,47,32,32,32,18,18,41,47,53,53,0,0],"gold":239,"neow_bonus":"ONE_RARE_RELIC","is_daily":false,"chose_seed":false,"campfire_upgraded":2,"win_rate":0.0,"timestamp":1611982625,"path_taken":["M","M","?","M","$","E","M","R","T","E","?","R","M","M","R","BOSS"],"items_purchased_type":["Relic","Card","Card"],"build_version":"2020-12-22","purchased_purges":1,"victory":false,"max_hp_per_floor":[80,80,80,80,77,77,77,77,77,77,77,77,77,77,77,77,77],"card_choices":[{"not_picked":["True Grit","Perfected Strike"],"picked":"Evolve","floor":1},{"not_picked":["Wild Strike","Battle Trance"],"picked":"Pommel Strike","floor":2},{"not_picked":["Searing Blow","Thunderclap"],"picked":"Perfected Strike","floor":4},{"not_picked":["Sword Boomerang","Disarm"],"picked":"Pommel Strike","floor":6},{"not_picked":["Entrench","Second Wind"],"picked":"Spot Weakness","floor":7},{"not_picked":["Sword Boomerang","Spot Weakness"],"picked":"Bludgeon","floor":10},{"not_picked":["Thunderclap","Rage","Second Wind"],"picked":"SKIP","floor":13},{"not_picked":["Thunderclap","Wild Strike"],"picked":"Twin Strike","floor":14}],"player_experience":817298,"relics_obtained":[{"floor":6,"key":"Gambling Chip"},{"floor":10,"key":"War Paint"}],"event_choices":[{"damage_healed":0,"gold_gain":75,"player_choice":"Gather Gold","damage_taken":11,"max_hp_gain":0,"max_hp_loss":0,"event_name":"World of Goop","floor":3,"gold_loss":0},{"damage_healed":0,"gold_gain":0,"player_choice":"Ignored","damage_taken":0,"max_hp_gain":0,"max_hp_loss":0,"event_name":"Liars Game","floor":11,"gold_loss":0}],"is_beta":false,"boss_relics":[],"items_purged_floors":[5],"is_endless":false,"potions_floor_spawned":[2,7,13],"killed_by":"The Guardian","ascension_level":6}}