{"host":"c44ey07ufggfw2m8","time":1611992528,"event":{"mods":["2.2 Compatiblity","BaseMod","Colored Map","DeckTracker","Highlight Path","Keyboard Shortcuts","Minty Spire (QoL Compilation)","Permanent Neow","Quick Restart","StSLib","SuperFastMode","UnlockEverythingMod"],"gold_per_floor":[111,111,111,132,132,163,187,187,187,230,230,57,57,57,57,183,183,203,171,121,140,50,50,64,64,113,127,139,159,159,172,172,274,274,286,299,152,164,175,210,210,259,331,331,360,360,360,175,175,175,175],"floor_reached":50,"language":"KOR","playtime":2289,"items_purged":["Strike_G","Defend_G","Strike_G","Parasite"],"score":840,"play_id":"5f60314e-690d-4f0d-ba41-1795252648fc","local_time":"20210130164208","is_ascension_mode":true,"campfire_choices":[{"data":"Die Die Die","floor":8.0,"key":"SMITH"},{"floor":11.0,"key":"REST"},{"data":"Bullet Time","floor":13.0,"key":"SMITH"},{"floor":15.0,"key":"REST"},{"floor":23.0,"key":"REST"},{"data":"Venomology","floor":30.0,"key":"SMITH"},{"data":"Catalyst","floor":32.0,"key":"SMITH"},{"data":"Wraith Form v2","floor":41.0,"key":"SMITH"},{"data":"Noxious Fumes","floor":44,"key":"SMITH"},{"data":"Corpse Explosion","floor":46,"key":"SMITH"},{"data":"Madness","floor":49,"key":"SMITH"}],"circlet_count":0,"master_deck":["AscendersBane","Defend_G","Defend_G","Defend_G","Survivor","Neutralize","Noxious Fumes+1","Well Laid Plans+1","Die Die Die+1","Leg Sweep","Dagger Spray","Bullet Time+1","Footwork","Blade Dance+1","Venomology+1","Backflip","Backflip","Deadly Poison+1","PiercingWail","Corpse Explosion+1","Catalyst+1","Wraith Form v2+1","Calculated Gamble","Backflip+1","Prepared","Prepared+1","Madness+1","Madness","After Image"],"relics":["Ring of the Snake","NeowsBlessing","Bloody Idol","Mummified Hand","Smiling Mask","PreservedInsect","Empty Cage","Oddly Smooth Stone","Cursed Key","Bottled Lightning","Du-Vu Doll","Pantograph","CaptainsWheel"],"acts_visited":["Exordium","TheCity","TheBeyond"],"potions_floor_usage":[42,45,50,50,50],"damage_taken":[{"damage":0.0,"enemies":"2 Louse","floor":1.0,"turns":1.0},{"damage":0.0,"enemies":"Small Slimes","floor":4.0,"turns":1.0},{"damage":0.0,"enemies":"Gremlin Nob","floor":6.0,"turns":1.0},{"damage":0.0,"enemies":"Cultist","floor":7.0,"turns":4.0},{"damage":24.0,"enemies":"Lagavulin","floor":10.0,"turns":10.0},{"damage":25.0,"enemies":"Slime Boss","floor":16.0,"turns":13.0},{"damage":0.0,"enemies":"3 Byrds","floor":18.0,"turns":5.0},{"damage":37.0,"enemies":"2 Thieves","floor":19.0,"turns":5.0},{"damage":15.0,"enemies":"Snake Plant","floor":21.0,"turns":5.0},{"damage":1.0,"enemies":"Snecko","floor":24.0,"turns":6.0},{"damage":9.0,"enemies":"Shelled Parasite and Fungi","floor":27.0,"turns":5.0},{"damage":0.0,"enemies":"Chosen and Byrds","floor":28.0,"turns":5.0},{"damage":11.0,"enemies":"Centurion and Healer","floor":29.0,"turns":6.0},{"damage":4.0,"enemies":"Snake Plant","floor":31.0,"turns":5.0},{"damage":26.0,"enemies":"Automaton","floor":33.0,"turns":10.0},{"damage":22.0,"enemies":"3 Shapes","floor":35.0,"turns":4.0},{"damage":2.0,"enemies":"Orb Walker","floor":36.0,"turns":4.0},{"damage":4.0,"enemies":"Transient","floor":38.0,"turns":5.0},{"damage":18.0,"enemies":"Sphere and 2 Shapes","floor":39.0,"turns":6.0},{"damage":7.0,"enemies":"Nemesis","floor":40.0,"turns":7.0},{"damage":35,"enemies":"2 Orb Walkers","floor":42,"turns":4},{"damage":1,"enemies":"Giant Head","floor":45,"turns":7},{"damage":59,"enemies":"Time Eater","floor":50,"turns":12}],"seed_played":"-3167639901248081015","potions_obtained":[{"floor":1.0,"key":"Ancient Potion"},{"floor":4.0,"key":"Explosive Potion"},{"floor":19.0,"key":"SteroidPotion"},{"floor":27.0,"key":"BlessingOfTheForge"},{"floor":28.0,"key":"Regen Potion"},{"floor":29.0,"key":"PowerPotion"},{"floor":42,"key":"BlessingOfTheForge"}],"is_trial":false,"path_per_floor":["M","?","?","M","?","E","M","R","T","E","R","$","R","?","R","B",null,"M","M","$","M","?","R","M","?","T","M","M","M","R","M","R","B",null,"M","M","$","M","M","E","R","?","T","R","E","R","?","$","R","B"],"character_chosen":"THE_SILENT","items_purchased":["Footwork","Blade Dance","GhostInAJar","After Image"],"campfire_rested":3,"item_purchase_floors":[12,12,37,48],"current_hp_per_floor":[63,46,39,39,39,39,39,39,39,15,36,36,36,36,57,32,61,61,24,24,9,9,30,29,29,34,30,35,44,44,45,45,24,59,42,45,45,46,33,31,31,22,27,27,31,31,22,22,22,0,0],"gold":175,"neow_bonus":"THREE_ENEMY_KILL","is_daily":false,"chose_seed":false,"campfire_upgraded":8,"win_rate":0.0,"timestamp":1611992528,"path_taken":["M","?","?","?","?","E","M","R","T","E","R","$","R","?","R","BOSS","M","?","?","M","?","R","?","?","T","M","M","M","R","M","R","BOSS","M","M","$","M","M","E","R","?","T","R","E","R","?","?","R","BOSS"],"items_purchased_type":["Card","Card","Potion","Card"],"build_version":"2020-12-22","purchased_purges":4,"victory":false,"max_hp_per_floor":[70,70,70,70,70,70,70,70,70,70,70,70,70,70,70,70,70,70,70,70,70,70,70,70,70,70,70,70,70,70,70,70,70,70,70,70,70,70,70,70,70,70,70,70,70,70,70,67,67,67,67],"card_choices":[{"not_picked":["Outmaneuver","Expertise"],"picked":"Noxious Fumes","floor":1.0},{"not_picked":["Sucker Punch","Prepared"],"picked":"Well Laid Plans","floor":4.0},{"not_picked":["Deflect","Infinite Blades"],"picked":"Leg Sweep","floor":6.0},{"not_picked":["Dagger Throw","Setup"],"picked":"Dagger Spray","floor":7.0},{"not_picked":["Backflip","Deflect"],"picked":"Bullet Time","floor":10.0},{"not_picked":["Bullet Time","Storm of Steel"],"picked":"Venomology","floor":16.0},{"not_picked":["Acrobatics","Flying Knee"],"picked":"Backflip","floor":18.0},{"not_picked":["Deadly Poison","Dodge and Roll"],"picked":"Backflip","floor":19.0},{"not_picked":["Outmaneuver+1","Bane"],"picked":"Deadly Poison+1","floor":21.0},{"not_picked":["Cloak And Dagger","Prepared"],"picked":"PiercingWail","floor":24.0},{"not_picked":["Expertise","Deadly Poison+1"],"picked":"Corpse Explosion","floor":27.0},{"not_picked":["Dodge and Roll","Dagger Spray+1","Distraction+1"],"picked":"SKIP","floor":28.0},{"not_picked":["Caltrops","Flying Knee","Acrobatics"],"picked":"SKIP","floor":29.0},{"not_picked":["Well Laid Plans","Backflip"],"picked":"Catalyst","floor":31.0},{"not_picked":["Phantasmal Killer","Grand Finale"],"picked":"Wraith Form v2","floor":33.0},{"not_picked":["Dagger Spray+1","Underhanded Strike+1"],"picked":"Calculated Gamble","floor":35.0},{"not_picked":["Heel Hook+1","Bullet Time"],"picked":"Backflip+1","floor":36.0},{"not_picked":["Underhanded Strike","Dodge and Roll+1"],"picked":"Prepared","floor":38.0},{"not_picked":["Bane+1","Masterful Stab","Slice"],"picked":"SKIP","floor":39.0},{"not_picked":["Skewer+1","Flying Knee","Cloak And Dagger"],"picked":"SKIP","floor":40.0},{"not_picked":["Flying Knee+1","PiercingWail+1"],"picked":"Prepared+1","floor":42},{"not_picked":["Eviscerate","Masterful Stab+1","Slice+1"],"picked":"SKIP","floor":45}],"player_experience":90739,"relics_obtained":[{"floor":6.0,"key":"Mummified Hand"},{"floor":9.0,"key":"Smiling Mask"},{"floor":10.0,"key":"PreservedInsect"},{"floor":26.0,"key":"Oddly Smooth Stone"},{"floor":40.0,"key":"Bottled Lightning"},{"floor":42,"key":"Du-Vu Doll"},{"floor":43,"key":"Pantograph"},{"floor":45,"key":"CaptainsWheel"}],"event_choices":[{"damage_healed":0.0,"max_hp_gain":0.0,"max_hp_loss":0.0,"gold_gain":0.0,"event_name":"Golden Idol","player_choice":"Take Damage","floor":2.0,"gold_loss":0.0,"damage_taken":17.0,"relics_obtained":["Golden Idol"]},{"damage_healed":0.0,"max_hp_gain":0.0,"max_hp_loss":0.0,"gold_gain":0.0,"event_name":"Wheel of Change","player_choice":"Damaged","floor":3.0,"gold_loss":0.0,"damage_taken":7.0},{"damage_healed":0.0,"max_hp_gain":0.0,"max_hp_loss":0.0,"gold_gain":0.0,"cards_transformed":["Strike_G"],"event_name":"Living Wall","player_choice":"Change","floor":5.0,"gold_loss":0.0,"damage_taken":0.0,"cards_obtained":["Die Die Die"]},{"damage_healed":0.0,"max_hp_gain":0.0,"max_hp_loss":0.0,"gold_gain":0.0,"event_name":"Upgrade Shrine","player_choice":"Upgraded","floor":14.0,"gold_loss":0.0,"damage_taken":0.0,"cards_upgraded":["Blade Dance"]},{"cards_removed":["Defend_G"],"damage_healed":0.0,"max_hp_gain":0.0,"max_hp_loss":0.0,"gold_gain":0.0,"event_name":"Designer","player_choice":"Upgrade and Remove","floor":22.0,"gold_loss":90.0,"damage_taken":0.0,"cards_upgraded":["Well Laid Plans"]},{"damage_healed":0.0,"max_hp_gain":0.0,"max_hp_loss":0.0,"gold_gain":0.0,"event_name":"Forgotten Altar","player_choice":"Gave Idol","floor":25.0,"relics_lost":["Golden Idol"],"gold_loss":0.0,"damage_taken":0.0,"relics_obtained":["Bloody Idol"]},{"damage_healed":0,"gold_gain":0,"player_choice":"Fight","damage_taken":0,"max_hp_gain":0,"max_hp_loss":0,"event_name":"Mysterious Sphere","floor":42,"gold_loss":0},{"damage_healed":0,"gold_gain":0,"player_choice":"Embrace Madness","damage_taken":9,"max_hp_gain":0,"max_hp_loss":0,"event_name":"Winding Halls","floor":47,"gold_loss":0,"cards_obtained":["Madness","Madness"]}],"is_beta":false,"boss_relics":[{"not_picked":["SlaversCollar","Fusion Hammer"],"picked":"Empty Cage"},{"not_picked":["Calling Bell","Tiny House"],"picked":"Cursed Key"}],"items_purged_floors":[12,20,37,48],"is_endless":false,"potions_floor_spawned":[1,4,19,27,28,29,38,39,42],"killed_by":"Time Eater","ascension_level":10}}