{"host":"nnmmiiw4bez2c8ei","time":1611981083,"event":{"mods":["AchievementEnabler","BaseMod","Colored Map","Colored Powertips","Minty Spire (QoL Compilation)","Rare Cards Sparkle","StSLib"],"gold_per_floor":[114,114,135,135,154,189,32,32,78,353,392,405,405,405],"floor_reached":13,"language":"KOR","playtime":421,"items_purged":["Strike_R"],"score":116,"play_id":"e96a7603-80f7-49ad-92dc-46ed554968ee","local_time":"20210130133123","is_ascension_mode":true,"campfire_choices":[{"data":"Demon Form","floor":8.0,"key":"SMITH"}],"circlet_count":0,"master_deck":["Strike_R","Strike_R","Strike_R","Defend_R","Defend_R","Defend_R","Defend_R","Bash","Demon Form+1","Body Slam","Armaments","Searing Blow","Heavy Blade","Flex","Evolve","Shrug It Off","Regret","Seeing Red","Clash"],"relics":["Burning Blood","Golden Idol","Potion Belt","Bag of Preparation","Bag of Marbles"],"acts_visited":["Exordium"],"potions_floor_usage":[],"damage_taken":[{"damage":7.0,"enemies":"Jaw Worm","floor":1.0,"turns":3.0},{"damage":3.0,"enemies":"Small Slimes","floor":3.0,"turns":6.0},{"damage":6.0,"enemies":"Cultist","floor":5.0,"turns":4.0},{"damage":10.0,"enemies":"Lagavulin","floor":6.0,"turns":7.0},{"damage":28.0,"enemies":"Gremlin Nob","floor":11.0,"turns":4.0},{"damage":5.0,"enemies":"Exordium Thugs","floor":12.0,"turns":3.0},{"damage":31,"enemies":"Lagavulin","floor":13,"turns":5}],"seed_played":"-5022750489777908981","potions_obtained":[{"floor":3.0,"key":"Block Potion"},{"floor":6.0,"key":"Explosive Potion"},{"floor":11.0,"key":"SkillPotion"}],"is_trial":false,"path_per_floor":["M","?","M","?","M","E","$","R","T","?","E","M","E"],"character_chosen":"IRONCLAD","items_purchased":["Evolve","Shrug It Off"],"campfire_rested":0,"item_purchase_floors":[7,7],"current_hp_per_floor":[71,53,56,56,56,52,52,52,52,52,30,31,0,0],"gold":405,"neow_bonus":"THREE_RARE_CARDS","is_daily":false,"chose_seed":false,"campfire_upgraded":1,"win_rate":0.0,"timestamp":1611981083,"path_taken":["M","?","M","?","M","E","$","R","T","?","E","?","E"],"items_purchased_type":["Card","Card"],"build_version":"2020-12-22","purchased_purges":1,"victory":false,"max_hp_per_floor":[72,72,72,72,72,72,72,72,72,72,72,72,72,72],"card_choices":[{"not_picked":["Exhume","Limit Break"],"picked":"Demon Form","floor":0.0},{"not_picked":["True Grit","Shrug It Off"],"picked":"Body Slam","floor":1.0},{"not_picked":["Flex","Twin Strike"],"picked":"Armaments","floor":3.0},{"not_picked":["Shrug It Off","Shockwave"],"picked":"Heavy Blade","floor":5.0},{"not_picked":["Warcry","Battle Trance"],"picked":"Flex","floor":6.0},{"not_picked":["Flex","Wild Strike"],"picked":"Seeing Red","floor":11.0},{"not_picked":["Iron Wave","Wild Strike"],"picked":"Clash","floor":12.0}],"player_experience":479731,"relics_obtained":[{"floor":6.0,"key":"Potion Belt"},{"floor":9.0,"key":"Bag of Preparation"},{"floor":11.0,"key":"Bag of Marbles"}],"event_choices":[{"damage_healed":0.0,"max_hp_gain":0.0,"max_hp_loss":0.0,"gold_gain":0.0,"event_name":"Golden Idol","player_choice":"Take Damage","floor":2.0,"gold_loss":0.0,"damage_taken":18.0,"relics_obtained":["Golden Idol"]},{"damage_healed":0.0,"max_hp_gain":0.0,"max_hp_loss":0.0,"gold_gain":0.0,"cards_transformed":["Strike_R"],"event_name":"Living Wall","player_choice":"Change","floor":4.0,"gold_loss":0.0,"damage_taken":0.0,"cards_obtained":["Searing Blow"]},{"damage_healed":0.0,"max_hp_gain":0.0,"max_hp_loss":0.0,"gold_gain":275.0,"event_name":"Golden Shrine","player_choice":"Desecrate","floor":10.0,"gold_loss":0.0,"damage_taken":0.0,"cards_obtained":["Regret"]}],"is_beta":false,"boss_relics":[],"items_purged_floors":[7],"is_endless":false,"potions_floor_spawned":[3,6,11],"killed_by":"Lagavulin","ascension_level":5}}