{"host":"ebj6lkgm8suah319","time":1611977110,"event":{"mods":["2.2 Compatiblity","AchievementEnabler","BaseMod","Block Reminder","Colored Map","Colored Powertips","Minty Spire (QoL Compilation)","Quick Restart","Rare Cards Sparkle","Relic Stats","SuperFastMode"],"gold_per_floor":[12,28,39,121,131,131,142,142,213,213,231,266,266,285,285,381,381,391,391,25,25,38,68,85,110,110,144,144,157,173,173,173,272,272,291,7,52,100,100,100,135,154,205,205,236,249,284,302,302,302,302,302,21,56,56,56],"floor_reached":55,"language":"ENG","playtime":2148,"items_purged":["Strike_G","Strike_G","Strike_G"],"score":1145,"play_id":"c50a00c6-9cdd-48af-ab4e-980fea4e703d","local_time":"20210129222510","is_ascension_mode":true,"campfire_choices":[{"data":"Poisoned Stab","floor":6,"key":"SMITH"},{"data":"Skewer","floor":8,"key":"SMITH"},{"data":"Noxious Fumes","floor":15,"key":"SMITH"},{"floor":28,"key":"REST"},{"floor":32,"key":"RECALL"},{"floor":40,"key":"REST"},{"floor":44,"key":"REST"},{"floor":49,"key":"REST"},{"floor":52,"key":"REST"}],"circlet_count":0,"master_deck":["Strike_G","Strike_G","Defend_G","Defend_G","Defend_G","Defend_G","Defend_G","Survivor","Neutralize","The Bomb","Sucker Punch","Poisoned Stab+1","Deflect","Skewer+1","Noxious Fumes+1","Dash","Bouncing Flask","Corpse Explosion","Ghostly","Ghostly","Ghostly","Ghostly","Ghostly","Calculated Gamble+1","Blur+1","Catalyst","Blade Dance+1","Wraith Form v2","Infinite Blades+1","Catalyst+1","Noxious Fumes","Backstab+1","Dark Shackles","Panacea","Dash+1","Deflect+1","Calculated Gamble","Acrobatics+1","Caltrops+1","Caltrops+1","Acrobatics+1"],"relics":["Ring of the Snake","InkBottle","HornCleat","Pear","Fusion Hammer","Torii","Bag of Marbles","Tiny Chest","Prayer Wheel","Gremlin Horn","Boot","Dead Branch","Runic Dome","Chemical X","Mango","PreservedInsect","Snake Skull","Vajra","Question Card","Centennial Puzzle","Gambling Chip"],"acts_visited":["Exordium","TheCity","TheBeyond","TheEnding"],"potions_floor_usage":[11,27,48,50,55],"damage_taken":[{"damage":0,"enemies":"Cultist","floor":1,"turns":3},{"damage":0,"enemies":"2 Louse","floor":2,"turns":4},{"damage":1,"enemies":"Small Slimes","floor":3,"turns":5},{"damage":3,"enemies":"2 Fungi Beasts","floor":5,"turns":3},{"damage":3,"enemies":"Large Slime","floor":7,"turns":4},{"damage":0,"enemies":"Lots of Slimes","floor":11,"turns":4},{"damage":11,"enemies":"Lagavulin","floor":12,"turns":6},{"damage":0,"enemies":"2 Fungi Beasts","floor":14,"turns":3},{"damage":8,"enemies":"Hexaghost","floor":16,"turns":8},{"damage":13,"enemies":"Spheric Guardian","floor":18,"turns":4},{"damage":0,"enemies":"2 Thieves","floor":22,"turns":4},{"damage":4,"enemies":"Slavers","floor":23,"turns":4},{"damage":1,"enemies":"Centurion and Healer","floor":24,"turns":6},{"damage":8,"enemies":"Book of Stabbing","floor":25,"turns":5},{"damage":0,"enemies":"Gremlin Leader","floor":27,"turns":5},{"damage":0,"enemies":"3 Cultists","floor":29,"turns":4},{"damage":0,"enemies":"Snake Plant","floor":30,"turns":4},{"damage":25,"enemies":"Automaton","floor":33,"turns":8},{"damage":0,"enemies":"3 Shapes","floor":35,"turns":4},{"damage":1,"enemies":"2 Orb Walkers","floor":37,"turns":3},{"damage":0,"enemies":"Reptomancer","floor":41,"turns":4},{"damage":0,"enemies":"3 Darklings","floor":42,"turns":6},{"damage":1,"enemies":"Giant Head","floor":45,"turns":7},{"damage":0,"enemies":"Spire Growth","floor":46,"turns":3},{"damage":0,"enemies":"Reptomancer","floor":47,"turns":3},{"damage":10,"enemies":"Writhing Mass","floor":48,"turns":4},{"damage":7,"enemies":"Donu and Deca","floor":50,"turns":7},{"damage":1,"enemies":"Shield and Spear","floor":54,"turns":3},{"damage":74,"enemies":"The Heart","floor":55,"turns":6}],"seed_played":"7282260231800460865","potions_obtained":[{"floor":1,"key":"EssenceOfSteel"},{"floor":3,"key":"GamblersBrew"},{"floor":5,"key":"Ancient Potion"},{"floor":10,"key":"Fire Potion"},{"floor":10,"key":"Block Potion"},{"floor":11,"key":"Swift Potion"},{"floor":29,"key":"Strength Potion"},{"floor":54,"key":"LiquidMemories"}],"is_trial":false,"path_per_floor":["M","M","M","T","M","R","M","R","T","?","M","E","?","M","R","B",null,"M","?","$","?","M","E","M","E","T","E","R","M","M","?","R","B",null,"M","$","?","T","?","R","E","M","T","R","E","M","E","M","R","B",null,"R","$","E","B"],"character_chosen":"THE_SILENT","items_purchased":["Torii","Chemical X","Noxious Fumes","Centennial Puzzle"],"campfire_rested":5,"item_purchase_floors":[20,36,36,53],"current_hp_per_floor":[70,70,69,69,66,66,63,63,63,63,63,62,67,67,67,59,85,72,42,42,42,42,38,37,29,29,29,41,41,41,41,41,16,42,42,42,55,55,45,56,56,56,56,56,55,55,55,45,56,49,56,56,56,55,0,0],"gold":56,"neow_bonus":"RANDOM_COLORLESS_2","is_daily":false,"chose_seed":false,"campfire_upgraded":3,"win_rate":0.0,"timestamp":1611977110,"path_taken":["M","?","M","?","M","R","M","R","T","?","?","E","?","M","R","BOSS","M","?","$","?","M","E","?","E","T","E","R","M","M","?","R","BOSS","M","$","?","?","?","R","E","M","T","R","E","M","E","M","R","BOSS","R","$","E","BOSS"],"items_purchased_type":["Relic","Relic","Card","Relic"],"build_version":"2020-12-22","purchased_purges":3,"victory":false,"max_hp_per_floor":[70,70,70,70,70,70,70,70,70,70,70,80,85,85,85,85,85,85,42,42,42,42,42,42,42,42,42,42,42,42,42,42,42,42,42,42,56,56,56,56,56,56,56,56,56,56,56,56,56,56,56,56,56,56,56,56],"relic_stats":{"Torii":4,"Gremlin Horn":[18,18],"counters":[29,134],"Dead Branch":[219],"PreservedInsect":310,"Snake Skull":[64],"Boot":[85],"Question Card":3,"Centennial Puzzle":[6],"Gambling Chip":[1],"Tiny Chest":1,"Prayer Wheel":6,"Chemical X":[10],"obtain_stats":[{"Pear":12,"Torii":20,"Gremlin Horn":26,"Dead Branch":31,"Vajra":45,"Mango":37,"PreservedInsect":38,"Snake Skull":41,"Boot":27,"Question Card":47,"Runic Dome":34,"Centennial Puzzle":53,"HornCleat":9,"Gambling Chip":54,"Tiny Chest":23,"Prayer Wheel":25,"Fusion Hammer":17,"Bag of Marbles":21,"Chemical X":36,"InkBottle":4,"Ring of the Snake":0},{"Pear":7,"Torii":10,"Gremlin Horn":14,"Dead Branch":17,"Vajra":23,"Mango":20,"PreservedInsect":20,"Snake Skull":21,"Boot":15,"Question Card":25,"Runic Dome":18,"Centennial Puzzle":27,"HornCleat":5,"Gambling Chip":28,"Tiny Chest":12,"Prayer Wheel":14,"Fusion Hammer":9,"Bag of Marbles":10,"Chemical X":19,"InkBottle":3,"Ring of the Snake":0},{"Pear":29,"Torii":44,"Gremlin Horn":63,"Dead Branch":76,"Vajra":108,"Mango":91,"PreservedInsect":91,"Snake Skull":95,"Boot":68,"Question Card":114,"Runic Dome":84,"Centennial Puzzle":125,"HornCleat":19,"Gambling Chip":128,"Tiny Chest":52,"Prayer Wheel":63,"Fusion Hammer":40,"Bag of Marbles":44,"Chemical X":88,"InkBottle":12,"Ring of the Snake":0}],"InkBottle":[67],"Ring of the Snake":[58]},"card_choices":[{"not_picked":["Transmutation","Mayhem"],"picked":"The Bomb","floor":0},{"not_picked":["Dodge and Roll","Distraction"],"picked":"Sucker Punch","floor":1},{"not_picked":["Sucker Punch","Prepared","Blur"],"picked":"SKIP","floor":2},{"not_picked":["Cloak And Dagger","Dagger Throw"],"picked":"Poisoned Stab","floor":3},{"not_picked":["Caltrops","Backflip"],"picked":"Deflect","floor":5},{"not_picked":["Backflip","Tactician"],"picked":"Skewer","floor":7},{"not_picked":["Heel Hook","Setup"],"picked":"Noxious Fumes","floor":11},{"not_picked":["Flechettes","Envenom"],"picked":"Dash","floor":12},{"not_picked":["Terror","Heel Hook"],"picked":"Bouncing Flask","floor":14},{"not_picked":["A Thousand Cuts","Tools of the Trade"],"picked":"Corpse Explosion","floor":16},{"not_picked":["Underhanded Strike","Bane"],"picked":"Dagger Spray","floor":18},{"not_picked":["Distraction","Deflect"],"picked":"Calculated Gamble+1","floor":22},{"not_picked":["Poisoned Stab","Prepared"],"picked":"Blur+1","floor":23},{"not_picked":["Poisoned Stab","Concentrate","Distraction+1"],"picked":"SKIP","floor":24},{"not_picked":["Bane","Dagger Spray+1","Tactician+1"],"picked":"SKIP","floor":25},{"not_picked":["Sucker Punch","Envenom"],"picked":"Catalyst","floor":27},{"not_picked":["Prepared","Blade Dance","Deflect"],"picked":"SKIP","floor":29},{"not_picked":["Terror","Dodge and Roll+1","Dagger Spray"],"picked":"SKIP","floor":29},{"not_picked":["Finisher","All Out Attack"],"picked":"Blade Dance+1","floor":30},{"not_picked":["Dodge and Roll","Reflex+1","Bane"],"picked":"SKIP","floor":30},{"not_picked":["Phantasmal Killer","After Image"],"picked":"Wraith Form v2","floor":33},{"not_picked":["Dodge and Roll","Bane+1"],"picked":"Infinite Blades+1","floor":35},{"not_picked":["Flying Knee+1","Reflex"],"picked":"Catalyst+1","floor":35},{"not_picked":["Dagger Throw+1","Corpse Explosion"],"picked":"Backstab+1","floor":37},{"not_picked":["PanicButton","Finesse"],"picked":"Dark Shackles","floor":39},{"not_picked":["HandOfGreed","Deep Breath"],"picked":"Panacea","floor":39},{"not_picked":["Die Die Die","Dodge and Roll","Tactician"],"picked":"SKIP","floor":41},{"not_picked":["Choke","Slice"],"picked":"Dash+1","floor":42},{"not_picked":["Acrobatics","Backflip+1"],"picked":"Deflect+1","floor":42},{"not_picked":["Phantasmal Killer","Glass Knife"],"picked":"Calculated Gamble","floor":45},{"not_picked":["Dodge and Roll+1","Dagger Throw+1"],"picked":"Acrobatics+1","floor":46},{"not_picked":["Flying Knee","Underhanded Strike+1"],"picked":"Caltrops+1","floor":46},{"not_picked":["All Out Attack","Flying Knee"],"picked":"Caltrops+1","floor":47},{"not_picked":["Tools of the Trade","Predator","Bane"],"picked":"Acrobatics+1","floor":48},{"not_picked":["Infinite Blades+1","Flechettes","Riddle With Holes+1","Concentrate+1"],"picked":"SKIP","floor":48},{"not_picked":["Eviscerate","Expertise","Dodge and Roll","Slice"],"picked":"SKIP","floor":54}],"player_experience":91097,"relics_obtained":[{"floor":4,"key":"InkBottle"},{"floor":9,"key":"HornCleat"},{"floor":12,"key":"Pear"},{"floor":21,"key":"Bag of Marbles"},{"floor":23,"key":"Tiny Chest"},{"floor":25,"key":"Prayer Wheel"},{"floor":26,"key":"Gremlin Horn"},{"floor":27,"key":"Boot"},{"floor":37,"key":"Mango"},{"floor":38,"key":"PreservedInsect"},{"floor":41,"key":"Snake Skull"},{"floor":45,"key":"Vajra"},{"floor":47,"key":"Question Card"},{"floor":54,"key":"Gambling Chip"}],"event_choices":[{"damage_healed":0,"gold_gain":0,"player_choice":"Got Potions","damage_taken":0,"max_hp_gain":0,"max_hp_loss":0,"event_name":"Lab","floor":10,"gold_loss":0},{"damage_healed":0,"gold_gain":0,"player_choice":"Donut","damage_taken":0,"max_hp_gain":5,"max_hp_loss":0,"event_name":"Big Fish","floor":13,"gold_loss":0},{"damage_healed":0,"gold_gain":0,"player_choice":"Became a Ghost","damage_taken":0,"max_hp_gain":0,"max_hp_loss":43,"event_name":"Ghosts","floor":19,"gold_loss":0,"cards_obtained":["Ghostly","Ghostly","Ghostly","Ghostly","Ghostly"]},{"damage_healed":0,"gold_gain":0,"player_choice":"Relic","damage_taken":0,"max_hp_gain":0,"max_hp_loss":0,"event_name":"Wheel of Change","floor":21,"gold_loss":0},{"cards_removed":["Dagger Spray"],"damage_healed":0,"gold_gain":0,"player_choice":"Gave Card","damage_taken":0,"relics_obtained":["Dead Branch"],"max_hp_gain":0,"max_hp_loss":0,"event_name":"WeMeetAgain","floor":31,"gold_loss":0},{"damage_healed":0,"gold_gain":0,"player_choice":"Fight","damage_taken":0,"max_hp_gain":0,"max_hp_loss":0,"event_name":"Mysterious Sphere","floor":37,"gold_loss":0},{"damage_healed":0,"gold_gain":0,"player_choice":"Memory 3","damage_taken":10,"max_hp_gain":0,"max_hp_loss":0,"event_name":"SensoryStone","floor":39,"gold_loss":0}],"is_beta":false,"boss_relics":[{"not_picked":["Ring of the Serpent","Runic Pyramid"],"picked":"Fusion Hammer"},{"not_picked":["Velvet Choker","HoveringKite"],"picked":"Runic Dome"}],"items_purged_floors":[20,36,53],"is_endless":false,"potions_floor_spawned":[1,3,5,11,24,25,29,33,35,37,46,54],"killed_by":"The Heart","ascension_level":4}}