{"host":"syozzdlzcqop4jia","time":1611977092,"event":{"mods":["BaseMod","Colored Map","Colored Powertips","Minty Spire (QoL Compilation)","Quick Restart"],"gold_per_floor":[113,127,140,155,155,182,194,194,194,194,144,159,159,174,174,275,275,293,68,88,100,100,100,100,100,124,124,159,74,86,101,101,198,198,208,208,258,0,11,11,26,58,58,86,102,102,102],"floor_reached":46,"language":"ENG","playtime":7211,"items_purged":["Strike_R"],"score":602,"play_id":"bfcba483-c07f-4c3c-bd89-d8a1f4102167","local_time":"20210130042452","is_ascension_mode":true,"campfire_choices":[{"floor":8,"key":"REST"},{"data":"Anger","floor":10,"key":"SMITH"},{"data":"Flame Barrier","floor":13,"key":"SMITH"},{"data":"Carnage","floor":15,"key":"SMITH"},{"data":"Searing Blow+1","floor":23,"key":"SMITH"},{"data":"Searing Blow+2","floor":25,"key":"SMITH"},{"data":"Seeing Red","floor":32,"key":"SMITH"},{"data":"Flex","floor":40,"key":"SMITH"}],"circlet_count":0,"master_deck":["Strike_R+1","Strike_R+1","Strike_R+1","Defend_R+1","Defend_R+1","Defend_R+1","Defend_R+1","Bash","Battle Trance","Shrug It Off+1","Clothesline","Anger+1","Flex+1","Flame Barrier+1","Twin Strike","Carnage+1","Reaper","Searing Blow+3","Pommel Strike+1","Armaments+1","Headbutt+1","Seeing Red+1","Limit Break","Pummel+1","Madness","Madness","Anger+1","Flex","Anger+1","Wild Strike+1","Reaper","Iron Wave+1"],"relics":["Black Blood","Mummified Hand","Eternal Feather","Philosopher\u0027s Stone","Anchor","Enchiridion","Happy Flower","Red Skull","Question Card","Ice Cream","Red Mask","Strawberry","Pear","Art of War"],"acts_visited":["Exordium","TheCity","TheBeyond"],"potions_floor_usage":[6,16,33,44,44],"damage_taken":[{"damage":4,"enemies":"Jaw Worm","floor":1,"turns":4},{"damage":5,"enemies":"Small Slimes","floor":2,"turns":5},{"damage":2,"enemies":"2 Louse","floor":3,"turns":4},{"damage":15,"enemies":"Exordium Wildlife","floor":4,"turns":3},{"damage":45,"enemies":"3 Sentries","floor":6,"turns":11},{"damage":30,"enemies":"Large Slime","floor":7,"turns":4},{"damage":10,"enemies":"2 Fungi Beasts","floor":12,"turns":4},{"damage":1,"enemies":"Exordium Wildlife","floor":14,"turns":2},{"damage":24,"enemies":"Slime Boss","floor":16,"turns":9},{"damage":1,"enemies":"Spheric Guardian","floor":18,"turns":3},{"damage":32,"enemies":"Shell Parasite","floor":20,"turns":7},{"damage":9,"enemies":"Centurion and Healer","floor":21,"turns":5},{"damage":0,"enemies":"Colosseum Slavers","floor":27,"turns":3},{"damage":17,"enemies":"Gremlin Leader","floor":28,"turns":4},{"damage":0,"enemies":"3 Cultists","floor":30,"turns":4},{"damage":1,"enemies":"Snake Plant","floor":31,"turns":3},{"damage":79,"enemies":"Collector","floor":33,"turns":6},{"damage":9,"enemies":"Orb Walker","floor":35,"turns":3},{"damage":0,"enemies":"Mind Bloom Boss Battle","floor":37,"turns":3},{"damage":32,"enemies":"3 Darklings","floor":39,"turns":6},{"damage":19,"enemies":"Sphere and 2 Shapes","floor":41,"turns":4},{"damage":31,"enemies":"Reptomancer","floor":42,"turns":7},{"damage":58,"enemies":"Nemesis","floor":44,"turns":7},{"damage":37,"enemies":"Writhing Mass","floor":45,"turns":5},{"damage":0,"enemies":"Transient","floor":46,"turns":3}],"seed_played":"-7995385772960618068","potions_obtained":[{"floor":1,"key":"CultistPotion"},{"floor":4,"key":"Regen Potion"},{"floor":12,"key":"AttackPotion"},{"floor":14,"key":"ElixirPotion"},{"floor":18,"key":"PowerPotion"},{"floor":30,"key":"LiquidMemories"},{"floor":35,"key":"Block Potion"}],"is_trial":false,"path_per_floor":["M","M","M","M","?","E","M","R","T","R","?","M","R","M","R","B",null,"M","$","M","M","?","R","?","R","T","?","E","?","M","M","R","B",null,"M","?","?","?","M","R","M","E","T","E","M","M"],"character_chosen":"IRONCLAD","items_purchased":["Anchor"],"campfire_rested":1,"item_purchase_floors":[19],"current_hp_per_floor":[88,88,88,79,79,55,31,57,57,66,66,62,71,76,85,67,88,88,88,62,63,63,75,59,71,71,77,66,66,88,88,88,33,88,88,77,88,88,68,83,86,74,84,39,14,14,14],"gold":102,"neow_bonus":"TEN_PERCENT_HP_BONUS","is_daily":false,"chose_seed":false,"campfire_upgraded":7,"win_rate":0.0,"timestamp":1611977092,"path_taken":["M","M","M","M","?","E","M","R","T","R","?","M","R","M","R","BOSS","M","$","M","M","?","R","?","R","T","?","E","?","M","?","R","BOSS","M","?","?","?","M","R","M","E","T","E","M","M"],"items_purchased_type":["Relic"],"build_version":"2020-12-22","purchased_purges":1,"victory":false,"max_hp_per_floor":[88,88,88,88,88,88,88,88,88,88,88,88,88,88,88,88,88,88,88,88,88,88,88,88,88,88,88,88,88,88,88,88,88,88,88,88,88,88,88,88,88,95,105,105,105,105,105],"card_choices":[{"not_picked":["Dark Embrace","Sever Soul"],"picked":"Battle Trance","floor":1},{"not_picked":["Cleave","Wild Strike"],"picked":"Shrug It Off","floor":2},{"not_picked":["Headbutt","Metallicize"],"picked":"Clothesline","floor":3},{"not_picked":["Entrench","Body Slam"],"picked":"Anger","floor":4},{"not_picked":["Armaments","Intimidate"],"picked":"Flex","floor":6},{"not_picked":["Sword Boomerang","Shockwave"],"picked":"Flame Barrier","floor":7},{"not_picked":["Flex","Thunderclap"],"picked":"Twin Strike","floor":12},{"not_picked":["Rupture","Anger"],"picked":"Carnage","floor":14},{"not_picked":["Fiend Fire","Corruption"],"picked":"Reaper","floor":16},{"not_picked":["True Grit+1","Shrug It Off"],"picked":"Searing Blow+1","floor":18},{"not_picked":["Blood for Blood","Hemokinesis"],"picked":"Pommel Strike+1","floor":20},{"not_picked":["Infernal Blade","Intimidate"],"picked":"Armaments+1","floor":21},{"not_picked":["Battle Trance","Clothesline+1"],"picked":"Headbutt+1","floor":28},{"not_picked":["Reckless Charge","Sword Boomerang+1","Intimidate"],"picked":"Seeing Red","floor":30},{"not_picked":["Hemokinesis","Rupture","Shockwave","Second Wind"],"picked":"SKIP","floor":31},{"not_picked":["Brutality","Bludgeon","Impervious"],"picked":"Limit Break","floor":33},{"not_picked":["Body Slam+1","Intimidate+1","Pommel Strike+1"],"picked":"Pummel+1","floor":35},{"not_picked":["Dark Embrace+1","Havoc","Wild Strike+1"],"picked":"Anger+1","floor":37},{"not_picked":["Evolve+1","Sentinel+1","Sword Boomerang"],"picked":"Flex","floor":39},{"not_picked":["Cleave+1","Second Wind","Body Slam"],"picked":"Anger+1","floor":41},{"not_picked":["Whirlwind","Searing Blow","Evolve+1"],"picked":"Wild Strike+1","floor":42},{"not_picked":["Heavy Blade","Pommel Strike+1","Headbutt"],"picked":"Reaper","floor":44},{"not_picked":["Metallicize","Thunderclap","Armaments+1"],"picked":"Iron Wave+1","floor":45}],"player_experience":434288,"relics_obtained":[{"floor":6,"key":"Mummified Hand"},{"floor":9,"key":"Eternal Feather"},{"floor":24,"key":"Enchiridion"},{"floor":26,"key":"Happy Flower"},{"floor":28,"key":"Red Skull"},{"floor":37,"key":"Ice Cream"},{"floor":42,"key":"Strawberry"},{"floor":43,"key":"Pear"},{"floor":44,"key":"Art of War"}],"event_choices":[{"damage_healed":0,"gold_gain":0,"player_choice":"Grow","damage_taken":0,"max_hp_gain":0,"max_hp_loss":0,"event_name":"Living Wall","floor":5,"gold_loss":0,"cards_upgraded":["Shrug It Off"]},{"cards_removed":["Strike_R"],"damage_healed":0,"gold_gain":0,"player_choice":"Card Removal","damage_taken":0,"max_hp_gain":0,"max_hp_loss":0,"event_name":"The Cleric","floor":11,"gold_loss":50},{"damage_healed":0,"gold_gain":0,"player_choice":"Simplicity","damage_taken":0,"max_hp_gain":0,"max_hp_loss":0,"event_name":"Back to Basics","floor":22,"gold_loss":0,"cards_upgraded":["Strike_R","Strike_R","Strike_R","Defend_R","Defend_R","Defend_R","Defend_R"]},{"damage_healed":0,"gold_gain":0,"player_choice":"Obtained Book","damage_taken":16,"max_hp_gain":0,"max_hp_loss":0,"event_name":"Cursed Tome","floor":24,"gold_loss":0},{"damage_healed":0,"gold_gain":0,"player_choice":"Fight","damage_taken":0,"max_hp_gain":0,"max_hp_loss":0,"event_name":"Colosseum","floor":27,"gold_loss":0},{"damage_healed":0,"gold_gain":0,"player_choice":"Fled From Nobs","damage_taken":0,"max_hp_gain":0,"max_hp_loss":0,"event_name":"Colosseum","floor":27,"gold_loss":0},{"damage_healed":0,"gold_gain":0,"player_choice":"Obtained Relic","damage_taken":0,"relics_obtained":["Question Card"],"max_hp_gain":0,"max_hp_loss":0,"event_name":"Addict","floor":29,"gold_loss":85},{"damage_healed":0,"gold_gain":0,"player_choice":"Embrace Madness","damage_taken":11,"max_hp_gain":0,"max_hp_loss":0,"event_name":"Winding Halls","floor":36,"gold_loss":0,"cards_obtained":["Madness","Madness"]},{"damage_healed":0,"gold_gain":0,"player_choice":"Fight","damage_taken":0,"max_hp_gain":0,"max_hp_loss":0,"event_name":"MindBloom","floor":37,"gold_loss":0},{"damage_healed":0,"gold_gain":0,"player_choice":"Paid","damage_taken":0,"relics_obtained":["Red Mask"],"max_hp_gain":0,"max_hp_loss":0,"event_name":"Tomb of Lord Red Mask","floor":38,"gold_loss":258}],"is_beta":false,"boss_relics":[{"not_picked":["SlaversCollar","Pandora\u0027s Box"],"picked":"Philosopher\u0027s Stone"},{"not_picked":["Runic Dome","Runic Pyramid"],"picked":"Black Blood"}],"items_purged_floors":[19],"is_endless":false,"potions_floor_spawned":[1,4,12,14,18,30,31,35,41],"killed_by":"Transient","ascension_level":3}}