{"host":"lv7etzzgwahaenh9","time":1611976343,"event":{"mods":["AchievementEnabler","BaseMod","Colored Map","Colored Powertips","Highlight Path","Minty Spire (QoL Compilation)","Permanent Neow","Quick Restart","Random Character Button","StSLib"],"gold_per_floor":[111,124,140,140,140,140,166,166,166,166,199,209,241,251,251,348,348,360,410,335,346,366,366,395,395,419,453,8,8,23,37,37,138,138,153,167,167,179,226,226,245,262,262,87,87,119,42,60,60,60],"floor_reached":51,"language":"ENG","playtime":3039,"items_purged":["Strike_R","Defend_R","Strike_R"],"score":1092,"play_id":"14629cf2-6b23-4917-9921-f18fa11c3ea9","local_time":"20210129191223","is_ascension_mode":true,"campfire_choices":[{"data":"Immolate","floor":6.0,"key":"SMITH"},{"data":"Fire Breathing","floor":8.0,"key":"SMITH"},{"floor":10.0,"key":"REST"},{"floor":15,"key":"REST"},{"data":"Armaments","floor":23,"key":"SMITH"},{"floor":25,"key":"REST"},{"data":"Bludgeon","floor":32,"key":"SMITH"},{"data":"Shockwave","floor":40,"key":"SMITH"},{"data":"The Bomb","floor":49,"key":"SMITH"}],"circlet_count":0,"master_deck":["Strike_R","Strike_R","Strike_R+1","Defend_R","Defend_R","Bash","Immolate+1","Shockwave+1","Fire Breathing+1","Reckless Charge+1","Bludgeon+1","Shrug It Off","Armaments+1","Evolve","Reaper","Whirlwind","Battle Trance+1","True Grit+1","Double Tap","Warcry","Shrug It Off","Intimidate+1","The Bomb+1","Feel No Pain+1"],"relics":["Burning Blood","Nunchaku","Omamori","Sundial","Shuriken","Paper Frog","Black Star","Bag of Marbles","Matryoshka","Centennial Puzzle","Art of War","Pen Nib","Frozen Egg 2","Medical Kit","Blood Vial","Cursed Key","TungstenRod","Oddly Smooth Stone","Vajra","Pear"],"acts_visited":["Exordium","TheCity","TheBeyond"],"potions_floor_usage":[18,21,24,24,31,33,46,50,50],"damage_taken":[{"damage":7.0,"enemies":"Jaw Worm","floor":1.0,"turns":3.0},{"damage":0.0,"enemies":"Small Slimes","floor":2.0,"turns":3.0},{"damage":0.0,"enemies":"Cultist","floor":3.0,"turns":2.0},{"damage":32.0,"enemies":"Lagavulin","floor":7.0,"turns":8.0},{"damage":5.0,"enemies":"3 Sentries","floor":11.0,"turns":2.0},{"damage":15.0,"enemies":"3 Louse","floor":12.0,"turns":3.0},{"damage":22,"enemies":"Lagavulin","floor":13,"turns":4},{"damage":0,"enemies":"Exordium Wildlife","floor":14,"turns":3},{"damage":0,"enemies":"Slime Boss","floor":16,"turns":5},{"damage":24,"enemies":"2 Thieves","floor":18,"turns":4},{"damage":1,"enemies":"Spheric Guardian","floor":21,"turns":3},{"damage":3,"enemies":"Cultist and Chosen","floor":22,"turns":6},{"damage":46,"enemies":"Book of Stabbing","floor":24,"turns":6},{"damage":21,"enemies":"Gremlin Leader","floor":27,"turns":5},{"damage":5,"enemies":"Snecko","floor":30,"turns":4},{"damage":7,"enemies":"Centurion and Healer","floor":31,"turns":3},{"damage":58,"enemies":"Collector","floor":33,"turns":7},{"damage":0,"enemies":"3 Shapes","floor":35,"turns":4},{"damage":4,"enemies":"Orb Walker","floor":36,"turns":3},{"damage":30,"enemies":"3 Darklings","floor":38,"turns":3},{"damage":30,"enemies":"2 Orb Walkers","floor":39,"turns":4},{"damage":20,"enemies":"Maw","floor":41,"turns":4},{"damage":5,"enemies":"Sphere and 2 Shapes","floor":42,"turns":4},{"damage":34,"enemies":"Nemesis","floor":46,"turns":3},{"damage":10,"enemies":"3 Darklings","floor":48,"turns":5},{"damage":19,"enemies":"Donu and Deca","floor":50,"turns":7}],"seed_played":"-4729238548352930397","potions_obtained":[{"floor":1.0,"key":"SpeedPotion"},{"floor":7.0,"key":"BloodPotion"},{"floor":12.0,"key":"Weak Potion"},{"floor":14,"key":"Dexterity Potion"},{"floor":18,"key":"LiquidMemories"},{"floor":22,"key":"DuplicationPotion"},{"floor":42,"key":"ColorlessPotion"},{"floor":46,"key":"Weak Potion"},{"floor":48,"key":"PowerPotion"}],"is_trial":false,"path_per_floor":["M","M","M","?","?","R","E","R","T","R","E","M","E","M","R","B",null,"M","?","$","M","M","R","E","R","T","E","$","?","M","M","R","B",null,"M","M","?","M","?","R","M","M","T","$","?","E","$","M","R","B",null],"character_chosen":"IRONCLAD","items_purchased":["Medical Kit","Blood Vial","BlessingOfTheForge","SpeedPotion","Feel No Pain+1"],"campfire_rested":3,"item_purchase_floors":[28,28,28,44,47],"current_hp_per_floor":[71,72,72,58,51,51,25,25,25,46,47,38,22,28,49,55,68,64,64,64,69,72,72,32,53,53,53,53,40,48,59,59,21,63,76,77,77,65,43,43,31,42,42,42,42,26,26,54,54,59],"gold":60,"neow_bonus":"THREE_RARE_CARDS","is_daily":false,"chose_seed":false,"campfire_upgraded":6,"win_rate":0.0,"timestamp":1611976343,"path_taken":["M","M","M","?","?","R","E","R","T","R","E","M","E","M","R","BOSS","M","?","$","M","?","R","E","R","T","E","$","?","M","M","R","BOSS","M","M","?","M","?","R","M","M","T","$","?","E","?","M","R","BOSS"],"items_purchased_type":["Relic","Relic","Potion","Potion","Card"],"build_version":"2020-12-22","purchased_purges":3,"victory":true,"max_hp_per_floor":[72,72,72,72,72,72,72,72,72,72,72,72,72,72,72,72,72,72,72,72,72,72,72,72,72,72,72,72,77,77,77,77,77,77,77,77,77,77,77,77,77,77,77,77,77,87,87,87,87,87],"card_choices":[{"not_picked":["Offering","Reaper"],"picked":"Immolate","floor":0.0},{"not_picked":["Twin Strike","Thunderclap"],"picked":"Shockwave","floor":1.0},{"not_picked":["Cleave","Flex"],"picked":"Fire Breathing","floor":2.0},{"not_picked":["Clothesline","Twin Strike"],"picked":"Reckless Charge","floor":3.0},{"not_picked":["Flex","Perfected Strike","Heavy Blade"],"picked":"SKIP","floor":7.0},{"not_picked":["Sword Boomerang","Armaments"],"picked":"Bludgeon","floor":11.0},{"not_picked":["Pommel Strike","Headbutt"],"picked":"Shrug It Off","floor":12.0},{"not_picked":["Cleave","Sentinel"],"picked":"Armaments","floor":13},{"not_picked":["Bloodletting","Headbutt"],"picked":"Evolve","floor":14},{"not_picked":["Exhume","Brutality"],"picked":"Reaper","floor":16},{"not_picked":["Dual Wield","Evolve+1"],"picked":"Whirlwind","floor":18},{"not_picked":["Headbutt+1","Warcry"],"picked":"Battle Trance+1","floor":21},{"not_picked":["Thunderclap","Sentinel","Metallicize"],"picked":"SKIP","floor":22},{"not_picked":["Flex","Evolve","Perfected Strike"],"picked":"SKIP","floor":24},{"not_picked":["Second Wind","Immolate"],"picked":"True Grit+1","floor":27},{"not_picked":["Blood for Blood","Cleave+1","Dropkick"],"picked":"SKIP","floor":30},{"not_picked":["Iron Wave","Body Slam+1","Armaments"],"picked":"SKIP","floor":31},{"not_picked":["Juggernaut+1","Reaper"],"picked":"Double Tap","floor":33},{"not_picked":["Shockwave","Thunderclap+1"],"picked":"Warcry","floor":35},{"not_picked":["Thunderclap","Shockwave+1","Perfected Strike"],"picked":"SKIP","floor":36},{"not_picked":["Burning Pact","Intimidate","Reckless Charge+1"],"picked":"SKIP","floor":38},{"not_picked":["Ghostly Armor","Battle Trance"],"picked":"Shrug It Off","floor":41},{"not_picked":["Body Slam","Sever Soul+1"],"picked":"Intimidate+1","floor":42},{"not_picked":["Mind Blast","Mayhem+1"],"picked":"The Bomb","floor":45},{"not_picked":["Warcry+1","Inflame+1","Combust+1"],"picked":"SKIP","floor":46},{"not_picked":["Perfected Strike","Clash+1","Anger"],"picked":"SKIP","floor":48}],"player_experience":315593,"relics_obtained":[{"floor":7.0,"key":"Omamori"},{"floor":9.0,"key":"Sundial"},{"floor":11.0,"key":"Shuriken"},{"floor":13,"key":"Paper Frog"},{"floor":24,"key":"Bag of Marbles"},{"floor":24,"key":"Matryoshka"},{"floor":26,"key":"Centennial Puzzle"},{"floor":26,"key":"Art of War"},{"floor":27,"key":"Pen Nib"},{"floor":27,"key":"Frozen Egg 2"},{"floor":39,"key":"TungstenRod"},{"floor":43,"key":"Oddly Smooth Stone"},{"floor":46,"key":"Vajra"},{"floor":46,"key":"Pear"}],"event_choices":[{"damage_healed":0.0,"max_hp_gain":0.0,"max_hp_loss":0.0,"gold_gain":0.0,"event_name":"Shining Light","player_choice":"Entered Light","floor":4.0,"gold_loss":0.0,"damage_taken":14.0,"cards_upgraded":["Strike_R","Reckless Charge"]},{"damage_healed":0.0,"max_hp_gain":0.0,"max_hp_loss":0.0,"gold_gain":0.0,"event_name":"Scrap Ooze","player_choice":"Success","floor":5.0,"gold_loss":0.0,"damage_taken":7.0,"relics_obtained":["Nunchaku"]},{"damage_healed":0,"gold_gain":100,"player_choice":"Bet on Murderer","damage_taken":0,"max_hp_gain":0,"max_hp_loss":0,"event_name":"The Joust","floor":19,"gold_loss":50},{"damage_healed":0,"gold_gain":0,"player_choice":"Shed Blood","damage_taken":18,"max_hp_gain":5,"max_hp_loss":0,"event_name":"Forgotten Altar","floor":29,"gold_loss":0},{"cards_removed":["Defend_R"],"damage_healed":0,"gold_gain":0,"player_choice":"Removed Skill","damage_taken":0,"max_hp_gain":0,"max_hp_loss":0,"event_name":"Falling","floor":37,"gold_loss":0},{"damage_healed":0,"gold_gain":0,"player_choice":"Fight","damage_taken":0,"max_hp_gain":0,"max_hp_loss":0,"event_name":"Mysterious Sphere","floor":39,"gold_loss":0},{"damage_healed":0,"gold_gain":0,"player_choice":"Memory 1","damage_taken":0,"max_hp_gain":0,"max_hp_loss":0,"event_name":"SensoryStone","floor":45,"gold_loss":0}],"is_beta":false,"boss_relics":[{"not_picked":["Empty Cage","Runic Pyramid"],"picked":"Black Star"},{"not_picked":["Black Blood","Runic Dome"],"picked":"Cursed Key"}],"items_purged_floors":[20,28,44],"is_endless":false,"potions_floor_spawned":[1,7,12,14,18,22,42,46,48],"ascension_level":8}}