{"host":"18uyx1ev7cnsl5lv","time":1611967186,"event":{"mods":["AchievementEnabler","BaseMod","Colored Map","Minty Spire (QoL Compilation)","Rare Cards Sparkle","StSLib","slay the spire mod where everything is the same but ironclad has a cowboy hat"],"gold_per_floor":[117,292,306,323,323,323,355,355,403,433,433,448,66,80,80,179,179,192,192,206,223,241,272,272,272],"floor_reached":24,"language":"ENG","playtime":2654,"items_purged":[],"score":262,"play_id":"915b7730-b211-4c69-a1d4-0901d27826be","local_time":"20210129193946","is_ascension_mode":true,"campfire_choices":[{"data":"Eruption","floor":6.0,"key":"SMITH"},{"floor":8.0,"key":"REST"},{"data":"Vigilance","floor":15.0,"key":"SMITH"}],"circlet_count":0,"master_deck":["Strike_P","Strike_P","Strike_P","Strike_P","Defend_P","Defend_P","Defend_P","Defend_P","Eruption+1","Vigilance+1","EmptyBody","Consecrate","ClearTheMind","BowlingBash","FollowUp","ThirdEye","Devotion+1","CrushJoints+1","EmptyFist","CrushJoints+1"],"relics":["PureWater","Vajra","Pen Nib","Toy Ornithopter","Tiny Chest","Happy Flower","Frozen Egg 2","Velvet Choker","Boot","Art of War"],"acts_visited":["Exordium","TheCity"],"potions_floor_usage":[],"damage_taken":[{"damage":1.0,"enemies":"2 Louse","floor":1.0,"turns":4.0},{"damage":2.0,"enemies":"Jaw Worm","floor":3.0,"turns":3.0},{"damage":0.0,"enemies":"Cultist","floor":4.0,"turns":2.0},{"damage":30.0,"enemies":"Gremlin Nob","floor":7.0,"turns":4.0},{"damage":11.0,"enemies":"3 Sentries","floor":10.0,"turns":10.0},{"damage":2.0,"enemies":"Gremlin Gang","floor":12.0,"turns":4.0},{"damage":0.0,"enemies":"3 Louse","floor":14.0,"turns":2.0},{"damage":16.0,"enemies":"The Guardian","floor":16.0,"turns":10.0},{"damage":12.0,"enemies":"Spheric Guardian","floor":18.0,"turns":5.0},{"damage":12.0,"enemies":"Chosen","floor":20.0,"turns":3.0},{"damage":7.0,"enemies":"3 Cultists","floor":21.0,"turns":5.0},{"damage":21.0,"enemies":"Shelled Parasite and Fungi","floor":22.0,"turns":4.0},{"damage":50.0,"enemies":"Gremlin Leader","floor":23.0,"turns":5.0},{"damage":15,"enemies":"Centurion and Healer","floor":24,"turns":3}],"seed_played":"7263021391372154985","potions_obtained":[{"floor":1.0,"key":"BlessingOfTheForge"},{"floor":4.0,"key":"SteroidPotion"},{"floor":11.0,"key":"PowerPotion"},{"floor":14.0,"key":"FairyPotion"},{"floor":16.0,"key":"SpeedPotion"},{"floor":22.0,"key":"Regen Potion"},{"floor":23,"key":"SteroidPotion"}],"is_trial":false,"path_per_floor":["M","?","M","M","?","R","E","R","T","E","?","M","$","M","R","B",null,"M","?","M","M","M","E","M"],"character_chosen":"WATCHER","items_purchased":["Happy Flower","Frozen Egg 2"],"campfire_rested":1,"item_purchase_floors":[13,13],"current_hp_per_floor":[71,71,69,69,69,69,39,60,60,49,49,47,47,47,47,36,72,60,60,48,41,20,15,0,0],"gold":272,"neow_bonus":"RANDOM_COMMON_RELIC","is_daily":false,"chose_seed":false,"campfire_upgraded":2,"win_rate":0.0,"timestamp":1611967186,"path_taken":["M","?","M","M","?","R","E","R","T","E","?","M","$","M","R","BOSS","M","?","M","M","?","E","M"],"items_purchased_type":["Relic","Relic"],"build_version":"2020-12-22","purchased_purges":0,"victory":false,"max_hp_per_floor":[72,72,72,72,72,72,72,72,72,72,72,72,72,72,72,72,72,72,72,72,72,72,72,72,72],"card_choices":[{"not_picked":["Adaptation","Prostrate"],"picked":"EmptyBody","floor":1.0},{"not_picked":["ThirdEye","Halt"],"picked":"Consecrate","floor":3.0},{"not_picked":["EmptyMind","ThirdEye"],"picked":"ClearTheMind","floor":4.0},{"not_picked":["Prostrate","DeceiveReality","PathToVictory"],"picked":"SKIP","floor":7.0},{"not_picked":["WindmillStrike","LikeWater"],"picked":"BowlingBash","floor":10.0},{"not_picked":["CarveReality","FlurryOfBlows"],"picked":"FollowUp","floor":12.0},{"not_picked":["EmptyBody","PathToVictory"],"picked":"ThirdEye","floor":14.0},{"not_picked":["SpiritShield","Ragnarok"],"picked":"Devotion+1","floor":16.0},{"not_picked":["WreathOfFlame","Halt+1"],"picked":"CrushJoints+1","floor":18.0},{"not_picked":["FlurryOfBlows","WaveOfTheHand"],"picked":"EmptyFist","floor":20.0},{"not_picked":["FlurryOfBlows","ThirdEye"],"picked":"CrushJoints+1","floor":21.0},{"not_picked":["Fasting2+1","Pray","EmptyFist"],"picked":"SKIP","floor":22.0},{"not_picked":["FearNoEvil","Halt","Conclude"],"picked":"SKIP","floor":23}],"player_experience":434902,"relics_obtained":[{"floor":7.0,"key":"Pen Nib"},{"floor":9.0,"key":"Toy Ornithopter"},{"floor":10.0,"key":"Tiny Chest"},{"floor":23,"key":"Art of War"}],"event_choices":[{"damage_healed":0.0,"max_hp_gain":0.0,"max_hp_loss":0.0,"gold_gain":175.0,"event_name":"Liars Game","player_choice":"AGREE","floor":2.0,"gold_loss":0.0,"damage_taken":0.0,"cards_obtained":["Doubt"]},{"cards_removed":["Doubt"],"damage_healed":0.0,"max_hp_gain":0.0,"max_hp_loss":0.0,"gold_gain":0.0,"event_name":"Living Wall","player_choice":"Forget","floor":5.0,"gold_loss":0.0,"damage_taken":0.0},{"damage_healed":0.0,"max_hp_gain":0.0,"max_hp_loss":0.0,"gold_gain":0.0,"event_name":"Lab","player_choice":"Got Potions","floor":11.0,"gold_loss":0.0,"damage_taken":0.0},{"damage_healed":0.0,"max_hp_gain":0.0,"max_hp_loss":0.0,"gold_gain":0.0,"event_name":"WeMeetAgain","player_choice":"Gave Potion","floor":19.0,"gold_loss":0.0,"damage_taken":0.0,"relics_obtained":["Boot"]}],"is_beta":false,"boss_relics":[{"not_picked":["Tiny House","Pandora\u0027s Box"],"picked":"Velvet Choker"}],"items_purged_floors":[],"is_endless":false,"potions_floor_spawned":[1,4,14,16,22,23],"killed_by":"Centurion and Healer","ascension_level":3}}