{"host":"ow66nzv2xecjoor3","time":1611992683,"event":{"mods":["BaseMod","Bestiary","Block Reminder","Colored Powertips","Curses Come First","Highlight Path","Keyboard Shortcuts","Minty Spire (QoL Compilation)","Permanent Neow","Relic Stats","StSLib","UnlockEverythingMod"],"gold_per_floor":[112,130,280,290,6,6,34,34,86,86,106,131,131,163,163,241,291,303,319,319,319,332,332,365,365,365,365,94,94,94,111,111,111,111],"floor_reached":33,"language":"ENG","playtime":1217,"items_purged":["Strike_G"],"score":562,"play_id":"254cb134-9040-4698-b9e8-4316a5ad79e7","local_time":"20210130014443","is_ascension_mode":true,"campfire_choices":[{"data":"Crippling Poison","floor":6.0,"key":"SMITH"},{"floor":8.0,"key":"REST"},{"data":"Poisoned Stab","floor":10.0,"key":"SMITH"},{"data":"Caltrops","floor":15,"key":"SMITH"},{"floor":23,"key":"REST"},{"data":"Bouncing Flask","floor":25,"key":"SMITH"},{"floor":30,"key":"REST"},{"data":"Leg Sweep","floor":32,"key":"SMITH"}],"circlet_count":0,"master_deck":["AscendersBane","Strike_G","Strike_G","Strike_G","Strike_G","Defend_G","Defend_G","Defend_G+1","Defend_G","Defend_G","Survivor","Neutralize","Crippling Poison+1","Deadly Poison","PiercingWail","Poisoned Stab+1","Caltrops+1","Poisoned Stab","Die Die Die","Leg Sweep+1","Deadly Poison","Bouncing Flask+1","Noxious Fumes+1","Good Instincts"],"relics":["Ring of the Snake","Ninja Scroll","Tiny Chest","Snake Skull","Strawberry","Orichalcum","Tiny House","Enchiridion","Blue Candle","Pantograph"],"acts_visited":["Exordium","TheCity"],"potions_floor_usage":[24,33],"damage_taken":[{"damage":1.0,"enemies":"Jaw Worm","floor":1.0,"turns":5.0},{"damage":0.0,"enemies":"Small Slimes","floor":2.0,"turns":3.0},{"damage":0.0,"enemies":"2 Louse","floor":4.0,"turns":4.0},{"damage":36.0,"enemies":"3 Sentries","floor":7.0,"turns":11.0},{"damage":1.0,"enemies":"Blue Slaver","floor":11.0,"turns":3.0},{"damage":8.0,"enemies":"Gremlin Nob","floor":12.0,"turns":3.0},{"damage":8,"enemies":"3 Sentries","floor":14,"turns":6},{"damage":7,"enemies":"Hexaghost","floor":16,"turns":9},{"damage":2,"enemies":"3 Byrds","floor":18,"turns":3},{"damage":13,"enemies":"Shell Parasite","floor":19,"turns":3},{"damage":12,"enemies":"Snake Plant","floor":22,"turns":4},{"damage":17,"enemies":"Slavers","floor":24,"turns":5},{"damage":17,"enemies":"Snecko","floor":31,"turns":4},{"damage":55,"enemies":"Champ","floor":33,"turns":9}],"seed_played":"-3361076654587381564","potions_obtained":[{"floor":1.0,"key":"FearPotion"},{"floor":11.0,"key":"LiquidMemories"},{"floor":12.0,"key":"PowerPotion"},{"floor":17,"key":"Strength Potion"},{"floor":24,"key":"ColorlessPotion"}],"is_trial":false,"path_per_floor":["M","M","?","M","$","R","E","R","T","R","M","E","?","E","R","B",null,"M","M","?","?","M","R","E","R","T","T","$","?","R","M","R","B"],"character_chosen":"THE_SILENT","items_purchased":["Ninja Scroll","Noxious Fumes","Good Instincts"],"campfire_rested":3,"item_purchase_floors":[5,28,28],"current_hp_per_floor":[58,58,58,58,58,58,22,41,41,41,40,39,32,24,24,17,64,62,49,28,28,16,39,22,22,22,22,22,22,45,28,28,0,0],"gold":111,"neow_bonus":"THREE_CARDS","is_daily":false,"chose_seed":false,"campfire_upgraded":5,"win_rate":0.0,"timestamp":1611992683,"path_taken":["M","M","?","M","$","R","E","R","T","R","M","E","?","E","R","BOSS","M","M","?","?","M","R","E","R","T","?","?","?","R","M","R","BOSS"],"items_purchased_type":["Relic","Card","Card"],"build_version":"2020-12-22","purchased_purges":1,"victory":false,"max_hp_per_floor":[66,66,66,66,66,66,66,66,66,66,66,73,73,73,73,73,78,78,78,78,78,78,78,78,78,78,78,78,78,78,78,78,78,78],"relic_stats":{"counters":[14,72],"Blue Candle":[0],"Pantograph":25,"Tiny Chest":1,"Snake Skull":[67],"Orichalcum":[90],"obtain_stats":[{"Tiny House":17,"Ninja Scroll":5,"Strawberry":12,"Blue Candle":24,"Pantograph":26,"Enchiridion":20,"Tiny Chest":7,"Snake Skull":9,"Orichalcum":14,"Ring of the Snake":0},{"Tiny House":8,"Ninja Scroll":3,"Strawberry":6,"Blue Candle":12,"Pantograph":12,"Enchiridion":10,"Tiny Chest":4,"Snake Skull":4,"Orichalcum":7,"Ring of the Snake":0},{"Tiny House":44,"Ninja Scroll":12,"Strawberry":29,"Blue Candle":59,"Pantograph":59,"Enchiridion":50,"Tiny Chest":23,"Snake Skull":23,"Orichalcum":35,"Ring of the Snake":0}],"Ring of the Snake":[24]},"card_choices":[{"not_picked":["Deflect","Dodge and Roll"],"picked":"Crippling Poison","floor":0.0},{"not_picked":["Setup","Backflip"],"picked":"Deadly Poison","floor":1.0},{"not_picked":["Catalyst","Quick Slash"],"picked":"PiercingWail","floor":2.0},{"not_picked":["Cloak And Dagger","Blade Dance"],"picked":"Poisoned Stab","floor":4.0},{"not_picked":["Dodge and Roll","Blur"],"picked":"Caltrops","floor":7.0},{"not_picked":["Choke","Flying Knee"],"picked":"Poisoned Stab","floor":11.0},{"not_picked":["Skewer","Dagger Spray","Deadly Poison"],"picked":"SKIP","floor":12.0},{"not_picked":["Skewer","Dagger Spray","Deadly Poison"],"picked":"SKIP","floor":12.0},{"not_picked":["Dagger Throw","Phantasmal Killer","Heel Hook"],"picked":"SKIP","floor":14},{"not_picked":["Bullet Time","Tools of the Trade"],"picked":"Die Die Die","floor":16},{"not_picked":["Outmaneuver","Cloak And Dagger","Sucker Punch"],"picked":"SKIP","floor":18},{"not_picked":["Choke","Eviscerate"],"picked":"Leg Sweep","floor":19},{"not_picked":["Calculated Gamble","Underhanded Strike"],"picked":"Deadly Poison","floor":22},{"not_picked":["Underhanded Strike+1","Expertise"],"picked":"Bouncing Flask","floor":24},{"not_picked":["Underhanded Strike+1","Outmaneuver","Quick Slash"],"picked":"SKIP","floor":31}],"player_experience":2768401,"relics_obtained":[{"floor":7.0,"key":"Tiny Chest"},{"floor":9.0,"key":"Snake Skull"},{"floor":12.0,"key":"Strawberry"},{"floor":14,"key":"Orichalcum"},{"floor":20,"key":"Enchiridion"},{"floor":24,"key":"Blue Candle"},{"floor":26,"key":"Pantograph"}],"event_choices":[{"damage_healed":0.0,"max_hp_gain":0.0,"max_hp_loss":0.0,"gold_gain":150.0,"event_name":"Liars Game","player_choice":"AGREE","floor":3.0,"gold_loss":0.0,"damage_taken":0.0,"cards_obtained":["Doubt"]},{"cards_removed":["Doubt"],"damage_healed":0.0,"max_hp_gain":0.0,"max_hp_loss":0.0,"gold_gain":0.0,"event_name":"Golden Wing","player_choice":"Card Removal","floor":13.0,"gold_loss":0.0,"damage_taken":7.0},{"damage_healed":0,"gold_gain":0,"player_choice":"Obtained Book","damage_taken":21,"max_hp_gain":0,"max_hp_loss":0,"event_name":"Cursed Tome","floor":20,"gold_loss":0},{"damage_healed":0,"gold_gain":0,"player_choice":"Ignored","damage_taken":0,"max_hp_gain":0,"max_hp_loss":0,"event_name":"The Mausoleum","floor":21,"gold_loss":0},{"damage_healed":0,"gold_gain":0,"player_choice":"Upgraded","damage_taken":0,"max_hp_gain":0,"max_hp_loss":0,"event_name":"Upgrade Shrine","floor":29,"gold_loss":0,"cards_upgraded":["Noxious Fumes"]}],"is_beta":false,"boss_relics":[{"not_picked":["WristBlade","Coffee Dripper"],"picked":"Tiny House"}],"items_purged_floors":[28],"is_endless":false,"potions_floor_spawned":[1,11,12,24,31],"killed_by":"Champ","ascension_level":20}}