{"host":"ifcf0cy5l3qbxi8r","time":1611999677,"event":{"mods":["Act Like it!","Arknights The Spire","BaseMod","Gensokyo","Minty Spire (QoL Compilation)","StSLib"],"gold_per_floor":[109,109,124,138,155,155,155],"floor_reached":6,"language":"ZHS","playtime":386,"items_purged":[],"score":42,"play_id":"f21414bc-b07f-4b98-82c3-95e629ae6e23","local_time":"20210130174117","is_ascension_mode":true,"campfire_choices":[],"circlet_count":0,"master_deck":["ats:Strike C","ats:Strike G","ats:Strike S","ats:Strike V","ats:Armor Crushing Shot","ats:Defend","ats:Defend","ats:Defend","ats:Defend","ats:Emotion Absorption","ats:Shell Defense","ats:Very Hot Blade","Pain","ats:Soul Absorption","ats:Guardian Obelisk"],"relics":["ats:Sanity","Gensokyo:LunaticRedEyes"],"acts_visited":["Exordium"],"potions_floor_usage":[6],"damage_taken":[{"damage":17,"enemies":"Gensokyo:Gryphon","floor":1,"turns":4},{"damage":6,"enemies":"Gensokyo:2_Kodama","floor":3,"turns":3},{"damage":5,"enemies":"Gensokyo:3_Fairies","floor":4,"turns":5},{"damage":23,"enemies":"Gensokyo:CorruptedTreant","floor":5,"turns":5},{"damage":67,"enemies":"Gensokyo:Aya","floor":6,"turns":6}],"seed_played":"-3718757060238720232","potions_obtained":[{"floor":3,"key":"PowerPotion"},{"floor":4,"key":"Swift Potion"}],"is_trial":false,"path_per_floor":["M","?","M","M","M","E"],"character_chosen":"DOCTOR_CLASS","items_purchased":[],"campfire_rested":0,"item_purchase_floors":[],"current_hp_per_floor":[55,55,49,44,24,9,9],"gold":155,"neow_bonus":"THREE_CARDS","is_daily":false,"chose_seed":false,"campfire_upgraded":0,"win_rate":0.0,"timestamp":1611999677,"path_taken":["M","?","?","M","M","E"],"items_purchased_type":[],"build_version":"2020-12-22","purchased_purges":0,"victory":false,"max_hp_per_floor":[72,72,72,72,72,72,72],"card_choices":[{"not_picked":["ats:Literary Storm","ats:Encircling Forest"],"picked":"ats:Shell Defense","floor":0},{"not_picked":["ats:Phantom","ats:Powerful Strike"],"picked":"ats:Very Hot Blade","floor":1},{"not_picked":["ats:Shell Defense","ats:LN2 Cannon"],"picked":"ats:Soul Absorption","floor":3},{"not_picked":["ats:Composite Medical Shells","ats:Soul Absorption"],"picked":"ats:Guardian Obelisk","floor":4},{"not_picked":["ats:Thorns","ats:Flexible Camouflage","ats:Shell Defense"],"picked":"SKIP","floor":5}],"player_experience":96123,"relics_obtained":[],"event_choices":[],"is_beta":false,"boss_relics":[],"items_purged_floors":[],"is_endless":false,"potions_floor_spawned":[3,4],"killed_by":"Gensokyo:Aya","ascension_level":2}}