{"host":"tkinv8gv6hgcc58b","time":1611969942,"event":{"mods":["AchievementEnabler","BaseMod","BetterRewards","Colored Map","Downfall","Googly Eyes","Hermit","Minty Spire (QoL Compilation)","Rare Cards Sparkle","Relic Filter","StSLib","The Cursed","The Disciple"],"gold_per_floor":[112,112,39,49,59,76,76,76,131,161,178,189,189,203,203,308,308,323,422,422,22,22,47,47,47,47],"floor_reached":25,"language":"ENG","playtime":1252,"items_purged":["Pain"],"score":433,"play_id":"cde9c5a8-a8b7-4f51-a38f-d9f46b36e461","local_time":"20210129202542","is_ascension_mode":true,"campfire_choices":[{"data":"1","floor":8,"key":"LIFT"},{"floor":15,"key":"REST"},{"floor":24,"key":"REST"}],"circlet_count":0,"master_deck":["Strike_P+1","Strike_P+1","Strike_P+1","Strike_P+1","Defend_P+1","Defend_P+1","Defend_P+1","Defend_P+1","Eruption","Vigilance","Ragnarok","FearNoEvil","Scrawl+1","Swift Strike","Crescendo","EmptyFist","EmptyFist","Wallop","WaveOfTheHand","ClearTheMind","FlurryOfBlows","Devotion","DevaForm","CurseOfTheBell","Bandage Up","MasterReality"],"relics":["PureWater","Girya","Guardian:PocketSentry","Shovel","WarpedTongs","Calling Bell","Calipers","Blue Candle","Ginger","Nilry\u0027s Codex","Meat on the Bone","Bottled Tornado"],"acts_visited":["Exordium","TheCity"],"potions_floor_usage":[10,23,23,25],"damage_taken":[{"damage":0,"enemies":"2 Louse","floor":1,"turns":1},{"damage":6,"enemies":"Cultist","floor":4,"turns":3},{"damage":2,"enemies":"Jaw Worm","floor":5,"turns":2},{"damage":8,"enemies":"Large Slime","floor":6,"turns":4},{"damage":0,"enemies":"Gremlin Nob","floor":10,"turns":3},{"damage":9,"enemies":"Exordium Thugs","floor":11,"turns":3},{"damage":4,"enemies":"2 Fungi Beasts","floor":12,"turns":2},{"damage":0,"enemies":"3 Louse","floor":14,"turns":1},{"damage":27,"enemies":"Hexaghost","floor":16,"turns":6},{"damage":28,"enemies":"Shell Parasite","floor":18,"turns":5},{"damage":14,"enemies":"Slavers","floor":23,"turns":2},{"damage":39,"enemies":"Gremlin Leader","floor":25,"turns":2}],"seed_played":"8726019845283150898","potions_obtained":[{"floor":1,"key":"Regen Potion"},{"floor":5,"key":"Ancient Potion"},{"floor":6,"key":"Block Potion"},{"floor":10,"key":"SteroidPotion"},{"floor":18,"key":"DistilledChaos"},{"floor":23,"key":"Explosive Potion"}],"is_trial":false,"path_per_floor":["M","?","$","M","M","M","?","R","T","E","M","M","?","M","R","B",null,"M","?","?","$","?","E","R","E"],"character_chosen":"WATCHER","items_purchased":["Ragnarok","Crescendo","EmptyFist","Meat on the Bone","Bandage Up"],"campfire_rested":2,"item_purchase_floors":[0,3,3,21,21],"current_hp_per_floor":[58,58,58,52,50,42,42,42,42,42,33,29,29,29,49,22,56,28,28,12,12,12,19,39,0,0],"gold":47,"neow_bonus":"","is_daily":false,"chose_seed":false,"campfire_upgraded":0,"win_rate":0.0,"timestamp":1611969942,"path_taken":["M","?","?","M","?","M","?","R","T","E","M","M","?","M","R","BOSS","M","?","?","$","?","E","R","E"],"items_purchased_type":["Card","Card","Card","Relic","Card"],"build_version":"2020-12-22","purchased_purges":1,"victory":false,"max_hp_per_floor":[67,67,67,67,67,67,67,67,67,67,67,67,67,67,67,67,67,67,67,67,67,67,67,67,67,67],"card_choices":[{"not_picked":["Swivel","Halt"],"picked":"FearNoEvil","floor":1},{"not_picked":["BowlingBash","SashWhip","FlyingSleeves"],"picked":"SKIP","floor":4},{"not_picked":["SignatureMove","ThirdEye"],"picked":"EmptyFist","floor":5},{"not_picked":["PathToVictory","Prostrate"],"picked":"Wallop","floor":6},{"not_picked":["Halt","DeceiveReality"],"picked":"WaveOfTheHand","floor":10},{"not_picked":["Consecrate","PathToVictory"],"picked":"ClearTheMind","floor":11},{"not_picked":["Wireheading","FollowUp"],"picked":"FlurryOfBlows","floor":12},{"not_picked":["BowlingBash","Prostrate"],"picked":"Devotion","floor":14},{"not_picked":["ConjureBlade","Blasphemy"],"picked":"DevaForm","floor":16},{"not_picked":["JustLucky+1","ClearTheMind+1","ReachHeaven"],"picked":"SKIP","floor":18},{"not_picked":["SignatureMove","Worship+1"],"picked":"MasterReality","floor":23}],"player_experience":1093339,"relics_obtained":[{"floor":9,"key":"Guardian:PocketSentry"},{"floor":10,"key":"Shovel"},{"floor":17,"key":"Calipers"},{"floor":17,"key":"Blue Candle"},{"floor":17,"key":"Ginger"},{"floor":20,"key":"Nilry\u0027s Codex"},{"floor":23,"key":"Bottled Tornado"}],"event_choices":[{"damage_healed":0,"gold_gain":0,"player_choice":"2 cards matched","damage_taken":0,"max_hp_gain":0,"max_hp_loss":0,"event_name":"Match and Keep!","floor":2,"gold_loss":0,"cards_obtained":["Scrawl","Swift Strike"]},{"damage_healed":0,"gold_gain":0,"player_choice":"Grow","damage_taken":0,"max_hp_gain":0,"max_hp_loss":0,"event_name":"Living Wall","floor":7,"gold_loss":0,"cards_upgraded":["Scrawl"]},{"damage_healed":0,"gold_gain":0,"player_choice":"Rummage","damage_taken":0,"relics_obtained":["WarpedTongs"],"max_hp_gain":0,"max_hp_loss":0,"event_name":"Accursed Blacksmith","floor":13,"gold_loss":0,"cards_obtained":["Pain"]},{"damage_healed":0,"gold_gain":99,"player_choice":"Stole From Cult","damage_taken":0,"max_hp_gain":0,"max_hp_loss":0,"event_name":"Nest","floor":19,"gold_loss":0},{"damage_healed":0,"gold_gain":0,"player_choice":"Obtained Book","damage_taken":16,"max_hp_gain":0,"max_hp_loss":0,"event_name":"Cursed Tome","floor":20,"gold_loss":0},{"damage_healed":0,"gold_gain":0,"player_choice":"Simplicity","damage_taken":0,"max_hp_gain":0,"max_hp_loss":0,"event_name":"Back to Basics","floor":22,"gold_loss":0,"cards_upgraded":["Strike_P","Strike_P","Strike_P","Strike_P","Defend_P","Defend_P","Defend_P","Defend_P"]}],"is_beta":false,"boss_relics":[{"not_picked":["Snecko Eye","Sozu"],"picked":"Calling Bell"}],"items_purged_floors":[21],"is_endless":false,"potions_floor_spawned":[1,5,6,10,18,23],"killed_by":"Gremlin Leader","ascension_level":5}}