{"host":"nw4g04f085wnqcgt","time":1611970116,"event":{"mods":["AchievementEnabler","BaseMod","Colored Map","Colored Powertips","DeckTracker","Minty Spire (QoL Compilation)","Relic Sorter","SuperFastMode"],"gold_per_floor":[115,115,115,138,88,88,127,127,154,154,178,194,269,285,285,404,404,429,429,448,337,361,361,382,382,382,382,398,398,398],"floor_reached":29,"language":"ENG","playtime":1768,"items_purged":["Steam"],"score":256,"play_id":"c90c7213-34a6-4cc6-9fda-7377e5867e94","local_time":"20210129202836","is_ascension_mode":true,"campfire_choices":[{"data":"Zap","floor":6,"key":"SMITH"},{"data":"Dualcast","floor":8,"key":"SMITH"},{"data":"Ball Lightning","floor":10,"key":"SMITH"},{"floor":15,"key":"REST"},{"floor":23,"key":"REST"},{"floor":25,"key":"REST"},{"floor":27,"key":"RECALL"}],"circlet_count":0,"master_deck":["Zap+1","Dualcast+1","BootSequence","Ball Lightning+1","Conserve Battery","Seek","Buffer","Recycle","Leap","Darkness","Core Surge","BootSequence","Doom and Gloom","Redo+1","Conserve Battery","Defragment"],"relics":["Cracked Core","Golden Idol","Strawberry","Lantern","Omamori","Pandora\u0027s Box","Nilry\u0027s Codex","Molten Egg 2"],"acts_visited":["Exordium","TheCity"],"potions_floor_usage":[7,7,16,20],"damage_taken":[{"damage":0,"enemies":"Jaw Worm","floor":1,"turns":3},{"damage":0,"enemies":"Small Slimes","floor":4,"turns":3},{"damage":29,"enemies":"Lagavulin","floor":7,"turns":10},{"damage":0,"enemies":"Cultist","floor":12,"turns":3},{"damage":5,"enemies":"2 Fungi Beasts","floor":14,"turns":3},{"damage":36,"enemies":"Hexaghost","floor":16,"turns":10},{"damage":0,"enemies":"Spheric Guardian","floor":18,"turns":3},{"damage":13,"enemies":"2 Thieves","floor":20,"turns":4},{"damage":33,"enemies":"Snecko","floor":22,"turns":7},{"damage":12,"enemies":"Centurion and Healer","floor":24,"turns":7},{"damage":24,"enemies":"Sentry and Sphere","floor":28,"turns":5},{"damage":39,"enemies":"Slavers","floor":29,"turns":3}],"seed_played":"-6578800975962349382","potions_obtained":[{"floor":1,"key":"Regen Potion"},{"floor":4,"key":"FocusPotion"},{"floor":7,"key":"DistilledChaos"},{"floor":16,"key":"LiquidBronze"},{"floor":18,"key":"Explosive Potion"}],"is_trial":false,"path_per_floor":["M","?","?","M","?","R","E","R","T","R","T","M","?","M","R","B",null,"M","?","M","$","M","R","M","R","T","R","M","E"],"character_chosen":"DEFECT","items_purchased":["Defragment"],"campfire_rested":3,"item_purchase_floors":[21],"current_hp_per_floor":[75,57,64,64,64,64,50,50,50,50,50,50,39,34,58,22,82,82,66,53,53,20,44,32,56,56,56,32,0,0],"gold":398,"neow_bonus":"THREE_CARDS","is_daily":false,"chose_seed":false,"campfire_upgraded":3,"win_rate":0.0,"timestamp":1611970116,"path_taken":["M","?","?","?","?","R","E","R","T","R","?","M","?","M","R","BOSS","M","?","M","$","M","R","M","R","T","R","M","E"],"items_purchased_type":["Card"],"build_version":"2020-12-22","purchased_purges":1,"victory":false,"max_hp_per_floor":[75,75,82,82,82,82,82,82,82,82,82,82,82,82,82,82,82,82,82,82,82,82,82,82,82,82,82,82,82,82],"card_choices":[{"not_picked":["Streamline","Capacitor"],"picked":"BootSequence","floor":0},{"not_picked":["Static Discharge","Blizzard"],"picked":"Steam","floor":1},{"not_picked":["Leap","Compile Driver","Stack"],"picked":"SKIP","floor":4},{"not_picked":["Redo","Streamline"],"picked":"Ball Lightning","floor":7},{"not_picked":["Meteor Strike","Leap"],"picked":"Conserve Battery","floor":12},{"not_picked":["Rebound","Beam Cell","Hello World"],"picked":"SKIP","floor":14},{"not_picked":["Hyperbeam","Rainbow"],"picked":"Seek","floor":16},{"not_picked":["Static Discharge","Stack"],"picked":"Redo+1","floor":18},{"not_picked":["Compile Driver+1","Darkness"],"picked":"Conserve Battery","floor":20},{"not_picked":["Cold Snap","Compile Driver","Steam+1"],"picked":"SKIP","floor":22},{"not_picked":["Compile Driver","Genetic Algorithm","Streamline"],"picked":"SKIP","floor":24},{"not_picked":["Sweeping Beam+1","Redo+1","Aggregate+1"],"picked":"SKIP","floor":28}],"player_experience":353254,"relics_obtained":[{"floor":3,"key":"Strawberry"},{"floor":7,"key":"Lantern"},{"floor":9,"key":"Omamori"},{"floor":19,"key":"Nilry\u0027s Codex"},{"floor":26,"key":"Molten Egg 2"}],"event_choices":[{"damage_healed":0,"gold_gain":0,"player_choice":"Take Damage","damage_taken":18,"relics_obtained":["Golden Idol"],"max_hp_gain":0,"max_hp_loss":0,"event_name":"Golden Idol","floor":2,"gold_loss":0},{"damage_healed":0,"gold_gain":0,"player_choice":"Relic","damage_taken":0,"max_hp_gain":0,"max_hp_loss":0,"event_name":"Wheel of Change","floor":3,"gold_loss":0},{"cards_removed":["Strike_B"],"damage_healed":0,"gold_gain":0,"player_choice":"Card Removal","damage_taken":0,"max_hp_gain":0,"max_hp_loss":0,"event_name":"The Cleric","floor":5,"gold_loss":50},{"damage_healed":0,"gold_gain":75,"player_choice":"Gather Gold","damage_taken":11,"max_hp_gain":0,"max_hp_loss":0,"event_name":"World of Goop","floor":13,"gold_loss":0},{"damage_healed":0,"gold_gain":0,"player_choice":"Obtained Book","damage_taken":16,"max_hp_gain":0,"max_hp_loss":0,"event_name":"Cursed Tome","floor":19,"gold_loss":0}],"is_beta":false,"boss_relics":[{"not_picked":["SacredBark","Ectoplasm"],"picked":"Pandora\u0027s Box"}],"items_purged_floors":[21],"is_endless":false,"potions_floor_spawned":[1,4,7,16,18],"killed_by":"Slavers","ascension_level":3}}