{"host":"hbel9g7s7ibv8po6","time":1611999461,"event":{"mods":["BaseMod","Duelist Mod","Minty Spire (QoL Compilation)","StSLib"],"gold_per_floor":[137,62,76,96,96,138,138,172,199,243,243,278,328,31,31,136,136,156,31,31,31,52,86,86,128,128,128,160,160,204,204,204,204,204],"floor_reached":33,"language":"ENG","playtime":1495,"items_purged":["theDuelist:Sparks","theDuelist:Sparks","theDuelist:CastleWalls"],"score":696,"play_id":"17637772-d901-4d55-b2c8-25a505f73d58","local_time":"20210130173741","is_ascension_mode":true,"campfire_choices":[{"data":"theDuelist:InfernityDoomDragon","floor":7.0,"key":"SMITH"},{"data":"theDuelist:BabyDragon","floor":11.0,"key":"SMITH"},{"data":"theDuelist:DragonPiper","floor":15.0,"key":"SMITH"},{"data":"theDuelist:PotGenerosity","floor":24.0,"key":"SMITH"},{"floor":27.0,"key":"REST"},{"data":"theDuelist:BabyDragon","floor":29.0,"key":"SMITH"},{"floor":32,"key":"REST"}],"circlet_count":0,"master_deck":["AscendersBane","theDuelist:BabyDragon+1","theDuelist:CastleWalls","theDuelist:CaveDragon","theDuelist:CaveDragon","theDuelist:LesserDragon","theDuelist:LesserDragon","theDuelist:YamataDragon","theDuelist:BlueEyesUltimate","theDuelist:MirageDragon","theDuelist:InfernityDoomDragon+1","theDuelist:BabyDragon+1","theDuelist:DragonCaptureJar","theDuelist:PotGenerosity+1","theDuelist:DragonPiper+1","theDuelist:SliferSky","theDuelist:FiveHeaded+1","theDuelist:BigEye+1","theDuelist:RainbowOverdragon"],"relics":["theDuelist:MillenniumPuzzle","theDuelist:CardPoolRelic","theDuelist:CardPoolBasicRelic","theDuelist:BoosterPackPoolRelic","theDuelist:CardPoolAddRelic","theDuelist:CardPoolMinusRelic","theDuelist:CardPoolSaveRelic","theDuelist:CardPoolOptionsRelic","CeramicFish","Omamori","theDuelist:MillenniumRod","Blue Candle","Cursed Key","HornCleat","Bottled Tornado","theDuelist:MillenniumPeriapt","theDuelist:BoosterPackTrapEgg","Bag of Preparation","theDuelist:MetronomeRelicB","Frozen Eye"],"acts_visited":["Exordium","TheCity"],"potions_floor_usage":[33],"damage_taken":[{"damage":0.0,"enemies":"Cultist","floor":1.0,"turns":1.0},{"damage":0.0,"enemies":"Small Slimes","floor":3.0,"turns":1.0},{"damage":0.0,"enemies":"Jaw Worm","floor":4.0,"turns":1.0},{"damage":16.0,"enemies":"Gremlin Nob","floor":6.0,"turns":3.0},{"damage":12.0,"enemies":"3 Sentries","floor":8.0,"turns":5.0},{"damage":0.0,"enemies":"Lagavulin","floor":10.0,"turns":2.0},{"damage":0.0,"enemies":"Blue Slaver","floor":12.0,"turns":3.0},{"damage":0.0,"enemies":"2 Fungi Beasts","floor":13.0,"turns":9.0},{"damage":0.0,"enemies":"Slime Boss","floor":16.0,"turns":3.0},{"damage":0.0,"enemies":"Shell Parasite","floor":18.0,"turns":2.0},{"damage":28.0,"enemies":"2 Thieves","floor":22.0,"turns":4.0},{"damage":0.0,"enemies":"theDuelist:KaibaA2","floor":23.0,"turns":2.0},{"damage":28.0,"enemies":"Slavers","floor":25.0,"turns":3.0},{"damage":0.0,"enemies":"Gremlin Leader","floor":28.0,"turns":4.0},{"damage":23,"enemies":"Slavers","floor":30,"turns":5},{"damage":42,"enemies":"Automaton","floor":33,"turns":6}],"seed_played":"8942173806586009466","potions_obtained":[{"floor":1.0,"key":"HeartOfIron"},{"floor":6.0,"key":"Energy Potion"},{"floor":8.0,"key":"AttackPotion"},{"floor":22.0,"key":"Explosive Potion"},{"floor":23.0,"key":"theDuelist:WaterBottle"},{"floor":28.0,"key":"theDuelist:TributeBottle"}],"is_trial":false,"path_per_floor":["M","$","M","M","?","E","R","E","T","E","R","M","M","$","R","B",null,"M","$","?","?","M","E","R","E","T","R","E","R","E","T","R","B"],"character_chosen":"THE_DUELIST","items_purchased":["theDuelist:PotGenerosity","theDuelist:DragonPiper"],"campfire_rested":2,"item_purchase_floors":[14,14],"current_hp_per_floor":[72,72,72,72,72,56,56,44,44,44,44,44,44,44,44,44,71,71,71,71,71,43,43,43,15,15,39,39,39,16,16,40,0,0],"gold":204,"neow_bonus":"THREE_ENEMY_KILL","is_daily":false,"chose_seed":false,"campfire_upgraded":5,"win_rate":0.0,"timestamp":1611999461,"path_taken":["M","?","?","M","?","E","R","E","T","E","R","?","M","$","R","BOSS","M","$","?","?","M","E","R","E","T","R","E","R","E","?","R","BOSS"],"items_purchased_type":["Card","Card"],"build_version":"2020-12-22","purchased_purges":3,"victory":false,"max_hp_per_floor":[80,80,80,80,80,80,80,80,80,80,80,80,80,80,80,80,80,80,80,80,80,80,80,80,80,80,80,80,80,80,80,80,80,80],"card_choices":[{"not_picked":["theDuelist:CyberDinosaur","theDuelist:RedRisingDragon","theDuelist:CaveDragon","theDuelist:ViceDragon"],"picked":"theDuelist:BlueEyesUltimate","floor":1.0},{"not_picked":["theDuelist:Pyrorex","theDuelist:SphereChaos","theDuelist:DarkfireDragon","theDuelist:CyberTwinDragon"],"picked":"theDuelist:MirageDragon","floor":3.0},{"not_picked":["theDuelist:CyberDinosaur","theDuelist:RedDragonArchfiend","theDuelist:Sabersaurus","theDuelist:AtomicScrapDragon","theDuelist:CyberDragonSieger"],"picked":"SKIP","floor":4.0},{"not_picked":["theDuelist:Destroyersaurus","theDuelist:WaterDragonCluster","theDuelist:BackgroundDragon","theDuelist:BlacklandFireDragon"],"picked":"theDuelist:InfernityDoomDragon","floor":6.0},{"not_picked":["theDuelist:Vandalgyon","theDuelist:FiendSkull","theDuelist:CyberLaserDragon","theDuelist:AutorokketDragon"],"picked":"theDuelist:BabyDragon","floor":8.0},{"not_picked":["theDuelist:MiraculousDescent","theDuelist:BurstBreath","theDuelist:BackupSoldier","theDuelist:ArtifactSanctum"],"picked":"theDuelist:DragonCaptureJar","floor":10.0},{"not_picked":["theDuelist:YamataDragon","theDuelist:Pyrorex","theDuelist:MadSwordBeast","theDuelist:BlackStego","theDuelist:BlackTyranno"],"picked":"SKIP","floor":12.0},{"not_picked":["theDuelist:BigFire","theDuelist:Hinotama","theDuelist:LightningDarts","theDuelist:RainbowOverdragon","theDuelist:Raigeki"],"picked":"SKIP","floor":13.0},{"not_picked":["theDuelist:Scapegoat","theDuelist:OceanDragonLord","theDuelist:GaiaDragonChamp","theDuelist:BerserkScales"],"picked":"theDuelist:SliferSky","floor":16.0},{"not_picked":["theDuelist:TwinHeadedFire","theDuelist:MirageDragon","theDuelist:LesserDragon","theDuelist:Beatraptor","theDuelist:CyberDinosaur"],"picked":"SKIP","floor":18.0},{"not_picked":["theDuelist:GaiaDragonChamp+1","theDuelist:BlueEyesUltimate+1"],"picked":"theDuelist:FiveHeaded+1","floor":22.0},{"not_picked":["theDuelist:WhiteHowling+1","theDuelist:TyrantWing","theDuelist:SafeZone+1","theDuelist:JurassicImpact","theDuelist:CastleDragonSouls"],"picked":"SKIP","floor":23.0},{"not_picked":["theDuelist:LightningDarts+1","theDuelist:FeatherPho","theDuelist:Terraforming","theDuelist:LabyrinthWall"],"picked":"theDuelist:BigEye+1","floor":25.0},{"not_picked":["theDuelist:RainbowOverdragon","theDuelist:MagicalStone","theDuelist:BattleguardKing","theDuelist:JamBreeding+1","theDuelist:Terraforming+1"],"picked":"SKIP","floor":28.0},{"not_picked":["theDuelist:Hinotama","theDuelist:LightningDarts+1","theDuelist:ForbiddenLance","theDuelist:SmashingGround"],"picked":"theDuelist:RainbowOverdragon","floor":30}],"player_experience":170510,"relics_obtained":[{"floor":6.0,"key":"CeramicFish"},{"floor":8.0,"key":"Omamori"},{"floor":9.0,"key":"theDuelist:MillenniumRod"},{"floor":10.0,"key":"Blue Candle"},{"floor":23.0,"key":"HornCleat"},{"floor":25.0,"key":"Bottled Tornado"},{"floor":26.0,"key":"theDuelist:MillenniumPeriapt"},{"floor":28.0,"key":"theDuelist:BoosterPackTrapEgg"},{"floor":30,"key":"Bag of Preparation"},{"floor":31,"key":"theDuelist:MetronomeRelicB"}],"event_choices":[{"damage_healed":0.0,"max_hp_gain":0.0,"max_hp_loss":0.0,"gold_gain":0.0,"event_name":"Visit from Anubis","player_choice":"Scored: 2235","duelist":true,"floor":5.0,"gold_loss":0.0,"damage_taken":0.0},{"damage_healed":0.0,"max_hp_gain":0.0,"max_hp_loss":0.0,"gold_gain":0.0,"event_name":"Tomb of the Nameless","player_choice":"Leave","duelist":true,"floor":20.0,"gold_loss":0.0,"damage_taken":0.0},{"damage_healed":0.0,"max_hp_gain":0.0,"max_hp_loss":0.0,"gold_gain":0.0,"event_name":"Egyptian Village","player_choice":"Leave","duelist":true,"floor":21.0,"gold_loss":0.0,"damage_taken":0.0}],"is_beta":false,"boss_relics":[{"not_picked":["Philosopher\u0027s Stone","Astrolabe"],"picked":"Cursed Key"}],"items_purged_floors":[2,14,19],"is_endless":false,"potions_floor_spawned":[1,6,8,22,23,28],"killed_by":"Automaton","ascension_level":10}}