{"host":"6zvpb25n18ixfmh8","time":1611984041,"event":{"mods":["Arknights The Spire","Aspiration","BaseMod","Beaked The Cultist","Bestiary","Better Skull","Better Vampires","Colored Map","Colored Powertips","Conspire","Downfall","Energized Spire","Hermit","Hubris","Infinite Spire","Minty Spire (QoL Compilation)","Quick Restart","Replay The Spire","Robot Space Explorer","Spicy Shops","StSLib","The Animator","The Construct","The Cursed","The Marked","The Servant 0.9.4","everything is the same but u backflip on backflip","slay the spire mod where everything is the same but ironclad has a cowboy hat"],"gold_per_floor":[111,111,186,201,201,234,247,285,285,326,356,368,399,411,423,563,575,606,671,683,655,685,697,722,734,734],"floor_reached":25,"language":"ENG","playtime":1444,"items_purged":[],"score":246,"play_id":"77133574-ae0b-41f7-98be-d0a2109cc073","local_time":"20210129232041","is_ascension_mode":false,"campfire_choices":[{"floor":12,"key":"REST"},{"data":"RobotSpaceExplorer:MiniLasers","floor":15,"key":"SMITH"},{"floor":23,"key":"REST"}],"circlet_count":0,"master_deck":["RobotSpaceExplorer:Strike","RobotSpaceExplorer:Strike","RobotSpaceExplorer:Strike","RobotSpaceExplorer:Strike","RobotSpaceExplorer:Defend","RobotSpaceExplorer:Defend","RobotSpaceExplorer:Defend","RobotSpaceExplorer:Defend","RobotSpaceExplorer:Scan","RobotSpaceExplorer:MiniLasers+1","RobotSpaceExplorer:Pulsar","RobotSpaceExplorer:Pulsar+1","RobotSpaceExplorer:StunGrenade","RobotSpaceExplorer:StunGrenade","RobotSpaceExplorer:MetalStrike","RobotSpaceExplorer:TrailblazerForm+1","RobotSpaceExplorer:ScrapMissile","RobotSpaceExplorer:ShovelStrike","RobotSpaceExplorer:SwiftStep"],"relics":["RobotSpaceExplorer:RoboCore","NeowsBlessing","Golden Idol","Boot","hubris:Metronome","HornCleat","MawBank","Fusion Hammer","Bag of Marbles","MutagenicStrength"],"acts_visited":["Exordium","TheCity"],"potions_floor_usage":[16,16],"damage_taken":[{"damage":0,"enemies":"conspire:RoseBush","floor":1,"turns":1},{"damage":0,"enemies":"2 Louse","floor":4,"turns":1},{"damage":0,"enemies":"Lagavulin","floor":6,"turns":1},{"damage":2,"enemies":"Cultist","floor":7,"turns":4},{"damage":5,"enemies":"Replay:BlueRogue","floor":8,"turns":7},{"damage":10,"enemies":"Lagavulin","floor":10,"turns":6},{"damage":0,"enemies":"3 Louse","floor":11,"turns":2},{"damage":0,"enemies":"Red Slaver","floor":13,"turns":3},{"damage":64,"enemies":"Fading Forest","floor":16,"turns":11},{"damage":8,"enemies":"conspire:FuzzyDice","floor":18,"turns":6},{"damage":3,"enemies":"Shell Parasite","floor":22,"turns":5},{"damage":7,"enemies":"Snake Plant","floor":24,"turns":5},{"damage":0,"enemies":"Centurion and Healer","floor":25,"turns":1}],"seed_played":"-1215794251454243932","potions_obtained":[{"floor":1,"key":"champ:CounterPotion"},{"floor":4,"key":"Adrenaline Potion"},{"floor":10,"key":"FearPotion"},{"floor":16,"key":"SkillPotion"},{"floor":18,"key":"Explosive Potion"}],"is_trial":false,"path_per_floor":["M","?","?","M","?","E","M","E","T","E","M","R","M","?","R","B",null,"M","T","?","?","M","R","M","M"],"character_chosen":"RobotSpaceExplorer","items_purchased":[],"campfire_rested":2,"item_purchase_floors":[],"current_hp_per_floor":[75,57,46,46,46,46,44,39,39,29,29,51,51,56,56,2,75,67,67,67,67,64,75,68,68,68],"gold":734,"neow_bonus":"THREE_ENEMY_KILL","is_daily":false,"chose_seed":false,"campfire_upgraded":1,"win_rate":0.0,"timestamp":1611984041,"path_taken":["M","?","?","M","?","E","?","E","T","E","M","R","M","?","R","BOSS","M","?","?","?","?","R","M","M"],"items_purchased_type":[],"build_version":"2020-12-22","purchased_purges":0,"victory":false,"max_hp_per_floor":[75,75,75,75,75,75,75,75,75,75,75,75,75,75,75,75,75,75,75,75,75,75,75,75,75,75],"card_choices":[{"not_picked":["RobotSpaceExplorer:Discharger","RobotSpaceExplorer:StunGrenade"],"picked":"RobotSpaceExplorer:Pulsar","floor":1},{"not_picked":["RobotSpaceExplorer:SurgingShield","RobotSpaceExplorer:SurgingStrike"],"picked":"RobotSpaceExplorer:Pulsar","floor":4},{"not_picked":["RobotSpaceExplorer:FranticSearch","RobotSpaceExplorer:GearShield"],"picked":"RobotSpaceExplorer:StunGrenade","floor":6},{"not_picked":["RobotSpaceExplorer:Probe","RobotSpaceExplorer:GlueSpray","RobotSpaceExplorer:Electropulse"],"picked":"SKIP","floor":7},{"not_picked":["RobotSpaceExplorer:FranticSearch","RobotSpaceExplorer:Explosion"],"picked":"RobotSpaceExplorer:StunGrenade","floor":8},{"not_picked":["RobotSpaceExplorer:Electroshield","RobotSpaceExplorer:Scanner","RobotSpaceExplorer:SlimeMissile"],"picked":"SKIP","floor":10},{"not_picked":["RobotSpaceExplorer:DualCore","RobotSpaceExplorer:SwiftStep"],"picked":"RobotSpaceExplorer:Ammunition","floor":11},{"not_picked":["RobotSpaceExplorer:Probe","RobotSpaceExplorer:Ammunition"],"picked":"RobotSpaceExplorer:MetalStrike","floor":13},{"not_picked":["RobotSpaceExplorer:Accelerator","RobotSpaceExplorer:Explosion"],"picked":"RobotSpaceExplorer:TrailblazerForm","floor":16},{"not_picked":["RobotSpaceExplorer:SurgingStrike","RobotSpaceExplorer:SelfCleaning+1"],"picked":"RobotSpaceExplorer:ScrapMissile","floor":18},{"not_picked":["RobotSpaceExplorer:SlimeMissile","RobotSpaceExplorer:ExhaustFan"],"picked":"RobotSpaceExplorer:ShovelStrike","floor":22},{"not_picked":["RobotSpaceExplorer:GearShield","RobotSpaceExplorer:ScrapMissile"],"picked":"RobotSpaceExplorer:SwiftStep","floor":24}],"player_experience":191843,"relics_obtained":[{"floor":6,"key":"Boot"},{"floor":8,"key":"hubris:Metronome"},{"floor":9,"key":"HornCleat"},{"floor":10,"key":"MawBank"},{"floor":19,"key":"Bag of Marbles"}],"event_choices":[{"damage_healed":0,"gold_gain":0,"player_choice":"Take Damage","damage_taken":18,"relics_obtained":["Golden Idol"],"max_hp_gain":0,"max_hp_loss":0,"event_name":"Golden Idol","floor":2,"gold_loss":0},{"damage_healed":0,"gold_gain":75,"player_choice":"Gather Gold","damage_taken":11,"max_hp_gain":0,"max_hp_loss":0,"event_name":"World of Goop","floor":3,"gold_loss":0},{"damage_healed":0,"gold_gain":0,"player_choice":"Upgraded","damage_taken":0,"max_hp_gain":0,"max_hp_loss":0,"event_name":"Upgrade Shrine","floor":5,"gold_loss":0,"cards_upgraded":["RobotSpaceExplorer:Pulsar"]},{"cards_removed":["RobotSpaceExplorer:Ammunition"],"damage_healed":5,"gold_gain":0,"player_choice":"Offered Common","damage_taken":0,"max_hp_gain":0,"max_hp_loss":0,"event_name":"Bonfire Elementals","floor":14,"gold_loss":0},{"cards_removed":["RobotSpaceExplorer:Ammunition"],"damage_healed":5,"gold_gain":0,"player_choice":"Offered Special","damage_taken":0,"max_hp_gain":0,"max_hp_loss":0,"event_name":"Bonfire Elementals","floor":14,"gold_loss":0},{"damage_healed":0,"gold_gain":0,"player_choice":"Inject Mutagens","damage_taken":0,"relics_obtained":["MutagenicStrength"],"max_hp_gain":0,"max_hp_loss":0,"event_name":"Drug Dealer","floor":20,"gold_loss":0},{"damage_healed":0,"gold_gain":0,"player_choice":"Upgrade","damage_taken":0,"max_hp_gain":0,"max_hp_loss":0,"event_name":"Designer","floor":21,"gold_loss":40,"cards_upgraded":["RobotSpaceExplorer:TrailblazerForm"]}],"is_beta":false,"boss_relics":[{"not_picked":["Astrolabe","RobotSpaceExplorer:Reprocessor"],"picked":"Fusion Hammer"}],"items_purged_floors":[],"is_endless":false,"potions_floor_spawned":[1,4,10,16,18],"killed_by":"Centurion and Healer","ascension_level":0}}