{"host":"rhakyh2m1vy6smuu","time":1611977233,"event":{"mods":["BaseMod","Downfall","Minty Spire (QoL Compilation)","StSLib"],"gold_per_floor":[99,199,212,222,249,263,263,277,296,324,224,243,243,0,17,17,17,17],"floor_reached":16,"language":"ENG","playtime":798,"items_purged":["Decay"],"score":154,"play_id":"d7c0ff54-dc43-4641-824c-d6f36a1df195","local_time":"20210129202713","is_ascension_mode":false,"campfire_choices":[{"data":"bronze:Replicate","floor":1,"key":"SMITH"},{"data":"bronze:MaxOutput","floor":11,"key":"SMITH"},{"data":"bronze:Flail","floor":13,"key":"SMITH"}],"circlet_count":0,"master_deck":["bronze:Strike","bronze:Strike","bronze:Strike","bronze:Strike","bronze:Defend","bronze:Defend","bronze:Defend","bronze:Defend","downfall:Haunted","downfall:Haunted","downfall:Malfunctioning","downfall:Bewildered","bronze:Branch","bronze:MaxOutput+1","bronze:AlphaBuild","bronze:FunctionCard","bronze:DelayedGuard","bronze:WildBeam","bronze:Verify","bronze:Flail+1","bronze:BronzeOrb","bronze:Overheat"],"relics":["Sozu","Darkstone Periapt","Ancient Tea Set","Pear","Question Card","downfall:HeartBlessingGreen","TheAbacus"],"acts_visited":["Exordium"],"potions_floor_usage":[],"damage_taken":[{"damage":6,"enemies":"2 Louse","floor":3,"turns":3},{"damage":13,"enemies":"Jaw Worm","floor":4,"turns":4},{"damage":11,"enemies":"Cultist","floor":6,"turns":4},{"damage":22,"enemies":"Red Slaver","floor":8,"turns":4},{"damage":4,"enemies":"2 Fungi Beasts","floor":9,"turns":3},{"damage":16,"enemies":"3 Sentries","floor":10,"turns":10},{"damage":1,"enemies":"Exordium Thugs","floor":12,"turns":3},{"damage":4,"enemies":"downfall:FleeingMerchant","floor":14,"turns":4},{"damage":13,"enemies":"Exordium Wildlife","floor":15,"turns":4},{"damage":46,"enemies":"WA_ARCHETYPE_RETAIN","floor":16,"turns":7}],"seed_played":"2577226940525350002","potions_obtained":[],"is_trial":false,"path_per_floor":["R","?","M","M","T","M","T","M","M","E","R","M","R","$","M","B"],"character_chosen":"THE_AUTOMATON","items_purchased":["TheAbacus"],"campfire_rested":0,"item_purchase_floors":[14],"current_hp_per_floor":[70,105,99,86,86,75,85,63,59,43,43,42,42,38,25,0,0,0],"gold":17,"neow_bonus":"BOSS_RELIC","is_daily":false,"chose_seed":false,"campfire_upgraded":3,"win_rate":0.0,"timestamp":1611977233,"path_taken":["R","?","M","M","?","M","T","M","?","E","R","M","R","?","M","BOSS"],"items_purchased_type":["Relic"],"build_version":"2020-12-22","purchased_purges":1,"victory":false,"max_hp_per_floor":[70,105,105,105,105,105,115,115,115,115,115,115,115,115,115,115,115,115],"card_choices":[{"not_picked":["bronze:Iterate","bronze:Invalidate"],"picked":"bronze:Branch","floor":3},{"not_picked":["bronze:DelayedGuard","bronze:Invalidate"],"picked":"bronze:MaxOutput","floor":4},{"not_picked":["bronze:DelayedGuard","bronze:BitShift"],"picked":"bronze:AlphaBuild","floor":6},{"not_picked":["bronze:BitShift","bronze:Invalidate"],"picked":"bronze:DelayedGuard","floor":8},{"not_picked":["bronze:Backtrace","bronze:Iterate"],"picked":"bronze:WildBeam","floor":9},{"not_picked":["bronze:DelayedSlice","bronze:Shield"],"picked":"bronze:Verify","floor":10},{"not_picked":["bronze:FineTuning","bronze:WildBeam","bronze:Branch"],"picked":"bronze:Flail","floor":12},{"not_picked":["bronze:ChildClass","bronze:DarkDash","bronze:HardenedForm"],"picked":"bronze:BronzeOrb","floor":14},{"not_picked":["bronze:BronzeArmor","bronze:DelayedSlice","bronze:ClassDefault"],"picked":"bronze:Overheat","floor":15}],"player_experience":1654349,"relics_obtained":[{"floor":5,"key":"Ancient Tea Set"},{"floor":7,"key":"Pear"},{"floor":10,"key":"Question Card"}],"event_choices":[],"is_beta":false,"boss_relics":[],"items_purged_floors":[14],"is_endless":false,"potions_floor_spawned":[6,10,15],"killed_by":"WA_ARCHETYPE_RETAIN","ascension_level":0}}