{"host":"z94nnvkgi5lm5f4m","time":1611974067,"event":{"mods":["AchievementEnabler","BaseMod","Colored Map","Colored Powertips","Minty Spire (QoL Compilation)"],"gold_per_floor":[112,112,37,47,67,102,102,54,133,208,220,248,261,273,273,378,428,448,448,464,240,258,258,258,258,258],"floor_reached":25,"language":"ENG","playtime":2023,"items_purged":["Pain"],"score":233,"play_id":"d29d8242-9344-44ce-8aa1-be1dce7319be","local_time":"20210129183427","is_ascension_mode":false,"campfire_choices":[{"data":"Zap","floor":7.0,"key":"SMITH"},{"floor":15.0,"key":"REST"},{"data":"Dualcast","floor":23.0,"key":"SMITH"}],"circlet_count":0,"master_deck":["Strike_B","Strike_B","Strike_B","Strike_B","Defend_B","Defend_B","Defend_B","Defend_B","Zap+1","Dualcast+1","Shame","Rebound","Coolheaded","Conserve Battery+1","Multi-Cast","Steam","Glacier","Glacier+1","Heatsinks","Panache","Self Repair"],"relics":["Cracked Core","FossilizedHelix","WarpedTongs","Strawberry","Bottled Lightning","Bird Faced Urn","Tiny House"],"acts_visited":["TheCity"],"potions_floor_usage":[24],"damage_taken":[{"damage":0.0,"enemies":"Jaw Worm","floor":1.0,"turns":2.0},{"damage":0.0,"enemies":"Cultist","floor":4.0,"turns":2.0},{"damage":0.0,"enemies":"Small Slimes","floor":5.0,"turns":2.0},{"damage":19.0,"enemies":"Lagavulin","floor":6.0,"turns":6.0},{"damage":0.0,"enemies":"Looter","floor":11.0,"turns":3.0},{"damage":17.0,"enemies":"Gremlin Nob","floor":12.0,"turns":4.0},{"damage":0.0,"enemies":"Exordium Thugs","floor":13.0,"turns":3.0},{"damage":0.0,"enemies":"Blue Slaver","floor":14.0,"turns":2.0},{"damage":17.0,"enemies":"Slime Boss","floor":16.0,"turns":13.0},{"damage":6.0,"enemies":"3 Byrds","floor":18.0,"turns":6.0},{"damage":0.0,"enemies":"Chosen","floor":20.0,"turns":7.0},{"damage":18.0,"enemies":"Snake Plant","floor":22.0,"turns":7.0},{"damage":0,"enemies":"Book of Stabbing","floor":24,"turns":1},{"damage":47,"enemies":"3 Cultists","floor":25,"turns":7}],"seed_played":"-5670116235209924116","potions_obtained":[{"floor":4.0,"key":"Strength Potion"},{"floor":12.0,"key":"Fire Potion"},{"floor":13.0,"key":"SmokeBomb"},{"floor":16.0,"key":"Ancient Potion"}],"is_trial":false,"path_per_floor":["M","?","$","M","M","E","R","$","T","?","M","E","M","M","R","B",null,"M","?","M","$","M","R","E","M"],"character_chosen":"DEFECT","items_purchased":["Coolheaded","Heatsinks","Panache"],"campfire_rested":1,"item_purchase_floors":[8,21,21],"current_hp_per_floor":[75,75,75,75,75,63,63,63,63,52,52,35,35,35,59,42,87,81,81,81,81,65,65,65,22,22],"gold":258,"neow_bonus":"ONE_RARE_RELIC","is_daily":false,"chose_seed":false,"campfire_upgraded":2,"win_rate":0.0,"timestamp":1611974067,"path_taken":["M","?","$","M","M","E","R","?","T","?","M","E","M","M","R","BOSS","M","?","M","$","M","R","E","M"],"items_purchased_type":["Card","Card","Card"],"build_version":"2020-12-22","purchased_purges":1,"victory":false,"max_hp_per_floor":[75,75,75,75,75,82,82,82,82,82,82,82,82,82,82,82,87,87,87,87,87,87,87,87,87,87],"card_choices":[{"not_picked":["Streamline","Hello World"],"picked":"Rebound","floor":1.0},{"not_picked":["Barrage","Streamline","Leap"],"picked":"SKIP","floor":4.0},{"not_picked":["Stack","Leap","Ball Lightning"],"picked":"SKIP","floor":5.0},{"not_picked":["Redo","Hologram","Auto Shields"],"picked":"SKIP","floor":6.0},{"not_picked":["FTL","Consume"],"picked":"Conserve Battery","floor":11.0},{"not_picked":["Ball Lightning","White Noise","Force Field"],"picked":"SKIP","floor":12.0},{"not_picked":["Electrodynamics","Heatsinks","Streamline"],"picked":"SKIP","floor":13.0},{"not_picked":["Rebound","Stack","Reinforced Body"],"picked":"SKIP","floor":14.0},{"not_picked":["Reboot","Seek"],"picked":"Multi-Cast","floor":16.0},{"not_picked":["Steam Power","Fusion"],"picked":"Steam","floor":17.0},{"not_picked":["Doom and Gloom","Steam"],"picked":"Glacier","floor":18.0},{"not_picked":["Compile Driver","Fusion"],"picked":"Glacier+1","floor":20.0},{"not_picked":["Beam Cell+1","White Noise"],"picked":"Self Repair","floor":22.0}],"player_experience":73788,"relics_obtained":[{"floor":6.0,"key":"Strawberry"},{"floor":9.0,"key":"Bottled Lightning"},{"floor":12.0,"key":"Bird Faced Urn"}],"event_choices":[{"damage_healed":0.0,"max_hp_gain":0.0,"max_hp_loss":0.0,"gold_gain":0.0,"event_name":"Accursed Blacksmith","player_choice":"Rummage","floor":2.0,"gold_loss":0.0,"damage_taken":0.0,"relics_obtained":["WarpedTongs"],"cards_obtained":["Pain"]},{"damage_healed":0.0,"max_hp_gain":0.0,"max_hp_loss":0.0,"gold_gain":75.0,"event_name":"World of Goop","player_choice":"Gather Gold","floor":10.0,"gold_loss":0.0,"damage_taken":11.0},{"damage_healed":0.0,"max_hp_gain":0.0,"max_hp_loss":0.0,"gold_gain":0.0,"event_name":"The Woman in Blue","player_choice":"Bought 0 Potions","floor":19.0,"gold_loss":0.0,"damage_taken":0.0}],"is_beta":false,"boss_relics":[{"not_picked":["Runic Pyramid","Ectoplasm"],"picked":"Tiny House"}],"items_purged_floors":[3],"is_endless":false,"potions_floor_spawned":[4,12,13,16,24],"killed_by":"3 Cultists","ascension_level":0}}