{"host":"7qoz5gmva6til3yp","time":1611980793,"event":{"mods":["AchievementEnabler","BaseMod","Minty Spire (QoL Compilation)","StSLib","SuperFastMode"],"gold_per_floor":[111,211,221,146,146,146,168,182,182,182,213,213,213,231,231,329,329,341,196,214,227,242,242,255,255,335,366,376,392,123,135,135,239,239,255,215,235,235,247,247,97,97,97,97,147,147,147],"floor_reached":46,"language":"KOR","playtime":1006,"items_purged":["Defend_R","Defend_R","Defend_R","Defend_R"],"score":440,"play_id":"351d036f-4682-4a64-9e06-219e8942fc77","local_time":"20210130132633","is_ascension_mode":false,"campfire_choices":[{"data":"Perfected Strike","floor":6.0,"key":"SMITH"},{"data":"Bash","floor":10.0,"key":"SMITH"},{"data":"Twin Strike","floor":13.0,"key":"SMITH"},{"data":"Flex","floor":15.0,"key":"SMITH"},{"data":"Pommel Strike","floor":23.0,"key":"SMITH"},{"floor":25.0,"key":"REST"},{"floor":32.0,"key":"REST"},{"data":"Apotheosis","floor":40,"key":"SMITH"},{"floor":42,"key":"REST"}],"circlet_count":0,"master_deck":["Strike_R","Strike_R","Strike_R","Strike_R","Strike_R","Bash+1","Perfected Strike+1","Flex+1","Pommel Strike+1","Twin Strike+1","Clash+1","Shrug It Off","True Grit+1","Rage","Burning Pact+1","Apotheosis+1","Purity","Purity","Shockwave+1"],"relics":["Velvet Choker"],"acts_visited":["Exordium","TheCity","TheBeyond"],"potions_floor_usage":[39],"damage_taken":[{"damage":3.0,"enemies":"2 Louse","floor":1.0,"turns":2.0},{"damage":0.0,"enemies":"Cultist","floor":3.0,"turns":3.0},{"damage":13.0,"enemies":"The Mushroom Lair","floor":7.0,"turns":3.0},{"damage":6.0,"enemies":"Jaw Worm","floor":8.0,"turns":2.0},{"damage":8.0,"enemies":"3 Sentries","floor":11.0,"turns":6.0},{"damage":0.0,"enemies":"2 Fungi Beasts","floor":14.0,"turns":2.0},{"damage":47.0,"enemies":"The Guardian","floor":16.0,"turns":6.0},{"damage":10.0,"enemies":"2 Thieves","floor":18.0,"turns":3.0},{"damage":10.0,"enemies":"Chosen","floor":20.0,"turns":3.0},{"damage":1.0,"enemies":"Centurion and Healer","floor":21.0,"turns":4.0},{"damage":9.0,"enemies":"Chosen and Byrds","floor":22.0,"turns":5.0},{"damage":12.0,"enemies":"Sentry and Sphere","floor":24.0,"turns":4.0},{"damage":33.0,"enemies":"Slavers","floor":27.0,"turns":5.0},{"damage":4.0,"enemies":"3 Cultists","floor":28.0,"turns":4.0},{"damage":7.0,"enemies":"Snecko","floor":29.0,"turns":3.0},{"damage":10.0,"enemies":"Cultist and Chosen","floor":31.0,"turns":3.0},{"damage":120.0,"enemies":"Collector","floor":33.0,"turns":13.0},{"damage":5.0,"enemies":"Orb Walker","floor":35.0,"turns":3.0},{"damage":36.0,"enemies":"3 Darklings","floor":37.0,"turns":4.0},{"damage":6,"enemies":"Spire Growth","floor":39,"turns":4},{"damage":23,"enemies":"Mind Bloom Boss Battle","floor":45,"turns":6},{"damage":39,"enemies":"Writhing Mass","floor":46,"turns":3}],"seed_played":"1691101999962427859","potions_obtained":[{"floor":8.0,"key":"SpeedPotion"},{"floor":11.0,"key":"Block Potion"},{"floor":14.0,"key":"AttackPotion"},{"floor":24.0,"key":"Swift Potion"},{"floor":31.0,"key":"DistilledChaos"},{"floor":33.0,"key":"Ancient Potion"},{"floor":35.0,"key":"SpeedPotion"},{"floor":36.0,"key":"PowerPotion"},{"floor":36.0,"key":"AttackPotion"}],"is_trial":false,"path_per_floor":["M","?","M","$","?","R","?","M","T","R","E","?","R","M","R","B",null,"M","$","M","M","M","R","M","R","T","E","M","M","$","M","R","B",null,"M","?","M","?","M","R","$","R","T","?","?","M"],"character_chosen":"IRONCLAD","items_purchased":["Shrug It Off","Akabeko"],"campfire_rested":3,"item_purchase_floors":[19,30],"current_hp_per_floor":[77,77,77,77,77,77,64,58,58,58,50,50,50,50,50,3,80,70,70,60,59,50,50,38,62,62,29,25,18,18,8,32,44,80,75,75,39,29,23,23,23,47,54,54,31,0,0],"gold":147,"neow_bonus":"BOSS_RELIC","is_daily":false,"chose_seed":false,"campfire_upgraded":6,"win_rate":0.0,"timestamp":1611980793,"path_taken":["M","?","?","$","?","R","?","M","T","R","E","?","R","M","R","BOSS","M","$","M","M","M","R","M","R","T","E","M","M","$","M","R","BOSS","M","?","?","?","M","R","?","R","T","?","?","?"],"items_purchased_type":["Card","Relic"],"build_version":"2020-12-22","purchased_purges":4,"victory":false,"max_hp_per_floor":[80,80,80,80,80,80,80,80,80,80,80,80,80,80,80,80,80,80,80,80,80,80,80,80,80,80,80,80,80,80,80,80,80,80,80,80,80,80,80,80,80,80,87,83,83,83,83],"card_choices":[{"not_picked":["Sword Boomerang","True Grit"],"picked":"Perfected Strike","floor":1.0},{"not_picked":["Sword Boomerang","Body Slam","Dark Embrace"],"picked":"SKIP","floor":3.0},{"not_picked":["Warcry","Sword Boomerang"],"picked":"Flex","floor":7.0},{"not_picked":["Dropkick","Havoc"],"picked":"Pommel Strike","floor":8.0},{"not_picked":["Pummel","Headbutt"],"picked":"Twin Strike","floor":11.0},{"not_picked":["Inflame","Brutality","Uppercut"],"picked":"SKIP","floor":14.0},{"not_picked":["Body Slam","Thunderclap"],"picked":"Clash+1","floor":18.0},{"not_picked":["Anger+1","Havoc"],"picked":"True Grit+1","floor":20.0},{"not_picked":["Whirlwind","Bludgeon","Anger+1"],"picked":"SKIP","floor":21.0},{"not_picked":["Rupture","Rampage","Body Slam"],"picked":"SKIP","floor":22.0},{"not_picked":["Shrug It Off","Infernal Blade","Warcry+1"],"picked":"SKIP","floor":24.0},{"not_picked":["Thunderclap","Metallicize+1","Infernal Blade"],"picked":"SKIP","floor":27.0},{"not_picked":["Armaments","Dropkick+1","Inflame"],"picked":"SKIP","floor":28.0},{"not_picked":["Rage+1","Flame Barrier","Battle Trance"],"picked":"SKIP","floor":29.0},{"not_picked":["Sword Boomerang+1","Heavy Blade","Cleave"],"picked":"SKIP","floor":31.0},{"not_picked":["Heavy Blade+1","Intimidate+1"],"picked":"Rage","floor":35.0},{"not_picked":["Shrug It Off","Clash"],"picked":"Burning Pact+1","floor":37.0},{"not_picked":["Sadistic Nature","Impatience"],"picked":"Apotheosis","floor":38.0},{"not_picked":["Secret Technique","Dark Shackles"],"picked":"Purity","floor":38.0},{"not_picked":["Trip","PanicButton"],"picked":"Purity","floor":38.0},{"not_picked":["Evolve","Infernal Blade"],"picked":"Shockwave+1","floor":39}],"player_experience":460523,"relics_obtained":[{"floor":43,"key":"Strawberry"}],"event_choices":[{"damage_healed":0.0,"max_hp_gain":0.0,"max_hp_loss":0.0,"gold_gain":100.0,"event_name":"Golden Shrine","player_choice":"Pray","floor":2.0,"gold_loss":0.0,"damage_taken":0.0},{"damage_healed":0.0,"max_hp_gain":0.0,"max_hp_loss":0.0,"gold_gain":0.0,"event_name":"Scrap Ooze","player_choice":"Fled","floor":5.0,"gold_loss":0.0,"damage_taken":0.0},{"damage_healed":0.0,"max_hp_gain":0.0,"max_hp_loss":0.0,"gold_gain":0.0,"event_name":"Mushrooms","player_choice":"Fought Mushrooms","floor":7.0,"gold_loss":0.0,"damage_taken":0.0},{"damage_healed":0.0,"max_hp_gain":0.0,"max_hp_loss":0.0,"gold_gain":0.0,"event_name":"Dead Adventurer","player_choice":"Searched \u00270\u0027 times","floor":12.0,"gold_loss":0.0,"damage_taken":0.0},{"damage_healed":0.0,"max_hp_gain":0.0,"max_hp_loss":0.0,"gold_gain":0.0,"event_name":"The Woman in Blue","player_choice":"Bought 3 Potions","floor":36.0,"gold_loss":0.0,"damage_taken":0.0},{"damage_healed":0.0,"max_hp_gain":0.0,"max_hp_loss":0.0,"gold_gain":0.0,"event_name":"SensoryStone","player_choice":"Memory 3","floor":38.0,"gold_loss":0.0,"damage_taken":10.0},{"damage_healed":0,"gold_gain":0,"player_choice":"Max HP","damage_taken":0,"max_hp_gain":0,"max_hp_loss":4,"event_name":"Winding Halls","floor":44,"gold_loss":0},{"damage_healed":0,"gold_gain":0,"player_choice":"Fight","damage_taken":0,"max_hp_gain":0,"max_hp_loss":0,"event_name":"MindBloom","floor":45,"gold_loss":0}],"is_beta":false,"boss_relics":[{"not_picked":["Coffee Dripper","Sozu","Tiny House"]},{"not_picked":["Fusion Hammer","Snecko Eye","Runic Cube"]}],"items_purged_floors":[4,19,30,41],"is_endless":false,"potions_floor_spawned":[8,11,14,24,28,31,33,35,37],"killed_by":"Writhing Mass","ascension_level":0}}