{"host":"y7b1p9nkx4idorr2","time":1611998770,"event":{"mods":["AchievementEnabler","Act Like it!","BaseMod","Colored Map","Downfall","GifTheSpireLib","Googly Eyes","Highlight Path","Mimic Mod","Minty Spire (QoL Compilation)","Shop Mod","Spicy Shops","StSLib","Unceasing Turn Reminder"],"gold_per_floor":[99,99,99,99,99,9,32,57,75,175,160,60,60,75,86,181,181,81,96,81,91,91,116,116,116,116,116],"floor_reached":25,"language":"ENG","playtime":1249,"items_purged":["hexamod:Strike"],"score":317,"play_id":"5f102901-490f-48ee-a1fc-2161c01f8124","local_time":"20210130032610","is_ascension_mode":true,"campfire_choices":[{"data":"hexamod:Float","floor":1,"key":"SMITH"},{"floor":12,"key":"REST"},{"data":"hexamod:UnlimitedPower","floor":18,"key":"SMITH"}],"circlet_count":0,"master_deck":["hexamod:Strike","hexamod:Defend","hexamod:Defend","hexamod:Sear","hexamod:Float+1","hexamod:HauntingEcho","hexamod:GhostOfSpireFuture","hexamod:Incineration","hexamod:InspiringFlames","hexamod:HexaLevel","hexamod:ShieldOfDarkness","hexamod:StepThrough","hexamod:FastForward","hexamod:SuperheatedStrike","hexamod:UnlimitedPower+1","hexamod:StepThrough+1","hexamod:FastForward","hexamod:HexaLevel","hexamod:NightmareGuise","Decay","hexamod:GiftsFromTheDead","hexamod:FlameSwitch"],"relics":["hexamod:SpiritBrand","downfall:HeartsMalice","StoneCalendar","downfall:HeartBlessingGreen","Philosopher\u0027s Stone","downfall:HeartBlessingBlue","Letter Opener","Juzu Bracelet"],"acts_visited":["Exordium","TheCity"],"potions_floor_usage":[9,11,21,25],"damage_taken":[{"damage":0,"enemies":"2 Louse","floor":2,"turns":1},{"damage":0,"enemies":"Cultist","floor":4,"turns":1},{"damage":0,"enemies":"Jaw Worm","floor":5,"turns":1},{"damage":3,"enemies":"downfall:FleeingMerchant","floor":6,"turns":4},{"damage":39,"enemies":"Lagavulin","floor":8,"turns":6},{"damage":20,"enemies":"3 Louse","floor":9,"turns":4},{"damage":0,"enemies":"downfall:FleeingMerchant","floor":11,"turns":4},{"damage":14,"enemies":"Lots of Slimes","floor":14,"turns":6},{"damage":12,"enemies":"Exordium Thugs","floor":15,"turns":4},{"damage":0,"enemies":"SI_SHIV_ARCHETYPE","floor":16,"turns":7},{"damage":0,"enemies":"Chosen","floor":19,"turns":4},{"damage":1,"enemies":"downfall:FleeingMerchant","floor":20,"turns":4},{"damage":3,"enemies":"Snake Plant","floor":21,"turns":3},{"damage":63,"enemies":"Book of Stabbing","floor":23,"turns":7},{"damage":24,"enemies":"Slavers","floor":25,"turns":2}],"seed_played":"5092671967970628428","potions_obtained":[{"floor":8,"key":"hexamod:EctoCoolerPotion"},{"floor":9,"key":"Fruit Juice"},{"floor":14,"key":"SpeedPotion"},{"floor":15,"key":"AttackPotion"},{"floor":19,"key":"DuplicationPotion"},{"floor":21,"key":"champ:CounterPotion"}],"is_trial":false,"path_per_floor":["R","M","?","M","M","$","T","E","M","?","$","R","?","M","M","B",null,"R","M","$","M","?","E","T","E"],"character_chosen":"THE_SPIRIT","items_purchased":[],"campfire_rested":1,"item_purchase_floors":[],"current_hp_per_floor":[70,70,70,70,70,67,67,28,13,13,13,35,75,61,49,49,75,85,85,84,81,81,18,18,0,0,0],"gold":116,"neow_bonus":"THREE_ENEMY_KILL","is_daily":false,"chose_seed":false,"campfire_upgraded":2,"win_rate":0.0,"timestamp":1611998770,"path_taken":["R","M","?","M","?","?","T","E","M","?","?","R","?","?","M","BOSS","R","M","$","M","?","E","T","E"],"items_purchased_type":[],"build_version":"2020-12-22","purchased_purges":1,"victory":false,"max_hp_per_floor":[70,70,70,70,70,70,70,70,75,75,75,75,75,75,75,75,75,85,85,85,85,85,85,85,85,85,85],"card_choices":[{"not_picked":["hexamod:InspiringFlames","hexamod:NightmareStrike"],"picked":"hexamod:HauntingEcho","floor":2},{"not_picked":["hexamod:GhostShield","hexamod:SpectersWail"],"picked":"hexamod:GhostOfSpireFuture","floor":4},{"not_picked":["hexamod:SwordOfDarkness","hexamod:Rewind"],"picked":"hexamod:Incineration","floor":5},{"not_picked":["hexamod:FlamesFromBeyond","hexamod:Firestarter"],"picked":"hexamod:InspiringFlames","floor":6},{"not_picked":["hexamod:NightmareStrike","hexamod:GhostOfSpirePast"],"picked":"hexamod:HexaLevel","floor":8},{"not_picked":["hexamod:ThermalTransfer","hexamod:HauntingEcho"],"picked":"hexamod:ShieldOfDarkness","floor":9},{"not_picked":["hexamod:NightmareStrike","hexamod:InspiringFlames"],"picked":"hexamod:StepThrough","floor":11},{"not_picked":["hexamod:CatchUp","hexamod:SuperheatedStrike"],"picked":"hexamod:FastForward","floor":14},{"not_picked":["hexamod:NightmareGuise","hexamod:GhostOfSpireFuture"],"picked":"hexamod:SuperheatedStrike","floor":15},{"not_picked":["hexamod:UnleashSpirits","hexamod:FifthSeal"],"picked":"hexamod:UnlimitedPower","floor":16},{"not_picked":["hexamod:ThirdSeal","hexamod:HeatMetal"],"picked":"hexamod:StepThrough+1","floor":19},{"not_picked":["hexamod:BurningTouch","hexamod:UnleashSpirits","hexamod:SpectersWail"],"picked":"SKIP","floor":20},{"not_picked":["hexamod:BurningTouch+1","hexamod:SpectersWail"],"picked":"hexamod:FastForward","floor":21},{"not_picked":["hexamod:HeatMetal+1","hexamod:StepThrough"],"picked":"hexamod:FlameSwitch","floor":23}],"player_experience":2227560,"relics_obtained":[{"floor":8,"key":"StoneCalendar"},{"floor":23,"key":"Letter Opener"},{"floor":24,"key":"Juzu Bracelet"}],"event_choices":[{"cards_removed":["hexamod:Strike"],"damage_healed":0,"gold_gain":0,"player_choice":"Offered Basic","damage_taken":0,"max_hp_gain":0,"max_hp_loss":0,"event_name":"Bonfire Elementals","floor":3,"gold_loss":0},{"damage_healed":40,"gold_gain":0,"player_choice":"Full Heal","damage_taken":0,"max_hp_gain":0,"max_hp_loss":0,"event_name":"Wheel of Change","floor":13,"gold_loss":0}],"is_beta":false,"boss_relics":[{"not_picked":["Snecko Eye","Pandora\u0027s Box"],"picked":"Philosopher\u0027s Stone"}],"items_purged_floors":[6],"is_endless":false,"potions_floor_spawned":[8,9,14,15,19,21],"killed_by":"Slavers","ascension_level":2}}