{"host":"uvmuduost5bzvojs","time":1611981618,"event":{"mods":["Aspiration","Bard","BaseMod","Better Match","Block Reminder","Conspire","Hermit","Highlight Path","Hubris","Infinite Spire","Jorbs\u0027s Wanderer Trilogy","Mad Scientist","Marisa????????","Mimic Mod","Minty Spire (QoL Compilation)","Potionbrewer","Replay The Spire","Robot Space Explorer","StSLib","The Blackbeard","The Construct","The Cursed","The Disciple","The Hayseed","The Hierophant","The Juggle","The Jungle","The Poker Player","The Runesmith","The Servant 0.9.4","The Spell Scribe","The Valiant","TheBandit"],"gold_per_floor":[110,110,124,124,124,124,134,162,162,162,175,194,229,249,249,249,249],"floor_reached":16,"language":"ENG","playtime":506,"items_purged":[],"score":137,"play_id":"77345e24-50b4-4dc6-b123-056989e67e3d","local_time":"20210129234018","is_ascension_mode":false,"campfire_choices":[{"data":"Eruption","floor":6,"key":"SMITH"},{"data":"Bloodletting","floor":10,"key":"SMITH"},{"data":"Body Slam","floor":15,"key":"SMITH"}],"circlet_count":0,"master_deck":["Strike_R","Strike_R","Strike_R","Strike_R","Defend_R","Defend_R+1","Defend_R","Defend_R","Sentinel","Hemokinesis","Eruption+1","Clash","Sever Soul","Bloodletting+1","Halt","Anger","Halt","Body Slam+1"],"relics":["Replay:M_SmolderingBlood","hubris:OldNail","Akabeko","Unceasing Top","Oddly Smooth Stone"],"acts_visited":["Exordium"],"potions_floor_usage":[16],"damage_taken":[{"damage":5,"enemies":"Jaw Worm","floor":1,"turns":6},{"damage":4,"enemies":"2 Louse","floor":3,"turns":2},{"damage":2,"enemies":"Small Slimes","floor":7,"turns":3},{"damage":2,"enemies":"Gremlin Nob","floor":8,"turns":2},{"damage":0,"enemies":"2 Fungi Beasts","floor":11,"turns":3},{"damage":0,"enemies":"Large Slime","floor":12,"turns":1},{"damage":8,"enemies":"Lagavulin","floor":13,"turns":3},{"damage":3,"enemies":"Lots of Slimes","floor":14,"turns":4},{"damage":61,"enemies":"The Guardian","floor":16,"turns":3}],"seed_played":"8676419236204844698","potions_obtained":[{"floor":3,"key":"Elixir"},{"floor":12,"key":"Elixir"}],"is_trial":false,"path_per_floor":["M","?","M","?","?","R","M","E","T","R","M","M","E","M","R","B"],"character_chosen":"IRONCLAD","items_purchased":[],"campfire_rested":0,"item_purchase_floors":[],"current_hp_per_floor":[80,80,76,76,76,76,74,72,72,72,72,72,64,61,61,0,0],"gold":249,"neow_bonus":"TRANSFORM_CARD","is_daily":false,"chose_seed":false,"campfire_upgraded":3,"win_rate":0.0,"timestamp":1611981618,"path_taken":["M","?","M","?","?","R","M","E","T","R","?","M","E","M","R","BOSS"],"items_purchased_type":[],"build_version":"2020-12-22","purchased_purges":0,"victory":false,"max_hp_per_floor":[80,80,80,80,80,80,80,80,80,80,80,80,80,80,80,80,80],"card_choices":[{"not_picked":["Run Through","Replay:Undeath\u0027s Touch"],"picked":"Hemokinesis","floor":1},{"not_picked":["Rampage","Havoc"],"picked":"Clash","floor":3},{"not_picked":["Flex","Wild Strike"],"picked":"Sever Soul","floor":7},{"not_picked":["Demonic Infusion","Thunderclap"],"picked":"Bloodletting","floor":8},{"not_picked":["Dropkick","Rage"],"picked":"Halt","floor":11},{"not_picked":["Replay:Undeath\u0027s Touch","Whirlwind"],"picked":"Anger","floor":12},{"not_picked":["Replay:Undeath\u0027s Touch","Shrug It Off"],"picked":"Halt","floor":13},{"not_picked":["True Grit","Warcry","Body Slam"],"picked":"SKIP","floor":14},{"not_picked":["True Grit","Warcry"],"picked":"Body Slam","floor":14}],"player_experience":1926717,"relics_obtained":[{"floor":5,"key":"hubris:OldNail"},{"floor":8,"key":"Akabeko"},{"floor":9,"key":"Unceasing Top"},{"floor":13,"key":"Oddly Smooth Stone"}],"event_choices":[],"is_beta":false,"boss_relics":[],"items_purged_floors":[],"is_endless":false,"potions_floor_spawned":[3,12],"killed_by":"The Guardian","ascension_level":0}}