{"host":"sav7uxregyirlf69","time":1611970690,"event":{"mods":["AchievementEnabler","BaseMod","Colored Map","DeckTracker","Keyboard Shortcuts","Minty Spire (QoL Compilation)","READ ME - Guardian Mod","StSLib","SuperFastMode"],"gold_per_floor":[119,119,194,66,66,99,99,126,126,142,142,174,174,39,39,113,113,131,131,162,182,182,182,198,198,272,272,284,296,121,146,146,221,221,237,59,77,90,106,106,106],"floor_reached":40,"language":"KOR","playtime":995,"items_purged":["Strike_G","Infinite Blades","Flying Knee"],"score":904,"play_id":"f42dfb8f-c29a-430b-b146-038d03ecf621","local_time":"20210130103810","is_ascension_mode":true,"campfire_choices":[{"data":"Neutralize","floor":7,"key":"SMITH"},{"data":"Blade Dance","floor":11,"key":"SMITH"},{"data":"Well Laid Plans","floor":13,"key":"SMITH"},{"data":"Accuracy","floor":15,"key":"SMITH"},{"floor":23,"key":"REST"},{"floor":25,"key":"REST"},{"data":"Footwork","floor":32,"key":"SMITH"}],"circlet_count":0,"master_deck":["AscendersBane","Survivor","Neutralize+1","Backflip","Blade Dance+1","Dagger Spray","Infinite Blades","Well Laid Plans+1","Tactician","Accuracy+1","Blade Dance","Corpse Explosion","Infinite Blades","Cloak And Dagger","After Image","Night Terror","Heel Hook","Backflip","Blur","Backflip","Terror","After Image","Footwork+1","Calculated Gamble","Acrobatics","Blur"],"relics":["Ring of the Snake","NeowsBlessing","Toy Ornithopter","Pantograph","Pear","MealTicket","Pandora\u0027s Box","Red Mask","CultistMask","Kunai","Anchor","WristBlade"],"acts_visited":["Exordium","TheCity","TheBeyond"],"potions_floor_usage":[20,20,29,38,39],"damage_taken":[{"damage":0,"enemies":"2 Louse","floor":1,"turns":1},{"damage":0,"enemies":"Gremlin Nob","floor":6,"turns":1},{"damage":0,"enemies":"Lagavulin","floor":8,"turns":1},{"damage":0,"enemies":"Cultist","floor":10,"turns":3},{"damage":36,"enemies":"3 Sentries","floor":12,"turns":9},{"damage":27,"enemies":"Hexaghost","floor":16,"turns":8},{"damage":9,"enemies":"Shell Parasite","floor":18,"turns":4},{"damage":70,"enemies":"Masked Bandits","floor":20,"turns":4},{"damage":3,"enemies":"3 Byrds","floor":21,"turns":5},{"damage":19,"enemies":"Centurion and Healer","floor":24,"turns":4},{"damage":17,"enemies":"Snecko","floor":28,"turns":5},{"damage":8,"enemies":"Shelled Parasite and Fungi","floor":29,"turns":5},{"damage":36,"enemies":"Collector","floor":33,"turns":13},{"damage":0,"enemies":"Orb Walker","floor":35,"turns":2},{"damage":6,"enemies":"3 Shapes","floor":37,"turns":8},{"damage":21,"enemies":"Spire Growth","floor":38,"turns":4},{"damage":49,"enemies":"Transient","floor":39,"turns":6},{"damage":20,"enemies":"Giant Head","floor":40,"turns":4}],"seed_played":"-2041190740189416291","potions_obtained":[{"floor":6,"key":"Regen Potion"},{"floor":12,"key":"AttackPotion"},{"floor":20,"key":"SpeedPotion"},{"floor":28,"key":"ColorlessPotion"},{"floor":29,"key":"LiquidBronze"},{"floor":37,"key":"DistilledChaos"}],"is_trial":false,"path_per_floor":["M","$","?","$","?","E","R","E","T","M","R","E","R","$","R","B",null,"M","?","?","M","?","R","M","R","T","?","M","M","$","T","R","B",null,"M","$","M","M","M","E"],"character_chosen":"THE_SILENT","items_purchased":["Blade Dance","Accuracy","Blade Dance","Calculated Gamble","Acrobatics"],"campfire_rested":2,"item_purchase_floors":[4,14,14,30,36],"current_hp_per_floor":[59,59,48,48,48,48,48,48,58,58,58,22,22,37,37,35,66,57,57,9,6,6,28,9,31,31,31,14,11,26,26,26,15,61,61,76,70,54,10,0,0],"gold":106,"neow_bonus":"THREE_ENEMY_KILL","is_daily":false,"chose_seed":false,"campfire_upgraded":5,"win_rate":0.0,"timestamp":1611970690,"path_taken":["M","$","?","$","?","E","R","E","T","?","R","E","R","$","R","BOSS","M","?","?","M","?","R","?","R","T","?","M","M","$","?","R","BOSS","M","?","?","M","M","E"],"items_purchased_type":["Card","Card","Card","Card","Card"],"build_version":"2020-12-22","purchased_purges":3,"victory":false,"max_hp_per_floor":[66,66,66,66,66,66,66,66,76,76,76,76,76,76,76,76,76,76,76,76,76,76,76,76,76,76,76,76,76,76,76,76,76,76,76,76,76,76,76,76,76],"card_choices":[{"not_picked":["Caltrops","Slice"],"picked":"Backflip","floor":1},{"not_picked":["Backflip","Underhanded Strike"],"picked":"Dagger Spray","floor":6},{"not_picked":["Outmaneuver","Acrobatics"],"picked":"Infinite Blades","floor":8},{"not_picked":["Flying Knee","Leg Sweep"],"picked":"Well Laid Plans","floor":10},{"not_picked":["Dodge and Roll","Predator"],"picked":"Tactician","floor":12},{"not_picked":["Storm of Steel","Doppelganger"],"picked":"Corpse Explosion","floor":16},{"not_picked":["Blade Dance","Backflip","Predator"],"picked":"SKIP","floor":18},{"not_picked":["Eviscerate+1","Flying Knee"],"picked":"Backflip","floor":20},{"not_picked":["Tactician","Dodge and Roll","Deadly Poison"],"picked":"SKIP","floor":21},{"not_picked":["Choke","Expertise"],"picked":"Terror","floor":24},{"not_picked":["Reflex","Sucker Punch","Skewer"],"picked":"SKIP","floor":28},{"not_picked":["Backflip","Blade Dance"],"picked":"Footwork","floor":29},{"not_picked":["Masterful Stab","Slice","Sucker Punch"],"picked":"SKIP","floor":35},{"not_picked":["Bane","Underhanded Strike+1"],"picked":"Blur","floor":37},{"not_picked":["Expertise+1","Cloak And Dagger","Underhanded Strike"],"picked":"SKIP","floor":38},{"not_picked":["Terror+1","Flechettes","Calculated Gamble"],"picked":"SKIP","floor":39}],"player_experience":1433422,"relics_obtained":[{"floor":6,"key":"Toy Ornithopter"},{"floor":8,"key":"Pantograph"},{"floor":9,"key":"Pear"},{"floor":12,"key":"MealTicket"},{"floor":20,"key":"Red Mask"},{"floor":26,"key":"Kunai"},{"floor":31,"key":"Anchor"}],"event_choices":[{"damage_healed":0,"gold_gain":75,"player_choice":"Gather Gold","damage_taken":11,"max_hp_gain":0,"max_hp_loss":0,"event_name":"World of Goop","floor":3,"gold_loss":0},{"cards_removed":["Defend_G"],"damage_healed":0,"gold_gain":0,"player_choice":"Purged","damage_taken":0,"max_hp_gain":0,"max_hp_loss":0,"event_name":"Purifier","floor":5,"gold_loss":0},{"damage_healed":0,"gold_gain":0,"player_choice":"Read","damage_taken":0,"max_hp_gain":0,"max_hp_loss":0,"event_name":"The Library","floor":19,"gold_loss":0,"cards_obtained":["Blur"]},{"damage_healed":0,"gold_gain":0,"player_choice":"Fought Bandits","damage_taken":0,"max_hp_gain":0,"max_hp_loss":0,"event_name":"Masked Bandits","floor":20,"gold_loss":0},{"damage_healed":0,"gold_gain":0,"player_choice":"Trade","damage_taken":0,"relics_obtained":["CultistMask"],"max_hp_gain":0,"max_hp_loss":0,"event_name":"FaceTrader","floor":22,"gold_loss":0},{"damage_healed":0,"gold_gain":0,"player_choice":"Copied","damage_taken":0,"max_hp_gain":0,"max_hp_loss":0,"event_name":"Duplicator","floor":27,"gold_loss":0,"cards_obtained":["After Image"]}],"is_beta":false,"boss_relics":[{"not_picked":["Tiny House","Fusion Hammer"],"picked":"Pandora\u0027s Box"},{"not_picked":["Runic Pyramid","Black Star"],"picked":"WristBlade"}],"items_purged_floors":[4,30,36],"is_endless":false,"potions_floor_spawned":[6,12,20,28,29,33,35,37],"killed_by":"Giant Head","ascension_level":20}}