{"host":"g907ck67u7c3hrs6","time":1611971076,"event":{"mods":["BaseMod","Colored Map","DeckTracker","Highlight Path","Keyboard Shortcuts","Minty Spire (QoL Compilation)","Permanent Neow","Say the Spire","SuperFastMode"],"gold_per_floor":[114,129,129,129,144,144,174,174,224,224,254,269,269,299,299,399,399,414,414,414,429,444,474,489,489,514,544,344,359,374,374,374,474,474,489,194,226,241,256,286,301,301,351,351,381,381,96,111,111,111],"floor_reached":51,"language":"KOR","playtime":1637,"items_purged":["Strike_R","Strike_R","Strike_R"],"score":940,"play_id":"2637b897-bd04-48ac-83bc-74abb24073c0","local_time":"20210130104436","daily_mods":["Specialized","Colorless Cards","Terminal"],"is_ascension_mode":false,"campfire_choices":[{"data":"Hemokinesis","floor":6,"key":"SMITH"},{"data":"Uppercut","floor":10,"key":"SMITH"},{"data":"Mind Blast","floor":15,"key":"SMITH"},{"data":"Barricade","floor":25,"key":"SMITH"},{"data":"Brutality","floor":32,"key":"SMITH"},{"data":"Juggernaut","floor":46,"key":"SMITH"},{"data":"Enlightenment","floor":49,"key":"SMITH"}],"circlet_count":0,"master_deck":["Defend_R","Defend_R","Defend_R+1","Defend_R","Bash","Flame Barrier","Flame Barrier+1","Flame Barrier","Flame Barrier","Flame Barrier","Uppercut+1","Clothesline","Hemokinesis+1","Mind Blast+1","Panacea","Ghostly Armor","Brutality+1","Inflame","Barricade+1","Battle Trance","Juggernaut+1","Ghostly Armor","Flame Barrier","Mind Blast+1","Twin Strike","Enlightenment+1","Necronomicurse","Master of Strategy","Impatience+1","Master of Strategy","Dark Shackles","Discovery","Discovery","Parasite","Bandage Up","Madness","Madness","Forethought","Master of Strategy"],"relics":["Burning Blood","Potion Belt","Smiling Mask","Juzu Bracelet","HornCleat","PreservedInsect","Coffee Dripper","Charon\u0027s Ashes","Bag of Preparation","Pear","DollysMirror","Necronomicon","Busted Crown","Membership Card","Gambling Chip","Strawberry","Lantern","Frozen Egg 2","War Paint","Art of War"],"acts_visited":["Exordium","TheCity","TheBeyond"],"potions_floor_usage":[16,37,40,50,50,50,50,50,50,50,50,50,50,50,50],"damage_taken":[{"damage":0,"enemies":"Cultist","floor":1,"turns":5},{"damage":0,"enemies":"Jaw Worm","floor":2,"turns":4},{"damage":5,"enemies":"Small Slimes","floor":5,"turns":4},{"damage":16,"enemies":"3 Sentries","floor":7,"turns":11},{"damage":7,"enemies":"Lagavulin","floor":11,"turns":6},{"damage":15,"enemies":"Exordium Wildlife","floor":12,"turns":3},{"damage":12,"enemies":"Gremlin Nob","floor":14,"turns":4},{"damage":9,"enemies":"Hexaghost","floor":16,"turns":8},{"damage":0,"enemies":"3 Byrds","floor":18,"turns":2},{"damage":8,"enemies":"Shell Parasite","floor":21,"turns":5},{"damage":7,"enemies":"Cultist and Chosen","floor":22,"turns":6},{"damage":7,"enemies":"Book of Stabbing","floor":23,"turns":4},{"damage":6,"enemies":"Sentry and Sphere","floor":24,"turns":6},{"damage":28,"enemies":"Gremlin Leader","floor":27,"turns":6},{"damage":2,"enemies":"Chosen and Byrds","floor":29,"turns":4},{"damage":4,"enemies":"Snake Plant","floor":30,"turns":5},{"damage":11,"enemies":"Champ","floor":33,"turns":10},{"damage":4,"enemies":"3 Shapes","floor":35,"turns":5},{"damage":8,"enemies":"2 Orb Walkers","floor":37,"turns":5},{"damage":7,"enemies":"3 Darklings","floor":38,"turns":4},{"damage":10,"enemies":"Maw","floor":39,"turns":7},{"damage":7,"enemies":"Reptomancer","floor":40,"turns":6},{"damage":15,"enemies":"Writhing Mass","floor":41,"turns":5},{"damage":7,"enemies":"Nemesis","floor":45,"turns":3},{"damage":2,"enemies":"4 Shapes","floor":48,"turns":3},{"damage":11,"enemies":"Awakened One","floor":50,"turns":12}],"seed_played":"-828330817948855686","potions_obtained":[{"floor":2,"key":"AttackPotion"},{"floor":11,"key":"CultistPotion"},{"floor":12,"key":"EntropicBrew"},{"floor":13,"key":"EntropicBrew"},{"floor":13,"key":"CultistPotion"},{"floor":18,"key":"AttackPotion"},{"floor":37,"key":"Fruit Juice"},{"floor":38,"key":"BlessingOfTheForge"},{"floor":41,"key":"Fire Potion"}],"is_trial":false,"path_per_floor":["M","M","?","?","M","R","E","?","T","R","E","M","?","E","R","B",null,"M","?","?","M","M","E","M","R","T","E","$","M","M","?","R","B",null,"M","$","?","M","M","E","M","?","T","?","E","R","$","M","R","B",null],"character_chosen":"IRONCLAD","items_purchased":["DollysMirror","Membership Card","Master of Strategy","War Paint","Art of War","Master of Strategy"],"campfire_rested":0,"item_purchase_floors":[28,36,36,47,47,47],"current_hp_per_floor":[78,77,76,75,74,73,63,63,63,63,62,53,53,47,47,44,62,61,60,59,57,56,55,55,54,53,41,41,45,47,31,31,26,55,54,53,56,55,51,57,48,40,40,40,43,43,43,51,51,49],"gold":111,"neow_bonus":"","is_daily":true,"chose_seed":false,"campfire_upgraded":7,"win_rate":0.0,"timestamp":1611971076,"path_taken":["M","M","?","?","?","R","E","?","T","R","E","M","?","E","R","BOSS","M","?","?","M","M","E","M","R","T","E","?","M","M","?","R","BOSS","M","$","?","M","M","E","M","?","T","?","E","R","$","M","R","BOSS"],"items_purchased_type":["Relic","Relic","Card","Relic","Relic","Card"],"build_version":"2020-12-22","purchased_purges":3,"victory":true,"max_hp_per_floor":[78,77,76,75,74,73,72,71,70,69,68,67,66,65,64,63,62,61,60,59,58,57,56,55,54,53,62,61,60,59,58,57,56,55,54,53,57,56,55,61,60,59,58,57,56,55,54,53,52,51],"card_choices":[{"not_picked":["Pommel Strike","Flex"],"picked":"Uppercut","floor":1},{"not_picked":["Pummel","Searing Blow"],"picked":"Clothesline","floor":2},{"not_picked":["Body Slam","Headbutt"],"picked":"Hemokinesis","floor":5},{"not_picked":["Thunderclap","Panacea","Twin Strike"],"picked":"SKIP","floor":7},{"not_picked":["Headbutt","Flex"],"picked":"Mind Blast","floor":11},{"not_picked":["Cleave","Armaments"],"picked":"Panacea","floor":12},{"not_picked":["Wild Strike","Flash of Steel"],"picked":"Ghostly Armor","floor":14},{"not_picked":["Bludgeon","Berserk"],"picked":"Brutality","floor":16},{"not_picked":["Warcry","Clothesline"],"picked":"Inflame","floor":18},{"not_picked":["Clash","Searing Blow+1","Clothesline"],"picked":"SKIP","floor":21},{"not_picked":["Heavy Blade","Armaments","Whirlwind"],"picked":"SKIP","floor":22},{"not_picked":["Whirlwind+1","Uppercut+1"],"picked":"Juggernaut","floor":23},{"not_picked":["Carnage","Searing Blow+1"],"picked":"Ghostly Armor","floor":24},{"not_picked":["Warcry","Dark Shackles+1"],"picked":"Flame Barrier","floor":27},{"not_picked":["Rampage","Warcry"],"picked":"Twin Strike","floor":29},{"not_picked":["Clash","Anger"],"picked":"Enlightenment","floor":30},{"not_picked":["Thinking Ahead","Exhume"],"picked":"Master of Strategy","floor":33},{"not_picked":[],"picked":"Impatience+1","floor":35},{"not_picked":["Dark Shackles"],"picked":"SKIP","floor":38},{"not_picked":[],"picked":"Dark Shackles","floor":38},{"not_picked":[],"picked":"Discovery","floor":39},{"not_picked":[],"picked":"Discovery","floor":40},{"not_picked":[],"picked":"Bandage Up","floor":41},{"not_picked":[],"picked":"Forethought","floor":44},{"not_picked":["PanicButton"],"picked":"SKIP","floor":45},{"not_picked":["Iron Wave"],"picked":"SKIP","floor":48}],"player_experience":245535,"relics_obtained":[{"floor":7,"key":"Smiling Mask"},{"floor":9,"key":"Juzu Bracelet"},{"floor":11,"key":"HornCleat"},{"floor":14,"key":"PreservedInsect"},{"floor":23,"key":"Charon\u0027s Ashes"},{"floor":26,"key":"Bag of Preparation"},{"floor":27,"key":"Pear"},{"floor":31,"key":"Necronomicon"},{"floor":37,"key":"Gambling Chip"},{"floor":40,"key":"Strawberry"},{"floor":43,"key":"Lantern"},{"floor":45,"key":"Frozen Egg 2"}],"event_choices":[{"damage_healed":0,"gold_gain":0,"player_choice":"Box","damage_taken":0,"relics_obtained":["Potion Belt"],"max_hp_gain":0,"max_hp_loss":0,"event_name":"Big Fish","floor":3,"gold_loss":0,"cards_obtained":["Regret"]},{"damage_healed":0,"gold_gain":0,"player_choice":"Bought 0 Potions","damage_taken":0,"max_hp_gain":0,"max_hp_loss":0,"event_name":"The Woman in Blue","floor":4,"gold_loss":0},{"cards_removed":["Regret"],"damage_healed":0,"gold_gain":0,"player_choice":"Purged","damage_taken":0,"max_hp_gain":0,"max_hp_loss":0,"event_name":"Purifier","floor":8,"gold_loss":0},{"damage_healed":0,"gold_gain":0,"player_choice":"Got Potions","damage_taken":0,"max_hp_gain":0,"max_hp_loss":0,"event_name":"Lab","floor":13,"gold_loss":0},{"damage_healed":0,"gold_gain":0,"cards_transformed":["Strike_R","Strike_R"],"player_choice":"Became Test Subject","damage_taken":0,"max_hp_gain":0,"max_hp_loss":0,"event_name":"Drug Dealer","floor":19,"gold_loss":0,"cards_obtained":["Barricade","Battle Trance"]},{"damage_healed":0,"gold_gain":0,"player_choice":"Ignored","damage_taken":0,"max_hp_gain":0,"max_hp_loss":0,"event_name":"Ghosts","floor":20,"gold_loss":0},{"damage_healed":0,"gold_gain":0,"player_choice":"Obtained Book","damage_taken":16,"max_hp_gain":0,"max_hp_loss":0,"event_name":"Cursed Tome","floor":31,"gold_loss":0},{"damage_healed":0,"gold_gain":0,"player_choice":"Fight","damage_taken":0,"max_hp_gain":0,"max_hp_loss":0,"event_name":"Mysterious Sphere","floor":37,"gold_loss":0},{"damage_healed":0,"gold_gain":0,"player_choice":"Embrace Madness","damage_taken":8,"max_hp_gain":0,"max_hp_loss":0,"event_name":"Winding Halls","floor":42,"gold_loss":0,"cards_obtained":["Madness","Madness"]},{"damage_healed":0,"gold_gain":0,"player_choice":"Memory 1","damage_taken":0,"max_hp_gain":0,"max_hp_loss":0,"event_name":"SensoryStone","floor":44,"gold_loss":0}],"is_beta":false,"boss_relics":[{"not_picked":["Calling Bell","Runic Dome"],"picked":"Coffee Dripper"},{"not_picked":["Tiny House","SacredBark"],"picked":"Busted Crown"}],"items_purged_floors":[28,36,47],"is_endless":false,"potions_floor_spawned":[2,11,12,14,18,23,24,27,29,37,38,41,45],"ascension_level":0}}