{"host":"kpyf5rnb72uwap8k","time":1611980079,"event":{"mods":["AchievementEnabler","BaseMod","Colored Map","Colored Powertips","DeckTracker","Minty Spire (QoL Compilation)","Permanent Neow","Quick Restart","StSLib","SuperFastMode"],"gold_per_floor":[118,36,56,56,56,91,91,127,127,163,163,198,198,274,274,403,403,421,440,65,25,25,25,48,69,69,69,93,93,93,171,171,302,302,320,653,248,248,0,0,12,29,53,65,65,65,82,99,99,99],"floor_reached":51,"language":"KOR","playtime":1062,"items_purged":["Strike_R","Strike_R"],"score":849,"play_id":"3189add7-6833-44bb-83ed-5754b0400cc1","local_time":"20210130131439","is_ascension_mode":true,"campfire_choices":[{"data":"Rampage","floor":7.0,"key":"SMITH"},{"floor":11.0,"key":"REST"},{"floor":13.0,"key":"REST"},{"floor":15.0,"key":"REST"},{"data":"Dramatic Entrance","floor":23.0,"key":"SMITH"},{"floor":27.0,"key":"REST"},{"data":"Pommel Strike","floor":30.0,"key":"SMITH"},{"data":"Double Tap","floor":32.0,"key":"SMITH"},{"data":"Dark Shackles","floor":40.0,"key":"SMITH"},{"data":"Double Tap","floor":46.0,"key":"SMITH"},{"data":"Defend_R","floor":49.0,"key":"SMITH"}],"circlet_count":0,"master_deck":["Strike_R+1","Defend_R","Defend_R","Defend_R+1","Defend_R+1","Bash+1","Rampage+1","Dramatic Entrance+1","Headbutt+1","Pommel Strike+1","Double Tap+1","Ghostly Armor+1","Double Tap+1","Dark Shackles+1"],"relics":["Burning Blood","NeowsBlessing","Paper Frog","Mango","Bottled Flame","Du-Vu Doll","Turnip","Meat on the Bone","SlaversCollar","Orichalcum","Akabeko","Vajra","Eternal Feather","Empty Cage","Bag of Preparation","Orrery","HornCleat","Whetstone"],"acts_visited":["Exordium","TheCity","TheBeyond"],"potions_floor_usage":[50],"damage_taken":[{"damage":0.0,"enemies":"Small Slimes","floor":1.0,"turns":1.0},{"damage":0.0,"enemies":"Jaw Worm","floor":3.0,"turns":1.0},{"damage":0.0,"enemies":"Gremlin Nob","floor":6.0,"turns":1.0},{"damage":32.0,"enemies":"Lagavulin","floor":8.0,"turns":4.0},{"damage":35.0,"enemies":"3 Sentries","floor":10.0,"turns":5.0},{"damage":43.0,"enemies":"Lagavulin","floor":12.0,"turns":7.0},{"damage":51.0,"enemies":"The Guardian","floor":16.0,"turns":10.0},{"damage":3.0,"enemies":"Spheric Guardian","floor":18.0,"turns":3.0},{"damage":34.0,"enemies":"3 Byrds","floor":19.0,"turns":8.0},{"damage":2.0,"enemies":"Snecko","floor":24.0,"turns":3.0},{"damage":29.0,"enemies":"Centurion and Healer","floor":25.0,"turns":7.0},{"damage":19.0,"enemies":"Chosen and Byrds","floor":28.0,"turns":5.0},{"damage":0.0,"enemies":"Shelled Parasite and Fungi","floor":29.0,"turns":1.0},{"damage":66.0,"enemies":"Champ","floor":33.0,"turns":9.0},{"damage":0.0,"enemies":"3 Shapes","floor":35.0,"turns":2.0},{"damage":15.0,"enemies":"3 Darklings","floor":41.0,"turns":8.0},{"damage":10.0,"enemies":"Writhing Mass","floor":42.0,"turns":3.0},{"damage":4.0,"enemies":"Spire Growth","floor":44.0,"turns":3.0},{"damage":29.0,"enemies":"3 Darklings","floor":47.0,"turns":5.0},{"damage":0.0,"enemies":"Maw","floor":48.0,"turns":6.0},{"damage":63,"enemies":"Time Eater","floor":50,"turns":7}],"seed_played":"-7379497211404011028","potions_obtained":[{"floor":1.0,"key":"SmokeBomb"},{"floor":3.0,"key":"ElixirPotion"},{"floor":16.0,"key":"BlessingOfTheForge"},{"floor":18.0,"key":"Strength Potion"},{"floor":21.0,"key":"FairyPotion"},{"floor":21.0,"key":"Swift Potion"},{"floor":35.0,"key":"BlessingOfTheForge"},{"floor":41.0,"key":"FearPotion"},{"floor":44.0,"key":"Regen Potion"}],"is_trial":false,"path_per_floor":["M","$","M","?","?","E","R","E","T","E","R","E","R","T","R","B",null,"M","M","$","?","$","R","M","M","T","R","M","M","R","T","R","B",null,"M","?","$","?","$","R","M","M","T","M","?","R","M","M","R","B",null],"character_chosen":"IRONCLAD","items_purchased":["Dramatic Entrance","Orichalcum","Akabeko","Bag of Preparation","Orrery","HornCleat"],"campfire_rested":4,"item_purchase_floors":[2,20,20,37,37,39],"current_hp_per_floor":[80,80,80,64,64,70,70,58,58,29,55,18,44,44,70,37,88,88,60,60,60,60,60,64,53,53,79,66,72,72,72,81,33,88,88,88,88,88,88,88,79,75,75,77,77,83,60,66,72,41],"gold":99,"neow_bonus":"THREE_ENEMY_KILL","is_daily":false,"chose_seed":false,"campfire_upgraded":7,"win_rate":0.0,"timestamp":1611980079,"path_taken":["M","$","M","?","?","E","R","E","T","E","R","E","R","?","R","BOSS","M","?","$","?","$","R","M","M","T","R","M","?","R","?","R","BOSS","M","?","$","?","$","R","M","?","T","M","?","R","M","M","R","BOSS"],"items_purchased_type":["Card","Relic","Relic","Relic","Relic","Relic"],"build_version":"2020-12-22","purchased_purges":2,"victory":true,"max_hp_per_floor":[80,80,80,80,74,74,74,88,88,88,88,88,88,88,88,88,88,88,88,88,88,88,88,88,88,88,88,88,88,88,88,88,88,88,88,88,88,88,88,88,88,88,88,88,84,84,84,84,84,84],"card_choices":[{"not_picked":["Warcry","Anger"],"picked":"Rampage","floor":1.0},{"not_picked":["Heavy Blade","Intimidate","Clash"],"picked":"SKIP","floor":3.0},{"not_picked":["Spot Weakness","Blood for Blood"],"picked":"Headbutt","floor":6.0},{"not_picked":["Fiend Fire","Perfected Strike","Dark Embrace"],"picked":"SKIP","floor":8.0},{"not_picked":["Perfected Strike","Impervious"],"picked":"Pommel Strike","floor":10.0},{"not_picked":["Thunderclap","Intimidate","Carnage"],"picked":"SKIP","floor":12.0},{"not_picked":["Impervious","Immolate"],"picked":"Double Tap","floor":16.0},{"not_picked":["Rupture+1","Heavy Blade+1"],"picked":"Ghostly Armor+1","floor":18.0},{"not_picked":["Twin Strike","Cleave","Armaments"],"picked":"SKIP","floor":19.0},{"not_picked":["Bludgeon","Power Through","Clothesline+1"],"picked":"SKIP","floor":24.0},{"not_picked":["Pummel","Havoc","Sword Boomerang"],"picked":"SKIP","floor":25.0},{"not_picked":["Cleave","Iron Wave","Intimidate"],"picked":"SKIP","floor":28.0},{"not_picked":["Feed","Barricade"],"picked":"Double Tap","floor":33.0},{"not_picked":["Body Slam+1","Intimidate","Pommel Strike"],"picked":"SKIP","floor":35.0},{"not_picked":["Wild Strike+1","Bloodletting","Sword Boomerang+1"],"picked":"SKIP","floor":41.0},{"not_picked":["Evolve","Wild Strike","Armaments+1"],"picked":"SKIP","floor":42.0},{"not_picked":["Infernal Blade+1","Iron Wave","Cleave+1"],"picked":"SKIP","floor":44.0},{"not_picked":["Rampage","Havoc+1","Heavy Blade+1"],"picked":"SKIP","floor":47.0},{"not_picked":["Intimidate","Flame Barrier","Anger+1"],"picked":"SKIP","floor":48.0}],"player_experience":236378,"relics_obtained":[{"floor":6.0,"key":"Paper Frog"},{"floor":8.0,"key":"Mango"},{"floor":9.0,"key":"Bottled Flame"},{"floor":10.0,"key":"Du-Vu Doll"},{"floor":12.0,"key":"Turnip"},{"floor":14.0,"key":"Meat on the Bone"},{"floor":26.0,"key":"Vajra"},{"floor":31.0,"key":"Eternal Feather"},{"floor":43.0,"key":"Whetstone"}],"event_choices":[{"damage_healed":0.0,"max_hp_gain":0.0,"max_hp_loss":0.0,"gold_gain":0.0,"event_name":"Shining Light","player_choice":"Entered Light","floor":4.0,"gold_loss":0.0,"damage_taken":16.0,"cards_upgraded":["Bash","Defend_R"]},{"damage_healed":0.0,"max_hp_gain":0.0,"max_hp_loss":6.0,"gold_gain":0.0,"event_name":"Golden Idol","player_choice":"Lose Max HP","floor":5.0,"gold_loss":0.0,"damage_taken":0.0,"relics_obtained":["Golden Idol"]},{"damage_healed":0.0,"max_hp_gain":0.0,"max_hp_loss":0.0,"gold_gain":0.0,"event_name":"The Woman in Blue","player_choice":"Bought 3 Potions","floor":21.0,"gold_loss":0.0,"damage_taken":0.0},{"damage_healed":0.0,"max_hp_gain":0.0,"max_hp_loss":0.0,"gold_gain":333.0,"event_name":"The Moai Head","player_choice":"Gave Idol","floor":36.0,"relics_lost":["Golden Idol"],"gold_loss":0.0,"damage_taken":0.0},{"damage_healed":0.0,"max_hp_gain":0.0,"max_hp_loss":0.0,"gold_gain":0.0,"event_name":"Match and Keep!","player_choice":"1 cards matched","floor":38.0,"gold_loss":0.0,"damage_taken":0.0,"cards_obtained":["Dark Shackles"]},{"damage_healed":0.0,"max_hp_gain":0.0,"max_hp_loss":4.0,"gold_gain":0.0,"event_name":"Winding Halls","player_choice":"Max HP","floor":45.0,"gold_loss":0.0,"damage_taken":0.0}],"is_beta":false,"boss_relics":[{"not_picked":["Cursed Key","Mark of Pain"],"picked":"SlaversCollar"},{"not_picked":["SacredBark","Runic Pyramid"],"picked":"Empty Cage"}],"items_purged_floors":[20,37],"is_endless":false,"potions_floor_spawned":[1,3,16,18,24,28,35,41,44],"ascension_level":3}}