{"host":"mskf0tuxntnls329","time":1611983721,"event":{"mods":["BaseMod","Minty Spire (QoL Compilation)","Relic Stats","StSLib","SuperFastMode"],"gold_per_floor":[119,169,185,19,19,46,46,75,75,102,112,177,193,224,224,298,298,317,317,55,55,55,55,55,75,102,133,133,163,163,189,189,260,260,273,273,288,304,323,323,355,355,380,427,28,55,0,0,0,0,0],"floor_reached":52,"language":"ENG","playtime":1653,"items_purged":["Strike_R"],"score":2405,"play_id":"dd45ff2f-043a-4ed3-a02f-3ee2b249e190","local_time":"20210130001521","is_ascension_mode":true,"campfire_choices":[{"data":"Bludgeon","floor":7.0,"key":"SMITH"},{"data":"Dual Wield","floor":15.0,"key":"SMITH"},{"data":"Pommel Strike","floor":23.0,"key":"SMITH"},{"data":"Bash","floor":28.0,"key":"SMITH"},{"data":"Armaments","floor":32.0,"key":"SMITH"},{"data":"Dual Wield","floor":40.0,"key":"SMITH"},{"floor":42.0,"key":"REST"},{"data":"Double Tap","floor":49.0,"key":"SMITH"}],"circlet_count":0,"master_deck":["AscendersBane","Strike_R","Strike_R","Strike_R","Strike_R","Defend_R","Defend_R","Defend_R","Defend_R","Bash+1","Bludgeon+1","Armaments+1","Offering","Corruption","Pommel Strike+1","Dual Wield+1","Offering","Battle Trance","Pommel Strike+1","Feel No Pain+1","Pommel Strike+1","Double Tap+1","CurseOfTheBell","True Grit","Shrug It Off","Dual Wield+1","Evolve+1","Barricade+1","Flame Barrier"],"relics":["Burning Blood","PreservedInsect","Lizard Tail","Boot","Torii","Blue Candle","CaptainsWheel","Thread and Needle","Snecko Eye","Paper Frog","Red Skull","Potion Belt","Happy Flower","Frozen Egg 2","Vajra","Calling Bell","Orichalcum","Mummified Hand","Mango","Bag of Marbles","Anchor","Magic Flower","Lee\u0027s Waffle","Bottled Tornado","Red Mask","Pear"],"acts_visited":["Exordium","TheCity","TheBeyond"],"potions_floor_usage":[51,51,51],"damage_taken":[{"damage":14.0,"enemies":"2 Louse","floor":1.0,"turns":3.0},{"damage":0.0,"enemies":"Cultist","floor":3.0,"turns":2.0},{"damage":15.0,"enemies":"3 Sentries","floor":6.0,"turns":6.0},{"damage":0.0,"enemies":"Gremlin Nob","floor":8.0,"turns":2.0},{"damage":6.0,"enemies":"Lagavulin","floor":10.0,"turns":2.0},{"damage":7.0,"enemies":"Small Slimes","floor":11.0,"turns":3.0},{"damage":6.0,"enemies":"Lagavulin Event","floor":12.0,"turns":2.0},{"damage":1.0,"enemies":"3 Louse","floor":13.0,"turns":5.0},{"damage":17.0,"enemies":"Gremlin Nob","floor":14.0,"turns":3.0},{"damage":19.0,"enemies":"The Guardian","floor":16.0,"turns":8.0},{"damage":9.0,"enemies":"3 Byrds","floor":18.0,"turns":4.0},{"damage":0.0,"enemies":"Chosen","floor":25.0,"turns":1.0},{"damage":6.0,"enemies":"Book of Stabbing","floor":27.0,"turns":2.0},{"damage":18.0,"enemies":"Slavers","floor":29.0,"turns":3.0},{"damage":6.0,"enemies":"Gremlin Leader","floor":31.0,"turns":1.0},{"damage":21.0,"enemies":"Champ","floor":33.0,"turns":6.0},{"damage":12.0,"enemies":"3 Darklings","floor":35.0,"turns":4.0},{"damage":12.0,"enemies":"3 Shapes","floor":37.0,"turns":4.0},{"damage":6.0,"enemies":"Maw","floor":38.0,"turns":6.0},{"damage":24.0,"enemies":"4 Shapes","floor":39.0,"turns":7.0},{"damage":12.0,"enemies":"Reptomancer","floor":41.0,"turns":2.0},{"damage":12.0,"enemies":"2 Orb Walkers","floor":44.0,"turns":4.0},{"damage":6.0,"enemies":"Nemesis","floor":46.0,"turns":1.0},{"damage":14.0,"enemies":"Donu and Deca","floor":50.0,"turns":6.0},{"damage":28,"enemies":"Time Eater","floor":51,"turns":8}],"seed_played":"5944120067803043999","potions_obtained":[{"floor":6.0,"key":"Energy Potion"},{"floor":8.0,"key":"SkillPotion"},{"floor":10.0,"key":"BloodPotion"},{"floor":18.0,"key":"PowerPotion"},{"floor":27.0,"key":"DuplicationPotion"},{"floor":37.0,"key":"LiquidMemories"},{"floor":39.0,"key":"Dexterity Potion"},{"floor":44.0,"key":"SteroidPotion"}],"is_trial":false,"path_per_floor":["M","?","M","$","$","E","R","E","T","E","M","?","M","E","R","B",null,"M","?","$","?","$","R","$","M","T","E","R","E","T","E","R","B",null,"M","?","M","M","M","R","E","R","T","?","$","E","?","T","R","B","B",null],"character_chosen":"IRONCLAD","items_purchased":["PreservedInsect","Paper Frog","Barricade+1","Lee\u0027s Waffle"],"campfire_rested":1,"item_purchase_floors":[4,20,45,45],"current_hp_per_floor":[60,54,60,60,60,51,51,57,57,57,56,56,61,50,50,37,60,57,57,57,38,38,38,38,58,58,58,58,46,46,46,46,31,77,71,71,65,65,47,47,41,65,65,59,90,90,90,100,100,95,76],"gold":0,"neow_bonus":"THREE_RARE_CARDS","is_daily":false,"chose_seed":false,"campfire_upgraded":7,"win_rate":0.0,"timestamp":1611983721,"path_taken":["M","?","M","?","$","E","R","E","T","E","M","?","M","E","R","BOSS","M","?","$","?","$","R","?","M","T","E","R","E","?","E","R","BOSS","M","?","M","M","M","R","E","R","T","?","?","E","?","?","R","BOSS","BOSS"],"items_purchased_type":["Relic","Relic","Card","Relic"],"build_version":"2020-12-22","purchased_purges":1,"victory":true,"max_hp_per_floor":[68,68,68,68,68,68,68,68,68,68,68,68,68,68,68,68,68,68,68,68,73,73,73,73,73,73,73,73,73,73,73,73,73,87,87,83,83,83,83,83,83,83,83,83,90,90,90,100,100,100,100],"relic_stats":{"Lee\u0027s Waffle":31,"Torii":12,"Happy Flower":[16],"counters":[25,95],"Blue Candle":[4],"Magic Flower":[6],"PreservedInsect":379,"Orichalcum":[18],"Boot":[17],"Burning Blood":156,"Lizard Tail":0,"Mummified Hand":[37],"Snecko Eye":[160,158,156,151],"obtain_stats":[{"Torii":9,"Vajra":31,"Magic Flower":44,"Mango":34,"Bottled Tornado":46,"Boot":8,"Burning Blood":0,"Lizard Tail":6,"Mummified Hand":34,"Red Mask":47,"Red Skull":26,"Paper Frog":20,"Potion Belt":27,"Lee\u0027s Waffle":45,"Pear":48,"Happy Flower":29,"Blue Candle":10,"Thread and Needle":14,"PreservedInsect":4,"Frozen Egg 2":30,"Orichalcum":34,"Calling Bell":34,"CaptainsWheel":12,"Anchor":43,"Snecko Eye":17,"Bag of Marbles":41},{"Torii":4,"Vajra":15,"Magic Flower":22,"Mango":16,"Bottled Tornado":23,"Boot":4,"Burning Blood":0,"Lizard Tail":3,"Mummified Hand":16,"Red Mask":23,"Red Skull":12,"Paper Frog":11,"Potion Belt":13,"Lee\u0027s Waffle":22,"Pear":23,"Happy Flower":14,"Blue Candle":5,"Thread and Needle":9,"PreservedInsect":2,"Frozen Egg 2":14,"Orichalcum":16,"Calling Bell":16,"CaptainsWheel":7,"Anchor":21,"Snecko Eye":10,"Bag of Marbles":21},{"Torii":13,"Vajra":47,"Magic Flower":80,"Mango":53,"Bottled Tornado":81,"Boot":13,"Burning Blood":0,"Lizard Tail":11,"Mummified Hand":53,"Red Mask":81,"Red Skull":41,"Paper Frog":40,"Potion Belt":43,"Lee\u0027s Waffle":80,"Pear":81,"Happy Flower":46,"Blue Candle":15,"Thread and Needle":28,"PreservedInsect":5,"Frozen Egg 2":46,"Orichalcum":53,"Calling Bell":53,"CaptainsWheel":20,"Anchor":76,"Snecko Eye":36,"Bag of Marbles":76}]},"card_choices":[{"not_picked":["Fiend Fire","Impervious"],"picked":"Bludgeon","floor":0.0},{"not_picked":["Headbutt","Iron Wave"],"picked":"Armaments","floor":1.0},{"not_picked":["Entrench","Sword Boomerang","Cleave"],"picked":"SKIP","floor":3.0},{"not_picked":["Carnage","True Grit"],"picked":"Offering","floor":6.0},{"not_picked":["Searing Blow","Thunderclap","Wild Strike"],"picked":"SKIP","floor":8.0},{"not_picked":["Infernal Blade","Perfected Strike"],"picked":"Corruption","floor":10.0},{"not_picked":["Sword Boomerang","Iron Wave"],"picked":"Pommel Strike","floor":11.0},{"not_picked":["Ghostly Armor","True Grit"],"picked":"Dual Wield","floor":13.0},{"not_picked":["Cleave","Rage","Seeing Red"],"picked":"SKIP","floor":14.0},{"not_picked":["Brutality","Limit Break"],"picked":"Offering","floor":16.0},{"not_picked":["Sword Boomerang","Twin Strike","Headbutt"],"picked":"SKIP","floor":18.0},{"not_picked":["Wild Strike","Carnage"],"picked":"Battle Trance","floor":25.0},{"not_picked":["Clothesline","Disarm"],"picked":"Pommel Strike+1","floor":27.0},{"not_picked":["Shrug It Off","Cleave"],"picked":"Feel No Pain+1","floor":29.0},{"not_picked":["Heavy Blade","Carnage"],"picked":"Pommel Strike+1","floor":31.0},{"not_picked":["Juggernaut+1","Feed"],"picked":"Double Tap","floor":33.0},{"not_picked":["Headbutt+1","Cleave"],"picked":"True Grit","floor":35.0},{"not_picked":["Reaper","Searing Blow","Perfected Strike"],"picked":"SKIP","floor":37.0},{"not_picked":["Armaments+1","Perfected Strike+1"],"picked":"Shrug It Off","floor":38.0},{"not_picked":["Clothesline","Sentinel"],"picked":"Dual Wield","floor":39.0},{"not_picked":["Perfected Strike+1","Rupture+1"],"picked":"Evolve+1","floor":41.0},{"not_picked":["Twin Strike","Dual Wield"],"picked":"Flame Barrier","floor":46.0}],"player_experience":797450,"relics_obtained":[{"floor":6.0,"key":"Lizard Tail"},{"floor":8.0,"key":"Boot"},{"floor":9.0,"key":"Torii"},{"floor":10.0,"key":"Blue Candle"},{"floor":12.0,"key":"CaptainsWheel"},{"floor":14.0,"key":"Thread and Needle"},{"floor":26.0,"key":"Red Skull"},{"floor":27.0,"key":"Potion Belt"},{"floor":29.0,"key":"Happy Flower"},{"floor":30.0,"key":"Frozen Egg 2"},{"floor":31.0,"key":"Vajra"},{"floor":34.0,"key":"Orichalcum"},{"floor":34.0,"key":"Mummified Hand"},{"floor":34.0,"key":"Mango"},{"floor":41.0,"key":"Bag of Marbles"},{"floor":43.0,"key":"Anchor"},{"floor":44.0,"key":"Magic Flower"},{"floor":46.0,"key":"Bottled Tornado"},{"floor":48.0,"key":"Pear"}],"event_choices":[{"damage_healed":0.0,"max_hp_gain":0.0,"max_hp_loss":0.0,"gold_gain":50.0,"event_name":"FaceTrader","player_choice":"Touch","floor":2.0,"gold_loss":0.0,"damage_taken":6.0},{"damage_healed":0.0,"max_hp_gain":0.0,"max_hp_loss":0.0,"gold_gain":0.0,"event_name":"Dead Adventurer","player_choice":"Searched \u00271\u0027 times","floor":12.0,"gold_loss":0.0,"damage_taken":0.0},{"damage_healed":0.0,"max_hp_gain":0.0,"max_hp_loss":0.0,"gold_gain":0.0,"event_name":"Vampires","player_choice":"Ignored","floor":19.0,"gold_loss":0.0,"damage_taken":0.0},{"damage_healed":0.0,"max_hp_gain":5.0,"max_hp_loss":0.0,"gold_gain":0.0,"event_name":"Forgotten Altar","player_choice":"Shed Blood","floor":21.0,"gold_loss":0.0,"damage_taken":24.0},{"damage_healed":0.0,"max_hp_gain":0.0,"max_hp_loss":4.0,"gold_gain":0.0,"event_name":"Winding Halls","player_choice":"Max HP","floor":36.0,"gold_loss":0.0,"damage_taken":0.0},{"damage_healed":0.0,"max_hp_gain":0.0,"max_hp_loss":0.0,"gold_gain":0.0,"event_name":"Mysterious Sphere","player_choice":"Fight","floor":44.0,"gold_loss":0.0,"damage_taken":0.0},{"damage_healed":0.0,"max_hp_gain":0.0,"max_hp_loss":0.0,"gold_gain":0.0,"event_name":"Tomb of Lord Red Mask","player_choice":"Paid","floor":47.0,"gold_loss":55.0,"damage_taken":0.0,"relics_obtained":["Red Mask"]}],"is_beta":false,"boss_relics":[{"not_picked":["Mark of Pain","Philosopher\u0027s Stone"],"picked":"Snecko Eye"},{"not_picked":["Runic Cube","Velvet Choker"],"picked":"Calling Bell"}],"items_purged_floors":[45],"is_endless":false,"potions_floor_spawned":[6,8,10,14,18,27,37,39,44],"ascension_level":20}}