{"host":"2xnjhc1nuqzfyzm4","time":1611977084,"event":{"mods":["100% Spire Juice","Act Like it!","Arknights The Spire","BaseMod","Beaked The Cultist","Bestiary","Better Match","Better Note","Better Sensory Stone","Better Third Choice","Block Reminder","CapriCore","CatGirl Mod","ChefMod","Colored Powertips","Displayed Cursed Tome","Dota2Spire","Downfall","Ekko","Elementarium","GungeonMod","Hallownest","Hermit","Hubris","Humility","Infinite Spire","Jedi Mod","Jorbs\u0027s Wanderer Trilogy","Luminous","Mad Scientist","Marisa????????","Menagerie","Minty Spire (QoL Compilation)","Potionbrewer","Prisma Mod","QueenMod","Relic Stats","Reliquary","Replay The Spire","Robot Space Explorer","SIMod","Shade Mod","Spikes Relics","StSLib","The Alterego","The Animator","The Blackbeard","The Bug Knight","The Cursed","The Death Knight","The Disciple","The Dragon Tamer","The Dragonkin","The Druid","The Elementalist","The Exalted","The Fake Hero","The Florist","The Gatherer","The Hayseed","The Hierophant","The Immortal","The Jungle","The Mystic","The Necromancer","The Poker Player","The Runesmith","The Sage","The Senshi","The Servant 0.9.4","The Showman","The Valiant","The Wild Card","TheBandit","TheSwordswoman","TheVacant","TheVelvet","TheWitcher","Trackpad","Waifu the Spire","WarShipGirlsR/????R mod","Yakumo Yukari mod"],"gold_per_floor":[115,115,132,27,43,43,43,43,43,57,73,89,103,18,18,114,114,124,124,64,64,78,78,78],"floor_reached":23,"language":"ENG","playtime":1919,"items_purged":[],"score":195,"play_id":"82286121-6ac4-4011-b586-eba6103ef566","local_time":"20210129192444","is_ascension_mode":false,"campfire_choices":[{"floor":6,"key":"RECALL"},{"data":"Moonworks:BackdoorTrade","floor":8,"key":"SMITH"},{"floor":15,"key":"REST"}],"circlet_count":0,"master_deck":["Moonworks:Strike","Moonworks:Strike","Moonworks:Strike","Moonworks:Strike","Moonworks:Defend","Moonworks:Defend","Moonworks:Defend","Moonworks:Defend","Moonworks:Ambush","Moonworks:LongDistanceShot","Moonworks:LulusLuckyEgg","Moonworks:JonathanRush","Moonworks:BackdoorTrade+1","Moonworks:JonathanRush","Moonworks:BindingChains","Moonworks:AngelHand","Moonworks:EvilSpyWorkPreparation","Moonworks:BackdoorTrade","Moonworks:Assault+1"],"relics":["Moonworks:BrokenBomb","Moonworks:Homemark","Pyrelight","Orichalcum","Runesmith:UraniumAnvil","Nloth\u0027s Gift"],"acts_visited":["Exordium","TheCity"],"potions_floor_usage":[4,12,13,14,16],"damage_taken":[{"damage":2,"enemies":"Small Slimes","floor":1,"turns":5},{"damage":3,"enemies":"Jaw Worm","floor":3,"turns":5},{"damage":0,"enemies":"2 Louse","floor":4,"turns":3},{"damage":11,"enemies":"Blue Slaver","floor":5,"turns":4},{"damage":0,"enemies":"2 Fungi Beasts","floor":10,"turns":4},{"damage":0,"enemies":"3 Louse","floor":11,"turns":2},{"damage":0,"enemies":"Looter","floor":12,"turns":3},{"damage":0,"enemies":"2 Fungi Beasts","floor":13,"turns":3},{"damage":10,"enemies":"Lagavulin","floor":14,"turns":5},{"damage":17,"enemies":"Fading Forest","floor":16,"turns":11},{"damage":15,"enemies":"Chosen","floor":18,"turns":7},{"damage":7,"enemies":"3 Byrds","floor":22,"turns":4},{"damage":31,"enemies":"Gremlin Leader","floor":23,"turns":4}],"seed_played":"-7698116921832210533","potions_obtained":[{"floor":3,"key":"Block Potion"},{"floor":4,"key":"Guardian:BlockOnCardUsePotion"},{"floor":10,"key":"Fire Potion"},{"floor":13,"key":"Toxic Potion"},{"floor":14,"key":"Explosive Potion"}],"is_trial":false,"path_per_floor":["M","?","M","M","M","R","T","R","T","M","M","M","M","E","R","B",null,"M","?","?","?","M","E"],"character_chosen":"THE_STARBREAKER","items_purchased":[],"campfire_rested":1,"item_purchase_floors":[],"current_hp_per_floor":[64,64,61,61,50,50,50,50,50,50,50,50,50,40,59,49,66,51,51,32,32,25,0,0],"gold":78,"neow_bonus":"TEN_PERCENT_HP_BONUS","is_daily":false,"chose_seed":false,"campfire_upgraded":1,"win_rate":0.0,"timestamp":1611977084,"path_taken":["M","?","M","M","M","R","?","R","T","M","M","M","M","E","R","BOSS","M","?","?","?","M","E"],"items_purchased_type":[],"build_version":"2020-12-22","purchased_purges":0,"victory":false,"max_hp_per_floor":[66,66,66,66,66,66,66,66,66,66,66,66,66,66,66,66,66,66,66,66,66,66,66,66],"relic_stats":{"counters":[13,60],"Nloth\u0027s Gift":0,"Orichalcum":[48],"obtain_stats":[{"hubris:DisguiseKit":9,"Moonworks:Homemark":0,"Runesmith:UraniumAnvil":17,"Pyrelight":2,"DemoMod:GlassGuonStoneRelic":3,"Nloth\u0027s Gift":21,"Orichalcum":14,"Moonworks:BrokenBomb":0},{"hubris:DisguiseKit":4,"Moonworks:Homemark":0,"Runesmith:UraniumAnvil":10,"Pyrelight":1,"DemoMod:GlassGuonStoneRelic":2,"Nloth\u0027s Gift":11,"Orichalcum":9,"Moonworks:BrokenBomb":0},{"hubris:DisguiseKit":17,"Moonworks:Homemark":0,"Runesmith:UraniumAnvil":45,"Pyrelight":5,"DemoMod:GlassGuonStoneRelic":10,"Nloth\u0027s Gift":52,"Orichalcum":34,"Moonworks:BrokenBomb":0}]},"card_choices":[{"not_picked":["Moonworks:ImOnFire","Moonworks:JonathanRush"],"picked":"Moonworks:LulusLuckyEgg","floor":1},{"not_picked":["Moonworks:PlushieMaster","Moonworks:CloudOfSeagulls"],"picked":"Moonworks:JonathanRush","floor":3},{"not_picked":["Moonworks:BeyondHell","Moonworks:WindyEnchantment"],"picked":"Moonworks:BackdoorTrade","floor":4},{"not_picked":["Moonworks:IndiscriminateFireSupport","Moonworks:DeployBits"],"picked":"Moonworks:JonathanRush","floor":5},{"not_picked":["Moonworks:Poppoformation","Moonworks:MiracleWalker","Moonworks:CloudOfSeagulls"],"picked":"SKIP","floor":10},{"not_picked":["Moonworks:CloudOfSeagulls","Moonworks:UnpaidWork"],"picked":"Moonworks:BindingChains","floor":11},{"not_picked":["Moonworks:NicePresent","Moonworks:MiracleWalker"],"picked":"Moonworks:AngelHand","floor":12},{"not_picked":["Moonworks:Assault","Moonworks:ImOnFire"],"picked":"Moonworks:EvilSpyWorkPreparation","floor":13},{"not_picked":["Moonworks:DeployBits","Moonworks:SealedMemories"],"picked":"Moonworks:BackdoorTrade","floor":14},{"not_picked":["Moonworks:DeployBits","Moonworks:EvilSpyWorkPreparation+1"],"picked":"Moonworks:Assault+1","floor":18},{"not_picked":["Moonworks:NicePresent","Moonworks:CastOff+1","Moonworks:AngelHand"],"picked":"SKIP","floor":22}],"player_experience":185310,"relics_obtained":[{"floor":9,"key":"hubris:DisguiseKit"},{"floor":14,"key":"Orichalcum"}],"event_choices":[{"damage_healed":0,"gold_gain":0,"player_choice":"Bought 0 Potions","damage_taken":0,"max_hp_gain":0,"max_hp_loss":0,"event_name":"The Woman in Blue","floor":19,"gold_loss":0},{"damage_healed":0,"gold_gain":180,"player_choice":"GOLD GOLD ","damage_taken":19,"max_hp_gain":0,"max_hp_loss":0,"event_name":"Knowing Skull","floor":20,"potions_obtained":[],"gold_loss":0,"cards_obtained":[]},{"damage_healed":0,"gold_gain":0,"player_choice":"Traded Relic","damage_taken":0,"relics_obtained":["Nloth\u0027s Gift"],"max_hp_gain":0,"max_hp_loss":0,"event_name":"N\u0027loth","floor":21,"relics_lost":["hubris:DisguiseKit"],"gold_loss":0}],"is_beta":false,"boss_relics":[{"not_picked":["sagemod:Falmels_Amulet","hubris:GrandSneckoEye"],"picked":"Runesmith:UraniumAnvil"}],"items_purged_floors":[],"is_endless":false,"potions_floor_spawned":[3,4,10,13,14],"killed_by":"Gremlin Leader","ascension_level":0,"is_humility":true}}