{"host":"rantoq7h0pygex6x","time":1611979707,"event":{"mods":["AchievementEnabler","BaseMod","BetterRewards","Minty Spire (QoL Compilation)"],"gold_per_floor":[112,112,127,139,139,139,154,154,154,25,25,25,25,50,50,141,141,155,189,203,253,128,128,147,72,72,72,107,21,21,21],"floor_reached":30,"language":"ENG","playtime":917,"items_purged":["Strike_B","Strike_B","Defend_B"],"score":672,"play_id":"9b07e953-0ba5-40da-bbcb-f2e37686ca21","local_time":"20210130120827","is_ascension_mode":true,"campfire_choices":[{"data":"Consume","floor":6,"key":"SMITH"},{"data":"Storm","floor":8,"key":"SMITH"},{"data":"Zap","floor":13,"key":"SMITH"},{"data":"Dualcast","floor":15,"key":"SMITH"},{"floor":23,"key":"REST"},{"data":"Buffer","floor":27,"key":"SMITH"}],"circlet_count":0,"master_deck":["AscendersBane","Strike_B","Strike_B","Defend_B","Defend_B","Zap+1","Dualcast+1","Consume+1","Hologram","Echo Form","Conserve Battery","Ball Lightning","Static Discharge","Stack","Heatsinks","Cold Snap","Cold Snap","Stack","Storm+1","Hologram","Coolheaded","Buffer+1","BootSequence","Loop","Self Repair"],"relics":["Cracked Core","Unceasing Top","Incense Burner","Runic Capacitor","Thread and Needle","Question Card","Golden Idol","WingedGreaves","SlaversCollar","Red Mask","Pantograph","Ginger"],"acts_visited":["Exordium","TheCity"],"potions_floor_usage":[19,24],"damage_taken":[{"damage":0.0,"enemies":"Cultist","floor":1.0,"turns":4.0},{"damage":4.0,"enemies":"2 Louse","floor":3.0,"turns":3.0},{"damage":6.0,"enemies":"Small Slimes","floor":4.0,"turns":3.0},{"damage":5,"enemies":"Looter","floor":7,"turns":4},{"damage":6,"enemies":"Exordium Thugs","floor":14,"turns":5},{"damage":2,"enemies":"Slime Boss","floor":16,"turns":10},{"damage":0,"enemies":"Chosen","floor":18,"turns":4},{"damage":47,"enemies":"Masked Bandits","floor":19,"turns":5},{"damage":4,"enemies":"Shell Parasite","floor":20,"turns":5},{"damage":0,"enemies":"Centurion and Healer","floor":24,"turns":8},{"damage":20,"enemies":"Slavers","floor":28,"turns":6},{"damage":31,"enemies":"Gremlin Leader","floor":30,"turns":4}],"seed_played":"-3035032306199947526","potions_obtained":[{"floor":4.0,"key":"FairyPotion"},{"floor":16,"key":"SkillPotion"},{"floor":18,"key":"LiquidMemories"},{"floor":19,"key":"Block Potion"}],"is_trial":false,"path_per_floor":["M","?","M","M","?","R","M","R","T","$","?","T","R","M","R","B",null,"M","?","M","?","$","R","M","?","T","R","E","$","E"],"character_chosen":"DEFECT","items_purchased":["Consume","Hologram","Echo Form","Conserve Battery","Ball Lightning","Static Discharge","Stack","Runic Capacitor","Heatsinks","Cold Snap","Cold Snap","Stack","Coolheaded","Self Repair"],"campfire_rested":1,"item_purchase_floors":[0,0,0,0,0,0,0,0,0,0,0,0,10,29],"current_hp_per_floor":[22,22,18,12,35,35,30,30,30,30,30,30,30,24,24,22,54,54,7,3,3,3,22,22,22,22,22,2,2,0,0],"gold":21,"neow_bonus":"","is_daily":false,"chose_seed":false,"campfire_upgraded":5,"win_rate":0.0,"timestamp":1611979707,"path_taken":["M","?","M","M","?","R","M","R","T","$","?","?","R","M","R","BOSS","M","?","M","?","$","R","M","?","T","R","E","$","E"],"items_purchased_type":["Card","Card","Card","Card","Card","Card","Card","Relic","Card","Card","Card","Card","Card","Card"],"build_version":"2020-12-22","purchased_purges":3,"victory":false,"max_hp_per_floor":[71,71,71,71,71,71,71,71,71,71,64,64,64,64,64,64,64,64,64,64,64,64,64,64,64,64,64,64,64,64,64],"card_choices":[{"not_picked":["Steam","Streamline"],"picked":"Storm","floor":1.0},{"not_picked":["Beam Cell","Rebound","Reprogram"],"picked":"SKIP","floor":3.0},{"not_picked":["Stack","Darkness"],"picked":"Hologram","floor":4.0},{"not_picked":["Leap","Beam Cell","Hologram"],"picked":"SKIP","floor":7},{"not_picked":["Coolheaded","Static Discharge","Leap","Streamline"],"picked":"SKIP","floor":14},{"not_picked":["Biased Cognition","Creative AI","Rainbow"],"picked":"Buffer","floor":16},{"not_picked":["Compile Driver","Stack","Consume+1","Leap"],"picked":"SKIP","floor":18},{"not_picked":["Hologram","Tempest","Compile Driver"],"picked":"BootSequence","floor":19},{"not_picked":["Ball Lightning+1","Storm+1","Steam Power"],"picked":"Loop","floor":20},{"not_picked":["FTL","Compile Driver","Heatsinks","Redo"],"picked":"SKIP","floor":24},{"not_picked":["Auto Shields","Tempest","Rip and Tear","Gash"],"picked":"SKIP","floor":28}],"player_experience":967216,"relics_obtained":[{"floor":9,"key":"Question Card"},{"floor":12,"key":"WingedGreaves"},{"floor":19,"key":"Red Mask"},{"floor":26,"key":"Pantograph"},{"floor":28,"key":"Ginger"}],"event_choices":[{"damage_healed":0.0,"max_hp_gain":0.0,"max_hp_loss":0.0,"gold_gain":0.0,"event_name":"Scrap Ooze","player_choice":"Fled","floor":2.0,"gold_loss":0.0,"damage_taken":0.0},{"damage_healed":23,"gold_gain":0,"player_choice":"Banana","damage_taken":0,"max_hp_gain":0,"max_hp_loss":0,"event_name":"Big Fish","floor":5,"gold_loss":0},{"damage_healed":0,"gold_gain":0,"player_choice":"Lose Max HP","damage_taken":0,"relics_obtained":["Golden Idol"],"max_hp_gain":0,"max_hp_loss":7,"event_name":"Golden Idol","floor":11,"gold_loss":0},{"damage_healed":0,"gold_gain":0,"player_choice":"Fought Bandits","damage_taken":0,"max_hp_gain":0,"max_hp_loss":0,"event_name":"Masked Bandits","floor":19,"gold_loss":0},{"damage_healed":0,"gold_gain":50,"player_choice":"Stole From Cult","damage_taken":0,"max_hp_gain":0,"max_hp_loss":0,"event_name":"Nest","floor":21,"gold_loss":0},{"cards_removed":["Defend_B"],"damage_healed":0,"gold_gain":0,"player_choice":"Gave Gold","damage_taken":0,"max_hp_gain":0,"max_hp_loss":0,"event_name":"Beggar","floor":25,"gold_loss":75}],"is_beta":false,"boss_relics":[{"not_picked":["Empty Cage","Velvet Choker"],"picked":"SlaversCollar"}],"items_purged_floors":[0,10,22],"is_endless":false,"potions_floor_spawned":[4,16,18,19],"killed_by":"Gremlin Leader","ascension_level":20}}