{"host":"zwezhz46a5cjkxff","time":1611996951,"event":{"mods":["AchievementEnabler","BaseMod","Colored Map","Colored Powertips","DeckTracker","Hermit","Minty Spire (QoL Compilation)","Permanent Neow","Quick Restart","Rare Cards Sparkle","Relic Stats","Robot Space Explorer","StSLib","SuperFastMode","The Hierophant","The Servant 0.9.4","Weighted Paths","slay the spire mod where everything is the same but ironclad has a cowboy hat"],"gold_per_floor":[112,123,123,140,140,140,169,184,184,202,202,377,377,406,406,501,501,519,533,533,160,175,175,175],"floor_reached":23,"language":"ENG","playtime":658,"items_purged":["Defend_R"],"score":211,"play_id":"112fa59d-1646-46dd-94b9-1c3422eeeb33","local_time":"20210130025551","is_ascension_mode":true,"campfire_choices":[{"floor":6,"key":"RECALL"},{"data":"Armaments","floor":11,"key":"SMITH"},{"data":"Intimidate","floor":13,"key":"SMITH"},{"data":"Demon Form","floor":15,"key":"SMITH"}],"circlet_count":0,"master_deck":["Strike_R+1","Strike_R","Strike_R","Defend_R+1","Defend_R","Defend_R+1","Bash+1","The Bomb","Armaments+1","Iron Wave","Demon Form+1","Intimidate+1","Doubt","Bludgeon","Iron Wave"],"relics":["Burning Blood","Whetstone","Mummified Hand","Philosopher\u0027s Stone","TheAbacus","Happy Flower"],"acts_visited":["Exordium","TheCity"],"potions_floor_usage":[14,16,23],"damage_taken":[{"damage":9,"enemies":"2 Louse","floor":1,"turns":4},{"damage":4,"enemies":"Small Slimes","floor":2,"turns":5},{"damage":6,"enemies":"Jaw Worm","floor":4,"turns":3},{"damage":15,"enemies":"3 Sentries","floor":7,"turns":5},{"damage":3,"enemies":"3 Louse","floor":8,"turns":6},{"damage":4,"enemies":"Blue Slaver","floor":10,"turns":4},{"damage":18,"enemies":"Gremlin Nob","floor":14,"turns":4},{"damage":16,"enemies":"The Guardian","floor":16,"turns":8},{"damage":0,"enemies":"Chosen","floor":18,"turns":4},{"damage":43,"enemies":"3 Byrds","floor":19,"turns":4},{"damage":22,"enemies":"Snake Plant","floor":22,"turns":4},{"damage":19,"enemies":"Book of Stabbing","floor":23,"turns":3}],"seed_played":"-1216185045492250059","potions_obtained":[{"floor":4,"key":"Strength Potion"},{"floor":7,"key":"Energy Potion"},{"floor":10,"key":"Energy Potion"}],"is_trial":false,"path_per_floor":["M","M","?","M","?","R","E","M","T","M","R","?","R","E","R","B",null,"M","M","?","$","M","E"],"character_chosen":"IRONCLAD","items_purchased":["TheAbacus","Happy Flower"],"campfire_rested":0,"item_purchase_floors":[21,21],"current_hp_per_floor":[69,71,57,57,57,57,48,51,51,53,53,53,53,41,41,31,72,72,35,35,35,19,0,0],"gold":175,"neow_bonus":"RANDOM_COLORLESS_2","is_daily":false,"chose_seed":false,"campfire_upgraded":3,"win_rate":0.0,"timestamp":1611996951,"path_taken":["M","M","?","M","?","R","E","M","T","M","R","?","R","E","R","BOSS","M","M","?","$","M","E"],"items_purchased_type":["Relic","Relic"],"build_version":"2020-12-22","purchased_purges":1,"victory":false,"max_hp_per_floor":[72,72,72,72,72,72,72,72,72,72,72,72,72,72,72,72,72,72,72,72,72,72,72,72],"relic_stats":{"TheAbacus":[6],"Happy Flower":[2],"counters":[12,54],"Mummified Hand":[4],"Whetstone":["Strike_R","Bash"],"obtain_stats":[{"TheAbacus":21,"Happy Flower":21,"Mummified Hand":14,"Philosopher\u0027s Stone":17,"Whetstone":7,"Burning Blood":0},{"TheAbacus":10,"Happy Flower":10,"Mummified Hand":7,"Philosopher\u0027s Stone":8,"Whetstone":4,"Burning Blood":0},{"TheAbacus":47,"Happy Flower":47,"Mummified Hand":31,"Philosopher\u0027s Stone":39,"Whetstone":17,"Burning Blood":0}],"Burning Blood":60},"card_choices":[{"not_picked":["Sadistic Nature","HandOfGreed"],"picked":"The Bomb","floor":0},{"not_picked":["Dropkick","Dark Embrace"],"picked":"Armaments","floor":1},{"not_picked":["Anger","Pummel"],"picked":"Iron Wave","floor":2},{"not_picked":["Dropkick","Armaments","Heavy Blade"],"picked":"SKIP","floor":4},{"not_picked":["Shrug It Off","Exhume"],"picked":"Demon Form","floor":7},{"not_picked":["Wild Strike","Clothesline","Flex"],"picked":"SKIP","floor":8},{"not_picked":["Body Slam","Sword Boomerang"],"picked":"Intimidate","floor":10},{"not_picked":["Anger","Heavy Blade","Infernal Blade"],"picked":"SKIP","floor":14},{"not_picked":["Limit Break","Corruption"],"picked":"Bludgeon","floor":16},{"not_picked":["Battle Trance","Whirlwind","Power Through"],"picked":"SKIP","floor":18},{"not_picked":["Blood for Blood+1","Battle Trance","Bloodletting+1"],"picked":"SKIP","floor":19},{"not_picked":["Blood for Blood+1","Pommel Strike"],"picked":"Iron Wave","floor":22}],"player_experience":47398,"relics_obtained":[{"floor":7,"key":"Whetstone"},{"floor":14,"key":"Mummified Hand"}],"event_choices":[{"damage_healed":0,"gold_gain":0,"player_choice":"Entered Light","damage_taken":14,"max_hp_gain":0,"max_hp_loss":0,"event_name":"Shining Light","floor":3,"gold_loss":0,"cards_upgraded":["Defend_R","Defend_R"]},{"cards_removed":["Strike_R"],"damage_healed":0,"gold_gain":0,"player_choice":"Forget","damage_taken":0,"max_hp_gain":0,"max_hp_loss":0,"event_name":"Living Wall","floor":5,"gold_loss":0},{"damage_healed":0,"gold_gain":175,"player_choice":"AGREE","damage_taken":0,"max_hp_gain":0,"max_hp_loss":0,"event_name":"Liars Game","floor":12,"gold_loss":0,"cards_obtained":["Doubt"]},{"cards_removed":["Strike_R"],"damage_healed":0,"gold_gain":0,"player_choice":"Elegance","damage_taken":0,"max_hp_gain":0,"max_hp_loss":0,"event_name":"Back to Basics","floor":20,"gold_loss":0}],"is_beta":false,"boss_relics":[{"not_picked":["Runic Pyramid","Black Blood"],"picked":"Philosopher\u0027s Stone"}],"items_purged_floors":[21],"is_endless":false,"potions_floor_spawned":[4,7,10],"killed_by":"Book of Stabbing","ascension_level":1}}