{"host":"n23juj4d9qam5hh1","time":1611977440,"event":{"mods":["BaseMod","Better Note","BetterRewards","Displayed Cursed Tome","Infinite Spire","Minty Spire (QoL Compilation)","Relic Stats","StSLib","Thieving Mod"],"gold_per_floor":[217,217,228,245,256,281,294,294,317,317,57,74,74,84,84,182,182,149,149,149],"floor_reached":19,"language":"ENG","playtime":824,"items_purged":[],"score":205,"play_id":"465f7fa1-df24-40e7-9658-ac6a5b1434a5","local_time":"20210129223040","is_ascension_mode":true,"campfire_choices":[{"floor":8,"key":"REST"},{"data":"Dualcast","floor":13,"key":"SMITH"},{"data":"Zap","floor":15,"key":"SMITH"}],"circlet_count":0,"master_deck":["Strike_B","Strike_B","Strike_B","Strike_B","Defend_B","Defend_B","Defend_B","Defend_B","Zap+1","Dualcast+1","Streamline","Cold Snap","Turbo","Biased Cognition","Coolheaded","Leap","Capacitor","Turbo+1"],"relics":["Cracked Core","infinitespire:Eraser","Tiny Chest","Eternal Feather","Philosopher\u0027s Stone"],"acts_visited":["Exordium","TheCity"],"potions_floor_usage":[7,14,16],"damage_taken":[{"damage":4,"enemies":"2 Louse","floor":1,"turns":2},{"damage":2,"enemies":"Small Slimes","floor":3,"turns":4},{"damage":17,"enemies":"infinitespire:Voidling","floor":4,"turns":4},{"damage":2,"enemies":"Blue Slaver","floor":5,"turns":4},{"damage":29,"enemies":"3 Sentries","floor":6,"turns":8},{"damage":0,"enemies":"Large Slime","floor":7,"turns":4},{"damage":3,"enemies":"2 Fungi Beasts","floor":12,"turns":3},{"damage":0,"enemies":"3 Louse","floor":14,"turns":3},{"damage":56,"enemies":"Slime Boss","floor":16,"turns":14},{"damage":28,"enemies":"2 Thieves","floor":18,"turns":5},{"damage":57,"enemies":"3 Byrds","floor":19,"turns":3}],"seed_played":"2761363241661827340","potions_obtained":[{"floor":6,"key":"DistilledChaos"},{"floor":7,"key":"LiquidMemories"},{"floor":14,"key":"PotionOfCapacity"}],"is_trial":false,"path_per_floor":["M","?","M","M","M","E","M","R","T","?","$","M","R","M","R","B",null,"M","M"],"character_chosen":"DEFECT","items_purchased":["Eternal Feather"],"campfire_rested":1,"item_purchase_floors":[11],"current_hp_per_floor":[71,76,74,57,55,26,26,50,50,50,50,47,56,56,65,9,80,52,0,0],"gold":149,"neow_bonus":"HUNDRED_GOLD","is_daily":false,"chose_seed":false,"campfire_upgraded":2,"win_rate":0.0,"timestamp":1611977440,"path_taken":["M","?","M","M","M","E","M","R","T","?","$","M","R","M","R","BOSS","M","M"],"items_purchased_type":["Relic"],"build_version":"2020-12-22","purchased_purges":0,"victory":false,"max_hp_per_floor":[75,80,80,80,80,80,80,80,80,80,80,80,80,80,80,80,80,80,80,80],"relic_stats":{"counters":[11,54],"Tiny Chest":0,"Eternal Feather":18,"obtain_stats":[{"Tiny Chest":9,"Eternal Feather":11,"Philosopher\u0027s Stone":17,"infinitespire:Eraser":6,"Cracked Core":0},{"Tiny Chest":6,"Eternal Feather":6,"Philosopher\u0027s Stone":9,"infinitespire:Eraser":5,"Cracked Core":0},{"Tiny Chest":26,"Eternal Feather":26,"Philosopher\u0027s Stone":46,"infinitespire:Eraser":22,"Cracked Core":0}]},"card_choices":[{"not_picked":["Stack","Go for the Eyes","Scrape"],"picked":"SKIP","floor":1},{"not_picked":["Compile Driver","Lockon"],"picked":"Streamline","floor":3},{"not_picked":["Chill","Steam"],"picked":"Cold Snap","floor":4},{"not_picked":["Rebound","Reinforced Body"],"picked":"Turbo","floor":5},{"not_picked":["Leap","Ball Lightning"],"picked":"Biased Cognition","floor":6},{"not_picked":["Steam","Gash"],"picked":"Coolheaded","floor":7},{"not_picked":["Sweeping Beam","Conserve Battery"],"picked":"Leap","floor":12},{"not_picked":["Cold Snap","Thunder Strike"],"picked":"Capacitor","floor":14},{"not_picked":["Compile Driver","Rebound"],"picked":"Turbo+1","floor":18}],"player_experience":266687,"relics_obtained":[{"floor":6,"key":"infinitespire:Eraser"},{"floor":9,"key":"Tiny Chest"}],"event_choices":[{"damage_healed":0,"gold_gain":0,"player_choice":"Donut","damage_taken":0,"max_hp_gain":5,"max_hp_loss":0,"event_name":"Big Fish","floor":2,"gold_loss":0},{"damage_healed":0,"gold_gain":0,"player_choice":"Leave","damage_taken":0,"max_hp_gain":0,"max_hp_loss":0,"event_name":"FaceTrader","floor":10,"gold_loss":0}],"is_beta":false,"boss_relics":[{"not_picked":["Busted Crown","Runic Pyramid"],"picked":"Philosopher\u0027s Stone"}],"items_purged_floors":[],"is_endless":false,"potions_floor_spawned":[6,7,14],"killed_by":"3 Byrds","ascension_level":4}}