{"host":"rkezzvf6da7mjjsm","time":1611981881,"event":{"mods":["BaseMod","Colored Map","Minty Spire (QoL Compilation)","Relic Stats","StSLib"],"gold_per_floor":[109,159,70,70,26,53,53,81,104,104,114,127,10,29,29,105,105,119,148,148,5,18,18,18],"floor_reached":23,"language":"ENG","playtime":974,"items_purged":["Strike_G","Strike_G"],"score":494,"play_id":"2634040a-2b31-4e20-957b-81da66ab450f","local_time":"20210130154441","is_ascension_mode":true,"campfire_choices":[{"data":"1","floor":7,"key":"LIFT"},{"data":"2","floor":10,"key":"LIFT"},{"data":"3","floor":15,"key":"LIFT"}],"circlet_count":0,"master_deck":["AscendersBane","Strike_G","Strike_G","Strike_G","Defend_G","Defend_G","Defend_G","Defend_G","Defend_G","Survivor","Neutralize","Masterful Stab","Dash","Bouncing Flask","Footwork","Terror","Burst","Dagger Spray","Infinite Blades","Dodge and Roll","Infinite Blades","Predator"],"relics":["Ring of the Snake","NeowsBlessing","Girya","Potion Belt","Bag of Marbles","Runic Dome","Red Mask"],"acts_visited":["Exordium","TheCity"],"potions_floor_usage":[16,19,22],"damage_taken":[{"damage":0,"enemies":"Small Slimes","floor":1,"turns":1},{"damage":0,"enemies":"Lagavulin","floor":6,"turns":1},{"damage":0,"enemies":"3 Sentries","floor":8,"turns":2},{"damage":6,"enemies":"Cultist","floor":11,"turns":3},{"damage":0,"enemies":"Jaw Worm","floor":12,"turns":1},{"damage":8,"enemies":"Exordium Thugs","floor":14,"turns":4},{"damage":7,"enemies":"Hexaghost","floor":16,"turns":9},{"damage":6,"enemies":"2 Thieves","floor":18,"turns":3},{"damage":0,"enemies":"Masked Bandits","floor":19,"turns":3},{"damage":46,"enemies":"3 Byrds","floor":22,"turns":7},{"damage":68,"enemies":"Slavers","floor":23,"turns":3}],"seed_played":"8485590347142687215","potions_obtained":[{"floor":8,"key":"Weak Potion"},{"floor":11,"key":"Strength Potion"},{"floor":16,"key":"PowerPotion"},{"floor":18,"key":"FairyPotion"}],"is_trial":false,"path_per_floor":["M","?","$","?","$","E","R","E","T","R","M","M","$","M","R","B",null,"M","?","?","$","M","E"],"character_chosen":"THE_SILENT","items_purchased":["Dash","Footwork","Infinite Blades","Infinite Blades"],"campfire_rested":0,"item_purchase_floors":[3,5,13,21],"current_hp_per_floor":[59,53,53,53,53,53,53,53,53,53,47,47,47,39,39,32,58,52,52,76,76,30,0,0],"gold":18,"neow_bonus":"THREE_ENEMY_KILL","is_daily":false,"chose_seed":false,"campfire_upgraded":0,"win_rate":0.0,"timestamp":1611981881,"path_taken":["M","?","?","?","$","E","R","E","T","R","M","?","?","M","R","BOSS","M","?","?","$","?","E"],"items_purchased_type":["Card","Card","Card","Card"],"build_version":"2020-12-22","purchased_purges":2,"victory":false,"max_hp_per_floor":[66,66,66,66,66,66,66,66,66,66,66,66,66,66,66,66,66,66,66,76,76,76,76,76],"relic_stats":{"counters":[11,37],"obtain_stats":[{"Potion Belt":8,"Girya":6,"Runic Dome":17,"NeowsBlessing":0,"Bag of Marbles":9,"Red Mask":19,"Ring of the Snake":0},{"Potion Belt":3,"Girya":2,"Runic Dome":7,"NeowsBlessing":0,"Bag of Marbles":3,"Red Mask":9,"Ring of the Snake":0},{"Potion Belt":4,"Girya":2,"Runic Dome":21,"NeowsBlessing":0,"Bag of Marbles":4,"Red Mask":27,"Ring of the Snake":0}],"Ring of the Snake":[22]},"card_choices":[{"not_picked":["Sucker Punch","Underhanded Strike"],"picked":"Masterful Stab","floor":1},{"not_picked":["Sucker Punch","Masterful Stab"],"picked":"Terror","floor":6},{"not_picked":["Masterful Stab","Setup","Outmaneuver"],"picked":"SKIP","floor":8},{"not_picked":["Dagger Spray","Deflect"],"picked":"Burst","floor":11},{"not_picked":["Bane","Flying Knee"],"picked":"Dagger Spray","floor":12},{"not_picked":["Reflex","Deflect","Concentrate"],"picked":"SKIP","floor":14},{"not_picked":["Burst","Storm of Steel"],"picked":"Bullet Time","floor":16},{"not_picked":["Bane","Poisoned Stab"],"picked":"Dodge and Roll","floor":18},{"not_picked":["Infinite Blades","Backflip"],"picked":"Predator","floor":22}],"player_experience":646875,"relics_obtained":[{"floor":6,"key":"Girya"},{"floor":8,"key":"Potion Belt"},{"floor":9,"key":"Bag of Marbles"},{"floor":19,"key":"Red Mask"}],"event_choices":[{"damage_healed":0,"gold_gain":50,"player_choice":"Touch","damage_taken":6,"max_hp_gain":0,"max_hp_loss":0,"event_name":"FaceTrader","floor":2,"gold_loss":0},{"damage_healed":0,"gold_gain":0,"player_choice":"1 cards matched","damage_taken":0,"max_hp_gain":0,"max_hp_loss":0,"event_name":"Match and Keep!","floor":4,"gold_loss":0,"cards_obtained":["Bouncing Flask"]},{"damage_healed":0,"gold_gain":0,"player_choice":"Fought Bandits","damage_taken":0,"max_hp_gain":0,"max_hp_loss":0,"event_name":"Masked Bandits","floor":19,"gold_loss":0},{"cards_removed":["Bullet Time"],"damage_healed":14,"gold_gain":0,"player_choice":"Offered Rare","damage_taken":0,"max_hp_gain":10,"max_hp_loss":0,"event_name":"Bonfire Elementals","floor":20,"gold_loss":0}],"is_beta":false,"boss_relics":[{"not_picked":["Ring of the Serpent","Pandora\u0027s Box"],"picked":"Runic Dome"}],"items_purged_floors":[13,21],"is_endless":false,"potions_floor_spawned":[8,11,16,18],"killed_by":"Slavers","ascension_level":20}}