{"host":"141e8mu1xuvwtmt1","time":1611994025,"event":{"mods":["AchievementEnabler","BaseMod","BetterRewards","Colored Map","Colored Powertips","Downfall","Highlight Path","Minty Spire (QoL Compilation)","Replay The Spire","StSLib"],"gold_per_floor":[99,43,106,54,54,74,101,132,144,141,153,180,203,232,256,365,377,389,420,450,473,485,497,497,497],"floor_reached":23,"language":"ENG","playtime":2658,"items_purged":[],"score":191,"play_id":"d72b0a9d-c58b-4a6f-a360-b2efad15eacb","local_time":"20210130090705","is_ascension_mode":false,"campfire_choices":[{"data":"Slimebound:CorrosiveSpit","floor":1.0,"key":"SMITH"},{"floor":9.0,"key":"REST"},{"data":"Slimebound:LeadByExample","floor":11.0,"key":"SMITH"},{"data":"Slimebound:MassRepurpose","floor":18,"key":"SMITH"}],"circlet_count":0,"master_deck":["Slimebound:Strike_Slimebound","Slimebound:Strike_Slimebound","Slimebound:Strike_Slimebound","Slimebound:Tackle","Slimebound:Defend_Slimebound","Slimebound:Defend_Slimebound","Slimebound:Defend_Slimebound","Slimebound:Defend_Slimebound","Slimebound:Split+1","Slimebound:CorrosiveSpit+1","Slimebound:SplitMire","Slimebound:ServeAndProtect","Slimebound:RejuvenatingLick","Slimebound:SplitBruiser","Slimebound:SplitMire","Slimebound:SplitMire","Slimebound:SamplingLick","Slimebound:LeadByExample+1","Slimebound:HauntingLick","Slimebound:HauntingLick","Slimebound:SplitAcid","Slimebound:SpikyOuterGoop","Slimebound:LeechingTouch","Slimebound:MassRepurpose+1","Slimebound:SpikyOuterGoop","Slimebound:LevelUp","Slimebound:ItLooksTasty","RitualDagger+1"],"relics":["Slimebound:AbsorbEndCombat","ReplayTheSpireMod:TigerMarble","Potion Belt","MawBank","Black Star"],"acts_visited":["Exordium","TheCity"],"potions_floor_usage":[16,16,21,21],"damage_taken":[{"damage":0.0,"enemies":"downfall:FleeingMerchant","floor":2.0,"turns":4.0},{"damage":25.0,"enemies":"Gremlin Nob","floor":3.0,"turns":5.0},{"damage":16.0,"enemies":"downfall:FleeingMerchant","floor":4.0,"turns":4.0},{"damage":0.0,"enemies":"2 Louse","floor":6.0,"turns":2.0},{"damage":18.0,"enemies":"Replay:BlueRogue","floor":8.0,"turns":4.0},{"damage":6.0,"enemies":"downfall:FleeingMerchant","floor":10.0,"turns":4.0},{"damage":6.0,"enemies":"Jaw Worm","floor":12.0,"turns":4.0},{"damage":3.0,"enemies":"Small Slimes","floor":13.0,"turns":2.0},{"damage":0.0,"enemies":"Red Slaver","floor":14.0,"turns":2.0},{"damage":16,"enemies":"Large Slime","floor":15,"turns":4},{"damage":21,"enemies":"DF_ARCHETYPE_STREAMLINE","floor":16,"turns":7},{"damage":11,"enemies":"Spheric Guardian","floor":19,"turns":5},{"damage":44,"enemies":"3 Byrds","floor":20,"turns":5},{"damage":23,"enemies":"Snecko","floor":21,"turns":7},{"damage":7,"enemies":"downfall:FleeingMerchant","floor":23,"turns":2}],"seed_played":"3112454986291378150","potions_obtained":[{"floor":6.0,"key":"hexamod:SoulburnPotion"},{"floor":13.0,"key":"SkillPotion"},{"floor":14.0,"key":"GamblersBrew"},{"floor":15,"key":"AttackPotion"},{"floor":20,"key":"LifebloodPotion"},{"floor":22,"key":"CultistPotion"}],"is_trial":false,"path_per_floor":["R","$","?","$","?","M","T","E","R","$","R","M","M","M","M","B",null,"R_BF","M","M","M","?","$"],"character_chosen":"SLIMEBOUND","items_purchased":["Slimebound:ServeAndProtect","Slimebound:SplitMire"],"campfire_rested":1,"item_purchase_floors":[2,4],"current_hp_per_floor":[71,71,50,42,42,42,42,28,49,51,51,45,46,48,38,25,71,71,62,20,3,3,0,0,0],"gold":497,"neow_bonus":"TEN_PERCENT_HP_BONUS","is_daily":false,"chose_seed":false,"campfire_upgraded":3,"win_rate":0.0,"timestamp":1611994025,"path_taken":["R","$","?","$","?","M","T","E","R","$","R","M","M","M","M","BOSS","R_BF","M","M","M","?","$"],"items_purchased_type":["Card","Card"],"build_version":"2020-12-22","purchased_purges":0,"victory":false,"max_hp_per_floor":[71,71,71,71,71,71,71,71,71,71,71,71,71,71,71,71,71,71,71,71,71,71,71,71,71],"card_choices":[{"not_picked":["Slimebound:SplitAcid","Slimebound:Prepare"],"picked":"Slimebound:SplitMire","floor":2.0},{"not_picked":["Slimebound:ComboTackle","Slimebound:Equalize"],"picked":"Slimebound:RejuvenatingLick","floor":3.0},{"not_picked":["Slimebound:SlimeBarrage","Slimebound:SlimeSpikes"],"picked":"Slimebound:SplitBruiser","floor":4.0},{"not_picked":["Slimebound:FlameTackle","Slimebound:HauntingLick"],"picked":"Slimebound:SamplingLick","floor":6.0},{"not_picked":["Slimebound:Replication","Slimebound:SlimeSpikes"],"picked":"Slimebound:LeadByExample","floor":8.0},{"not_picked":["Slimebound:FinishingTackle","Slimebound:DivideAndConquer"],"picked":"Slimebound:HauntingLick","floor":10.0},{"not_picked":["Slimebound:RollThrough","Slimebound:LivingWall"],"picked":"Slimebound:HauntingLick","floor":12.0},{"not_picked":["Slimebound:LeechEnergy","Slimebound:Grow"],"picked":"Slimebound:SplitAcid","floor":13.0},{"not_picked":["Slimebound:FinishingTackle","Slimebound:LivingWall"],"picked":"Slimebound:SpikyOuterGoop","floor":14.0},{"not_picked":["Slimebound:DisruptingSlam","Slimebound:SplitMire"],"picked":"Slimebound:LeechingTouch","floor":15},{"not_picked":["Slimebound:FirmFortitude","Slimebound:DuplicatedForm"],"picked":"Slimebound:MassRepurpose","floor":16},{"not_picked":["Slimebound:TongueLash","Slimebound:RejuvenatingLick"],"picked":"Slimebound:SpikyOuterGoop","floor":19},{"not_picked":["Slimebound:LeechingTouch","Slimebound:MegaLick"],"picked":"Slimebound:LevelUp","floor":20},{"not_picked":["Slimebound:LivingWall","Slimebound:Schlurp"],"picked":"Slimebound:ItLooksTasty","floor":21}],"player_experience":212878,"relics_obtained":[{"floor":3.0,"key":"ReplayTheSpireMod:TigerMarble"},{"floor":7.0,"key":"Potion Belt"},{"floor":8.0,"key":"MawBank"}],"event_choices":[],"is_beta":false,"boss_relics":[{"not_picked":["Replay:Wanted Poster","ReplayTheSpireMod:DimensionalGlitch"],"picked":"Black Star"}],"items_purged_floors":[],"is_endless":false,"potions_floor_spawned":[6,13,14,15,20],"killed_by":"downfall:FleeingMerchant","ascension_level":0}}