{"host":"yecadp3kwkksam5a","time":1611984766,"event":{"mods":["BaseMod","Minty Spire (QoL Compilation)","StSLib","SuperFastMode","The Cursed"],"gold_per_floor":[117,127,42,62,77,105,105,130,130,130,162,162,162,200,200,299,299,272,285,4,4,18,18,49,49,49,174,214,247,281,321,321,426,426,458,791,813,832,832,872,923,959,1006,1006,1006,378,418,28,28,28,28,28,28,20,49,49],"floor_reached":57,"language":"KOR","playtime":3350,"items_purged":["Strike_G","Strike_G"],"score":3073,"play_id":"2bdc362e-e928-4124-bc99-f9be1e130094","local_time":"20210130143246","is_ascension_mode":true,"campfire_choices":[{"data":"Footwork","floor":10.0,"key":"SMITH"},{"data":"Cloak And Dagger","floor":15.0,"key":"SMITH"},{"data":"Bouncing Flask","floor":23,"key":"SMITH"},{"data":"Footwork","floor":25,"key":"SMITH"},{"data":"Outmaneuver","floor":32,"key":"SMITH"},{"floor":45,"key":"RECALL"},{"floor":49,"key":"REST"},{"floor":53,"key":"REST"}],"circlet_count":0,"master_deck":["AscendersBane","Strike_G","Strike_G","Strike_G","Defend_G","Defend_G","Defend_G","Defend_G","Defend_G","Survivor+1","Neutralize","Mayhem+1","Mayhem+1","Mayhem+1","Mayhem+1","Mayhem+1","Cloak And Dagger+1","Escape Plan","Footwork+1","Flying Knee","Dodge and Roll","Dash","Backflip","Dash","Crippling Poison","Doppelganger","Escape Plan","Terror","Eviscerate","Bouncing Flask+1","Footwork+1","Backflip","PiercingWail","Acrobatics+1","Outmaneuver+1","Envenom+1","Backflip","Cloak And Dagger+1","Leg Sweep","Backflip","Blade Dance+1","Well Laid Plans","Blade Dance","Cloak And Dagger","Escape Plan","Backflip","Blade Dance+1","Choke","Accuracy"],"relics":["Ring of the Snake","Paper Crane","Tough Bandages","Bird Faced Urn","Gambling Chip","Centennial Puzzle","Anchor","Juzu Bracelet","Black Star","Oddly Smooth Stone","Mercury Hourglass","CeramicFish","The Courier","Incense Burner","White Beast Statue","PreservedInsect","Happy Flower","Strawberry","Darkstone Periapt","Fusion Hammer","Singing Bowl","Blue Candle","CaptainsWheel","Kunai","TungstenRod","Blood Vial","Bronze Scales","Pen Nib","Bag of Preparation","Unceasing Top","Membership Card","Bag of Marbles","Snake Skull","War Paint","Nunchaku","InkBottle"],"acts_visited":["Exordium","TheCity","TheBeyond","TheEnding"],"potions_floor_usage":[27],"damage_taken":[{"damage":0.0,"enemies":"Cultist","floor":1.0,"turns":4.0},{"damage":5.0,"enemies":"Small Slimes","floor":2.0,"turns":4.0},{"damage":3.0,"enemies":"2 Louse","floor":4.0,"turns":4.0},{"damage":13.0,"enemies":"Large Slime","floor":5.0,"turns":6.0},{"damage":0.0,"enemies":"Lagavulin","floor":6.0,"turns":8.0},{"damage":25.0,"enemies":"3 Sentries","floor":8.0,"turns":10.0},{"damage":18.0,"enemies":"Gremlin Nob","floor":11.0,"turns":6.0},{"damage":4.0,"enemies":"3 Sentries","floor":14.0,"turns":10.0},{"damage":5.0,"enemies":"The Guardian","floor":16.0,"turns":11.0},{"damage":11.0,"enemies":"2 Thieves","floor":18.0,"turns":4.0},{"damage":0.0,"enemies":"Shell Parasite","floor":19.0,"turns":6.0},{"damage":1,"enemies":"Chosen and Byrds","floor":22,"turns":7},{"damage":53,"enemies":"Slavers","floor":24,"turns":7},{"damage":4,"enemies":"Colosseum Slavers","floor":27,"turns":6},{"damage":29,"enemies":"Colosseum Nobs","floor":27,"turns":6},{"damage":0,"enemies":"Book of Stabbing","floor":28,"turns":6},{"damage":4,"enemies":"Centurion and Healer","floor":29,"turns":6},{"damage":1,"enemies":"Cultist and Chosen","floor":30,"turns":7},{"damage":43,"enemies":"Gremlin Leader","floor":31,"turns":8},{"damage":6,"enemies":"Automaton","floor":33,"turns":11},{"damage":0,"enemies":"Orb Walker","floor":35,"turns":3},{"damage":0,"enemies":"3 Darklings","floor":37,"turns":5},{"damage":3,"enemies":"Transient","floor":38,"turns":6},{"damage":5,"enemies":"Nemesis","floor":40,"turns":7},{"damage":13,"enemies":"2 Orb Walkers","floor":41,"turns":6},{"damage":1,"enemies":"Giant Head","floor":42,"turns":6},{"damage":18,"enemies":"Reptomancer","floor":47,"turns":6},{"damage":44,"enemies":"Time Eater","floor":50,"turns":8},{"damage":3,"enemies":"Donu and Deca","floor":51,"turns":7},{"damage":32,"enemies":"Shield and Spear","floor":55,"turns":6},{"damage":67,"enemies":"The Heart","floor":56,"turns":8}],"seed_played":"7773734271182064115","potions_obtained":[{"floor":1.0,"key":"Weak Potion"},{"floor":8.0,"key":"Fruit Juice"},{"floor":11.0,"key":"CunningPotion"},{"floor":16.0,"key":"Swift Potion"},{"floor":27,"key":"FearPotion"},{"floor":28,"key":"BlessingOfTheForge"},{"floor":30,"key":"DuplicationPotion"}],"is_trial":false,"path_per_floor":["M","M","$","M","M","E","T","E","T","R","E","?","?","E","R","B",null,"M","M","$","?","M","R","E","R","T","?","E","M","M","E","R","B",null,"M","?","M","M","?","E","?","E","T","?","R","$","E","$","R","B","B",null,"R","$","E","B",null],"character_chosen":"THE_SILENT","items_purchased":["Footwork","Eviscerate","Bouncing Flask","Oddly Smooth Stone","Well Laid Plans","Blade Dance","Cloak And Dagger","Escape Plan","Backflip","Blood Vial","Bronze Scales","Pen Nib","Membership Card","Bag of Marbles","Snake Skull","Choke","War Paint","Accuracy"],"campfire_rested":2,"item_purchase_floors":[3,20,20,20,46,46,46,46,46,46,46,46,48,48,48,48,48,54],"current_hp_per_floor":[65,60,60,57,44,44,44,21,21,21,20,20,20,28,28,35,61,60,70,70,70,70,70,25,25,25,20,34,44,51,29,29,37,67,77,77,77,77,67,76,70,79,79,79,79,79,73,73,79,45,62,75,79,79,59,14],"gold":49,"neow_bonus":"TEN_PERCENT_HP_BONUS","is_daily":false,"chose_seed":false,"campfire_upgraded":5,"win_rate":0.0,"timestamp":1611984766,"path_taken":["M","M","?","M","M","E","?","E","T","R","E","?","?","E","R","BOSS","M","M","$","?","M","R","E","R","T","?","E","M","M","E","R","BOSS","M","?","M","M","?","E","?","E","T","?","R","$","E","?","R","BOSS","BOSS","R","$","E","BOSS"],"items_purchased_type":["Card","Card","Card","Relic","Card","Card","Card","Card","Card","Relic","Relic","Relic","Relic","Relic","Relic","Card","Relic","Card"],"build_version":"2020-12-22","purchased_purges":2,"victory":true,"max_hp_per_floor":[72,72,72,72,72,72,72,72,72,72,77,70,70,70,70,70,70,70,70,70,70,70,70,70,70,70,70,70,70,70,77,77,77,77,77,77,77,77,77,77,79,79,79,79,79,79,79,79,79,79,79,79,79,79,81,81],"card_choices":[{"not_picked":["Catalyst","Poisoned Stab"],"picked":"Cloak And Dagger","floor":1.0},{"not_picked":["Sucker Punch","Catalyst"],"picked":"Escape Plan","floor":2.0},{"not_picked":["Deadly Poison","Poisoned Stab"],"picked":"Flying Knee","floor":4.0},{"not_picked":["Sucker Punch","Deadly Poison"],"picked":"Dodge and Roll","floor":5.0},{"not_picked":["Backstab","Dagger Throw"],"picked":"Dash","floor":6.0},{"not_picked":["Wraith Form v2","Slice"],"picked":"Backflip","floor":8.0},{"not_picked":["Catalyst","Accuracy"],"picked":"Dash","floor":11.0},{"not_picked":["Predator","Deadly Poison"],"picked":"Crippling Poison","floor":14.0},{"not_picked":["Phantasmal Killer","Wraith Form v2"],"picked":"Doppelganger","floor":16.0},{"not_picked":["Terror","Heel Hook"],"picked":"Escape Plan","floor":18.0},{"not_picked":["Blade Dance","Bane"],"picked":"Terror","floor":19.0},{"not_picked":["Dagger Throw","Outmaneuver"],"picked":"Footwork","floor":22},{"not_picked":["Deflect","Blade Dance","Outmaneuver"],"picked":"SKIP","floor":24},{"not_picked":["Venomology","Tactician"],"picked":"Backflip","floor":28},{"not_picked":["All Out Attack+1","Flying Knee"],"picked":"PiercingWail","floor":29},{"not_picked":["Crippling Poison","Backflip"],"picked":"Acrobatics","floor":30},{"not_picked":["Heel Hook","Deadly Poison+1"],"picked":"Outmaneuver","floor":31},{"not_picked":["Venomology","Phantasmal Killer"],"picked":"Envenom","floor":33},{"not_picked":["Dagger Throw+1","PiercingWail"],"picked":"Backflip","floor":35},{"not_picked":["Bane","Terror"],"picked":"Cloak And Dagger+1","floor":37},{"not_picked":["Dagger Spray","Deflect"],"picked":"Leg Sweep","floor":38},{"not_picked":["Dagger Throw+1","Slice"],"picked":"Backflip","floor":40},{"not_picked":["Bane","Infinite Blades+1","PiercingWail"],"picked":"Singing Bowl","floor":41},{"not_picked":["Eviscerate","A Thousand Cuts"],"picked":"Blade Dance+1","floor":42},{"not_picked":["Outmaneuver","Heel Hook+1"],"picked":"Blade Dance+1","floor":47},{"not_picked":["Poisoned Stab+1","Dagger Spray+1","Sucker Punch"],"picked":"Singing Bowl","floor":55}],"player_experience":531161,"relics_obtained":[{"floor":6.0,"key":"Paper Crane"},{"floor":7.0,"key":"Tough Bandages"},{"floor":8.0,"key":"Gambling Chip"},{"floor":9.0,"key":"Centennial Puzzle"},{"floor":11.0,"key":"Anchor"},{"floor":14.0,"key":"Juzu Bracelet"},{"floor":24,"key":"Mercury Hourglass"},{"floor":24,"key":"CeramicFish"},{"floor":26,"key":"The Courier"},{"floor":27,"key":"Incense Burner"},{"floor":27,"key":"White Beast Statue"},{"floor":28,"key":"PreservedInsect"},{"floor":28,"key":"Happy Flower"},{"floor":31,"key":"Strawberry"},{"floor":31,"key":"Darkstone Periapt"},{"floor":40,"key":"Singing Bowl"},{"floor":40,"key":"Blue Candle"},{"floor":41,"key":"CaptainsWheel"},{"floor":42,"key":"Kunai"},{"floor":42,"key":"TungstenRod"},{"floor":47,"key":"Bag of Preparation"},{"floor":47,"key":"Unceasing Top"},{"floor":55,"key":"Nunchaku"},{"floor":55,"key":"InkBottle"}],"event_choices":[{"damage_healed":0.0,"max_hp_gain":0.0,"max_hp_loss":7.0,"gold_gain":0.0,"event_name":"Golden Idol","player_choice":"Lose Max HP","floor":12.0,"gold_loss":0.0,"damage_taken":0.0,"relics_obtained":["Golden Idol"]},{"damage_healed":0.0,"max_hp_gain":0.0,"max_hp_loss":0.0,"gold_gain":0.0,"event_name":"Liars Game","player_choice":"Ignored","floor":13.0,"gold_loss":0.0,"damage_taken":0.0},{"damage_healed":0,"gold_gain":0,"player_choice":"Ignored","damage_taken":0,"max_hp_gain":0,"max_hp_loss":0,"event_name":"Transmorgrifier","floor":21,"gold_loss":0},{"damage_healed":0,"gold_gain":0,"player_choice":"Fight","damage_taken":0,"max_hp_gain":0,"max_hp_loss":0,"event_name":"Colosseum","floor":27,"gold_loss":0},{"damage_healed":0,"gold_gain":0,"player_choice":"Fought Nobs","damage_taken":0,"max_hp_gain":0,"max_hp_loss":0,"event_name":"Colosseum","floor":27,"gold_loss":0},{"damage_healed":0,"gold_gain":333,"player_choice":"Gave Idol","damage_taken":0,"max_hp_gain":0,"max_hp_loss":0,"event_name":"The Moai Head","floor":36,"relics_lost":["Golden Idol"],"gold_loss":0},{"damage_healed":0,"gold_gain":0,"player_choice":"Memory 3","damage_taken":10,"max_hp_gain":0,"max_hp_loss":0,"event_name":"SensoryStone","floor":39,"gold_loss":0},{"damage_healed":0,"gold_gain":0,"player_choice":"Fight","damage_taken":0,"max_hp_gain":0,"max_hp_loss":0,"event_name":"Mysterious Sphere","floor":41,"gold_loss":0},{"damage_healed":0,"gold_gain":0,"player_choice":"Upgraded","damage_taken":0,"max_hp_gain":0,"max_hp_loss":0,"event_name":"Upgrade Shrine","floor":44,"gold_loss":0,"cards_upgraded":["Envenom"]}],"is_beta":false,"boss_relics":[{"not_picked":["Empty Cage","Snecko Eye"],"picked":"Black Star"},{"not_picked":["Astrolabe","SlaversCollar"],"picked":"Fusion Hammer"}],"items_purged_floors":[46,48],"is_endless":false,"potions_floor_spawned":[1,8,11,14,16,18,19,27,28,29,30,31,33,35,37,38,40,41,42,47,55],"ascension_level":20}}