{"host":"m4qpn8a4h7jhbw2f","time":1611987529,"event":{"mods":["BaseMod","Colored Map","Colored Powertips","Minty Spire (QoL Compilation)","Rare Cards Sparkle","Relic Stats"],"gold_per_floor":[112,124,137,151,171,202,212,212,237,237,265,284,284,284,284,385,385,398,416,434,86,86,86,86],"floor_reached":23,"language":"ENG","playtime":1607,"items_purged":[],"score":293,"play_id":"12031491-100f-4d4d-ab76-a1eaa5dbfff4","local_time":"20210130011849","is_ascension_mode":true,"campfire_choices":[{"data":"Flex","floor":8,"key":"SMITH"},{"data":"Offering","floor":10,"key":"SMITH"},{"floor":13,"key":"REST"},{"data":"Flame Barrier","floor":15,"key":"SMITH"}],"circlet_count":0,"master_deck":["Defend_R","Defend_R","Defend_R","Bash","Flex+1","Pommel Strike","Warcry","Iron Wave","Carnage","Offering+1","Iron Wave","Flame Barrier+1","Demon Form","Flex","Warcry","Perfected Strike","Iron Wave","Pommel Strike","Burning Pact","Perfected Strike","Bite","Bite","Bite","Bite","Bite"],"relics":["Burning Blood","Omamori","Anchor","Ancient Tea Set","WarpedTongs","Empty Cage","Orrery","Oddly Smooth Stone"],"acts_visited":["Exordium","TheCity"],"potions_floor_usage":[6,6,20,20],"damage_taken":[{"damage":1,"enemies":"Cultist","floor":1,"turns":4},{"damage":8,"enemies":"Jaw Worm","floor":2,"turns":3},{"damage":0,"enemies":"2 Louse","floor":3,"turns":2},{"damage":12,"enemies":"Looter","floor":4,"turns":4},{"damage":24,"enemies":"Red Slaver","floor":5,"turns":5},{"damage":38,"enemies":"Lagavulin","floor":6,"turns":7},{"damage":9,"enemies":"2 Fungi Beasts","floor":7,"turns":3},{"damage":22,"enemies":"Gremlin Nob","floor":11,"turns":3},{"damage":0,"enemies":"Looter","floor":12,"turns":2},{"damage":6,"enemies":"Slime Boss","floor":16,"turns":5},{"damage":31,"enemies":"2 Thieves","floor":18,"turns":4},{"damage":9,"enemies":"3 Byrds","floor":19,"turns":2},{"damage":6,"enemies":"Centurion and Healer","floor":20,"turns":5},{"damage":77,"enemies":"Book of Stabbing","floor":23,"turns":7}],"seed_played":"-1952096225427379450","potions_obtained":[{"floor":1,"key":"EssenceOfSteel"},{"floor":3,"key":"Regen Potion"},{"floor":4,"key":"BlessingOfTheForge"},{"floor":11,"key":"SteroidPotion"},{"floor":18,"key":"EntropicBrew"},{"floor":19,"key":"HeartOfIron"}],"is_trial":false,"path_per_floor":["M","M","M","M","M","E","M","R","T","R","E","M","R","?","R","B",null,"M","M","M","$","?","E"],"character_chosen":"IRONCLAD","items_purchased":["Orrery","Perfected Strike","Oddly Smooth Stone"],"campfire_rested":1,"item_purchase_floors":[21,21,21],"current_hp_per_floor":[88,86,88,82,64,47,44,44,44,44,28,34,60,60,60,60,88,63,60,60,60,60,0,0],"gold":86,"neow_bonus":"TEN_PERCENT_HP_BONUS","is_daily":false,"chose_seed":false,"campfire_upgraded":3,"win_rate":0.0,"timestamp":1611987529,"path_taken":["M","M","M","M","M","E","M","R","T","R","E","?","R","?","R","BOSS","M","M","?","$","?","E"],"items_purchased_type":["Relic","Card","Relic"],"build_version":"2020-12-22","purchased_purges":0,"victory":false,"max_hp_per_floor":[88,88,88,88,88,88,88,88,88,88,88,88,88,88,88,88,88,88,88,88,88,61,61,61],"relic_stats":{"counters":[14,56],"obtain_stats":[{"Anchor":9,"Orrery":21,"Oddly Smooth Stone":21,"Omamori":6,"Ancient Tea Set":11,"Empty Cage":17,"Burning Blood":0,"WarpedTongs":14},{"Anchor":7,"Orrery":13,"Oddly Smooth Stone":13,"Omamori":6,"Ancient Tea Set":8,"Empty Cage":10,"Burning Blood":0,"WarpedTongs":9},{"Anchor":28,"Orrery":49,"Oddly Smooth Stone":49,"Omamori":25,"Ancient Tea Set":31,"Empty Cage":38,"Burning Blood":0,"WarpedTongs":33}],"Burning Blood":69,"WarpedTongs":[23]},"card_choices":[{"not_picked":["Disarm","Dark Embrace"],"picked":"Flex","floor":1},{"not_picked":["Havoc","Heavy Blade"],"picked":"Pommel Strike","floor":2},{"not_picked":["Body Slam","Entrench"],"picked":"Dual Wield","floor":3},{"not_picked":["Shrug It Off","Sword Boomerang"],"picked":"Warcry","floor":4},{"not_picked":["Armaments","Bloodletting"],"picked":"Iron Wave","floor":5},{"not_picked":["Second Wind","Sword Boomerang"],"picked":"Carnage","floor":6},{"not_picked":["Hemokinesis","Heavy Blade"],"picked":"Offering","floor":7},{"not_picked":["Double Tap","Rampage"],"picked":"Iron Wave","floor":11},{"not_picked":["Havoc","Twin Strike"],"picked":"Flame Barrier","floor":12},{"not_picked":["Corruption","Bludgeon"],"picked":"Demon Form","floor":16},{"not_picked":["Havoc","Fire Breathing"],"picked":"Flex","floor":18},{"not_picked":["Burning Pact","Headbutt"],"picked":"Warcry","floor":19},{"not_picked":["Bloodletting","Body Slam","Second Wind"],"picked":"SKIP","floor":20},{"not_picked":["Heavy Blade+1","Thunderclap"],"picked":"Perfected Strike","floor":21},{"not_picked":["Evolve+1","True Grit"],"picked":"Iron Wave","floor":21},{"not_picked":["Cleave","Offering"],"picked":"Pommel Strike","floor":21},{"not_picked":["Sentinel","Havoc"],"picked":"Burning Pact","floor":21}],"player_experience":153040,"relics_obtained":[{"floor":6,"key":"Omamori"},{"floor":9,"key":"Anchor"},{"floor":11,"key":"Ancient Tea Set"}],"event_choices":[{"damage_healed":0,"gold_gain":0,"player_choice":"Rummage","damage_taken":0,"relics_obtained":["WarpedTongs"],"max_hp_gain":0,"max_hp_loss":0,"event_name":"Accursed Blacksmith","floor":14,"gold_loss":0,"cards_obtained":["Pain"]},{"damage_healed":0,"gold_gain":0,"player_choice":"Became a vampire","damage_taken":0,"max_hp_gain":0,"max_hp_loss":27,"event_name":"Vampires","floor":22,"gold_loss":0,"cards_obtained":["Bite","Bite","Bite","Bite","Bite"]}],"is_beta":false,"boss_relics":[{"not_picked":["Coffee Dripper","Sozu"],"picked":"Empty Cage"}],"items_purged_floors":[],"is_endless":false,"potions_floor_spawned":[1,3,4,5,11,18,19],"killed_by":"Book of Stabbing","ascension_level":1}}