{"host":"zk6vb2npgw3pu6j2","time":1611998752,"event":{"mods":["Act Like it!","Aspiration","Bard","BaseMod","Beaked The Cultist","Bestiary","Better Note","Better Sensory Stone","CapriCore","Conspire","Downfall","Friendly Minions","Gensokyo","GifTheSpireLib","Hallownest","Hermit","Hubris","Koishi","Marisa????????","Marked Mod","Minty Spire (QoL Compilation)","Quarter Circle Forward PUNCH!","Reimu??????","Reliquary","Replay The Spire","Retaliation","StSLib","The Administrix","The Alterego","The Blue Laboratory","The Bug Knight","The Construct","The Exalted","The Hierophant","The Immortal","The Marked","The Runesmith","The Senshi","The Servant 0.9.4","The Wild Card","TheVacant","Wandering Minibosses","yUi"],"gold_per_floor":[117,41,52,62,62,62,87,87,87,87,107,121,121,150,150,150,150,150],"floor_reached":16,"language":"ENG","playtime":911,"items_purged":[],"score":115,"play_id":"e2c6c2db-18a8-423f-b0c6-3782405135c0","local_time":"20210130042552","is_ascension_mode":true,"campfire_choices":[{"data":"Guardian:PrismaticBarrier","floor":6,"key":"SMITH"},{"floor":10,"key":"REST"},{"data":"Guardian:BodySlam","floor":15,"key":"SMITH"}],"circlet_count":1,"master_deck":["Guardian:Strike_Guardian","Guardian:Strike_Guardian","Guardian:Strike_Guardian","Guardian:Strike_Guardian","Guardian:Defend_Guardian","Guardian:Defend_Guardian","Guardian:Defend_Guardian","Guardian:Defend_Guardian","Guardian:CurlUp+1","Guardian:TwinSlam","Guardian:BodySlam+1","Guardian:PrismaticBarrier+1","Guardian:ShieldCharger","Clumsy","Guardian:PiercingHide","Guardian:CrystalBeam","Guardian:VentSteam"],"relics":["Guardian:ModeShifter","aspiration:Nostalgia","m_SnakeCloak","Gensokyo:NagashiBinaDoll","reliquary:HotPoker","aspiration:SeaSaltIceCream","Circlet"],"acts_visited":["Gensokyo:Gensokyo"],"potions_floor_usage":[16,16],"damage_taken":[{"damage":4,"enemies":"Gensokyo:2_Kodama","floor":1,"turns":5},{"damage":6,"enemies":"Gensokyo:Python","floor":3,"turns":4},{"damage":8,"enemies":"Gensokyo:3_Fairies","floor":4,"turns":4},{"damage":33,"enemies":"Gensokyo:Mamizou","floor":7,"turns":9},{"damage":3,"enemies":"Gensokyo:2_Rabbits","floor":11,"turns":4},{"damage":8,"enemies":"Gensokyo:Kitsune","floor":12,"turns":3},{"damage":16,"enemies":"Gensokyo:Cirno","floor":14,"turns":8},{"damage":44,"enemies":"Gensokyo:Yukari","floor":16,"turns":12}],"seed_played":"-1256750733383274825","potions_obtained":[{"floor":4,"key":"Block Potion"},{"floor":7,"key":"Block Potion"},{"floor":11,"key":"blueLaboratory:AbyssPotion"},{"floor":12,"key":"BlessingOfTheForge"}],"is_trial":false,"path_per_floor":["M","$","M","M","?","R","E","?","T","R","M","M","?","E","R","B"],"character_chosen":"GUARDIAN","items_purchased":["Guardian:BodySlam"],"campfire_rested":1,"item_purchase_floors":[2],"current_hp_per_floor":[76,76,70,62,62,62,29,37,37,61,58,50,50,34,34,0,0,0],"gold":150,"neow_bonus":"NOSTALGIA","is_daily":false,"chose_seed":false,"campfire_upgraded":2,"win_rate":0.0,"timestamp":1611998752,"path_taken":["M","$","M","M","?","R","E","?","T","R","?","M","?","E","R","BOSS"],"items_purchased_type":["Card"],"build_version":"2020-12-22","purchased_purges":0,"victory":false,"max_hp_per_floor":[80,80,80,80,80,80,80,80,80,80,80,80,80,80,80,80,80,80],"card_choices":[{"not_picked":["Guardian:Suspension","Guardian:WalkerClaw"],"picked":"Guardian:Gem_White","floor":1},{"not_picked":["Guardian:BronzeArmor","Guardian:Gem_White"],"picked":"Guardian:PrismaticBarrier","floor":3},{"not_picked":["Guardian:Incinerate","Guardian:PolyBeam"],"picked":"Guardian:ShieldCharger","floor":4},{"not_picked":["Guardian:PrimingBeam","Guardian:Planning"],"picked":"Guardian:PiercingHide","floor":7},{"not_picked":["Guardian:Suspension","Guardian:TemporalStrike"],"picked":"Guardian:CrystalBeam","floor":11},{"not_picked":["Guardian:Gem_Red","All Out Attack"],"picked":"Guardian:Gem_Purple","floor":12},{"not_picked":["Guardian:TimeSifter","Guardian:WalkerClaw"],"picked":"Guardian:VentSteam","floor":14}],"player_experience":288719,"relics_obtained":[{"floor":7,"key":"reliquary:HotPoker"},{"floor":14,"key":"aspiration:SeaSaltIceCream"}],"event_choices":[],"is_beta":false,"boss_relics":[],"items_purged_floors":[],"is_endless":false,"potions_floor_spawned":[4,7,11,12],"killed_by":"Gensokyo:Yukari","ascension_level":1}}