{"host":"oeddu058k4r8wzo0","time":1611999177,"event":{"mods":["BaseMod","Colored Map","Colored Powertips","Highlight Path","Minty Spire (QoL Compilation)","Quick Restart","StSLib","Wandering Minibosses"],"gold_per_floor":[110,110,185,15,38,69,144,114,114,155,173,214,214,237,237,333,333,348,25,68,28,28,62,76,76,76],"floor_reached":25,"language":"ENG","playtime":1496,"items_purged":["Strike_R"],"score":578,"play_id":"fddae93d-bddf-4821-84ca-110e75e236fd","local_time":"20210130013257","daily_mods":["Cursed Run","Time Dilation","Terminal"],"is_ascension_mode":true,"campfire_choices":[{"floor":13.0,"key":"REST"},{"data":"Dual Wield","floor":15.0,"key":"SMITH"}],"circlet_count":0,"master_deck":["AscendersBane","Bash","Heavy Blade+1","Injury","Feel No Pain","Havoc","Evolve","Shame","Dual Wield+1","Burning Pact","Headbutt","Power Through","Pain","Barricade","Fiend Fire","Whirlwind","Disarm","Double Tap","Clash","Whirlwind","Corruption","Infernal Blade","Iron Wave","Panache","Warcry","Havoc","Seeing Red","Sever Soul","Fire Breathing","Shrug It Off","Metallicize"],"relics":["Cursed Key","Darkstone Periapt","Du-Vu Doll","Golden Idol","Gambling Chip","Nunchaku","Singing Bowl","Whetstone","Pandora\u0027s Box","Red Mask","Oddly Smooth Stone"],"acts_visited":["Exordium","TheCity"],"potions_floor_usage":[25,25],"damage_taken":[{"damage":0.0,"enemies":"2 Louse","floor":1.0,"turns":3.0},{"damage":0.0,"enemies":"Cultist","floor":5.0,"turns":2.0},{"damage":22.0,"enemies":"Gremlin Nob","floor":6.0,"turns":4.0},{"damage":15.0,"enemies":"Lagavulin","floor":10.0,"turns":4.0},{"damage":0.0,"enemies":"Small Slimes","floor":11.0,"turns":2.0},{"damage":3.0,"enemies":"Gremlin Nob","floor":12.0,"turns":3.0},{"damage":0.0,"enemies":"3 Louse","floor":14.0,"turns":2.0},{"damage":0.0,"enemies":"The Guardian","floor":16.0,"turns":4.0},{"damage":3.0,"enemies":"Shell Parasite","floor":18.0,"turns":2.0},{"damage":0.0,"enemies":"Masked Bandits","floor":20.0,"turns":1.0},{"damage":4.0,"enemies":"Chosen","floor":21.0,"turns":6.0},{"damage":38.0,"enemies":"Book of Stabbing","floor":23.0,"turns":5.0},{"damage":0.0,"enemies":"Sentry and Sphere","floor":24.0,"turns":5.0},{"damage":27,"enemies":"Gremlin Leader","floor":25,"turns":2}],"seed_played":"5331588302379334504","potions_obtained":[{"floor":6.0,"key":"Dexterity Potion"},{"floor":8.0,"key":"Fire Potion"},{"floor":11.0,"key":"Strength Potion"},{"floor":12.0,"key":"SpeedPotion"},{"floor":14.0,"key":"ColorlessPotion"},{"floor":23.0,"key":"Block Potion"},{"floor":24.0,"key":"Strength Potion"}],"is_trial":true,"path_per_floor":["M","?","?","$","M","E","?","?","T","E","M","E","R","M","R","B",null,"M","$","?","M","?","E","M","E"],"character_chosen":"IRONCLAD","items_purchased":["Feel No Pain","Havoc","Panache","Warcry","Havoc"],"campfire_rested":1,"item_purchase_floors":[4,4,19,19,19],"current_hp_per_floor":[68,74,63,63,63,41,41,41,47,32,32,29,51,51,51,57,71,68,68,68,64,64,26,26,0,0],"gold":76,"neow_bonus":"","is_daily":false,"chose_seed":false,"campfire_upgraded":1,"win_rate":0.0,"timestamp":1611999177,"path_taken":["M","?","?","?","?","E","?","?","T","E","M","E","R","M","R","BOSS","M","?","?","M","?","E","M","E"],"items_purchased_type":["Card","Card","Card","Card","Card"],"build_version":"2020-12-22","purchased_purges":1,"victory":false,"max_hp_per_floor":[73,78,77,76,75,74,73,72,77,76,75,74,73,72,71,76,75,74,73,72,71,70,69,68,68,68],"card_choices":[{"not_picked":["Anger","Perfected Strike"],"picked":"Heavy Blade","floor":1.0},{"not_picked":["Bloodletting","Thunderclap"],"picked":"Evolve","floor":5.0},{"not_picked":["Dropkick","Clothesline","Armaments"],"picked":"SKIP","floor":6.0},{"not_picked":["Searing Blow","Armaments"],"picked":"Dual Wield","floor":10.0},{"not_picked":["Wild Strike","Inflame"],"picked":"Burning Pact","floor":11.0},{"not_picked":["Entrench","Clash"],"picked":"Headbutt","floor":12.0},{"not_picked":["Ghostly Armor","Feel No Pain"],"picked":"Power Through","floor":14.0},{"not_picked":["Berserk","Reaper"],"picked":"Barricade","floor":16.0},{"not_picked":["Sword Boomerang","True Grit"],"picked":"Iron Wave","floor":18.0},{"not_picked":["Clothesline","Pommel Strike"],"picked":"Seeing Red","floor":20.0},{"not_picked":["Blood for Blood","Iron Wave"],"picked":"Sever Soul","floor":21.0},{"not_picked":["Power Through+1","Warcry"],"picked":"Shrug It Off","floor":23.0},{"not_picked":["Searing Blow","Iron Wave+1"],"picked":"Metallicize","floor":24.0}],"player_experience":1352761,"relics_obtained":[{"floor":6.0,"key":"Gambling Chip"},{"floor":9.0,"key":"Nunchaku"},{"floor":10.0,"key":"Singing Bowl"},{"floor":12.0,"key":"Whetstone"},{"floor":20.0,"key":"Red Mask"},{"floor":23.0,"key":"Oddly Smooth Stone"}],"event_choices":[{"damage_healed":0.0,"max_hp_gain":0.0,"max_hp_loss":0.0,"gold_gain":0.0,"event_name":"Golden Idol","player_choice":"Take Wound","floor":2.0,"gold_loss":0.0,"damage_taken":0.0,"relics_obtained":["Golden Idol"],"cards_obtained":["Injury"]},{"damage_healed":0.0,"max_hp_gain":0.0,"max_hp_loss":0.0,"gold_gain":75.0,"event_name":"World of Goop","player_choice":"Gather Gold","floor":3.0,"gold_loss":0.0,"damage_taken":11.0},{"damage_healed":0.0,"max_hp_gain":0.0,"max_hp_loss":0.0,"gold_gain":75.0,"event_name":"Golden Wing","player_choice":"Gained Gold","floor":7.0,"gold_loss":0.0,"damage_taken":0.0},{"damage_healed":0.0,"max_hp_gain":0.0,"max_hp_loss":0.0,"gold_gain":0.0,"event_name":"The Woman in Blue","player_choice":"Bought 2 Potions","floor":8.0,"gold_loss":0.0,"damage_taken":0.0},{"damage_healed":0.0,"max_hp_gain":0.0,"max_hp_loss":0.0,"gold_gain":0.0,"event_name":"Masked Bandits","player_choice":"Fought Bandits","floor":20.0,"gold_loss":0.0,"damage_taken":0.0},{"damage_healed":0.0,"max_hp_gain":0.0,"max_hp_loss":0.0,"gold_gain":0.0,"event_name":"The Library","player_choice":"Read","floor":22.0,"gold_loss":0.0,"damage_taken":0.0,"cards_obtained":["Fire Breathing"]}],"is_beta":false,"boss_relics":[{"not_picked":["Velvet Choker","Astrolabe"],"picked":"Pandora\u0027s Box"}],"items_purged_floors":[4],"is_endless":false,"potions_floor_spawned":[6,11,12,14,23,24],"killed_by":"Gremlin Leader","ascension_level":20}}