{"host":"61y0z9o9vf3ujftj","time":1611978453,"event":{"mods":["BaseMod","Colored Map","Colored Powertips","GifTheSpireLib","HexUI Lib","Highlight Path","Minty Spire (QoL Compilation)","Relic Stats","StSLib","ojb\u0027s Info Mod"],"gold_per_floor":[109,120,132,207,227,227,260,62,62,96,96,96,96,107,107,210,210,221,2,2,18,29,29,29],"floor_reached":23,"language":"ENG","playtime":1649,"items_purged":["Strike_R","Strike_R"],"score":302,"play_id":"bc277c5d-153c-45a5-9b6a-329ae91d5b2f","local_time":"20210129214733","is_ascension_mode":true,"campfire_choices":[{"data":"Bash","floor":6,"key":"SMITH"},{"data":"Rupture","floor":11,"key":"SMITH"},{"data":"Hemokinesis","floor":13,"key":"SMITH"},{"floor":15,"key":"REST"}],"circlet_count":0,"master_deck":["AscendersBane","Strike_R","Strike_R","Defend_R","Defend_R","Defend_R","Bash+1","Cleave","Clothesline","Combust","Headbutt","Hemokinesis+1","Rupture+1","Intimidate","Pain","Brutality","Master of Strategy+1","Flame Barrier","Whirlwind"],"relics":["Burning Blood","Vajra","Membership Card","Mercury Hourglass","Girya","WarpedTongs","Snecko Eye","Toolbox"],"acts_visited":["Exordium","TheCity"],"potions_floor_usage":[7,16],"damage_taken":[{"damage":0.0,"enemies":"Small Slimes","floor":1.0,"turns":3.0},{"damage":1.0,"enemies":"Cultist","floor":2.0,"turns":3.0},{"damage":0.0,"enemies":"2 Louse","floor":3.0,"turns":2.0},{"damage":18,"enemies":"Lots of Slimes","floor":5,"turns":3},{"damage":18,"enemies":"Gremlin Nob","floor":7,"turns":3},{"damage":22,"enemies":"3 Sentries","floor":10,"turns":4},{"damage":6,"enemies":"3 Louse","floor":14,"turns":3},{"damage":26,"enemies":"Slime Boss","floor":16,"turns":7},{"damage":5,"enemies":"Spheric Guardian","floor":18,"turns":3},{"damage":9,"enemies":"Chosen","floor":21,"turns":3},{"damage":23,"enemies":"Sentry and Sphere","floor":22,"turns":5},{"damage":5,"enemies":"Gremlin Leader","floor":23,"turns":1}],"seed_played":"-3860925522779455595","potions_obtained":[{"floor":3.0,"key":"AttackPotion"},{"floor":5,"key":"GamblersBrew"},{"floor":7,"key":"FearPotion"},{"floor":16,"key":"SmokeBomb"},{"floor":18,"key":"Fire Potion"},{"floor":22,"key":"PowerPotion"}],"is_trial":false,"path_per_floor":["M","M","M","?","M","R","E","$","T","E","R","?","R","M","R","B",null,"M","$","?","M","M","E"],"character_chosen":"IRONCLAD","items_purchased":["Membership Card","Rupture","Master of Strategy","Toolbox"],"campfire_rested":1,"item_purchase_floors":[8,8,19,19],"current_hp_per_floor":[57,62,68,57,45,45,33,33,33,17,17,17,17,17,41,21,65,66,66,66,63,46,41,41],"gold":29,"neow_bonus":"REMOVE_TWO","is_daily":false,"chose_seed":false,"campfire_upgraded":3,"win_rate":0.0,"timestamp":1611978453,"path_taken":["M","M","M","?","M","R","E","$","T","E","R","?","R","?","R","BOSS","M","$","?","?","M","E"],"items_purchased_type":["Relic","Card","Card","Relic"],"build_version":"2020-12-22","purchased_purges":2,"victory":false,"max_hp_per_floor":[80,80,80,80,80,80,80,80,80,80,80,80,80,80,80,80,80,80,80,80,80,80,80,80],"relic_stats":{"counters":[12,39],"Snecko Eye":[21,23,14,24],"obtain_stats":[{"Girya":10,"Vajra":7,"Snecko Eye":17,"Toolbox":19,"Membership Card":8,"Burning Blood":0,"Mercury Hourglass":9,"WarpedTongs":12},{"Girya":6,"Vajra":5,"Snecko Eye":8,"Toolbox":9,"Membership Card":5,"Burning Blood":0,"Mercury Hourglass":5,"WarpedTongs":6},{"Girya":18,"Vajra":14,"Snecko Eye":27,"Toolbox":30,"Membership Card":14,"Burning Blood":0,"Mercury Hourglass":14,"WarpedTongs":18}],"Burning Blood":66,"Mercury Hourglass":[113],"WarpedTongs":[21]},"card_choices":[{"not_picked":["Thunderclap","Perfected Strike"],"picked":"Cleave","floor":1.0},{"not_picked":["Perfected Strike","Pommel Strike"],"picked":"Clothesline","floor":2.0},{"not_picked":["Thunderclap","Clash"],"picked":"Combust","floor":3.0},{"not_picked":["Pommel Strike","Thunderclap","Headbutt"],"picked":"SKIP","floor":5},{"not_picked":["Pommel Strike","Thunderclap"],"picked":"Headbutt","floor":5},{"not_picked":["Limit Break","Shockwave"],"picked":"Hemokinesis","floor":7},{"not_picked":["Cleave","Dropkick"],"picked":"Intimidate","floor":10},{"not_picked":["Iron Wave","Clash","Dropkick"],"picked":"SKIP","floor":14},{"not_picked":["Feed","Exhume"],"picked":"Brutality","floor":16},{"not_picked":["Fire Breathing+1","Second Wind","Sentinel+1"],"picked":"SKIP","floor":18},{"not_picked":["Havoc+1","Anger"],"picked":"Flame Barrier","floor":21},{"not_picked":["Dark Embrace","True Grit"],"picked":"Whirlwind","floor":22}],"player_experience":436165,"relics_obtained":[{"floor":7,"key":"Vajra"},{"floor":9,"key":"Mercury Hourglass"},{"floor":10,"key":"Girya"}],"event_choices":[{"damage_healed":0.0,"max_hp_gain":0.0,"max_hp_loss":0.0,"gold_gain":75.0,"event_name":"World of Goop","player_choice":"Gather Gold","floor":4.0,"gold_loss":0.0,"damage_taken":11.0},{"damage_healed":0,"gold_gain":0,"player_choice":"Rummage","damage_taken":0,"relics_obtained":["WarpedTongs"],"max_hp_gain":0,"max_hp_loss":0,"event_name":"Accursed Blacksmith","floor":12,"gold_loss":0,"cards_obtained":["Pain"]},{"damage_healed":0,"gold_gain":0,"player_choice":"Upgraded","damage_taken":0,"max_hp_gain":0,"max_hp_loss":0,"event_name":"Upgrade Shrine","floor":20,"gold_loss":0,"cards_upgraded":["Master of Strategy"]}],"is_beta":false,"boss_relics":[{"not_picked":["SacredBark","Ectoplasm"],"picked":"Snecko Eye"}],"items_purged_floors":[8,19],"is_endless":false,"potions_floor_spawned":[3,5,7,16,18,22],"killed_by":"Gremlin Leader","ascension_level":10}}