{"host":"l3qq6dhgi17n1wbp","time":1611989146,"event":{"mods":["BaseMod","Colored Map","Minty Spire (QoL Compilation)","SuperFastMode"],"gold_per_floor":[114,214,20,31,51,81,29,64,143,158,118,138,150,150,150,150,150],"floor_reached":16,"language":"KOR","playtime":395,"items_purged":[],"score":137,"play_id":"0882c8c2-95e6-42ad-b56a-1107a59104ed","local_time":"20210130154546","is_ascension_mode":true,"campfire_choices":[{"floor":15,"key":"REST"}],"circlet_count":0,"master_deck":["Strike_G","Strike_G","Strike_G","Strike_G","Strike_G","Defend_G","Defend_G","Defend_G","Defend_G","Defend_G","Survivor","Neutralize","Blade Dance","Blade Dance","PiercingWail","Cloak And Dagger","Blade Dance","Dodge and Roll"],"relics":["Ring of the Snake","NeowsBlessing","Orichalcum","Calipers","Toy Ornithopter","Letter Opener"],"acts_visited":["Exordium"],"potions_floor_usage":[8,14,16,16],"damage_taken":[{"damage":0,"enemies":"Jaw Worm","floor":1,"turns":1},{"damage":0,"enemies":"Cultist","floor":4,"turns":1},{"damage":0,"enemies":"Small Slimes","floor":5,"turns":1},{"damage":35,"enemies":"Gremlin Nob","floor":6,"turns":6},{"damage":18,"enemies":"Lagavulin","floor":8,"turns":11},{"damage":3,"enemies":"Red Slaver","floor":10,"turns":2},{"damage":5,"enemies":"Large Slime","floor":12,"turns":5},{"damage":0,"enemies":"3 Louse","floor":13,"turns":2},{"damage":0,"enemies":"2 Fungi Beasts","floor":14,"turns":1},{"damage":49,"enemies":"Hexaghost","floor":16,"turns":12}],"seed_played":"-849144254988920451","potions_obtained":[{"floor":4,"key":"SpeedPotion"},{"floor":6,"key":"LiquidBronze"},{"floor":8,"key":"SpeedPotion"},{"floor":11,"key":"SteroidPotion"},{"floor":11,"key":"Ancient Potion"},{"floor":11,"key":"Energy Potion"},{"floor":13,"key":"SmokeBomb"}],"is_trial":false,"path_per_floor":["M","?","$","M","M","E","$","E","T","M","?","M","M","M","R","B"],"character_chosen":"THE_SILENT","items_purchased":["Orichalcum","Blade Dance","BlessingOfTheForge"],"campfire_rested":1,"item_purchase_floors":[3,3,7],"current_hp_per_floor":[70,70,70,70,70,35,35,17,17,14,14,9,9,14,35,0,0],"gold":150,"neow_bonus":"THREE_ENEMY_KILL","is_daily":false,"chose_seed":false,"campfire_upgraded":0,"win_rate":0.0,"timestamp":1611989146,"path_taken":["M","?","$","?","M","E","$","E","T","M","?","?","M","M","R","BOSS"],"items_purchased_type":["Relic","Card","Potion"],"build_version":"2020-12-22","purchased_purges":0,"victory":false,"max_hp_per_floor":[70,70,70,70,70,70,70,70,70,70,70,70,70,70,70,70,70],"card_choices":[{"not_picked":["Poisoned Stab","Masterful Stab"],"picked":"Blade Dance","floor":1},{"not_picked":["Dagger Spray","Flying Knee"],"picked":"PiercingWail","floor":4},{"not_picked":["Backflip","Choke"],"picked":"Cloak And Dagger","floor":5},{"not_picked":["Envenom","Outmaneuver","Underhanded Strike"],"picked":"SKIP","floor":6},{"not_picked":["Flechettes","Endless Agony","Bouncing Flask"],"picked":"SKIP","floor":8},{"not_picked":["Dagger Spray","Deadly Poison"],"picked":"Blade Dance","floor":10},{"not_picked":["Escape Plan","Outmaneuver"],"picked":"Dodge and Roll","floor":12},{"not_picked":["Infinite Blades","Setup","Dagger Spray"],"picked":"SKIP","floor":13}],"player_experience":225354,"relics_obtained":[{"floor":6,"key":"Calipers"},{"floor":8,"key":"Toy Ornithopter"},{"floor":9,"key":"Letter Opener"}],"event_choices":[{"damage_healed":0,"gold_gain":100,"player_choice":"Pray","damage_taken":0,"max_hp_gain":0,"max_hp_loss":0,"event_name":"Golden Shrine","floor":2,"gold_loss":0},{"damage_healed":0,"gold_gain":0,"player_choice":"Bought 3 Potions","damage_taken":0,"max_hp_gain":0,"max_hp_loss":0,"event_name":"The Woman in Blue","floor":11,"gold_loss":0}],"is_beta":false,"boss_relics":[],"items_purged_floors":[],"is_endless":false,"potions_floor_spawned":[4,6,8,13],"killed_by":"Hexaghost","ascension_level":4}}