{"host":"b96hyfeqj1peltkw","time":1611984543,"event":{"mods":["AchievementEnabler","Act Like it!","BaseMod","Block Reminder","Gensokyo","Minty Spire (QoL Compilation)","Practice Mode","StSLib"],"gold_per_floor":[111,123,59,73,73,73,85,85,108,339,339,368,368,383,383,383,383],"floor_reached":16,"language":"ENG","playtime":477,"items_purged":[],"score":169,"play_id":"9a4e9e62-1030-4fff-83bb-07b8f810d131","local_time":"20210130132903","is_ascension_mode":true,"campfire_choices":[{"data":"Poisoned Stab","floor":6.0,"key":"SMITH"},{"data":"Masterful Stab","floor":8.0,"key":"SMITH"},{"data":"Tools of the Trade","floor":11.0,"key":"SMITH"},{"floor":15.0,"key":"REST"}],"circlet_count":0,"master_deck":["AscendersBane","Strike_G","Strike_G","Strike_G","Strike_G","Defend_G","Defend_G","Defend_G","Defend_G","Survivor","Neutralize","Night Terror","Poisoned Stab+1","Masterful Stab+1","Tactician+1","Blade Dance","Expertise","Tools of the Trade+1","Cloak And Dagger","Backflip"],"relics":["Ring of the Snake","Akabeko","Bag of Preparation","Girya"],"acts_visited":["Gensokyo:Gensokyo"],"potions_floor_usage":[],"damage_taken":[{"damage":0.0,"enemies":"Gensokyo:Python","floor":1.0,"turns":4.0},{"damage":5.0,"enemies":"Gensokyo:2_Kodama","floor":2.0,"turns":4.0},{"damage":10.0,"enemies":"Gensokyo:3_Fairies","floor":4.0,"turns":4.0},{"damage":0.0,"enemies":"Gensokyo:LivingMonolith","floor":7.0,"turns":3.0},{"damage":16.0,"enemies":"Gensokyo:Aya","floor":10.0,"turns":3.0},{"damage":15.0,"enemies":"Gensokyo:Mamizou","floor":12.0,"turns":7.0},{"damage":4.0,"enemies":"Gensokyo:VengefulSpirit","floor":14.0,"turns":3.0},{"damage":29,"enemies":"Gensokyo:Reimu","floor":16,"turns":8}],"seed_played":"-7895946556313534267","potions_obtained":[{"floor":1.0,"key":"Poison Potion"},{"floor":2.0,"key":"Fruit Juice"},{"floor":7.0,"key":"CunningPotion"}],"is_trial":false,"path_per_floor":["M","M","COS","M","?","R","M","R","T","E","R","E","?","M","R","B"],"character_chosen":"THE_SILENT","items_purchased":[],"campfire_rested":1,"item_purchase_floors":[],"current_hp_per_floor":[63,63,63,53,38,38,38,38,38,22,22,7,7,3,25,0,0],"gold":383,"neow_bonus":"ONE_RANDOM_RARE_CARD","is_daily":false,"chose_seed":false,"campfire_upgraded":3,"win_rate":0.0,"timestamp":1611984543,"path_taken":["M","M","COS","M","?","R","?","R","T","E","R","E","?","M","R","BOSS"],"items_purchased_type":[],"build_version":"2020-12-22","purchased_purges":0,"victory":false,"max_hp_per_floor":[70,75,75,75,75,75,75,75,75,75,75,75,75,75,75,75,75],"card_choices":[{"not_picked":["Finisher","Slice"],"picked":"Poisoned Stab","floor":1.0},{"not_picked":["Caltrops","Cloak And Dagger"],"picked":"Masterful Stab","floor":2.0},{"not_picked":["Dagger Throw+1","Flying Knee+1"],"picked":"Tactician+1","floor":4.0},{"not_picked":["Bullet Time","Outmaneuver"],"picked":"Blade Dance","floor":4.0},{"not_picked":["Cloak And Dagger","Outmaneuver"],"picked":"Expertise","floor":7.0},{"not_picked":["Adrenaline","Expertise"],"picked":"Tools of the Trade","floor":10.0},{"not_picked":["Blade Dance","Infinite Blades"],"picked":"Cloak And Dagger","floor":12.0},{"not_picked":["Underhanded Strike","Masterful Stab"],"picked":"Backflip","floor":14.0}],"player_experience":1369353,"relics_obtained":[{"floor":9.0,"key":"Akabeko"},{"floor":10.0,"key":"Bag of Preparation"},{"floor":12.0,"key":"Girya"}],"event_choices":[],"is_beta":false,"boss_relics":[],"items_purged_floors":[],"is_endless":false,"potions_floor_spawned":[1,2,7],"killed_by":"Gensokyo:Reimu","ascension_level":13}}