{"host":"4kmvpqjeiacgn1pr","time":1611976214,"event":{"mods":["AchievementEnabler","BaseMod","Better Altar","Better Match","Better Note","Better Sensory Stone","Better Skull","Better Third Choice","Colored Map","Colored Powertips","Curses Come First","Downfall","Highlight Path","Hubris","Infinite Spire","Minty Spire (QoL Compilation)","Permanent Neow","Quick Restart","Rare Cards Sparkle","Replay The Spire","Spicy Shops","StSLib"],"gold_per_floor":[111,111,111,127,137,177,177,220,220,220,220],"floor_reached":10,"language":"ENG","playtime":428,"items_purged":[],"score":114,"play_id":"e30d3c25-d45e-44af-b212-90ca345a352a","local_time":"20210129221014","is_ascension_mode":true,"campfire_choices":[{"data":"Flying Knee","floor":7,"key":"SMITH"}],"circlet_count":0,"master_deck":["AscendersBane","Strike_G","Strike_G","Strike_G","Strike_G","Strike_G","Defend_G","Defend_G","Defend_G","Defend_G","Defend_G","Survivor","Neutralize","Flying Knee+1","Dagger Throw","Cloak And Dagger","Quick Slash","Poisoned Stab"],"relics":["Ring of the Snake","hubris:Potato","Paper Crane","CeramicFish","Basket Of Snakes","Sundial"],"acts_visited":["Exordium"],"potions_floor_usage":[6,6,10],"damage_taken":[{"damage":10,"enemies":"Small Slimes","floor":1,"turns":4},{"damage":1,"enemies":"Cultist","floor":4,"turns":4},{"damage":0,"enemies":"Jaw Worm","floor":5,"turns":3},{"damage":16,"enemies":"3 Sentries","floor":6,"turns":10},{"damage":25,"enemies":"Gremlin Nob","floor":8,"turns":5},{"damage":12,"enemies":"Lagavulin","floor":10,"turns":3}],"seed_played":"-6268429304158584471","potions_obtained":[{"floor":4,"key":"Fire Potion"},{"floor":5,"key":"DistilledChaos"},{"floor":8,"key":"Languid Potion"}],"is_trial":false,"path_per_floor":["M","?","?","M","M","E","R","E","T","E"],"character_chosen":"THE_SILENT","items_purchased":[],"campfire_rested":0,"item_purchase_floors":[],"current_hp_per_floor":[53,53,53,52,52,36,36,11,11,0,0],"gold":220,"neow_bonus":"ONE_RARE_RELIC","is_daily":false,"chose_seed":false,"campfire_upgraded":1,"win_rate":0.0,"timestamp":1611976214,"path_taken":["M","?","?","M","?","E","R","E","T","E"],"items_purchased_type":[],"build_version":"2020-12-22","purchased_purges":0,"victory":false,"max_hp_per_floor":[63,63,63,63,63,63,63,63,63,63,63],"card_choices":[{"not_picked":["Poisoned Stab","Backflip"],"picked":"Noxious Fumes","floor":1},{"not_picked":["Sucker Punch","PiercingWail"],"picked":"Dagger Throw","floor":4},{"not_picked":["Fluid Movement","Backflip"],"picked":"Cloak And Dagger","floor":5},{"not_picked":["hubris:SlightOfHand","Cloak And Dagger"],"picked":"Quick Slash","floor":6},{"not_picked":["ReplayTheSpireMod:Exploit Weakness","Flying Knee"],"picked":"Poisoned Stab","floor":8}],"player_experience":387497,"relics_obtained":[{"floor":6,"key":"CeramicFish"},{"floor":8,"key":"Basket Of Snakes"},{"floor":9,"key":"Sundial"}],"event_choices":[{"cards_removed":["Noxious Fumes"],"damage_healed":0,"gold_gain":0,"player_choice":"Gave Card","damage_taken":0,"relics_obtained":["Paper Crane"],"max_hp_gain":0,"max_hp_loss":0,"event_name":"WeMeetAgain","floor":3,"gold_loss":0}],"is_beta":false,"boss_relics":[],"items_purged_floors":[],"is_endless":false,"potions_floor_spawned":[4,5,8],"killed_by":"Lagavulin","ascension_level":10}}