{"host":"xm0tf1maiknh0fp9","time":1611986699,"event":{"mods":["BaseMod","Colored Map","Colored Powertips","Googly Eyes","Minty Spire (QoL Compilation)","Replay The Spire","StSLib"],"gold_per_floor":[119,294,313,238,238,277,277,312,335,391,381,431,467,479,491,624,736,767,679,679,700,724,724,755,755,755,755,796,817,692,716,716,839,839,858,873,570,589,589,589,689,689,712,750,750,763,788,788,788,565,565,565],"floor_reached":53,"language":"ENG","playtime":1380,"items_purged":["Doubt","Strike_P","Strike_P","Strike_P"],"score":1001,"play_id":"1d0aff53-a54e-4cc4-a52d-27f22ffb179c","local_time":"20210130010459","is_ascension_mode":true,"campfire_choices":[{"data":"ConjureBlade","floor":7.0,"key":"SMITH"},{"data":"Eruption","floor":15.0,"key":"SMITH"},{"floor":23.0,"key":"REST"},{"data":"Vengeance","floor":27.0,"key":"SMITH"},{"floor":32.0,"key":"REST"},{"floor":40,"key":"REST"},{"data":"Vigilance","floor":42,"key":"SMITH"},{"floor":45,"key":"REST"},{"data":"Worship","floor":51,"key":"SMITH"}],"circlet_count":0,"master_deck":["Strike_P+1","Defend_P","Defend_P","Defend_P","Defend_P","Eruption+1","Vigilance+1","ConjureBlade+1","Vengeance+1","Worship+1"],"relics":["HolyWater","Golden Idol","Juzu Bracelet","ReplayTheSpireMod:TigerMarble","MawBank","Centennial Puzzle","Counterbalance","Replay:Grab Bag","Sozu","Replay:Wanted Poster","MealTicket","ReplayFunnel","Replay:Mystery Machine","Replay:Rubber Ducky","ReplayTheSpireMod:DimensionalGlitch","Chemical X","Mirror","Damaru"],"acts_visited":["Exordium","TheCity","TheBeyond"],"potions_floor_usage":[],"damage_taken":[{"damage":4.0,"enemies":"2 Louse","floor":1.0,"turns":4.0},{"damage":0.0,"enemies":"Small Slimes","floor":3.0,"turns":3.0},{"damage":10.0,"enemies":"Gremlin Nob","floor":6.0,"turns":3.0},{"damage":0.0,"enemies":"Lagavulin","floor":8.0,"turns":4.0},{"damage":0.0,"enemies":"Replay:BlueRogue","floor":10.0,"turns":3.0},{"damage":22.0,"enemies":"3 Sentries","floor":12.0,"turns":7.0},{"damage":7.0,"enemies":"Jaw Worm","floor":13.0,"turns":2.0},{"damage":37.0,"enemies":"The Guardian","floor":16.0,"turns":9.0},{"damage":5.0,"enemies":"3 Byrds","floor":18.0,"turns":5.0},{"damage":4.0,"enemies":"Chosen","floor":21.0,"turns":3.0},{"damage":25.0,"enemies":"3 Cultists","floor":22.0,"turns":4.0},{"damage":13.0,"enemies":"Replay:Snechameleon","floor":24.0,"turns":3.0},{"damage":10.0,"enemies":"Gremlin Leader","floor":28.0,"turns":2.0},{"damage":20.0,"enemies":"Centurion and Healer","floor":29.0,"turns":3.0},{"damage":4.0,"enemies":"Cultist and Chosen","floor":31.0,"turns":5.0},{"damage":12.0,"enemies":"Collector","floor":33.0,"turns":6.0},{"damage":0.0,"enemies":"Orb Walker","floor":35.0,"turns":3.0},{"damage":25,"enemies":"3 Shapes","floor":36,"turns":6},{"damage":23,"enemies":"Jaw Worm Horde","floor":38,"turns":4},{"damage":23,"enemies":"R_Hoarder","floor":44,"turns":5},{"damage":11,"enemies":"Writhing Mass","floor":46,"turns":2},{"damage":0,"enemies":"Spire Growth","floor":47,"turns":2},{"damage":26,"enemies":"Time Eater","floor":52,"turns":3}],"seed_played":"5668069319952806979","potions_obtained":[{"floor":1.0,"key":"Strength Potion"},{"floor":8.0,"key":"Ancient Potion"},{"floor":12.0,"key":"Doom Potion"},{"floor":13.0,"key":"Languid Potion"},{"floor":16.0,"key":"StancePotion"}],"is_trial":false,"path_per_floor":["M","?","M","$","?","E","R","E","T","E","?","E","M","?","R","B",null,"M","$","?","M","M","R","E","?","T","R","E","M","$","M","R","B",null,"M","M","$","M","?","R","?","R","T","E","R","M","M","PTL","PTL","$","R","B",null],"character_chosen":"WATCHER","items_purchased":["Chemical X","Damaru","Worship"],"campfire_rested":4,"item_purchase_floors":[37,50,50],"current_hp_per_floor":[68,68,68,68,67,57,57,57,57,57,57,35,28,50,50,13,67,62,62,62,58,33,53,40,40,40,40,30,10,25,21,41,29,67,67,42,57,34,34,53,53,53,53,30,49,38,38,38,38,53,53,27],"gold":565,"neow_bonus":"ONE_RANDOM_RARE_CARD","is_daily":false,"chose_seed":false,"campfire_upgraded":5,"win_rate":0.0,"timestamp":1611986699,"path_taken":["M","?","M","$","?","E","R","E","T","E","?","E","M","?","R","BOSS","M","$","?","M","M","R","E","?","T","R","E","M","$","M","R","BOSS","M","M","$","M","?","R","?","R","T","E","R","M","M","PTL","PTL","$","R","BOSS"],"items_purchased_type":["Relic","Relic","Card"],"build_version":"2020-12-22","purchased_purges":4,"victory":true,"max_hp_per_floor":[72,72,72,72,67,67,67,67,67,67,67,67,67,67,67,67,67,67,67,67,67,67,67,67,67,67,67,67,67,67,67,67,67,67,67,67,67,67,64,64,64,64,64,64,64,64,64,64,64,64,64,64],"card_choices":[{"not_picked":["Wallop","Replay:Hum","Halt"],"picked":"SKIP","floor":1.0},{"not_picked":["CutThroughFate","Vengeance","FlurryOfBlows"],"picked":"SKIP","floor":3.0},{"not_picked":["Vengeance","Halt","Judgement"],"picked":"SKIP","floor":6.0},{"not_picked":["Halt","Judgement"],"picked":"Vengeance","floor":6.0},{"not_picked":["Consecrate","Halt","Evaluate"],"picked":"SKIP","floor":8.0},{"not_picked":["Vengeance","CutThroughFate","BowlingBash"],"picked":"SKIP","floor":10.0},{"not_picked":["ConjureBlade","EmptyBody","Wallop"],"picked":"SKIP","floor":12.0},{"not_picked":["Perseverance","Tantrum","Replay:AtTheReady"],"picked":"SKIP","floor":13.0},{"not_picked":["Evaluate","CrushJoints","Replay:AtTheReady"],"picked":"SKIP","floor":18.0},{"not_picked":["Replay:AtTheReady","Study+1","WindmillStrike+1"],"picked":"SKIP","floor":21.0},{"not_picked":["BowlingBash","ThirdEye","ReachHeaven"],"picked":"SKIP","floor":22.0},{"not_picked":["Prostrate","SashWhip+1","SpiritShield"],"picked":"SKIP","floor":24.0},{"not_picked":["Wallop","TalkToTheHand","ClearTheMind"],"picked":"SKIP","floor":28.0},{"not_picked":["ForeignInfluence+1","Conclude","BowlingBash"],"picked":"SKIP","floor":29.0},{"not_picked":["CrushJoints","Evaluate","MentalFortress"],"picked":"SKIP","floor":31.0},{"not_picked":["Replay:AtTheReady+1","Replay:Battleflow+1","Prostrate+1"],"picked":"SKIP","floor":35},{"not_picked":["Replay:Battleflow+1","CrushJoints","WaveOfTheHand+1"],"picked":"SKIP","floor":36},{"not_picked":["Nirvana","Halt","MentalFortress"],"picked":"SKIP","floor":38},{"not_picked":["Meditate+1","Sanctity+1","ThirdEye"],"picked":"SKIP","floor":44},{"not_picked":["Halt+1","Replay:Hum+1","SandsOfTime"],"picked":"SKIP","floor":46},{"not_picked":["Replay:ManipulateFuture+1","Evaluate+1","Consecrate+1"],"picked":"SKIP","floor":47}],"player_experience":156860,"relics_obtained":[{"floor":6.0,"key":"Juzu Bracelet"},{"floor":8.0,"key":"ReplayTheSpireMod:TigerMarble"},{"floor":9.0,"key":"MawBank"},{"floor":10.0,"key":"Centennial Puzzle"},{"floor":12.0,"key":"Counterbalance"},{"floor":24.0,"key":"MealTicket"},{"floor":26.0,"key":"Replay:Mystery Machine"},{"floor":28.0,"key":"Replay:Rubber Ducky"},{"floor":44,"key":"Mirror"}],"event_choices":[{"damage_healed":0.0,"max_hp_gain":0.0,"max_hp_loss":0.0,"gold_gain":175.0,"event_name":"Liars Game","player_choice":"AGREE","floor":2.0,"gold_loss":0.0,"damage_taken":0.0,"cards_obtained":["Doubt"]},{"damage_healed":0.0,"max_hp_gain":0.0,"max_hp_loss":5.0,"gold_gain":0.0,"event_name":"Golden Idol","player_choice":"Lose Max HP","floor":5.0,"gold_loss":0.0,"damage_taken":0.0,"relics_obtained":["Golden Idol"]},{"damage_healed":0.0,"max_hp_gain":0.0,"max_hp_loss":0.0,"gold_gain":0.0,"event_name":"World of Goop","player_choice":"Left Gold","floor":11.0,"gold_loss":22.0,"damage_taken":0.0},{"damage_healed":22.0,"max_hp_gain":0.0,"max_hp_loss":0.0,"gold_gain":0.0,"event_name":"Big Fish","player_choice":"Banana","floor":14.0,"gold_loss":0.0,"damage_taken":0.0},{"damage_healed":0.0,"max_hp_gain":0.0,"max_hp_loss":0.0,"gold_gain":0.0,"event_name":"WeMeetAgain","player_choice":"Gave Potion","floor":25.0,"gold_loss":0.0,"damage_taken":0.0,"relics_obtained":["ReplayFunnel"]},{"damage_healed":0,"gold_gain":0,"player_choice":"Max HP","damage_taken":0,"max_hp_gain":0,"max_hp_loss":3,"event_name":"Winding Halls","floor":39,"gold_loss":0}],"is_beta":false,"boss_relics":[{"not_picked":["SlaversCollar","ChewingGum"],"picked":"Replay:Grab Bag"},{"not_picked":["Fusion Hammer","Ectoplasm"],"picked":"Sozu"},{"not_picked":["Runic Dome","ReplayTheSpireMod:Onyx Gauntlets"],"picked":"Replay:Wanted Poster"},{"not_picked":["SacredBark","Pandora\u0027s Box"],"picked":"HolyWater"},{"not_picked":["Honey Jar","VioletLotus"],"picked":"ReplayTheSpireMod:DimensionalGlitch"}],"items_purged_floors":[4,19,30,37],"is_endless":false,"potions_floor_spawned":[1,8,12,13,16,24,28,29,31,35,46],"ascension_level":2}}