{"host":"FirstDane","time":1611984714,"event":{"mods":["BaseMod","Bestiary","Highlight Path","Minty Spire (QoL Compilation)","Relic Stats","Slay the Relics Exporter"],"gold_per_floor":[111,130,147,72,88,123,123,150,176,190,201,201,227,87,87,161,161,174,98,98,110,122,122,155,155,182,182,200,200,233,245,245,323,323,334,334,113,128,146,146,146,159,184,184,199,218,245,255,255,255,255],"floor_reached":50,"language":"ENG","playtime":5136,"items_purged":["Strike_B","Redo","Dualcast"],"score":1072,"play_id":"188440a3-4562-4b84-aae6-50ea506bc445","local_time":"20210129233154","is_ascension_mode":true,"campfire_choices":[{"data":"Sweeping Beam","floor":7,"key":"SMITH"},{"floor":12,"key":"REST"},{"data":"Static Discharge","floor":15,"key":"SMITH"},{"data":"Electrodynamics","floor":23,"key":"SMITH"},{"data":"Fusion","floor":25,"key":"SMITH"},{"floor":29,"key":"REST"},{"data":"Barrage","floor":32,"key":"SMITH"},{"data":"Seek","floor":40,"key":"SMITH"},{"data":"Defragment","floor":44,"key":"SMITH"},{"floor":49,"key":"RECALL"}],"circlet_count":0,"master_deck":["AscendersBane","FTL","Cold Snap","Compile Driver","Sweeping Beam+1","Echo Form","Conserve Battery","Static Discharge+1","Electrodynamics+1","Fusion+1","Hologram","Beam Cell","Coolheaded","Go for the Eyes+1","Conserve Battery","Steam","Turbo","Reboot","Core Surge","Echo Form","Barrage+1","Seek+1","Capacitor","Coolheaded+1","Defragment+1","Hologram+1"],"relics":["Cracked Core","Toy Ornithopter","Smiling Mask","Oddly Smooth Stone","Strawberry","Nloth\u0027s Gift","Pantograph","Regal Pillow","Question Card","Philosopher\u0027s Stone","OrangePellets","Potion Belt"],"acts_visited":["Exordium","TheCity","TheBeyond"],"potions_floor_usage":[6,11,16,21,24,33,33,39,42,47,47,48],"damage_taken":[{"damage":4,"enemies":"Jaw Worm","floor":1,"turns":4},{"damage":11,"enemies":"Small Slimes","floor":2,"turns":3},{"damage":0,"enemies":"Cultist","floor":3,"turns":3},{"damage":7,"enemies":"3 Louse","floor":5,"turns":4},{"damage":9,"enemies":"3 Sentries","floor":6,"turns":6},{"damage":24,"enemies":"Gremlin Nob","floor":8,"turns":4},{"damage":3,"enemies":"2 Fungi Beasts","floor":10,"turns":3},{"damage":0,"enemies":"Exordium Thugs","floor":11,"turns":4},{"damage":12,"enemies":"3 Sentries","floor":13,"turns":8},{"damage":14,"enemies":"Hexaghost","floor":16,"turns":11},{"damage":0,"enemies":"Spheric Guardian","floor":18,"turns":6},{"damage":13,"enemies":"Shell Parasite","floor":21,"turns":4},{"damage":13,"enemies":"Snake Plant","floor":22,"turns":4},{"damage":24,"enemies":"Slavers","floor":24,"turns":4},{"damage":10,"enemies":"Centurion and Healer","floor":28,"turns":5},{"damage":28,"enemies":"Gremlin Leader","floor":30,"turns":7},{"damage":7,"enemies":"Chosen and Byrds","floor":31,"turns":5},{"damage":18,"enemies":"Champ","floor":33,"turns":9},{"damage":8,"enemies":"3 Shapes","floor":35,"turns":3},{"damage":6,"enemies":"Orb Walker","floor":38,"turns":3},{"damage":34,"enemies":"Jaw Worm Horde","floor":39,"turns":3},{"damage":1,"enemies":"Transient","floor":42,"turns":6},{"damage":14,"enemies":"Spire Growth","floor":45,"turns":5},{"damage":4,"enemies":"Sphere and 2 Shapes","floor":46,"turns":5},{"damage":4,"enemies":"Nemesis","floor":47,"turns":13},{"damage":25,"enemies":"Jaw Worm Horde","floor":48,"turns":3},{"damage":30,"enemies":"Time Eater","floor":50,"turns":2}],"seed_played":"-519476473242873806","potions_obtained":[{"floor":2,"key":"Explosive Potion"},{"floor":3,"key":"SpeedPotion"},{"floor":10,"key":"DistilledChaos"},{"floor":11,"key":"FocusPotion"},{"floor":13,"key":"Regen Potion"},{"floor":18,"key":"Block Potion"},{"floor":24,"key":"Energy Potion"},{"floor":28,"key":"FearPotion"},{"floor":33,"key":"AttackPotion"},{"floor":38,"key":"PowerPotion"},{"floor":42,"key":"ColorlessPotion"},{"floor":45,"key":"SpeedPotion"},{"floor":47,"key":"LiquidMemories"}],"is_trial":false,"path_per_floor":["M","M","M","?","M","E","R","E","T","M","M","R","E","$","R","B",null,"M","$","?","M","M","R","E","R","T","?","M","R","E","M","R","B",null,"M","?","$","M","M","R","?","M","T","R","M","M","E","M","R","B"],"character_chosen":"DEFECT","items_purchased":["Static Discharge","Conserve Battery","OrangePellets"],"campfire_rested":2,"item_purchase_floors":[14,19,37],"current_hp_per_floor":[67,56,56,56,49,40,40,16,16,13,18,41,36,36,36,39,74,74,74,74,66,53,53,34,34,34,34,24,64,36,29,29,46,75,67,67,67,61,32,32,32,36,36,36,22,18,24,4,4,0,0],"gold":255,"neow_bonus":"TEN_PERCENT_HP_BONUS","is_daily":false,"chose_seed":false,"campfire_upgraded":7,"win_rate":0.0,"timestamp":1611984714,"path_taken":["M","M","M","?","M","E","R","E","T","M","M","R","E","$","R","BOSS","M","$","?","?","M","R","E","R","T","?","M","R","E","M","R","BOSS","M","?","$","M","M","R","?","M","T","R","M","?","E","M","R","BOSS"],"items_purchased_type":["Card","Card","Relic"],"build_version":"2020-12-18","purchased_purges":3,"victory":false,"max_hp_per_floor":[78,78,78,78,78,78,78,78,78,78,78,78,85,85,85,85,85,85,85,85,85,85,85,85,85,85,85,85,85,85,85,85,85,85,85,81,81,81,81,81,81,81,81,81,81,81,81,81,81,81,81],"relic_stats":{"OrangePellets":[2],"Regal Pillow":15,"counters":[27,137],"Pantograph":50,"Nloth\u0027s Gift":4,"Smiling Mask":150,"Question Card":10,"obtain_stats":[{"Potion Belt":47,"Regal Pillow":26,"Oddly Smooth Stone":9,"Smiling Mask":8,"Question Card":30,"OrangePellets":37,"Strawberry":13,"Pantograph":24,"Pandora\u0027s Box":17,"Philosopher\u0027s Stone":34,"Nloth\u0027s Gift":20,"Cracked Core":0,"Toy Ornithopter":6},{"Potion Belt":25,"Regal Pillow":14,"Oddly Smooth Stone":6,"Smiling Mask":6,"Question Card":16,"OrangePellets":19,"Strawberry":9,"Pantograph":14,"Pandora\u0027s Box":10,"Philosopher\u0027s Stone":18,"Nloth\u0027s Gift":11,"Cracked Core":0,"Toy Ornithopter":5},{"Potion Belt":132,"Regal Pillow":68,"Oddly Smooth Stone":24,"Smiling Mask":24,"Question Card":80,"OrangePellets":97,"Strawberry":39,"Pantograph":68,"Pandora\u0027s Box":50,"Philosopher\u0027s Stone":94,"Nloth\u0027s Gift":56,"Cracked Core":0,"Toy Ornithopter":20}],"Toy Ornithopter":55},"card_choices":[{"not_picked":["Rebound","Consume"],"picked":"FTL","floor":1},{"not_picked":["Streamline","Tempest"],"picked":"Cold Snap","floor":2},{"not_picked":["Rebound","Coolheaded"],"picked":"Cold Snap","floor":3},{"not_picked":["Lockon","Darkness"],"picked":"Compile Driver","floor":5},{"not_picked":["Leap","Reboot"],"picked":"Sweeping Beam","floor":6},{"not_picked":["Rebound","Gash","Compile Driver"],"picked":"SKIP","floor":8},{"not_picked":["Barrage","Compile Driver"],"picked":"Echo Form","floor":10},{"not_picked":["Coolheaded","Beam Cell"],"picked":"Conserve Battery","floor":11},{"not_picked":["Aggregate","Storm","Buffer"],"picked":"SKIP","floor":13},{"not_picked":["Multi-Cast","Seek"],"picked":"Electrodynamics","floor":16},{"not_picked":["Static Discharge","Redo"],"picked":"Go for the Eyes+1","floor":18},{"not_picked":["Hologram","Compile Driver"],"picked":"Steam","floor":21},{"not_picked":["Amplify","Force Field"],"picked":"Turbo","floor":22},{"not_picked":["Streamline","Storm","Barrage"],"picked":"SKIP","floor":24},{"not_picked":["Redo","Turbo","Auto Shields"],"picked":"SKIP","floor":28},{"not_picked":["Stack","Storm"],"picked":"Echo Form","floor":30},{"not_picked":["Auto Shields","Steam Power","Sweeping Beam+1"],"picked":"Barrage","floor":31},{"not_picked":["Electrodynamics","Amplify","Fission"],"picked":"Seek","floor":33},{"not_picked":["Conserve Battery","Redo","Meteor Strike","Hologram"],"picked":"SKIP","floor":35},{"not_picked":["Sweeping Beam","Storm","Conserve Battery"],"picked":"Capacitor","floor":38},{"not_picked":["Hyperbeam","Conserve Battery","Turbo"],"picked":"Coolheaded+1","floor":39},{"not_picked":["Blizzard","Skim+1","Ball Lightning"],"picked":"Defragment","floor":42},{"not_picked":["Streamline","Machine Learning","Gash","Ball Lightning"],"picked":"SKIP","floor":45},{"not_picked":["Self Repair","Rebound","Loop","Blizzard"],"picked":"SKIP","floor":46},{"not_picked":["Sweeping Beam","Coolheaded","Fusion","Recycle"],"picked":"SKIP","floor":47},{"not_picked":["Seek","BootSequence+1","Streamline+1"],"picked":"Hologram+1","floor":48}],"player_experience":4008940,"relics_obtained":[{"floor":6,"key":"Toy Ornithopter"},{"floor":8,"key":"Smiling Mask"},{"floor":9,"key":"Oddly Smooth Stone"},{"floor":13,"key":"Strawberry"},{"floor":24,"key":"Pantograph"},{"floor":26,"key":"Regal Pillow"},{"floor":30,"key":"Question Card"},{"floor":47,"key":"Potion Belt"}],"event_choices":[{"cards_removed":["Strike_B"],"damage_healed":0,"gold_gain":0,"player_choice":"Card Removal","damage_taken":0,"max_hp_gain":0,"max_hp_loss":0,"event_name":"The Cleric","floor":4,"gold_loss":75},{"damage_healed":0,"gold_gain":0,"player_choice":"Traded Relic","damage_taken":0,"relics_obtained":["Nloth\u0027s Gift"],"max_hp_gain":0,"max_hp_loss":0,"event_name":"N\u0027loth","floor":20,"relics_lost":["Pandora\u0027s Box"],"gold_loss":0},{"damage_healed":0,"gold_gain":0,"cards_transformed":["Zap","Scrape"],"player_choice":"Became Test Subject","damage_taken":0,"max_hp_gain":0,"max_hp_loss":0,"event_name":"Drug Dealer","floor":27,"gold_loss":0,"cards_obtained":["Reboot","Core Surge"]},{"damage_healed":0,"gold_gain":0,"player_choice":"Max HP","damage_taken":0,"max_hp_gain":0,"max_hp_loss":4,"event_name":"Winding Halls","floor":36,"gold_loss":0},{"cards_removed":["Cold Snap"],"damage_healed":0,"gold_gain":0,"player_choice":"Removed Attack","damage_taken":0,"max_hp_gain":0,"max_hp_loss":0,"event_name":"Falling","floor":41,"gold_loss":0}],"is_beta":true,"boss_relics":[{"not_picked":["Black Star","Empty Cage"],"picked":"Pandora\u0027s Box"},{"not_picked":["Astrolabe","Tiny House"],"picked":"Philosopher\u0027s Stone"}],"items_purged_floors":[14,19,37],"is_endless":false,"potions_floor_spawned":[2,3,10,11,13,18,24,28,33,38,42,45,47],"killed_by":"Time Eater","ascension_level":20}}