{"host":"0rqu4i4oge8wiabo","time":1611969494,"event":{"mods":["2.2 Compatiblity","AchievementEnabler","BaseMod","Colored Powertips","Downfall","Hermit","Minty Spire (QoL Compilation)","Replay The Spire","StSLib","The Bug Knight","The Cursed","The Disciple","The Jungle","The Necromancer","The Servant 0.9.4"],"gold_per_floor":[116,116,129,129,129,129,147,210,210,250,273,273,81,109,109,215,224,253,291,291,314,314],"floor_reached":21,"language":"ENG","playtime":1095,"items_purged":[],"score":204,"play_id":"00685363-d9cb-4424-8d24-4c916f1990e2","local_time":"20210130011814","is_ascension_mode":false,"campfire_choices":[{"data":"HollowMod:Weaversong","floor":6,"key":"SMITH"},{"floor":15,"key":"REST"}],"circlet_count":0,"master_deck":["HollowMod:NailStrikeStart","HollowMod:NailStrikeStart","HollowMod:NailStrikeStart","HollowMod:NailStrikeStart","HollowMod:QuickDashStart","HollowMod:QuickDashStart","HollowMod:QuickDashStart","HollowMod:QuickDashStart","HollowMod:FocusHealStart","HollowMod:PogoStrike","HollowMod:InfectedAttack+1","HollowMod:InfectedCysts","HollowMod:Weaversong+1","HollowMod:BaldurShell","HollowMod:MantisMark+1","HollowMod:TaintedHusks","HollowMod:BrokenVessel","HollowMod:MantisMark","HollowMod:BaldurShell","HollowMod:theNailsmith","CurseOfTheBell","HollowMod:TaintedHusks","HollowMod:InfectedAttack+1","HollowMod:CoiledNail+1"],"relics":["HollowMod:VesselMask","Potion Belt","Darkstone Periapt","CeramicFish","Lizard Tail","Calling Bell","Pen Nib","Divine Protection","Bird Faced Urn","Red Mask","Replay:Bottled Steam"],"acts_visited":["Exordium","TheCity"],"potions_floor_usage":[10,13,16],"damage_taken":[{"damage":3,"enemies":"2 Louse","floor":1,"turns":3},{"damage":2,"enemies":"Cultist","floor":3,"turns":3},{"damage":1,"enemies":"Small Slimes","floor":7,"turns":3},{"damage":34,"enemies":"Lagavulin","floor":10,"turns":6},{"damage":35,"enemies":"Exordium Thugs","floor":11,"turns":7},{"damage":15,"enemies":"Large Slime","floor":14,"turns":4},{"damage":54,"enemies":"Slime Boss","floor":16,"turns":7},{"damage":25,"enemies":"Chosen","floor":18,"turns":6},{"damage":51,"enemies":"Masked Bandits","floor":19,"turns":4},{"damage":56,"enemies":"Shell Parasite","floor":21,"turns":5}],"seed_played":"-2684282820752778930","potions_obtained":[{"floor":7,"key":"Adrenaline Potion"},{"floor":14,"key":"LiquidBronze"},{"floor":16,"key":"champ:CounterPotion"},{"floor":19,"key":"FearPotion"},{"floor":21,"key":"Dexterity Potion"}],"is_trial":false,"path_per_floor":["M","?","M","?","?","R","M","?","T","E","M","?","$","M","R","B",null,"M","?","?","M"],"character_chosen":"THE_BUGKNIGHT","items_purchased":["HollowMod:BrokenVessel","HollowMod:MantisMark","Fruit Juice"],"campfire_rested":1,"item_purchase_floors":[13,13,13],"current_hp_per_floor":[75,75,73,91,91,91,90,90,90,66,41,41,46,41,70,26,104,85,38,38,38,38],"gold":314,"neow_bonus":"RANDOM_COMMON_RELIC","is_daily":false,"chose_seed":false,"campfire_upgraded":1,"win_rate":0.0,"timestamp":1611969494,"path_taken":["M","?","?","?","?","R","?","?","T","E","M","?","?","M","R","BOSS","M","?","?","M"],"items_purchased_type":["Card","Card","Potion"],"build_version":"2020-12-22","purchased_purges":0,"victory":false,"max_hp_per_floor":[75,75,75,93,93,93,93,93,93,93,93,93,98,98,98,98,104,104,104,104,104,104],"card_choices":[{"not_picked":["HollowMod:WraithStrike","HollowMod:GoodIntentions"],"picked":"HollowMod:InfectedAttack","floor":1},{"not_picked":["HollowMod:GrimmsGift","HollowMod:TaintedHusks"],"picked":"HollowMod:InfectedCysts","floor":3},{"not_picked":["HollowMod:SoulSplash","HollowMod:BlackTendrils"],"picked":"HollowMod:BaldurShell","floor":7},{"not_picked":["HollowMod:DescendingDark","HollowMod:CrystalDash"],"picked":"HollowMod:MantisMark","floor":10},{"not_picked":["HollowMod:GoodIntentions","HollowMod:CrystalDash"],"picked":"HollowMod:TaintedHusks","floor":11},{"not_picked":["HollowMod:TaintedHusks","HollowMod:SiblingsSouls"],"picked":"HollowMod:BaldurShell","floor":14},{"not_picked":["HollowMod:VoidDash","HollowMod:LordofShades"],"picked":"HollowMod:theNailsmith","floor":16},{"not_picked":["HollowMod:SoulVessel","HollowMod:DoubleDash"],"picked":"HollowMod:TaintedHusks","floor":18},{"not_picked":["HollowMod:CrystalDash","HollowMod:NewLittleFool"],"picked":"HollowMod:InfectedAttack+1","floor":19},{"not_picked":["HollowMod:HowlingWraiths","HollowMod:SoulSplash+1"],"picked":"HollowMod:CoiledNail+1","floor":21}],"player_experience":444469,"relics_obtained":[{"floor":9,"key":"CeramicFish"},{"floor":10,"key":"Lizard Tail"},{"floor":17,"key":"Pen Nib"},{"floor":17,"key":"Divine Protection"},{"floor":17,"key":"Bird Faced Urn"},{"floor":19,"key":"Red Mask"}],"event_choices":[{"damage_healed":0,"gold_gain":0,"player_choice":"Upgraded","damage_taken":0,"max_hp_gain":0,"max_hp_loss":0,"event_name":"Upgrade Shrine","floor":2,"gold_loss":0,"cards_upgraded":["HollowMod:InfectedAttack"]},{"cards_removed":["Amnesia","downfall:Haunted","downfall:Haunted"],"damage_healed":0,"gold_gain":0,"player_choice":"Removed Curses","damage_taken":0,"max_hp_gain":0,"max_hp_loss":0,"event_name":"Fountain of Cleansing","floor":5,"gold_loss":0},{"damage_healed":0,"gold_gain":63,"player_choice":"Gained Gold","damage_taken":0,"max_hp_gain":0,"max_hp_loss":0,"event_name":"Golden Wing","floor":8,"gold_loss":0},{"damage_healed":0,"gold_gain":0,"player_choice":"Grow","damage_taken":0,"max_hp_gain":0,"max_hp_loss":0,"event_name":"Living Wall","floor":12,"gold_loss":0,"cards_upgraded":["HollowMod:MantisMark"]},{"damage_healed":0,"gold_gain":0,"player_choice":"Fought Bandits","damage_taken":0,"max_hp_gain":0,"max_hp_loss":0,"event_name":"Masked Bandits","floor":19,"gold_loss":0}],"is_beta":false,"boss_relics":[{"not_picked":["SacredBark","Runic Dome"],"picked":"Calling Bell"}],"items_purged_floors":[],"is_endless":false,"potions_floor_spawned":[7,14,16,19,21],"killed_by":"Shell Parasite","ascension_level":0}}