{"host":"2wp95sdfrgw3k439","time":1611992503,"event":{"mods":["BaseMod","Better Altar","Better Skull","Better Third Choice","Curses Come First","Minty Spire (QoL Compilation)","Permanent Neow","StSLib"],"gold_per_floor":[10,10,10,30,30,57,57,92,115,115,148,148,173,193,193,313,313,326,326,344,259,54,87,87,87],"floor_reached":24,"language":"ENG","playtime":915,"items_purged":["Strike_R"],"score":293,"play_id":"b34ac6c6-1fd7-44e7-acfb-8f1237b8c2d4","local_time":"20210130004143","is_ascension_mode":true,"campfire_choices":[{"floor":7,"key":"REST"},{"floor":12,"key":"REST"},{"floor":15,"key":"REST"}],"circlet_count":0,"master_deck":["Strike_R","Strike_R+1","Strike_R","Defend_R","Defend_R","Defend_R","Defend_R","Bash+1","Juggernaut","True Grit","Combust","Rage","Rupture","Pummel","Rupture","Feel No Pain","Bludgeon","Shockwave+1","Iron Wave+1"],"relics":["Burning Blood","Smiling Mask","MealTicket","Tiny Chest","Golden Idol","Odd Mushroom","Sozu","Question Card","Darkstone Periapt","Art of War","Red Mask"],"acts_visited":["Exordium","TheCity"],"potions_floor_usage":[6,11,14,18],"damage_taken":[{"damage":7,"enemies":"Jaw Worm","floor":1,"turns":5},{"damage":10,"enemies":"Small Slimes","floor":4,"turns":5},{"damage":13,"enemies":"3 Sentries","floor":6,"turns":5},{"damage":16,"enemies":"Lagavulin","floor":8,"turns":7},{"damage":36,"enemies":"The Mushroom Lair","floor":11,"turns":4},{"damage":18,"enemies":"2 Louse","floor":13,"turns":3},{"damage":1,"enemies":"Blue Slaver","floor":14,"turns":4},{"damage":46,"enemies":"Slime Boss","floor":16,"turns":9},{"damage":25,"enemies":"Shell Parasite","floor":18,"turns":4},{"damage":25,"enemies":"3 Byrds","floor":20,"turns":5},{"damage":47,"enemies":"Masked Bandits","floor":23,"turns":5},{"damage":33,"enemies":"Cultist and Chosen","floor":24,"turns":5}],"seed_played":"-4693488119052774593","potions_obtained":[{"floor":4,"key":"Energy Potion"},{"floor":6,"key":"BloodPotion"},{"floor":13,"key":"Block Potion"},{"floor":16,"key":"BloodPotion"}],"is_trial":false,"path_per_floor":["M","?","?","M","?","E","R","E","T","?","?","R","M","M","R","B",null,"M","T","M","?","$","?","M"],"character_chosen":"IRONCLAD","items_purchased":["Art of War"],"campfire_rested":3,"item_purchase_floors":[22],"current_hp_per_floor":[71,71,76,72,55,48,73,63,63,42,29,54,42,47,72,32,72,70,70,51,51,66,25,0,0],"gold":87,"neow_bonus":"THREE_RARE_CARDS","is_daily":false,"chose_seed":false,"campfire_upgraded":0,"win_rate":0.0,"timestamp":1611992503,"path_taken":["M","?","?","M","?","E","R","E","T","?","?","R","?","M","R","BOSS","M","?","M","?","$","?","M"],"items_purchased_type":["Relic"],"build_version":"2020-12-22","purchased_purges":1,"victory":false,"max_hp_per_floor":[80,80,85,85,85,85,85,85,85,85,85,85,85,85,85,85,85,85,85,85,85,85,85,85,85],"card_choices":[{"not_picked":["Impervious","Demon Form"],"picked":"Juggernaut","floor":0},{"not_picked":["Perfected Strike","Second Wind"],"picked":"True Grit","floor":1},{"not_picked":["Flex","Metallicize"],"picked":"Rage","floor":4},{"not_picked":["Wild Strike","Impervious"],"picked":"Rupture","floor":6},{"not_picked":["Combust","Carnage"],"picked":"Pummel","floor":8},{"not_picked":["Seeing Red","Wild Strike"],"picked":"Rupture","floor":13},{"not_picked":["Whirlwind","True Grit"],"picked":"Feel No Pain","floor":14},{"not_picked":["Exhume","Corruption"],"picked":"Bludgeon","floor":16},{"not_picked":["Flex","True Grit","Wild Strike"],"picked":"SKIP","floor":18},{"not_picked":["Anger+1","Clothesline","Cleave"],"picked":"Shockwave+1","floor":20},{"not_picked":["Perfected Strike","Cleave","Heavy Blade"],"picked":"Iron Wave+1","floor":23}],"player_experience":518821,"relics_obtained":[{"floor":6,"key":"Smiling Mask"},{"floor":8,"key":"MealTicket"},{"floor":9,"key":"Tiny Chest"},{"floor":11,"key":"Odd Mushroom"},{"floor":19,"key":"Question Card"},{"floor":23,"key":"Red Mask"}],"event_choices":[{"damage_healed":0,"gold_gain":0,"cards_transformed":["Strike_R"],"player_choice":"Change","damage_taken":0,"max_hp_gain":0,"max_hp_loss":0,"event_name":"Living Wall","floor":2,"gold_loss":0,"cards_obtained":["Combust"]},{"damage_healed":0,"gold_gain":0,"player_choice":"Donut","damage_taken":0,"max_hp_gain":5,"max_hp_loss":0,"event_name":"Big Fish","floor":3,"gold_loss":0},{"damage_healed":72,"gold_gain":0,"player_choice":"Upgrade","damage_taken":17,"max_hp_gain":0,"max_hp_loss":85,"event_name":"betterThird:BetterShining","floor":5,"gold_loss":0,"cards_upgraded":["Bash","Strike_R"]},{"damage_healed":0,"gold_gain":0,"player_choice":"Take Damage","damage_taken":21,"relics_obtained":["Golden Idol"],"max_hp_gain":0,"max_hp_loss":0,"event_name":"Golden Idol","floor":10,"gold_loss":0},{"damage_healed":0,"gold_gain":0,"player_choice":"Fought Mushrooms","damage_taken":0,"max_hp_gain":0,"max_hp_loss":0,"event_name":"Mushrooms","floor":11,"gold_loss":0},{"damage_healed":0,"gold_gain":0,"player_choice":"Obtained Relic","damage_taken":0,"relics_obtained":["Darkstone Periapt"],"max_hp_gain":0,"max_hp_loss":0,"event_name":"Addict","floor":21,"gold_loss":85},{"damage_healed":0,"gold_gain":0,"player_choice":"Fought Bandits","damage_taken":0,"max_hp_gain":0,"max_hp_loss":0,"event_name":"Masked Bandits","floor":23,"gold_loss":0}],"is_beta":false,"boss_relics":[{"not_picked":["SacredBark","Cursed Key"],"picked":"Sozu"}],"items_purged_floors":[22],"is_endless":false,"potions_floor_spawned":[4,6,13,16,20],"killed_by":"Cultist and Chosen","ascension_level":9}}