{"host":"928gv66myv2vlnsd","time":1611985403,"event":{"mods":["BaseMod","Minty Spire (QoL Compilation)","StSLib"],"gold_per_floor":[113,113,132,151,171,205,216,216,241,241,252,278,341,353,353,353,353],"floor_reached":16,"language":"ENG","playtime":1930,"items_purged":[],"score":228,"play_id":"09f8086f-4899-49ac-90d0-8bba763c0f49","local_time":"20210130004323","is_ascension_mode":true,"campfire_choices":[{"floor":8,"key":"REST"},{"floor":10,"key":"REST"},{"floor":15,"key":"REST"}],"circlet_count":0,"master_deck":["AscendersBane","Strike_R","Strike_R","Strike_R","Strike_R","Defend_R","Defend_R","Defend_R","Defend_R","Bash","Immolate","Shrug It Off","Shrug It Off","Combust","Feel No Pain","True Grit","Cleave"],"relics":["Burning Blood","PreservedInsect","Oddly Smooth Stone","Vajra"],"acts_visited":["Exordium"],"potions_floor_usage":[13,13,16],"damage_taken":[{"damage":0,"enemies":"Small Slimes","floor":1,"turns":3},{"damage":2,"enemies":"2 Louse","floor":3,"turns":2},{"damage":17,"enemies":"Cultist","floor":4,"turns":5},{"damage":18,"enemies":"Blue Slaver","floor":5,"turns":6},{"damage":19,"enemies":"3 Sentries","floor":6,"turns":4},{"damage":15,"enemies":"Exordium Wildlife","floor":7,"turns":4},{"damage":15,"enemies":"Red Slaver","floor":11,"turns":6},{"damage":21,"enemies":"Lagavulin","floor":12,"turns":7},{"damage":0,"enemies":"Gremlin Nob","floor":13,"turns":1},{"damage":5,"enemies":"Looter","floor":14,"turns":4},{"damage":64,"enemies":"Slime Boss","floor":16,"turns":10}],"seed_played":"5697724521439571853","potions_obtained":[{"floor":4,"key":"SneckoOil"},{"floor":5,"key":"SkillPotion"},{"floor":13,"key":"ElixirPotion"}],"is_trial":false,"path_per_floor":["M","?","M","M","M","E","M","R","T","R","M","E","?","M","R","B"],"character_chosen":"IRONCLAD","items_purchased":[],"campfire_rested":3,"item_purchase_floors":[],"current_hp_per_floor":[56,49,53,42,30,17,8,30,30,52,43,28,34,35,57,0,0],"gold":353,"neow_bonus":"THREE_RARE_CARDS","is_daily":false,"chose_seed":false,"campfire_upgraded":0,"win_rate":0.0,"timestamp":1611985403,"path_taken":["M","?","M","M","M","E","M","R","T","R","M","E","?","M","R","BOSS"],"items_purchased_type":[],"build_version":"2020-12-22","purchased_purges":0,"victory":false,"max_hp_per_floor":[75,75,75,75,75,75,75,75,75,75,75,75,75,75,75,75,75],"card_choices":[{"not_picked":["Feed","Fiend Fire"],"picked":"Immolate","floor":0},{"not_picked":["Pommel Strike","Sentinel"],"picked":"Shrug It Off","floor":1},{"not_picked":["Infernal Blade","Flex"],"picked":"Shrug It Off","floor":3},{"not_picked":["Sword Boomerang","Clothesline"],"picked":"Combust","floor":4},{"not_picked":["Pommel Strike","Thunderclap"],"picked":"Feel No Pain","floor":5},{"not_picked":["Ghostly Armor","Armaments","Clash"],"picked":"SKIP","floor":6},{"not_picked":["Rage","Searing Blow","Armaments"],"picked":"SKIP","floor":7},{"not_picked":["Anger","Searing Blow"],"picked":"True Grit","floor":11},{"not_picked":["Headbutt","Combust","Uppercut"],"picked":"SKIP","floor":12},{"not_picked":["Warcry","Clothesline"],"picked":"Cleave","floor":14}],"player_experience":1384084,"relics_obtained":[{"floor":6,"key":"PreservedInsect"},{"floor":9,"key":"Oddly Smooth Stone"},{"floor":13,"key":"Vajra"}],"event_choices":[{"cards_removed":["Strike_R"],"damage_healed":0,"gold_gain":0,"player_choice":"Card Removal","damage_taken":7,"max_hp_gain":0,"max_hp_loss":0,"event_name":"Golden Wing","floor":2,"gold_loss":0},{"damage_healed":0,"gold_gain":0,"player_choice":"Searched \u00271\u0027 times","damage_taken":0,"max_hp_gain":0,"max_hp_loss":0,"event_name":"Dead Adventurer","floor":13,"gold_loss":0}],"is_beta":false,"boss_relics":[],"items_purged_floors":[],"is_endless":false,"potions_floor_spawned":[4,5,6,12,13],"killed_by":"Slime Boss","ascension_level":20}}