{"host":"vhvubw4jk4f204qs","time":1611971561,"event":{"mods":["AchievementEnabler","BaseMod","DeckTracker","GifTheSpireLib","Minty Spire (QoL Compilation)","Permanent Neow","Quick Restart","StSLib","SuperFastMode","The IronCluck","slay the spire mod where everything is the same but ironclad has a cowboy hat"],"gold_per_floor":[115,126,126,146,157,157,157],"floor_reached":6,"language":"ENG","playtime":532,"items_purged":[],"score":76,"play_id":"23f5cdbf-70de-46bd-a1bd-625cb054f478","local_time":"20210129205241","is_ascension_mode":true,"campfire_choices":[],"circlet_count":0,"master_deck":["AscendersBane","Strike_G","Strike_G","Strike_G","Strike_G","Defend_G","Defend_G","Defend_G","Defend_G","Survivor","Neutralize","Calculated Gamble","Reflex","Leg Sweep","Blade Dance"],"relics":["Empty Cage"],"acts_visited":["Exordium"],"potions_floor_usage":[6,6],"damage_taken":[{"damage":7,"enemies":"Small Slimes","floor":1,"turns":6},{"damage":0,"enemies":"2 Louse","floor":2,"turns":4},{"damage":3,"enemies":"Cultist","floor":4,"turns":5},{"damage":11,"enemies":"Exordium Wildlife","floor":5,"turns":7},{"damage":40,"enemies":"Gremlin Nob","floor":6,"turns":5}],"seed_played":"-9063063232586327899","potions_obtained":[{"floor":1,"key":"EssenceOfSteel"},{"floor":4,"key":"Weak Potion"},{"floor":5,"key":"BlessingOfTheForge"}],"is_trial":false,"path_per_floor":["M","M","?","M","M","E"],"character_chosen":"THE_SILENT","items_purchased":[],"campfire_rested":0,"item_purchase_floors":[],"current_hp_per_floor":[52,52,52,49,38,0,0],"gold":157,"neow_bonus":"BOSS_RELIC","is_daily":false,"chose_seed":false,"campfire_upgraded":0,"win_rate":0.0,"timestamp":1611971561,"path_taken":["M","M","?","M","M","E"],"items_purchased_type":[],"build_version":"2020-12-22","purchased_purges":0,"victory":false,"max_hp_per_floor":[66,66,66,66,66,66,66],"card_choices":[{"not_picked":["Backstab","Slice"],"picked":"Calculated Gamble","floor":1},{"not_picked":["Quick Slash","Noxious Fumes"],"picked":"Reflex","floor":2},{"not_picked":["Finisher","Acrobatics"],"picked":"Leg Sweep","floor":4},{"not_picked":["Crippling Poison","Tools of the Trade"],"picked":"Blade Dance","floor":5}],"player_experience":742947,"relics_obtained":[],"event_choices":[{"damage_healed":0,"gold_gain":0,"player_choice":"Ignored","damage_taken":0,"max_hp_gain":0,"max_hp_loss":0,"event_name":"Liars Game","floor":3,"gold_loss":0}],"is_beta":false,"boss_relics":[],"items_purged_floors":[],"is_endless":false,"potions_floor_spawned":[1,4,5],"killed_by":"Gremlin Nob","ascension_level":20}}