{"host":"m5bsg12zcyqnofur","time":1611973238,"event":{"mods":["AchievementEnabler","BaseMod","BetterRewards","Colored Powertips","Hermit","Highlight Path","Minty Spire (QoL Compilation)","Quick Restart","Replay The Spire","Shop Mod","StSLib","The Bug Knight"],"gold_per_floor":[118,137,151,226,238,271,282,308,308,308,336,336,336,347,347,452,452,467,494,194,206,218,218,218,550,550,577,577,577,577,597,597,693,693,703,722,733,733,749,749,774,774,801,826,842,860,860,94,94,94,94,94,94,125,125],"floor_reached":56,"language":"ENG","playtime":6422,"items_purged":["HollowMod:NailStrikeStart","HollowMod:NailStrikeStart","HollowMod:NailStrikeStart","HollowMod:NailStrikeStart","HollowMod:QuickDashStart","HollowMod:QuickDashStart","HollowMod:QuickDashStart","HollowMod:QuickDashStart","HollowMod:SoulStrike"],"score":2135,"play_id":"0a3295a1-33c0-4e4b-ac2f-ab15c98fe2e2","local_time":"20210129202038","is_ascension_mode":true,"campfire_choices":[{"data":"Pot Of Greed","floor":10.0,"key":"SMITH"},{"data":"HollowMod:SoulEater","floor":13.0,"key":"SMITH"},{"data":"HollowMod:HuntersJournal","floor":15.0,"key":"SMITH"},{"data":"HollowMod:ChannelNail","floor":23.0,"key":"SMITH"},{"data":"HollowMod:NewLastStag","floor":28.0,"key":"SMITH"},{"data":"Pot Of Greed","floor":30.0,"key":"SMITH"},{"data":"HollowMod:SlysStrikes","floor":32.0,"key":"SMITH"},{"data":"HollowMod:BaldurShell","floor":40.0,"key":"SMITH"},{"data":"HollowMod:DesolateDive","floor":47.0,"key":"SMITH"},{"floor":49.0,"key":"RECALL"},{"data":"HollowMod:SoulVessel","floor":52.0,"key":"SMITH"}],"circlet_count":0,"master_deck":["HollowMod:FocusHealStart","HollowMod:PogoStrike","HollowMod:VengefulSpirit","HollowMod:MantisMark","Pot Of Greed+1","HollowMod:SoulVessel+1","Pot Of Greed+1","HollowMod:SoulEater+1","HollowMod:HowlingWraiths","HollowMod:DesolateDive+1","HollowMod:BaldurShell+1","Madness+1","HollowMod:CloakDash","HollowMod:LifebloodCore","HollowMod:BaldurShell+1","HollowMod:SlysStrikes+1","HollowMod:HuntersJournal+1","HollowMod:SoulStrike","HollowMod:MonomonsArchive","Pot Of Greed+1","HollowMod:SoulMaster","HollowMod:NewLastStag+1","HollowMod:ChannelNail+1"],"relics":["HollowMod:VesselMask","Vajra","Grinning Jar","Lantern","War Paint","HollowMod:DelicateFlower","Replay:Accelerometer","Potion Belt","Kunai","Coffee Dripper","HollowMod:MillibellesNoteRelic","Old Coin","Iron Hammer","Tiny Chest","Garlic","Replay:Wax Seal","Replay:Bottled Eggs","Centennial Puzzle","Pen Nib","Counterbalance","Frozen Eye","Orichalcum"],"acts_visited":["TheCity","TheBeyond","TheEnding"],"potions_floor_usage":[55,55,55,55],"damage_taken":[{"damage":9.0,"enemies":"Small Slimes","floor":1.0,"turns":3.0},{"damage":6.0,"enemies":"2 Louse","floor":2.0,"turns":3.0},{"damage":1.0,"enemies":"Cultist","floor":3.0,"turns":3.0},{"damage":3.0,"enemies":"Blue Slaver","floor":5.0,"turns":3.0},{"damage":0.0,"enemies":"Gremlin Nob","floor":6.0,"turns":4.0},{"damage":0.0,"enemies":"HollowMod:HuskWarrior","floor":7.0,"turns":4.0},{"damage":0.0,"enemies":"3 Sentries","floor":8.0,"turns":5.0},{"damage":0.0,"enemies":"Gremlin Nob","floor":11.0,"turns":4.0},{"damage":0.0,"enemies":"Lots of Slimes","floor":14.0,"turns":1.0},{"damage":15.0,"enemies":"The Guardian","floor":16.0,"turns":8.0},{"damage":0.0,"enemies":"HollowMod:HuskSentry","floor":18.0,"turns":4.0},{"damage":0.0,"enemies":"Spheric Guardian","floor":21.0,"turns":3.0},{"damage":0.0,"enemies":"Centurion and Healer","floor":22.0,"turns":4.0},{"damage":0.0,"enemies":"Replay:Snechameleon","floor":25.0,"turns":5.0},{"damage":0.0,"enemies":"Slavers","floor":27.0,"turns":2.0},{"damage":10.0,"enemies":"Snake Plant","floor":31.0,"turns":3.0},{"damage":0.0,"enemies":"Pondfish","floor":33.0,"turns":5.0},{"damage":6.0,"enemies":"3 Shapes","floor":35.0,"turns":3.0},{"damage":0.0,"enemies":"3 Darklings","floor":36.0,"turns":2.0},{"damage":0.0,"enemies":"Writhing Mass","floor":37.0,"turns":5.0},{"damage":0.0,"enemies":"4 Shapes","floor":39.0,"turns":2.0},{"damage":0.0,"enemies":"Giant Head","floor":41.0,"turns":5.0},{"damage":0.0,"enemies":"Nemesis","floor":44.0,"turns":7.0},{"damage":0.0,"enemies":"Sphere and 2 Shapes","floor":45.0,"turns":3.0},{"damage":0.0,"enemies":"Maw","floor":46.0,"turns":4.0},{"damage":0.0,"enemies":"HollowMod:Radiance","floor":50.0,"turns":6.0},{"damage":0.0,"enemies":"Shield and Spear","floor":54.0,"turns":4.0},{"damage":2,"enemies":"The Heart","floor":55,"turns":6}],"seed_played":"-4279741880598763063","potions_obtained":[{"floor":2.0,"key":"Milkshake"},{"floor":6.0,"key":"LifebloodPotion"},{"floor":11.0,"key":"AttackPotion"},{"floor":14.0,"key":"Toxic Potion"},{"floor":16.0,"key":"AttackPotion"},{"floor":18.0,"key":"Explosive Potion"},{"floor":31.0,"key":"Elixir"},{"floor":33.0,"key":"SteroidPotion"},{"floor":36.0,"key":"Regen Potion"},{"floor":37.0,"key":"Dexterity Potion"},{"floor":41.0,"key":"Energy Potion"},{"floor":45.0,"key":"Dexterity Potion"}],"is_trial":false,"path_per_floor":["M","M","M","?","M","E","M","E","T","R","E","?","R","M","R","B",null,"M","T","?","M","M","R","$","E","T","E","R","T","R","M","R","B",null,"M","M","M","$","M","R","E","T","T","E","M","M","R","$","R","B",null,"R","$","E","B",null],"character_chosen":"THE_BUGKNIGHT","items_purchased":["Vajra","HollowMod:VengefulSpirit","HollowMod:MantisMark","HollowMod:SoulStrike","Grinning Jar","HollowMod:SoulVessel","HollowMod:SoulEater","Lantern","HollowMod:HowlingWraiths","HollowMod:DesolateDive","HollowMod:BaldurShell","Madness","HollowMod:CloakDash","HollowMod:LifebloodCore","HollowMod:BaldurShell","War Paint","HollowMod:DelicateFlower","HollowMod:SlysStrikes","Counterbalance","Frozen Eye","Strength Potion"],"campfire_rested":0,"item_purchase_floors":[0,0,0,0,0,0,0,0,0,0,0,0,0,0,0,0,0,0,48,48,48],"current_hp_per_floor":[19,19,24,13,20,20,26,32,32,32,44,44,44,44,44,41,75,75,75,75,75,75,75,75,75,75,75,75,75,75,71,71,75,75,75,75,75,75,75,75,75,75,75,75,75,75,75,75,75,75,75,75,75,75,75],"gold":125,"neow_bonus":"","is_daily":false,"chose_seed":false,"campfire_upgraded":10,"win_rate":0.0,"timestamp":1611973238,"path_taken":["M","M","M","?","M","E","M","E","T","R","E","?","R","M","R","BOSS","M","?","?","M","M","R","$","E","T","E","R","?","R","M","R","BOSS","M","?","?","$","M","R","E","?","T","E","M","?","R","$","R","BOSS","R","$","E","BOSS"],"items_purchased_type":["Relic","Card","Card","Card","Relic","Card","Card","Relic","Card","Card","Card","Card","Card","Card","Card","Relic","Relic","Card","Relic","Relic","Potion"],"build_version":"2020-12-22","purchased_purges":9,"victory":true,"max_hp_per_floor":[75,75,75,75,75,75,75,75,75,75,75,75,75,75,75,75,75,75,75,75,75,75,75,75,75,75,75,75,75,75,75,75,75,75,75,75,75,75,75,75,75,75,75,75,75,75,75,75,75,75,75,75,75,75,75],"card_choices":[{"not_picked":["HollowMod:InfectedCysts","HollowMod:CloakDash"],"picked":"HollowMod:HuntersJournal","floor":1.0},{"not_picked":["HollowMod:TaintedHusks","HollowMod:NewJinnsSoul","HollowMod:FallenFury"],"picked":"SKIP","floor":2.0},{"not_picked":["HollowMod:LuriensSpire","HollowMod:CloakDash"],"picked":"HollowMod:SoulStrike","floor":3.0},{"not_picked":["HollowMod:SoulStrike","HollowMod:DescendingDark","HollowMod:RecoilStrike"],"picked":"SKIP","floor":5.0},{"not_picked":["HollowMod:MidwifesHunger","HollowMod:PaleKingsBlessing","HollowMod:VengefulSpirit"],"picked":"SKIP","floor":6.0},{"not_picked":["HollowMod:NewJinnsSoul","HollowMod:SoulStrike","HollowMod:CycloneSlash"],"picked":"SKIP","floor":7.0},{"not_picked":["HollowMod:GrimmsGift","HollowMod:VoidDash","HollowMod:CornifersMapStart"],"picked":"SKIP","floor":8.0},{"not_picked":["HollowMod:GreatSlash","HollowMod:CornifersMapStart"],"picked":"HollowMod:MonomonsArchive","floor":11.0},{"not_picked":["HollowMod:NewGlowingWomb","HollowMod:RecoilStrike","HollowMod:WraithStrike"],"picked":"SKIP","floor":14.0},{"not_picked":["HollowMod:ZotesMagnificence","HollowMod:theNailsmith"],"picked":"HollowMod:SoulMaster","floor":16.0},{"not_picked":["HollowMod:NewLittleFool+1","HollowMod:CrystalDash","HollowMod:SiblingsShadow"],"picked":"SKIP","floor":18.0},{"not_picked":["HollowMod:CloakDash","HollowMod:ShadowDash","HollowMod:SiblingsShadow+1"],"picked":"SKIP","floor":21.0},{"not_picked":["HollowMod:CloakDash","HollowMod:CycloneSlash"],"picked":"HollowMod:ChannelNail","floor":22.0},{"not_picked":["HollowMod:SharpenedShadows","HollowMod:PerfectDash","HollowMod:LifebloodCocoon"],"picked":"SKIP","floor":25.0},{"not_picked":["HollowMod:SiblingsSouls","HollowMod:FallenFury","HollowMod:InfectionAssault"],"picked":"SKIP","floor":27.0},{"not_picked":["HollowMod:WraithStrike","HollowMod:MonomonsArchive+1","HollowMod:InfectedCysts"],"picked":"SKIP","floor":31.0},{"not_picked":["HollowMod:SoulEater+1","HollowMod:SoulVessel","HollowMod:DoubleDash+1"],"picked":"SKIP","floor":35.0},{"not_picked":["HollowMod:MothsMistake","HollowMod:SiblingsShadow+1","HollowMod:NewLittleFool"],"picked":"SKIP","floor":36.0},{"not_picked":["HollowMod:SiblingsSouls","HollowMod:GoodIntentions+1","HollowMod:DreamGate+1"],"picked":"SKIP","floor":37.0},{"not_picked":["HollowMod:DashSlash","HollowMod:DescendingDark+1","HollowMod:SoulStrike+1"],"picked":"SKIP","floor":39.0},{"not_picked":["HollowMod:ShapeofUnn+1","HollowMod:VengefulSpirit","HollowMod:theNailsmith"],"picked":"SKIP","floor":41.0},{"not_picked":["HollowMod:CornifersMapStart","HollowMod:WhiteLadysBlessing","HollowMod:ChannelNail+1"],"picked":"SKIP","floor":44.0},{"not_picked":["HollowMod:HeavyBlow","HollowMod:NewJinnsSoul+1","HollowMod:InfectedAttack"],"picked":"SKIP","floor":45.0},{"not_picked":["HollowMod:Grubsong","HollowMod:SiblingsSouls","HollowMod:DashSlash+1"],"picked":"SKIP","floor":46.0},{"not_picked":["HollowMod:CycloneSlash+1","HollowMod:VoidDash","HollowMod:HornetsHelp"],"picked":"SKIP","floor":54.0}],"player_experience":280680,"relics_obtained":[{"floor":6.0,"key":"Replay:Accelerometer"},{"floor":8.0,"key":"Potion Belt"},{"floor":11.0,"key":"Kunai"},{"floor":19.0,"key":"HollowMod:MillibellesNoteRelic"},{"floor":25.0,"key":"Old Coin"},{"floor":26.0,"key":"Iron Hammer"},{"floor":27.0,"key":"Tiny Chest"},{"floor":29.0,"key":"Garlic"},{"floor":41.0,"key":"Replay:Wax Seal"},{"floor":42.0,"key":"Replay:Bottled Eggs"},{"floor":43.0,"key":"Centennial Puzzle"},{"floor":44.0,"key":"Pen Nib"},{"floor":54.0,"key":"Orichalcum"}],"event_choices":[{"damage_healed":0.0,"max_hp_gain":0.0,"max_hp_loss":0.0,"gold_gain":75.0,"event_name":"World of Goop","player_choice":"Gather Gold","floor":4.0,"gold_loss":0.0,"damage_taken":11.0},{"damage_healed":0.0,"max_hp_gain":0.0,"max_hp_loss":0.0,"gold_gain":0.0,"event_name":"Transmorgrifier","player_choice":"Ignored","floor":12.0,"gold_loss":0.0,"damage_taken":0.0}],"is_beta":false,"boss_relics":[{"not_picked":["Abe\u0027s Treasure","ChewingGum"],"picked":"Coffee Dripper"},{"not_picked":["Honey Jar","Replay:Grab Bag","Painkiller Herb"]}],"items_purged_floors":[0,0,0,0,0,0,0,0,48],"is_endless":false,"potions_floor_spawned":[2,6,11,14,16,18,31,33,36,37,41,45],"ascension_level":3}}