{"host":"88sw61cmk1203zgj","time":1611974122,"event":{"mods":["BaseMod","Minty Spire (QoL Compilation)"],"gold_per_floor":[117,135,152,167,167,197,197,210,233,265,265,342,352,379,379,483,483,496,513,438,537,555,555,580,580,607,637,637,117,117,146,146,248,248,268,268,281,281,281,281,311,311,360,360,376,376,78,91,91,91,91,91,44,74,74,74],"floor_reached":55,"language":"ENG","playtime":5632,"items_purged":["Zap","Strike_B"],"score":1269,"play_id":"550bea10-528a-43c0-9fb9-99bda41d5d2f","local_time":"20210129213522","is_ascension_mode":true,"campfire_choices":[{"data":"Chill","floor":7.0,"key":"SMITH"},{"data":"Skim","floor":11.0,"key":"SMITH"},{"floor":15.0,"key":"REST"},{"data":"Hologram","floor":23.0,"key":"SMITH"},{"floor":25.0,"key":"REST"},{"floor":32.0,"key":"REST"},{"data":"Beam Cell","floor":40,"key":"SMITH"},{"data":"Reinforced Body","floor":42,"key":"SMITH"},{"floor":46,"key":"REST"},{"floor":49,"key":"RECALL"},{"floor":52,"key":"REST"}],"circlet_count":0,"master_deck":["AscendersBane","Defend_B","Defend_B","Defend_B","Dualcast","Gash","Gash","Skim+1","Chill+1","Gash","Rebound","Cold Snap","Hologram+1","All For One","Auto Shields","Capacitor+1","Reinforced Body+1","Biased Cognition","Machine Learning","Beam Cell+1","Go for the Eyes+1","Madness","Madness","Redo+1","Go for the Eyes+1","Gash","Reprogram+1","Steam"],"relics":["Cracked Core","Ancient Tea Set","StrikeDummy","Strawberry","Blood Vial","Singing Bowl","Juzu Bracelet","Sozu","Bottled Lightning","MealTicket","Girya","Lee\u0027s Waffle","FossilizedHelix","PreservedInsect","Empty Cage","Symbiotic Virus","Orichalcum","Orrery","Gremlin Horn"],"acts_visited":["Exordium","TheCity","TheBeyond","TheEnding"],"potions_floor_usage":[55],"damage_taken":[{"damage":1.0,"enemies":"Cultist","floor":1.0,"turns":4.0},{"damage":2.0,"enemies":"Jaw Worm","floor":2.0,"turns":4.0},{"damage":7.0,"enemies":"Small Slimes","floor":3.0,"turns":3.0},{"damage":6.0,"enemies":"3 Louse","floor":4.0,"turns":4.0},{"damage":13.0,"enemies":"3 Sentries","floor":6.0,"turns":11.0},{"damage":0.0,"enemies":"2 Fungi Beasts","floor":8.0,"turns":3.0},{"damage":16.0,"enemies":"Lagavulin","floor":10.0,"turns":6.0},{"damage":0.0,"enemies":"Exordium Thugs","floor":13.0,"turns":4.0},{"damage":23.0,"enemies":"Gremlin Nob","floor":14.0,"turns":4.0},{"damage":8.0,"enemies":"Slime Boss","floor":16.0,"turns":8.0},{"damage":13.0,"enemies":"2 Thieves","floor":18.0,"turns":3.0},{"damage":0.0,"enemies":"3 Byrds","floor":19.0,"turns":5.0},{"damage":8.0,"enemies":"Cultist and Chosen","floor":22.0,"turns":3.0},{"damage":43.0,"enemies":"Slavers","floor":24.0,"turns":7.0},{"damage":31.0,"enemies":"Book of Stabbing","floor":27.0,"turns":5.0},{"damage":62.0,"enemies":"Gremlin Leader","floor":31.0,"turns":7.0},{"damage":66,"enemies":"Automaton","floor":33,"turns":10},{"damage":0,"enemies":"3 Shapes","floor":35,"turns":5},{"damage":0,"enemies":"Orb Walker","floor":37,"turns":4},{"damage":0,"enemies":"Giant Head","floor":41,"turns":6},{"damage":39,"enemies":"Spire Growth","floor":45,"turns":4},{"damage":0,"enemies":"Transient","floor":48,"turns":5},{"damage":65,"enemies":"Time Eater","floor":50,"turns":9},{"damage":64,"enemies":"Shield and Spear","floor":54,"turns":6},{"damage":75,"enemies":"The Heart","floor":55,"turns":3}],"seed_played":"776772546586729050","potions_obtained":[{"floor":3.0,"key":"Energy Potion"},{"floor":6.0,"key":"BlessingOfTheForge"},{"floor":10.0,"key":"FocusPotion"},{"floor":13.0,"key":"FairyPotion"}],"is_trial":false,"path_per_floor":["M","M","M","M","?","E","R","M","T","E","R","T","M","E","R","B",null,"M","M","?","?","M","R","E","R","T","E","?","$","?","E","R","B",null,"M","?","M","?","?","R","E","R","T","?","M","R","$","M","R","B",null,"R","$","E","B"],"character_chosen":"DEFECT","items_purchased":["Lee\u0027s Waffle","FossilizedHelix","Orrery","Gash","Steam"],"campfire_rested":5,"item_purchase_floors":[29,29,47,47,53],"current_hp_per_floor":[67,65,58,52,75,62,62,62,69,53,53,53,55,36,61,55,77,66,68,68,68,64,64,23,48,48,19,19,93,93,33,61,28,78,82,82,84,84,84,84,86,86,86,74,39,68,89,91,91,28,86,105,105,43,0,0],"gold":74,"neow_bonus":"RANDOM_COMMON_RELIC","is_daily":false,"chose_seed":false,"campfire_upgraded":5,"win_rate":0.0,"timestamp":1611974122,"path_taken":["M","M","M","?","?","E","R","M","T","E","R","?","M","E","R","BOSS","M","M","?","?","M","R","E","R","T","E","?","$","?","E","R","BOSS","M","?","M","?","?","R","E","R","T","?","M","R","$","M","R","BOSS","R","$","E","BOSS"],"items_purchased_type":["Relic","Relic","Relic","Card","Card"],"build_version":"2020-12-22","purchased_purges":2,"victory":false,"max_hp_per_floor":[75,75,75,75,75,75,75,75,82,82,82,82,82,84,84,84,84,84,84,84,84,86,86,86,86,86,86,86,93,93,95,95,95,95,97,97,97,97,97,97,97,97,97,97,99,99,105,105,105,105,105,105,105,107,107,107],"card_choices":[{"not_picked":["Rebound","Storm"],"picked":"Gash","floor":1.0},{"not_picked":["Stack","Fusion"],"picked":"Gash","floor":2.0},{"not_picked":["Barrage","Ball Lightning"],"picked":"Skim","floor":3.0},{"not_picked":["Cold Snap","Turbo"],"picked":"Chill","floor":4.0},{"not_picked":["Compile Driver","Coolheaded"],"picked":"Gash","floor":6.0},{"not_picked":["Capacitor","Meteor Strike"],"picked":"Rebound","floor":8.0},{"not_picked":["Barrage","Tempest"],"picked":"Cold Snap","floor":10.0},{"not_picked":["Cold Snap","Redo"],"picked":"Hologram","floor":13.0},{"not_picked":["Sweeping Beam","Rebound","Leap"],"picked":"Singing Bowl","floor":14.0},{"not_picked":["Rainbow","Machine Learning"],"picked":"All For One","floor":16.0},{"not_picked":["Cold Snap","White Noise+1"],"picked":"Auto Shields","floor":18.0},{"not_picked":["Melter","Stack"],"picked":"Capacitor+1","floor":19.0},{"not_picked":["Heatsinks","Compile Driver","Barrage"],"picked":"Singing Bowl","floor":22.0},{"not_picked":["Darkness","Buffer"],"picked":"Conserve Battery+1","floor":24.0},{"not_picked":["Aggregate","Hologram"],"picked":"Reinforced Body","floor":27.0},{"not_picked":["Thunder Strike","Leap","Double Energy"],"picked":"Singing Bowl","floor":31.0},{"not_picked":["Amplify","Multi-Cast"],"picked":"Machine Learning","floor":33},{"not_picked":["Conserve Battery","Rip and Tear","Blizzard+1"],"picked":"Singing Bowl","floor":35},{"not_picked":["Compile Driver","Stack"],"picked":"Beam Cell","floor":37},{"not_picked":["Self Repair+1","Turbo+1"],"picked":"Go for the Eyes+1","floor":41},{"not_picked":["Rebound","Gash","Recycle"],"picked":"Singing Bowl","floor":45},{"not_picked":["Sunder+1","Melter+1"],"picked":"Redo+1","floor":47},{"not_picked":["Auto Shields+1","Compile Driver"],"picked":"Go for the Eyes+1","floor":47},{"not_picked":["Go for the Eyes+1","Leap","Heatsinks"],"picked":"Singing Bowl","floor":47},{"not_picked":["Compile Driver","Rebound","Stack+1"],"picked":"Singing Bowl","floor":47},{"not_picked":["Aggregate","Reboot","Sweeping Beam+1"],"picked":"Singing Bowl","floor":47},{"not_picked":["Heatsinks","FTL"],"picked":"Reprogram+1","floor":48},{"not_picked":["Sweeping Beam","Rebound+1","Streamline+1"],"picked":"Singing Bowl","floor":54}],"player_experience":1532699,"relics_obtained":[{"floor":6.0,"key":"StrikeDummy"},{"floor":9.0,"key":"Strawberry"},{"floor":10.0,"key":"Blood Vial"},{"floor":12.0,"key":"Singing Bowl"},{"floor":14.0,"key":"Juzu Bracelet"},{"floor":24.0,"key":"Bottled Lightning"},{"floor":27.0,"key":"MealTicket"},{"floor":31.0,"key":"PreservedInsect"},{"floor":41,"key":"Symbiotic Virus"},{"floor":43,"key":"Orichalcum"},{"floor":54,"key":"Gremlin Horn"}],"event_choices":[{"damage_healed":25.0,"max_hp_gain":0.0,"max_hp_loss":0.0,"gold_gain":0.0,"event_name":"Big Fish","player_choice":"Banana","floor":5.0,"gold_loss":0.0,"damage_taken":0.0},{"cards_removed":["Strike_B"],"damage_healed":0.0,"max_hp_gain":0.0,"max_hp_loss":0.0,"gold_gain":0.0,"event_name":"Beggar","player_choice":"Gave Gold","floor":20.0,"gold_loss":75.0,"damage_taken":0.0},{"damage_healed":0.0,"max_hp_gain":0.0,"max_hp_loss":0.0,"gold_gain":99.0,"event_name":"Nest","player_choice":"Stole From Cult","floor":21.0,"gold_loss":0.0,"damage_taken":0.0},{"damage_healed":0.0,"max_hp_gain":0.0,"max_hp_loss":0.0,"gold_gain":0.0,"event_name":"The Mausoleum","player_choice":"Opened","floor":28.0,"gold_loss":0.0,"damage_taken":0.0,"relics_obtained":["Girya"]},{"damage_healed":0.0,"max_hp_gain":0.0,"max_hp_loss":0.0,"gold_gain":0.0,"cards_transformed":["Defend_B"],"event_name":"Transmorgrifier","player_choice":"Transformed","floor":30.0,"gold_loss":0.0,"damage_taken":0.0,"cards_obtained":["Biased Cognition"]},{"damage_healed":0,"gold_gain":0,"player_choice":"Ignored","damage_taken":0,"max_hp_gain":0,"max_hp_loss":0,"event_name":"SecretPortal","floor":36,"gold_loss":0},{"cards_removed":["Conserve Battery"],"damage_healed":0,"gold_gain":0,"player_choice":"Removed Skill","damage_taken":0,"max_hp_gain":0,"max_hp_loss":0,"event_name":"Falling","floor":38,"gold_loss":0},{"damage_healed":0,"gold_gain":0,"player_choice":"Ignored","damage_taken":0,"max_hp_gain":0,"max_hp_loss":0,"event_name":"Tomb of Lord Red Mask","floor":39,"gold_loss":0},{"damage_healed":0,"gold_gain":0,"player_choice":"Embrace Madness","damage_taken":12,"max_hp_gain":0,"max_hp_loss":0,"event_name":"Winding Halls","floor":44,"gold_loss":0,"cards_obtained":["Madness","Madness"]}],"is_beta":false,"boss_relics":[{"not_picked":["Coffee Dripper","Calling Bell"],"picked":"Sozu"},{"not_picked":["Astrolabe","Velvet Choker"],"picked":"Empty Cage"}],"items_purged_floors":[29,47],"is_endless":false,"potions_floor_spawned":[3,6,10,13,16,22,24,27,33,41,45],"killed_by":"The Heart","ascension_level":12}}