{"host":"i2s4iw62z1dejrqn","time":1611992663,"event":{"mods":["AchievementEnabler","BaseMod","Minty Spire (QoL Compilation)","Random Character Button","SuperFastMode"],"gold_per_floor":[113,93,104,116,134,163,163,163,186,186,221,221,221,248,248,248,248],"floor_reached":16,"language":"KOR","playtime":686,"items_purged":[],"score":159,"play_id":"3df1d26f-b007-4bc0-9670-f0e285b7eee6","local_time":"20210130164423","is_ascension_mode":true,"campfire_choices":[{"floor":8,"key":"REST"},{"data":"Berserk","floor":10,"key":"SMITH"},{"floor":12,"key":"REST"},{"data":"Brutality","floor":15,"key":"SMITH"}],"circlet_count":0,"master_deck":["Strike_R","Strike_R","Strike_R","Strike_R","Defend_R","Defend_R","Defend_R","Defend_R","Bash","Burning Pact","Body Slam","Inflame","Berserk+1","Brutality+1"],"relics":["Burning Blood","Ginger","Regal Pillow","MealTicket","Bag of Preparation","Frozen Egg 2"],"acts_visited":["Exordium"],"potions_floor_usage":[6,6,6,14,14,16],"damage_taken":[{"damage":8,"enemies":"2 Louse","floor":1,"turns":3},{"damage":1,"enemies":"Cultist","floor":3,"turns":4},{"damage":5,"enemies":"Small Slimes","floor":4,"turns":3},{"damage":18,"enemies":"Red Slaver","floor":5,"turns":3},{"damage":37,"enemies":"Lagavulin","floor":6,"turns":7},{"damage":50,"enemies":"3 Sentries","floor":11,"turns":10},{"damage":26,"enemies":"Lagavulin","floor":14,"turns":7},{"damage":60,"enemies":"Slime Boss","floor":16,"turns":7}],"seed_played":"1023372712896686831","potions_obtained":[{"floor":1,"key":"HeartOfIron"},{"floor":2,"key":"Regen Potion"},{"floor":4,"key":"Energy Potion"},{"floor":6,"key":"ElixirPotion"},{"floor":13,"key":"Weak Potion"},{"floor":13,"key":"Swift Potion"},{"floor":13,"key":"BloodPotion"},{"floor":14,"key":"Ancient Potion"}],"is_trial":false,"path_per_floor":["M","?","M","M","M","E","?","R","T","R","E","R","?","E","R","B"],"character_chosen":"IRONCLAD","items_purchased":[],"campfire_rested":2,"item_purchase_floors":[],"current_hp_per_floor":[49,49,54,55,43,27,20,59,59,59,15,54,54,50,50,0,0],"gold":248,"neow_bonus":"ONE_RARE_RELIC","is_daily":false,"chose_seed":false,"campfire_upgraded":2,"win_rate":0.0,"timestamp":1611992663,"path_taken":["M","?","?","M","M","E","?","R","T","R","E","R","?","E","R","BOSS"],"items_purchased_type":[],"build_version":"2020-12-22","purchased_purges":0,"victory":false,"max_hp_per_floor":[80,80,80,80,80,80,80,80,80,80,80,80,80,80,80,80,80],"card_choices":[{"not_picked":["Rupture","Perfected Strike","Sword Boomerang"],"picked":"SKIP","floor":1},{"not_picked":["Rampage","Iron Wave"],"picked":"Burning Pact","floor":3},{"not_picked":["Seeing Red","Flex"],"picked":"Body Slam","floor":4},{"not_picked":["Heavy Blade","Pommel Strike"],"picked":"Inflame","floor":5},{"not_picked":["Shrug It Off","Blood for Blood"],"picked":"Berserk","floor":6},{"not_picked":["Second Wind","Blood for Blood"],"picked":"Brutality","floor":11},{"not_picked":["Cleave","Rampage","Dropkick"],"picked":"SKIP","floor":14}],"player_experience":441722,"relics_obtained":[{"floor":6,"key":"Regal Pillow"},{"floor":9,"key":"MealTicket"},{"floor":11,"key":"Bag of Preparation"},{"floor":14,"key":"Frozen Egg 2"}],"event_choices":[{"damage_healed":0,"gold_gain":0,"player_choice":"Bought 1 Potion","damage_taken":0,"max_hp_gain":0,"max_hp_loss":0,"event_name":"The Woman in Blue","floor":2,"gold_loss":0},{"cards_removed":["Strike_R"],"damage_healed":0,"gold_gain":0,"player_choice":"Card Removal","damage_taken":7,"max_hp_gain":0,"max_hp_loss":0,"event_name":"Golden Wing","floor":7,"gold_loss":0},{"damage_healed":0,"gold_gain":0,"player_choice":"Got Potions","damage_taken":0,"max_hp_gain":0,"max_hp_loss":0,"event_name":"Lab","floor":13,"gold_loss":0}],"is_beta":false,"boss_relics":[],"items_purged_floors":[],"is_endless":false,"potions_floor_spawned":[1,4,6,14],"killed_by":"Slime Boss","ascension_level":7}}