{"host":"vhvubw4jk4f204qs","time":1611971008,"event":{"mods":["AchievementEnabler","BaseMod","DeckTracker","GifTheSpireLib","Minty Spire (QoL Compilation)","Permanent Neow","Quick Restart","StSLib","SuperFastMode","The IronCluck","slay the spire mod where everything is the same but ironclad has a cowboy hat"],"gold_per_floor":[117,117,131,144,155,155,185,29,29,40,70,70,83,117,117,212,512,528,47,47,47,8,38,38,71,140,156,12,12,43,0,0,103,103,123,136,136,150,164,195,195,221,221,248,260,310,343,357,357,357],"floor_reached":51,"language":"ENG","playtime":3549,"items_purged":["Strike_R"],"score":1177,"play_id":"58c6eb70-1682-443d-86ae-37e40ae90343","local_time":"20210129204328","is_ascension_mode":true,"campfire_choices":[{"data":"Wild Strike","floor":6.0,"key":"SMITH"},{"floor":12.0,"key":"REST"},{"floor":15.0,"key":"REST"},{"data":"Warcry","floor":24,"key":"SMITH"},{"floor":29,"key":"REST"},{"floor":32,"key":"REST"},{"data":"Exhume","floor":41,"key":"SMITH"},{"data":"True Grit","floor":49,"key":"SMITH"}],"circlet_count":0,"master_deck":["Strike_R","Strike_R","Strike_R","Strike_R","Defend_R","Defend_R","Defend_R","Defend_R","Bash","Cleave","Wild Strike+1","Evolve","Inflame","Immolate","Combust+1","Feel No Pain+1","Power Through","Pommel Strike","Juggernaut+1","CurseOfTheBell","Power Through","Violence","Warcry+1","RitualDagger","Feel No Pain+1","Infernal Blade+1","True Grit+1","True Grit+1","Corruption+1","Seeing Red","Warcry+1","Madness","Madness","Seeing Red+1","Exhume+1","Second Wind+1","Parasite","Exhume","Body Slam+1","True Grit+1"],"relics":["Burning Blood","Champion Belt","Singing Bowl","Frozen Egg 2","Orichalcum","Bag of Marbles","Calling Bell","Anchor","Letter Opener","Old Coin","Membership Card","Dead Branch","Blood Vial","Girya","Blue Candle","TungstenRod","CaptainsWheel","Cursed Key","Mercury Hourglass","Du-Vu Doll","Pantograph","War Paint","Calipers","Ginger"],"acts_visited":["Exordium","TheCity","TheBeyond"],"potions_floor_usage":[23,23,25,33,50,50],"damage_taken":[{"damage":9.0,"enemies":"2 Louse","floor":1.0,"turns":3.0},{"damage":4.0,"enemies":"Cultist","floor":3.0,"turns":3.0},{"damage":9.0,"enemies":"Jaw Worm","floor":4.0,"turns":2.0},{"damage":15.0,"enemies":"2 Fungi Beasts","floor":5.0,"turns":3.0},{"damage":51.0,"enemies":"Lagavulin","floor":7.0,"turns":6.0},{"damage":11.0,"enemies":"Exordium Wildlife","floor":10.0,"turns":3.0},{"damage":15.0,"enemies":"3 Sentries","floor":11.0,"turns":5.0},{"damage":11.0,"enemies":"Large Slime","floor":13.0,"turns":4.0},{"damage":16.0,"enemies":"Gremlin Nob","floor":14.0,"turns":4.0},{"damage":39.0,"enemies":"Hexaghost","floor":16.0,"turns":12.0},{"damage":1.0,"enemies":"3 Byrds","floor":18.0,"turns":2.0},{"damage":40,"enemies":"Gremlin Leader","floor":23,"turns":6},{"damage":29,"enemies":"Slavers","floor":25,"turns":3},{"damage":1,"enemies":"Chosen","floor":27,"turns":3},{"damage":29,"enemies":"Book of Stabbing","floor":30,"turns":5},{"damage":43,"enemies":"Champ","floor":33,"turns":14},{"damage":7,"enemies":"3 Darklings","floor":35,"turns":4},{"damage":0,"enemies":"3 Shapes","floor":36,"turns":3},{"damage":0,"enemies":"3 Darklings","floor":38,"turns":2},{"damage":2,"enemies":"4 Shapes","floor":39,"turns":4},{"damage":38,"enemies":"Nemesis","floor":40,"turns":3},{"damage":4,"enemies":"Giant Head","floor":42,"turns":5},{"damage":20,"enemies":"Nemesis","floor":44,"turns":5},{"damage":0,"enemies":"Transient","floor":45,"turns":5},{"damage":10,"enemies":"Mind Bloom Boss Battle","floor":46,"turns":4},{"damage":7,"enemies":"Reptomancer","floor":47,"turns":4},{"damage":2,"enemies":"Sphere and 2 Shapes","floor":48,"turns":3},{"damage":22,"enemies":"Awakened One","floor":50,"turns":2}],"seed_played":"8902276580523767679","potions_obtained":[{"floor":3.0,"key":"ElixirPotion"},{"floor":7.0,"key":"Energy Potion"},{"floor":11.0,"key":"EssenceOfSteel"},{"floor":13.0,"key":"DuplicationPotion"},{"floor":16.0,"key":"FearPotion"},{"floor":18.0,"key":"EssenceOfSteel"},{"floor":25,"key":"Dexterity Potion"},{"floor":33,"key":"DuplicationPotion"},{"floor":38,"key":"Dexterity Potion"},{"floor":40,"key":"LiquidBronze"},{"floor":48,"key":"LiquidBronze"}],"is_trial":false,"path_per_floor":["M","?","M","M","M","R","E","$","T","M","E","R","M","E","R","B",null,"M","$","?","?","$","E","R","E","T","M","$","R","E","?","R","B",null,"M","M","?","M","M","E","R","E","T","E","M","?","E","M","R","B",null],"character_chosen":"IRONCLAD","items_purchased":["Immolate","Membership Card","Dead Branch","Violence","Warcry","PowerPotion","Feel No Pain+1","TungstenRod"],"campfire_rested":4,"item_purchase_floors":[8,19,19,19,19,19,22,28],"current_hp_per_floor":[77,77,79,76,67,67,22,22,22,17,8,32,27,17,41,8,80,80,80,80,74,74,40,40,19,19,26,26,50,31,31,55,20,82,81,82,73,83,84,52,52,56,56,44,52,75,78,86,86,72],"gold":357,"neow_bonus":"ONE_RARE_RELIC","is_daily":false,"chose_seed":false,"campfire_upgraded":4,"win_rate":0.0,"timestamp":1611971008,"path_taken":["M","?","M","?","M","R","E","$","T","M","E","R","M","E","R","BOSS","M","$","?","?","$","E","R","E","T","M","?","R","E","?","R","BOSS","M","M","?","M","M","E","R","E","T","E","M","?","E","M","R","BOSS"],"items_purchased_type":["Card","Relic","Relic","Card","Card","Potion","Card","Relic"],"build_version":"2020-12-22","purchased_purges":1,"victory":true,"max_hp_per_floor":[80,80,80,80,80,80,80,80,80,80,80,80,80,80,80,80,80,80,80,80,80,80,80,80,80,80,80,80,80,82,82,82,82,82,82,82,82,84,84,84,84,84,84,84,84,84,86,88,88,88],"card_choices":[{"not_picked":["Hemokinesis","Headbutt"],"picked":"Cleave","floor":1.0},{"not_picked":["Clash","Sword Boomerang"],"picked":"Wild Strike","floor":3.0},{"not_picked":["Perfected Strike","Anger"],"picked":"Evolve","floor":4.0},{"not_picked":["Anger","Infernal Blade","Intimidate"],"picked":"SKIP","floor":5.0},{"not_picked":["Blood for Blood","Disarm"],"picked":"Inflame","floor":7.0},{"not_picked":["Thunderclap","Metallicize+1"],"picked":"Combust+1","floor":10.0},{"not_picked":["Disarm","Burning Pact"],"picked":"Feel No Pain+1","floor":11.0},{"not_picked":["Anger","Thunderclap"],"picked":"Power Through","floor":13.0},{"not_picked":["Iron Wave","Headbutt"],"picked":"Pommel Strike","floor":14.0},{"not_picked":["Bludgeon","Reaper"],"picked":"Juggernaut+1","floor":16.0},{"not_picked":["Twin Strike","Warcry"],"picked":"Power Through","floor":18.0},{"not_picked":["Havoc","Body Slam+1"],"picked":"Infernal Blade+1","floor":23},{"not_picked":["Flex","Double Tap"],"picked":"True Grit","floor":25},{"not_picked":["Headbutt","Ghostly Armor"],"picked":"True Grit+1","floor":27},{"not_picked":["Shockwave","Heavy Blade","Shrug It Off"],"picked":"Singing Bowl","floor":30},{"not_picked":["Barricade+1","Limit Break"],"picked":"Corruption+1","floor":33},{"not_picked":["Shrug It Off+1","Pommel Strike+1"],"picked":"Seeing Red","floor":35},{"not_picked":["Headbutt+1","Cleave+1"],"picked":"Warcry","floor":36},{"not_picked":["Headbutt+1","Sword Boomerang","Battle Trance+1"],"picked":"Singing Bowl","floor":38},{"not_picked":["Spot Weakness","Thunderclap"],"picked":"Seeing Red+1","floor":39},{"not_picked":["Heavy Blade+1","Body Slam+1"],"picked":"Exhume","floor":40},{"not_picked":["Perfected Strike+1","Cleave"],"picked":"Second Wind+1","floor":42},{"not_picked":["Shrug It Off","Rupture+1"],"picked":"Exhume","floor":44},{"not_picked":["Anger+1","Flex"],"picked":"Body Slam+1","floor":45},{"not_picked":["Power Through","Pommel Strike+1"],"picked":"True Grit","floor":46},{"not_picked":["Shrug It Off","Clash","Iron Wave+1"],"picked":"Singing Bowl","floor":47},{"not_picked":["Havoc","Armaments+1","Cleave"],"picked":"Singing Bowl","floor":48}],"player_experience":739398,"relics_obtained":[{"floor":7.0,"key":"Singing Bowl"},{"floor":9.0,"key":"Frozen Egg 2"},{"floor":11.0,"key":"Orichalcum"},{"floor":14.0,"key":"Bag of Marbles"},{"floor":17.0,"key":"Anchor"},{"floor":17.0,"key":"Letter Opener"},{"floor":17.0,"key":"Old Coin"},{"floor":23,"key":"Blood Vial"},{"floor":25,"key":"Girya"},{"floor":26,"key":"Blue Candle"},{"floor":30,"key":"CaptainsWheel"},{"floor":40,"key":"Mercury Hourglass"},{"floor":42,"key":"Du-Vu Doll"},{"floor":43,"key":"Pantograph"},{"floor":44,"key":"War Paint"},{"floor":46,"key":"Calipers"},{"floor":47,"key":"Ginger"}],"event_choices":[{"cards_removed":["Injury"],"damage_healed":0.0,"max_hp_gain":0.0,"max_hp_loss":0.0,"gold_gain":0.0,"event_name":"Fountain of Cleansing","player_choice":"Removed Curses","floor":2.0,"gold_loss":0.0,"damage_taken":0.0},{"damage_healed":0,"gold_gain":0,"player_choice":"Ignored","damage_taken":0,"max_hp_gain":0,"max_hp_loss":0,"event_name":"Ghosts","floor":20,"gold_loss":0},{"damage_healed":0,"gold_gain":0,"player_choice":"Joined the Cult","damage_taken":6,"max_hp_gain":0,"max_hp_loss":0,"event_name":"Nest","floor":21,"gold_loss":0,"cards_obtained":["RitualDagger"]},{"damage_healed":0,"gold_gain":0,"player_choice":"Paid Fearfully","damage_taken":0,"max_hp_gain":0,"max_hp_loss":0,"event_name":"Masked Bandits","floor":31,"gold_loss":43},{"damage_healed":0,"gold_gain":0,"player_choice":"Embrace Madness","damage_taken":10,"max_hp_gain":0,"max_hp_loss":0,"event_name":"Winding Halls","floor":37,"gold_loss":0,"cards_obtained":["Madness","Madness"]},{"damage_healed":0,"gold_gain":0,"player_choice":"Fight","damage_taken":0,"max_hp_gain":0,"max_hp_loss":0,"event_name":"MindBloom","floor":46,"gold_loss":0}],"is_beta":false,"boss_relics":[{"not_picked":["Velvet Choker","Coffee Dripper"],"picked":"Calling Bell"},{"not_picked":["Runic Pyramid","Fusion Hammer"],"picked":"Cursed Key"}],"items_purged_floors":[19],"is_endless":false,"potions_floor_spawned":[3,7,11,13,16,18,25,33,38,40,42,46,48],"ascension_level":4}}