{"host":"hszimsrtxxc2k25w","time":1611985652,"event":{"mods":["AchievementEnabler","BaseMod","Colored Map","DeckTracker","Minty Spire (QoL Compilation)","Rare Cards Sparkle","SuperFastMode"],"gold_per_floor":[114,114,125,125,137,137,187,213,213,87,100,0,0,10,10,85,85,101,118,118,134,134,134,151,151,151,167,181,181,181],"floor_reached":29,"language":"KOR","playtime":773,"items_purged":["Strike_G","Strike_G"],"score":495,"play_id":"e696acb1-9bc8-4080-bfa3-b657cdaece84","local_time":"20210130144732","is_ascension_mode":true,"campfire_choices":[{"data":"Blade Dance","floor":6.0,"key":"SMITH"},{"data":"Envenom","floor":13,"key":"SMITH"},{"data":"Infinite Blades","floor":15,"key":"SMITH"},{"floor":23,"key":"REST"},{"floor":25,"key":"REST"}],"circlet_count":0,"master_deck":["AscendersBane","Strike_G","Strike_G","Defend_G","Defend_G","Defend_G","Defend_G","Defend_G","Survivor","Neutralize+1","Acrobatics","Dash+1","Blade Dance+1","Envenom+1","Dagger Spray","Infinite Blades+1","Finisher","Blur","Expertise"],"relics":["Ring of the Snake","NeowsBlessing","InkBottle","Paper Crane","Sozu","Bag of Marbles"],"acts_visited":["Exordium","TheCity"],"potions_floor_usage":[8,22,22],"damage_taken":[{"damage":0.0,"enemies":"Small Slimes","floor":1.0,"turns":1.0},{"damage":0.0,"enemies":"Cultist","floor":3.0,"turns":1.0},{"damage":0.0,"enemies":"Jaw Worm","floor":5.0,"turns":1.0},{"damage":0,"enemies":"Gremlin Nob","floor":8,"turns":3},{"damage":4,"enemies":"Red Slaver","floor":11,"turns":4},{"damage":4,"enemies":"2 Fungi Beasts","floor":14,"turns":4},{"damage":29,"enemies":"Slime Boss","floor":16,"turns":8},{"damage":12,"enemies":"3 Byrds","floor":18,"turns":5},{"damage":17,"enemies":"Shell Parasite","floor":19,"turns":5},{"damage":25,"enemies":"Shelled Parasite and Fungi","floor":21,"turns":4},{"damage":0,"enemies":"Snecko","floor":22,"turns":3},{"damage":9,"enemies":"Snake Plant","floor":24,"turns":4},{"damage":4,"enemies":"Centurion and Healer","floor":27,"turns":6},{"damage":5,"enemies":"Shelled Parasite and Fungi","floor":28,"turns":7},{"damage":7,"enemies":"Masked Bandits","floor":29,"turns":2}],"seed_played":"-5548795262131284484","potions_obtained":[{"floor":5.0,"key":"SteroidPotion"},{"floor":11,"key":"SmokeBomb"},{"floor":16,"key":"SkillPotion"}],"is_trial":false,"path_per_floor":["M","?","M","?","M","R","?","E","T","$","M","$","R","M","R","B",null,"M","M","?","M","M","R","M","R","T","M","M","?"],"character_chosen":"THE_SILENT","items_purchased":["Dagger Spray"],"campfire_rested":2,"item_purchase_floors":[10],"current_hp_per_floor":[59,59,59,59,59,59,59,59,59,59,55,55,55,51,51,22,55,43,26,26,1,1,20,11,30,30,26,21,14,14],"gold":181,"neow_bonus":"THREE_ENEMY_KILL","is_daily":false,"chose_seed":false,"campfire_upgraded":3,"win_rate":0.0,"timestamp":1611985652,"path_taken":["M","?","?","?","?","R","?","E","T","$","?","$","R","M","R","BOSS","M","M","?","?","M","R","M","R","T","M","M","?"],"items_purchased_type":["Card"],"build_version":"2020-12-22","purchased_purges":2,"victory":false,"max_hp_per_floor":[66,66,66,66,66,66,66,66,66,66,66,66,66,66,66,66,66,66,66,66,66,66,66,66,66,66,66,66,66,66],"card_choices":[{"not_picked":["Dodge and Roll","Backflip"],"picked":"Acrobatics","floor":1.0},{"not_picked":["Dodge and Roll","Blur"],"picked":"Dash","floor":3.0},{"not_picked":["PiercingWail","Quick Slash"],"picked":"Blade Dance","floor":5.0},{"not_picked":["Dagger Throw","Outmaneuver"],"picked":"Envenom","floor":8},{"not_picked":["Blur","Prepared"],"picked":"Infinite Blades","floor":11},{"not_picked":["Underhanded Strike","Blade Dance","PiercingWail"],"picked":"SKIP","floor":14},{"not_picked":["Dodge and Roll","Underhanded Strike","Quick Slash"],"picked":"SKIP","floor":18},{"not_picked":["Quick Slash+1","Tools of the Trade","Deadly Poison"],"picked":"SKIP","floor":19},{"not_picked":["Deflect","Leg Sweep"],"picked":"Finisher","floor":21},{"not_picked":["Prepared","Outmaneuver"],"picked":"Blur","floor":24},{"not_picked":["Slice","Tools of the Trade"],"picked":"Expertise","floor":27},{"not_picked":["Skewer","Deadly Poison","Flying Knee+1"],"picked":"SKIP","floor":28}],"player_experience":653578,"relics_obtained":[{"floor":8,"key":"InkBottle"},{"floor":9,"key":"Paper Crane"},{"floor":26,"key":"Bag of Marbles"}],"event_choices":[{"damage_healed":0.0,"max_hp_gain":0.0,"max_hp_loss":0.0,"gold_gain":0.0,"event_name":"Upgrade Shrine","player_choice":"Upgraded","floor":2.0,"gold_loss":0.0,"damage_taken":0.0,"cards_upgraded":["Neutralize"]},{"damage_healed":0.0,"max_hp_gain":0.0,"max_hp_loss":0.0,"gold_gain":0.0,"event_name":"Accursed Blacksmith","player_choice":"Forge","floor":4.0,"gold_loss":0.0,"damage_taken":0.0,"cards_upgraded":["Dash"]},{"damage_healed":0.0,"max_hp_gain":0.0,"max_hp_loss":0.0,"gold_gain":50.0,"event_name":"Golden Shrine","player_choice":"Pray","floor":7.0,"gold_loss":0.0,"damage_taken":0.0},{"cards_removed":["Strike_G"],"damage_healed":0,"gold_gain":0,"player_choice":"Offered Basic","damage_taken":0,"max_hp_gain":0,"max_hp_loss":0,"event_name":"Bonfire Elementals","floor":20,"gold_loss":0},{"damage_healed":0,"gold_gain":0,"player_choice":"Fought Bandits","damage_taken":0,"max_hp_gain":0,"max_hp_loss":0,"event_name":"Masked Bandits","floor":29,"gold_loss":0}],"is_beta":false,"boss_relics":[{"not_picked":["Ectoplasm","HoveringKite"],"picked":"Sozu"}],"items_purged_floors":[10,12],"is_endless":false,"potions_floor_spawned":[5,11,16,18,19,22],"killed_by":"Masked Bandits","ascension_level":19}}