{"host":"skx52d3x4g37h2em","time":1611996209,"event":{"mods":["Act Like it!","BaseMod","Colored Map","Downfall","Highlight Path","Minty Spire (QoL Compilation)","Quick Restart","Relic Sorter","Replay The Spire","StSLib"],"gold_per_floor":[99,115,115,115,177,177,177,197,197,212,223,223,248,268,286,286,286,286],"floor_reached":16,"language":"ENG","playtime":1081,"items_purged":[],"score":102,"play_id":"e449dfc4-444e-40b7-a231-a625e4a9cd0c","local_time":"20210130114329","is_ascension_mode":false,"campfire_choices":[{"data":"hexamod:Float","floor":1,"key":"SMITH"},{"data":"hexamod:ThermalTransfer","floor":6,"key":"SMITH"},{"data":"hexamod:InspiringFlames","floor":9,"key":"SMITH"}],"circlet_count":0,"master_deck":["hexamod:Strike","hexamod:Strike","hexamod:Strike+1","hexamod:Strike","hexamod:Defend","hexamod:Defend+1","hexamod:Defend+1","hexamod:Defend","hexamod:Sear+1","hexamod:Float+1","hexamod:ThermalTransfer+1","hexamod:InspiringFlames+1","hexamod:FourthSeal","downfall:Malfunctioning","hexamod:SecondSeal","hexamod:SoulSteal","hexamod:GhostflameInferno"],"relics":["hexamod:SpiritBrand","Replay:Kaleidoscope","WingedGreaves","ReplayTheSpireMod:Shallot"],"acts_visited":["Exordium"],"potions_floor_usage":[15,16],"damage_taken":[{"damage":0,"enemies":"Small Slimes","floor":2,"turns":3},{"damage":27,"enemies":"3 Sentries","floor":5,"turns":13},{"damage":0,"enemies":"Jaw Worm","floor":8,"turns":3},{"damage":0,"enemies":"2 Louse","floor":10,"turns":3},{"damage":0,"enemies":"2 Fungi Beasts","floor":11,"turns":3},{"damage":9,"enemies":"3 Sentries","floor":13,"turns":10},{"damage":1,"enemies":"Gremlin Gang","floor":14,"turns":7},{"damage":0,"enemies":"Red Slaver","floor":15,"turns":3},{"damage":53,"enemies":"IC_STATUS_ARCHETYPE","floor":16,"turns":13}],"seed_played":"2692786637065039426","potions_obtained":[{"floor":10,"key":"SmokeBomb"},{"floor":13,"key":"SkillPotion"},{"floor":13,"key":"Adrenaline Potion"},{"floor":15,"key":"bronze:BurnAndBuffPotion"}],"is_trial":false,"path_per_floor":["R","M","?","?","?","R","T","M","R","M","M","?","E","M","M","B"],"character_chosen":"THE_SPIRIT","items_purchased":[],"campfire_rested":0,"item_purchase_floors":[],"current_hp_per_floor":[77,77,77,82,55,55,55,55,55,55,55,55,46,45,45,0,0,0],"gold":286,"neow_bonus":"TEN_PERCENT_HP_BONUS","is_daily":false,"chose_seed":false,"campfire_upgraded":3,"win_rate":0.0,"timestamp":1611996209,"path_taken":["R","M","?","?","?","R","T","M","R","M","?","?","E","M","M","BOSS"],"items_purchased_type":[],"build_version":"2020-12-22","purchased_purges":0,"victory":false,"max_hp_per_floor":[77,77,77,82,82,82,82,82,82,82,82,82,82,82,82,82,82,82],"card_choices":[{"not_picked":["hexamod:GhostShield","hexamod:GhostLash","hexamod:SwordOfDarkness"],"picked":"SKIP","floor":2},{"not_picked":["hexamod:GhostLash","hexamod:EtherealExpedition"],"picked":"hexamod:ThermalTransfer","floor":5},{"not_picked":["hexamod:GhostShield","hexamod:PhantomCloak"],"picked":"hexamod:InspiringFlames","floor":8},{"not_picked":["hexamod:NightmareStrike","hexamod:ThermalTransfer","hexamod:SpectersWail"],"picked":"SKIP","floor":10},{"not_picked":["hexamod:SwordOfDarkness","hexamod:HeatMetal"],"picked":"hexamod:FourthSeal","floor":11},{"not_picked":["hexamod:GhostShield","hexamod:NightmareStrike"],"picked":"hexamod:SecondSeal","floor":13},{"not_picked":["hexamod:ShieldOfDarkness","hexamod:RainOfEmbers"],"picked":"hexamod:SoulSteal","floor":14},{"not_picked":["hexamod:GhostflameBarrier","hexamod:Hexaguard"],"picked":"hexamod:GhostflameInferno","floor":15}],"player_experience":147363,"relics_obtained":[{"floor":7,"key":"WingedGreaves"},{"floor":13,"key":"ReplayTheSpireMod:Shallot"}],"event_choices":[{"damage_healed":0,"gold_gain":0,"player_choice":"Donut","damage_taken":0,"max_hp_gain":5,"max_hp_loss":0,"event_name":"Big Fish","floor":4,"gold_loss":0}],"is_beta":false,"boss_relics":[],"items_purged_floors":[],"is_endless":false,"potions_floor_spawned":[10,13],"killed_by":"IC_STATUS_ARCHETYPE","ascension_level":0}}