{"host":"amvb77pwe2wp6zyc","time":1611972883,"event":{"mods":["2.2 Compatiblity","AchievementEnabler","AlwaysNeverKeys","BaseMod","BetterRewards","Downfall","GifTheSpireLib","Minty Spire (QoL Compilation)","Permanent Neow","Quick Restart","Relic Filter","Shop Mod","StSLib","SuperFastMode","Trackpad"],"gold_per_floor":[99,118,133,144,144,154,201,221,239,259,70,85,85,85,97,97,97,97],"floor_reached":16,"language":"DEU","playtime":2417,"items_purged":["champ:Strike"],"score":96,"play_id":"4d52cbf9-4dbf-4a8b-bc14-a831de2dbd6f","local_time":"20210130031443","is_ascension_mode":false,"campfire_choices":[{"data":"champ:Execute","floor":1.0,"key":"SMITH"},{"data":"champ:FaceSlap","floor":13,"key":"SMITH"}],"circlet_count":0,"master_deck":["champ:Strike","champ:Strike","champ:Strike","champ:Defend","champ:Defend","champ:Defend","champ:Defend","champ:Execute+1","champ:Taunt","champ:FaceSlap+1","champ:BringItOn"],"relics":["champ:ChampionCrown","Unceasing Top","downfall:ShatteredFragment","trackpad:SappingStone","Odd Mushroom","MerchantsRug","White Beast Statue"],"acts_visited":["Exordium"],"potions_floor_usage":[],"damage_taken":[{"damage":10,"enemies":"Cultist","floor":2,"turns":4},{"damage":6,"enemies":"Jaw Worm","floor":3,"turns":5},{"damage":0,"enemies":"2 Louse","floor":4,"turns":2},{"damage":0,"enemies":"2 Fungi Beasts","floor":6,"turns":3},{"damage":10,"enemies":"The Mushroom Lair","floor":8,"turns":4},{"damage":15,"enemies":"Large Slime","floor":9,"turns":5},{"damage":17,"enemies":"Exordium Thugs","floor":10,"turns":4},{"damage":20,"enemies":"downfall:FleeingMerchant","floor":11,"turns":4},{"damage":20,"enemies":"Exordium Wildlife","floor":12,"turns":4},{"damage":23,"enemies":"Lots of Slimes","floor":15,"turns":4},{"damage":85,"enemies":"DF_ARCHETYPE_STREAMLINE","floor":16,"turns":9}],"seed_played":"8596219720216391931","potions_obtained":[{"floor":3,"key":"AttackPotion"},{"floor":4,"key":"Swift Potion"},{"floor":6,"key":"champ:OpenerPotion"},{"floor":15,"key":"AttackPotion"}],"is_trial":false,"path_per_floor":["R","M","M","M","?","M","T","?","M","M","$","M","R","T","M","B"],"character_chosen":"THE_CHAMP","items_purchased":["MerchantsRug"],"campfire_rested":0,"item_purchase_floors":[11],"current_hp_per_floor":[90,90,89,89,62,62,62,62,62,55,55,55,55,55,52,0,0,0],"gold":97,"neow_bonus":"RANDOM_COMMON_RELIC","is_daily":false,"chose_seed":false,"campfire_upgraded":2,"win_rate":0.0,"timestamp":1611972883,"path_taken":["R","M","M","M","?","M","T","?","M","M","$","M","R","?","M","BOSS"],"items_purchased_type":["Relic"],"build_version":"2020-12-22","purchased_purges":1,"victory":false,"max_hp_per_floor":[90,90,90,90,90,90,90,90,90,90,90,90,90,90,90,90,90,90],"card_choices":[{"not_picked":["champ:DefensiveShout","champ:EndlessRage"],"picked":"champ:FaceSlap","floor":2},{"not_picked":["champ:AdrenalArmor","champ:RisingSlash"],"picked":"champ:BringItOn","floor":3},{"not_picked":["champ:TornadoPunch","champ:DefensiveShout","champ:EnGarde"],"picked":"SKIP","floor":4},{"not_picked":["champ:GladiatorStyle","champ:SkillfulDodge","champ:GutPunch"],"picked":"SKIP","floor":6},{"not_picked":["champ:FalseCounter","champ:FaceSlap","champ:Shatter"],"picked":"SKIP","floor":9},{"not_picked":["champ:Haymaker","champ:BringItOn","champ:RecklessLeap"],"picked":"SKIP","floor":10},{"not_picked":["champ:CalledShot","champ:Parry","champ:SwordThrow"],"picked":"SKIP","floor":11},{"not_picked":["champ:BerserkersShout","champ:DefensiveShout","champ:Endure"],"picked":"SKIP","floor":12},{"not_picked":["champ:EnGarde","champ:Haymaker","champ:StanceDance"],"picked":"SKIP","floor":15}],"player_experience":250864,"relics_obtained":[{"floor":7,"key":"trackpad:SappingStone"},{"floor":8,"key":"Odd Mushroom"},{"floor":14,"key":"White Beast Statue"}],"event_choices":[{"damage_healed":0,"gold_gain":0,"player_choice":"Fought Mushrooms","damage_taken":0,"max_hp_gain":0,"max_hp_loss":0,"event_name":"Mushrooms","floor":8,"gold_loss":0}],"is_beta":false,"boss_relics":[],"items_purged_floors":[11],"is_endless":false,"potions_floor_spawned":[3,4,6,9,15],"killed_by":"DF_ARCHETYPE_STREAMLINE","ascension_level":0}}