{"host":"w3znmyy6nqoc7418","time":1611986343,"event":{"mods":["BaseMod","Minty Spire (QoL Compilation)","Replay The Spire","Shop Mod","StSLib"],"gold_per_floor":[118,118,130,130,130,163,179,179,204,239,257,182,182,192,192,295,295,308,325,325,339,352,352,352,352],"floor_reached":24,"language":"ZHS","playtime":818,"items_purged":["Strike_B"],"score":271,"play_id":"75a91561-4569-48ce-a7b0-136b18a89c31","local_time":"20210130135903","is_ascension_mode":true,"campfire_choices":[{"data":"Sunder","floor":8.0,"key":"SMITH"},{"data":"ReplayTheSpireMod:Calculation Training","floor":15.0,"key":"SMITH"},{"data":"ReplayTheSpireMod:Fabricate Wheel","floor":23,"key":"SMITH"}],"circlet_count":0,"master_deck":["Defend_B","Defend_B","Defend_B","Defend_B","Zap","Dualcast","Chill","Time Bomb","Sunder+1","Cold Snap","Turbo","ReplayTheSpireMod:Calculation Training+1","Beam Cell","Buffer","Genetic Algorithm","Barrage","Conserve Battery+1","Amplify"],"relics":["Cracked Core","NeowsBlessing","Bag of Marbles","Durian","Geode","Snecko Eye","Prayer Wheel"],"acts_visited":["Exordium","TheCity"],"potions_floor_usage":[21,21,21],"damage_taken":[{"damage":0.0,"enemies":"Cultist","floor":1.0,"turns":1.0},{"damage":0.0,"enemies":"Small Slimes","floor":3.0,"turns":1.0},{"damage":0.0,"enemies":"Replay:BlueRogue","floor":6.0,"turns":1.0},{"damage":0.0,"enemies":"2 Louse","floor":7.0,"turns":2.0},{"damage":0.0,"enemies":"3 Sentries","floor":10.0,"turns":6.0},{"damage":0.0,"enemies":"Gremlin Gang","floor":11.0,"turns":4.0},{"damage":0.0,"enemies":"Looter","floor":14.0,"turns":1.0},{"damage":29.0,"enemies":"Slime Boss","floor":16.0,"turns":10.0},{"damage":0,"enemies":"2 Thieves","floor":18,"turns":3},{"damage":17,"enemies":"Chosen","floor":19,"turns":5},{"damage":7,"enemies":"Sentry and Sphere","floor":21,"turns":5},{"damage":17,"enemies":"Shelled Parasite and Fungi","floor":22,"turns":5},{"damage":0,"enemies":"Replay:Snechameleon","floor":24,"turns":2}],"seed_played":"-2224653508915790492","potions_obtained":[{"floor":6.0,"key":"Fire Potion"},{"floor":7.0,"key":"EntropicBrew"},{"floor":11.0,"key":"Strength Potion"},{"floor":19,"key":"FocusPotion"},{"floor":21,"key":"EssenceOfDarkness"}],"is_trial":false,"path_per_floor":["M","?","M","?","?","E","M","R","T","E","M","$","T","M","R","B",null,"M","M","?","M","M","R","E"],"character_chosen":"DEFECT","items_purchased":[],"campfire_rested":0,"item_purchase_floors":[],"current_hp_per_floor":[75,75,75,75,75,75,75,75,75,80,80,80,80,80,80,51,80,80,63,63,56,39,39,39,39],"gold":352,"neow_bonus":"THREE_ENEMY_KILL","is_daily":false,"chose_seed":false,"campfire_upgraded":3,"win_rate":0.0,"timestamp":1611986343,"path_taken":["M","?","M","?","?","E","?","R","T","E","M","$","?","M","R","BOSS","M","?","?","M","?","R","E"],"items_purchased_type":[],"build_version":"2020-12-22","purchased_purges":1,"victory":false,"max_hp_per_floor":[75,75,75,75,75,75,75,75,75,80,80,80,80,80,80,80,80,80,80,80,80,80,80,80,80],"card_choices":[{"not_picked":["Steam","Recycle"],"picked":"Chill","floor":1.0},{"not_picked":["Streamline","Ball Lightning"],"picked":"Time Bomb","floor":3.0},{"not_picked":["Sweeping Beam","Compile Driver"],"picked":"Sunder","floor":6.0},{"not_picked":["ReplayTheSpireMod:Repulse","Redo"],"picked":"Cold Snap","floor":7.0},{"not_picked":["Redo","Hyperbeam"],"picked":"Turbo","floor":10.0},{"not_picked":["Gash","ReplayTheSpireMod:GoodbyeWorld"],"picked":"ReplayTheSpireMod:Calculation Training","floor":11.0},{"not_picked":["ReplayTheSpireMod:Repulse","Chill"],"picked":"Beam Cell","floor":14.0},{"not_picked":["Reboot","Amplify"],"picked":"Buffer","floor":16.0},{"not_picked":["Barrage","Turbo","Leap"],"picked":"SKIP","floor":18},{"not_picked":["Capacitor","Barrage+1"],"picked":"Genetic Algorithm","floor":19},{"not_picked":["Sweeping Beam","BasicCrystalCard"],"picked":"Conserve Battery+1","floor":21},{"not_picked":["Hologram","Barrage+1"],"picked":"ReplayTheSpireMod:Fabricate Wheel","floor":22}],"player_experience":71962,"relics_obtained":[{"floor":6.0,"key":"Bag of Marbles"},{"floor":10.0,"key":"Durian"},{"floor":13.0,"key":"Geode"}],"event_choices":[{"cards_removed":["Strike_B"],"damage_healed":0.0,"max_hp_gain":0.0,"max_hp_loss":0.0,"gold_gain":0.0,"event_name":"Bonfire Elementals","player_choice":"Offered Basic","floor":5.0,"gold_loss":0.0,"damage_taken":0.0},{"damage_healed":0,"gold_gain":0,"cards_transformed":["Strike_B"],"player_choice":"Transformed","damage_taken":0,"max_hp_gain":0,"max_hp_loss":0,"event_name":"Transmorgrifier","floor":20,"gold_loss":0,"cards_obtained":["Barrage"]}],"is_beta":false,"boss_relics":[{"not_picked":["Pandora\u0027s Box","Replay:Ancient Bell"],"picked":"Snecko Eye"}],"items_purged_floors":[12],"is_endless":false,"potions_floor_spawned":[6,7,11,19,21],"killed_by":"Replay:Snechameleon","ascension_level":1}}