{"host":"3azvxbhvx7nk2p5g","time":1611995920,"event":{"mods":["BaseMod","Koishi","Minty Spire (QoL Compilation)","StSLib"],"gold_per_floor":[115,134,134,59,78,78,153,153,177,177,9,9,9,27,27,27,27],"floor_reached":16,"language":"ZHS","playtime":606,"items_purged":["Koishi:BasicStrike","Koishi:BasicStrike"],"score":88,"play_id":"8c10923a-36fc-4d82-8307-ea0bd2891839","local_time":"20210130163840","is_ascension_mode":false,"campfire_choices":[{"data":"Koishi:PredatoryInstincts","floor":6,"key":"SMITH"},{"data":"Koishi:DNAsFlaw","floor":8,"key":"SMITH"},{"data":"Koishi:Provoke","floor":10,"key":"SMITH"},{"data":"Koishi:YoukaiPolygraph","floor":12,"key":"SMITH"},{"data":"Koishi:DanmakuParanoia","floor":15,"key":"SMITH"}],"circlet_count":0,"master_deck":["Koishi:BasicStrike","Koishi:BasicDefend","Koishi:BasicDefend","Koishi:BasicDefend","Koishi:BasicDefend+1","Koishi:Provoke+1","Koishi:HauntingSlash+1","Koishi:PredatoryInstincts+1","Koishi:Whimsy+1","Koishi:DNAsFlaw+1","Koishi:YoukaiPolygraph+1","Koishi:Whimsy","Koishi:DanmakuParanoia+1"],"relics":["Koishi:ImaginaryFriend","Question Card","War Paint"],"acts_visited":["Exordium"],"potions_floor_usage":[],"damage_taken":[{"damage":0,"enemies":"Jaw Worm","floor":1,"turns":4},{"damage":0,"enemies":"2 Louse","floor":2,"turns":4},{"damage":0,"enemies":"Small Slimes","floor":5,"turns":6},{"damage":3,"enemies":"Exordium Thugs","floor":14,"turns":7},{"damage":60,"enemies":"Hexaghost","floor":16,"turns":12}],"seed_played":"506651805487960052","potions_obtained":[{"floor":1,"key":"SteroidPotion"},{"floor":14,"key":"SneckoOil"}],"is_trial":false,"path_per_floor":["M","M","?","$","M","R","?","R","T","R","$","R","?","M","R","B"],"character_chosen":"KOISHI","items_purchased":["Koishi:YoukaiPolygraph"],"campfire_rested":0,"item_purchase_floors":[11],"current_hp_per_floor":[60,60,48,48,58,58,47,47,47,47,47,47,47,60,60,0,0],"gold":27,"neow_bonus":"UPGRADE_CARD","is_daily":false,"chose_seed":false,"campfire_upgraded":5,"win_rate":0.0,"timestamp":1611995920,"path_taken":["M","M","?","$","M","R","?","R","T","R","$","R","?","M","R","BOSS"],"items_purchased_type":["Card"],"build_version":"2020-12-22","purchased_purges":2,"victory":false,"max_hp_per_floor":[60,60,60,60,60,60,60,60,60,60,60,60,60,60,60,60,60],"card_choices":[{"not_picked":["Koishi:DreadfulBlow","Koishi:HeartAttack"],"picked":"Koishi:PredatoryInstincts","floor":1},{"not_picked":["Koishi:DreadfulBlow","Koishi:ParalyzingFear"],"picked":"Koishi:Whimsy","floor":2},{"not_picked":["Koishi:DreadfulBlow","Koishi:Prune","Koishi:ApparitionsStalkTheNight"],"picked":"Koishi:DNAsFlaw","floor":5},{"not_picked":["Koishi:PhantomBarrier","Koishi:SubterraneanRose","Koishi:ReflexRadar"],"picked":"Koishi:DanmakuParanoia","floor":14}],"player_experience":57114,"relics_obtained":[{"floor":9,"key":"War Paint"}],"event_choices":[{"damage_healed":0,"gold_gain":0,"player_choice":"Success","damage_taken":12,"relics_obtained":["Question Card"],"max_hp_gain":0,"max_hp_loss":0,"event_name":"Scrap Ooze","floor":3,"gold_loss":0},{"damage_healed":0,"gold_gain":75,"player_choice":"Gather Gold","damage_taken":11,"max_hp_gain":0,"max_hp_loss":0,"event_name":"World of Goop","floor":7,"gold_loss":0},{"damage_healed":0,"gold_gain":0,"cards_transformed":["Koishi:BasicStrike"],"player_choice":"Change","damage_taken":0,"max_hp_gain":0,"max_hp_loss":0,"event_name":"Living Wall","floor":13,"gold_loss":0,"cards_obtained":["Koishi:Whimsy"]}],"is_beta":false,"boss_relics":[],"items_purged_floors":[4,11],"is_endless":false,"potions_floor_spawned":[1,14],"killed_by":"Hexaghost","ascension_level":0}}