{"host":"2qyxu97h6u4ukicb","time":1611969349,"event":{"mods":["AchievementEnabler","BaseMod","BetterRewards","Colored Map","Colored Powertips","Minty Spire (QoL Compilation)","Replay The Spire","Shop Mod","StSLib"],"gold_per_floor":[109,301,301,317,317,317,317,335,335,335,347,347,347],"floor_reached":12,"language":"ENG","playtime":270,"items_purged":[],"score":68,"play_id":"0a580475-22d7-42ff-bff7-702d940fd4a8","local_time":"20210129191549","is_ascension_mode":false,"campfire_choices":[{"data":"Dagger Spray","floor":6,"key":"SMITH"}],"circlet_count":0,"master_deck":["Strike_G","Strike_G","Strike_G","Strike_G","Strike_G","Defend_G","Defend_G","Defend_G","Defend_G","Defend_G","Survivor","Neutralize","Dagger Spray+1","Poisoned Stab","Poisoned Stab"],"relics":["Ring of the Snake","NeowsBlessing","ReplayTheSpireMod:TigerMarble"],"acts_visited":["Exordium"],"potions_floor_usage":[12,12],"damage_taken":[{"damage":0,"enemies":"2 Louse","floor":1,"turns":1},{"damage":0,"enemies":"Jaw Worm","floor":4,"turns":1},{"damage":0,"enemies":"Cultist","floor":8,"turns":1},{"damage":11,"enemies":"3 Louse","floor":11,"turns":2},{"damage":0,"enemies":"3 Sentries","floor":12,"turns":1}],"seed_played":"7079645444149050693","potions_obtained":[{"floor":4,"key":"LiquidBronze"},{"floor":8,"key":"FearPotion"}],"is_trial":false,"path_per_floor":["M","?","T","M","$","R","$","M","T","?","M","E"],"character_chosen":"THE_SILENT","items_purchased":[],"campfire_rested":0,"item_purchase_floors":[],"current_hp_per_floor":[70,53,53,53,53,53,53,53,53,53,42,42,42],"gold":347,"neow_bonus":"THREE_ENEMY_KILL","is_daily":false,"chose_seed":false,"campfire_upgraded":1,"win_rate":0.0,"timestamp":1611969349,"path_taken":["M","?","?","M","?","R","$","?","T","?","M","E"],"items_purchased_type":[],"build_version":"2020-12-22","purchased_purges":0,"victory":false,"max_hp_per_floor":[70,70,70,70,70,70,70,70,70,70,70,70,70],"card_choices":[{"not_picked":["Backflip","Calculated Gamble"],"picked":"Hidden Blade","floor":1},{"not_picked":["All Out Attack","Outmaneuver"],"picked":"Dagger Spray","floor":2},{"not_picked":["Sucker Punch","Cloak And Dagger"],"picked":"Poisoned Stab","floor":4},{"not_picked":["Sneak Up","ReplayTheSpireMod:Speed Training"],"picked":"Poisoned Stab","floor":8},{"not_picked":["Hidden Blade","Reflex","Caltrops"],"picked":"SKIP","floor":11}],"player_experience":751452,"relics_obtained":[{"floor":9,"key":"ReplayTheSpireMod:TigerMarble"}],"event_choices":[{"cards_removed":["Hidden Blade"],"damage_healed":0,"gold_gain":0,"player_choice":"Purged","damage_taken":0,"max_hp_gain":0,"max_hp_loss":0,"event_name":"Purifier","floor":10,"gold_loss":0}],"is_beta":false,"boss_relics":[],"items_purged_floors":[],"is_endless":false,"potions_floor_spawned":[4,8],"killed_by":"3 Sentries","ascension_level":0}}