{"host":"crmowuwgj9wiiaqp","time":1611998268,"event":{"mods":["BaseMod","Downfall","Minty Spire (QoL Compilation)","StSLib"],"gold_per_floor":[109,120,131,131,38,38,61,78,18,34,34,53,81,97,97,202,202,222,238,238,238,238,238],"floor_reached":21,"language":"ENG","playtime":1464,"items_purged":[],"score":218,"play_id":"699e7439-c46b-4c83-a050-6f2561d79349","local_time":"20210130021748","is_ascension_mode":true,"campfire_choices":[{"data":"bronze:Repulsor","floor":6,"key":"SMITH"},{"floor":11,"key":"REST"},{"data":"bronze:Fortify","floor":15,"key":"SMITH"}],"circlet_count":0,"master_deck":["bronze:Strike","bronze:Strike","bronze:Strike","bronze:Strike","bronze:Defend","bronze:Defend","bronze:Defend","bronze:Defend","bronze:Replicate+1","bronze:Goto","bronze:ItsAFeature","bronze:DigitalCarnage+1","bronze:WildBeam","bronze:DarkDash+1","bronze:Iterate","bronze:Repulsor+1","bronze:FindAndReplace","bronze:Fortify+1","bronze:Constructor","bronze:Shell","bronze:BugBarrage","bronze:Assembly","bronze:Shield","bronze:Verify","CurseOfTheBell","bronze:CutThrough","bronze:Constructor+1"],"relics":["bronze:BronzeCore","StrikeDummy","Calling Bell","bronze:ProtectiveGoggles","Mummified Hand","CaptainsWheel","InkBottle"],"acts_visited":["Exordium","TheCity"],"potions_floor_usage":[16,16,19],"damage_taken":[{"damage":0,"enemies":"Small Slimes","floor":1,"turns":3},{"damage":0,"enemies":"Cultist","floor":2,"turns":2},{"damage":1,"enemies":"Jaw Worm","floor":3,"turns":3},{"damage":0,"enemies":"downfall:FleeingMerchant","floor":5,"turns":4},{"damage":12,"enemies":"3 Louse","floor":8,"turns":3},{"damage":0,"enemies":"downfall:FleeingMerchant","floor":9,"turns":4},{"damage":15,"enemies":"Lots of Slimes","floor":10,"turns":3},{"damage":3,"enemies":"Gremlin Gang","floor":12,"turns":4},{"damage":0,"enemies":"3 Sentries","floor":13,"turns":4},{"damage":4,"enemies":"Blue Slaver","floor":14,"turns":3},{"damage":43,"enemies":"DF_ARCHETYPE_STREAMLINE","floor":16,"turns":12},{"damage":0,"enemies":"Chosen","floor":18,"turns":6},{"damage":62,"enemies":"3 Cultists","floor":19,"turns":9},{"damage":19,"enemies":"Snecko","floor":21,"turns":6}],"seed_played":"9024609419338736353","potions_obtained":[{"floor":1,"key":"Weak Potion"},{"floor":3,"key":"bronze:BurnAndBuffPotion"},{"floor":10,"key":"DistilledChaos"},{"floor":12,"key":"Swift Potion"},{"floor":13,"key":"LiquidMemories"},{"floor":16,"key":"champ:CounterPotion"}],"is_trial":false,"path_per_floor":["M","M","M","?","$","R","T","M","$","M","R","M","E","M","R","B",null,"M","M","?","M"],"character_chosen":"THE_AUTOMATON","items_purchased":["bronze:Repulsor","bronze:Constructor"],"campfire_rested":1,"item_purchase_floors":[5,9],"current_hp_per_floor":[70,70,69,69,69,69,69,57,57,42,63,60,60,56,56,13,70,70,8,8,0,0,0],"gold":238,"neow_bonus":"THREE_CARDS","is_daily":false,"chose_seed":false,"campfire_upgraded":2,"win_rate":0.0,"timestamp":1611998268,"path_taken":["M","M","M","?","$","R","T","?","$","M","R","M","E","M","R","BOSS","M","M","?","M"],"items_purchased_type":["Card","Card"],"build_version":"2020-12-22","purchased_purges":0,"victory":false,"max_hp_per_floor":[70,70,70,70,70,70,70,70,70,70,70,70,70,70,70,70,70,70,70,70,70,70,70],"card_choices":[{"not_picked":["bronze:CloningBeam","bronze:ForLoop"],"picked":"bronze:ItsAFeature","floor":0},{"not_picked":["bronze:Repair","bronze:Deprecate"],"picked":"bronze:DigitalCarnage","floor":1},{"not_picked":["bronze:Separator","bronze:DelayedGuard"],"picked":"bronze:WildBeam","floor":2},{"not_picked":["bronze:Overheat","bronze:DelayedSlice"],"picked":"bronze:DarkDash","floor":3},{"not_picked":["bronze:DelayedGuard","bronze:ClassDefault"],"picked":"bronze:Iterate","floor":5},{"not_picked":["bronze:DelayedGuard","bronze:Flail"],"picked":"bronze:FindAndReplace","floor":8},{"not_picked":["bronze:BronzeArmor","bronze:Shell"],"picked":"bronze:Fortify","floor":9},{"not_picked":["bronze:ClassDefault","bronze:Overheat"],"picked":"bronze:Shell","floor":10},{"not_picked":["bronze:Constructor","bronze:DelayedSlice"],"picked":"bronze:BugBarrage","floor":12},{"not_picked":["bronze:DarkDash","bronze:Shield"],"picked":"bronze:Assembly","floor":13},{"not_picked":["bronze:Invalidate","bronze:Deprecate"],"picked":"bronze:Shield","floor":14},{"not_picked":["bronze:RecursiveStrike","bronze:FindAndReplace"],"picked":"bronze:Verify","floor":16},{"not_picked":["bronze:Branch","bronze:FineTuning"],"picked":"bronze:CutThrough","floor":18},{"not_picked":["bronze:FineTuning","bronze:Branch"],"picked":"bronze:Constructor+1","floor":19}],"player_experience":1376702,"relics_obtained":[{"floor":13,"key":"StrikeDummy"},{"floor":17,"key":"bronze:ProtectiveGoggles"},{"floor":17,"key":"Mummified Hand"},{"floor":17,"key":"CaptainsWheel"}],"event_choices":[],"is_beta":false,"boss_relics":[{"not_picked":["Tiny House","Empty Cage"],"picked":"Calling Bell"}],"items_purged_floors":[],"is_endless":false,"potions_floor_spawned":[1,3,10,12,13,14,16],"killed_by":"Snecko","ascension_level":1}}