{"host":"8lno9xwgef3sjccz","time":1611972601,"event":{"mods":["AchievementEnabler","BaseMod","Minty Spire (QoL Compilation)","Relic Stats"],"gold_per_floor":[118,137,148,163,182,214,179,51,133,133,167,181,35,35,35,133,133,143,154,170,23,122,122,141,141,141],"floor_reached":25,"language":"ENG","playtime":965,"items_purged":["Strike_B"],"score":226,"play_id":"cb5b2191-ba88-4513-af0a-42467c5b3cb9","local_time":"20210129211001","is_ascension_mode":true,"campfire_choices":[{"floor":15,"key":"REST"},{"data":"Defragment","floor":23,"key":"SMITH"}],"circlet_count":0,"master_deck":["Strike_B","Strike_B","Defend_B+1","Defend_B","Defend_B","Defend_B","Zap","Dualcast","Sweeping Beam+1","Coolheaded","Rebound","Barrage","Defragment","Defragment+1","Capacitor","Barrage","Leap","Reinforced Body","Hello World","Redo","Heatsinks","Ball Lightning","Reboot","Biased Cognition","Cold Snap","Stack+1","Biased Cognition"],"relics":["Cracked Core","NeowsBlessing","Smiling Mask","Matryoshka","TungstenRod","Orrery","Inserter","Bronze Scales"],"acts_visited":["Exordium","TheCity"],"potions_floor_usage":[6,11,19,20],"damage_taken":[{"damage":0,"enemies":"Small Slimes","floor":1,"turns":1},{"damage":0,"enemies":"2 Louse","floor":2,"turns":1},{"damage":0,"enemies":"Jaw Worm","floor":3,"turns":1},{"damage":12,"enemies":"2 Fungi Beasts","floor":4,"turns":4},{"damage":0,"enemies":"Exordium Wildlife","floor":5,"turns":3},{"damage":30,"enemies":"Lagavulin","floor":6,"turns":8},{"damage":17,"enemies":"Gremlin Nob","floor":11,"turns":5},{"damage":12,"enemies":"Gremlin Gang","floor":12,"turns":4},{"damage":18,"enemies":"Slime Boss","floor":16,"turns":8},{"damage":9,"enemies":"Chosen","floor":18,"turns":5},{"damage":14,"enemies":"Shell Parasite","floor":19,"turns":7},{"damage":16,"enemies":"Chosen and Byrds","floor":20,"turns":7},{"damage":16,"enemies":"Snake Plant","floor":24,"turns":4},{"damage":25,"enemies":"Slavers","floor":25,"turns":1}],"seed_played":"-785849686715426852","potions_obtained":[{"floor":2,"key":"LiquidMemories"},{"floor":4,"key":"PotionOfCapacity"},{"floor":5,"key":"PowerPotion"},{"floor":16,"key":"SpeedPotion"},{"floor":18,"key":"SpeedPotion"},{"floor":19,"key":"SteroidPotion"}],"is_trial":false,"path_per_floor":["M","M","M","M","M","E","?","$","T","?","E","M","$","?","R","B",null,"M","M","M","$","?","R","M","E"],"character_chosen":"DEFECT","items_purchased":["Capacitor","Orrery","Bronze Scales"],"campfire_rested":1,"item_purchase_floors":[8,13,21],"current_hp_per_floor":[75,75,75,63,63,33,51,51,51,36,19,7,7,7,29,11,75,66,52,36,36,36,36,20,0,0],"gold":141,"neow_bonus":"THREE_ENEMY_KILL","is_daily":false,"chose_seed":false,"campfire_upgraded":1,"win_rate":0.0,"timestamp":1611972601,"path_taken":["M","M","M","M","M","E","?","$","T","?","E","M","$","?","R","BOSS","M","M","M","$","?","R","M","E"],"items_purchased_type":["Card","Relic","Relic"],"build_version":"2020-12-22","purchased_purges":1,"victory":false,"max_hp_per_floor":[75,75,75,75,75,75,75,75,75,75,75,75,75,75,75,75,75,75,75,75,75,75,75,75,75,75],"relic_stats":{"Inserter":[12],"counters":[14,59],"Bronze Scales":[24],"Smiling Mask":25,"obtain_stats":[{"Matryoshka":9,"Inserter":17,"NeowsBlessing":0,"Bronze Scales":21,"Orrery":13,"Cracked Core":0,"Smiling Mask":6,"TungstenRod":11},{"Matryoshka":6,"Inserter":9,"NeowsBlessing":0,"Bronze Scales":12,"Orrery":8,"Cracked Core":0,"Smiling Mask":6,"TungstenRod":7},{"Matryoshka":18,"Inserter":35,"NeowsBlessing":0,"Bronze Scales":54,"Orrery":27,"Cracked Core":0,"Smiling Mask":18,"TungstenRod":23}],"TungstenRod":26},"card_choices":[{"not_picked":["Beam Cell","Steam"],"picked":"Sweeping Beam","floor":1},{"not_picked":["Barrage","Conserve Battery"],"picked":"Coolheaded","floor":2},{"not_picked":["Steam","Beam Cell"],"picked":"Rebound","floor":3},{"not_picked":["Rainbow","Conserve Battery"],"picked":"Barrage","floor":4},{"not_picked":["Chill","Self Repair"],"picked":"Defragment","floor":5},{"not_picked":["Blizzard","Doom and Gloom"],"picked":"Defragment","floor":6},{"not_picked":["Recycle","Chill"],"picked":"Barrage","floor":11},{"not_picked":["Gash","Cold Snap"],"picked":"Leap","floor":12},{"not_picked":["Go for the Eyes","Storm"],"picked":"Reinforced Body","floor":13},{"not_picked":["Compile Driver","Reinforced Body"],"picked":"Hello World","floor":13},{"not_picked":["Blizzard","Capacitor"],"picked":"Redo","floor":13},{"not_picked":["Hello World","Force Field"],"picked":"Heatsinks","floor":13},{"not_picked":["Defragment","Reboot"],"picked":"Ball Lightning","floor":13},{"not_picked":["Rainbow","Seek"],"picked":"Biased Cognition","floor":16},{"not_picked":["Streamline","Stack"],"picked":"Cold Snap","floor":18},{"not_picked":["Consume+1","Go for the Eyes+1"],"picked":"Stack+1","floor":19},{"not_picked":["Stack","Gash","Streamline"],"picked":"SKIP","floor":20},{"not_picked":["Barrage","Tempest"],"picked":"Biased Cognition","floor":24}],"player_experience":61997,"relics_obtained":[{"floor":6,"key":"Smiling Mask"},{"floor":9,"key":"Matryoshka"},{"floor":11,"key":"TungstenRod"}],"event_choices":[{"damage_healed":18,"gold_gain":0,"player_choice":"Healed","damage_taken":0,"max_hp_gain":0,"max_hp_loss":0,"event_name":"The Cleric","floor":7,"gold_loss":35},{"damage_healed":0,"gold_gain":0,"player_choice":"Entered Light","damage_taken":15,"max_hp_gain":0,"max_hp_loss":0,"event_name":"Shining Light","floor":10,"gold_loss":0,"cards_upgraded":["Defend_B","Sweeping Beam"]},{"damage_healed":0,"gold_gain":0,"cards_transformed":["Strike_B"],"player_choice":"Change","damage_taken":0,"max_hp_gain":0,"max_hp_loss":0,"event_name":"Living Wall","floor":14,"gold_loss":0,"cards_obtained":["Reboot"]},{"damage_healed":0,"gold_gain":99,"player_choice":"Stole From Cult","damage_taken":0,"max_hp_gain":0,"max_hp_loss":0,"event_name":"Nest","floor":22,"gold_loss":0}],"is_beta":false,"boss_relics":[{"not_picked":["Empty Cage","Coffee Dripper"],"picked":"Inserter"}],"items_purged_floors":[8],"is_endless":false,"potions_floor_spawned":[2,4,5,16,18,19],"killed_by":"Slavers","ascension_level":1}}