{"host":"y3h3n3f7seyagppx","time":1611971453,"event":{"mods":["AlwaysNeverKeys","BaseMod","Better Vampires","Colored Powertips","DeckTracker","Emptier Cage","Minty Spire (QoL Compilation)","Permanent Neow","Quick Restart","Rare Cards Sparkle","Relic Sorter","Relic Stats","StSLib","Transform Curses"],"gold_per_floor":[117,117,42,58,71,71,96,96,121,154,172,18,18,51,51,125,125,141,120,120,41,54,54,83,83,130,155,155,168,195,206,206,282,282,301,311,336,336,355,381,381,416,416,444,473,491,521,138,138,138,138,138,138,6,32,32],"floor_reached":57,"language":"ENG","playtime":6209,"items_purged":["Strike_R","Strike_R","Strike_R"],"score":3277,"play_id":"0957ee65-d6fa-4e4f-8462-76da35341041","local_time":"20210129205053","is_ascension_mode":true,"campfire_choices":[{"data":"Whirlwind","floor":6,"key":"SMITH"},{"data":"Hemokinesis","floor":8,"key":"SMITH"},{"floor":15,"key":"DIG"},{"floor":23,"key":"DIG"},{"floor":25,"key":"DIG"},{"floor":28,"key":"DIG"},{"floor":32,"key":"DIG"},{"data":"Body Slam","floor":41,"key":"SMITH"},{"floor":49,"key":"DIG"},{"floor":53,"key":"DIG"}],"circlet_count":0,"master_deck":["AscendersBane","Strike_R","Strike_R","Defend_R","Defend_R","Defend_R","Defend_R","Bash+1","Spot Weakness","Whirlwind+1","Hemokinesis+1","Shockwave","Spot Weakness+1","Hemokinesis","Power Through","Offering","Power Through+1","Fire Breathing","Dual Wield+1","Havoc+1","Seeing Red+1","Barricade","Double Tap+1","Second Wind+1","Feel No Pain","Body Slam+1","True Grit+1","Shrug It Off+1","Shrug It Off+1","Heavy Blade+1","Impervious+1","Sword Boomerang+1","Shrug It Off+1","Evolve","Fiend Fire"],"relics":["Burning Blood","Dream Catcher","Bronze Scales","Shovel","StrikeDummy","Mummified Hand","Black Star","Enchiridion","Smiling Mask","Blood Vial","Red Skull","Toxic Egg 2","War Paint","Champion Belt","Shuriken","MealTicket","Ornamental Fan","Thread and Needle","Pocketwatch","Velvet Choker","CaptainsWheel","WingedGreaves","Sundial","Oddly Smooth Stone","White Beast Statue","Girya","Bag of Marbles","Blue Candle","Omamori","Meat on the Bone","Dead Branch","Toy Ornithopter","Orrery","Centennial Puzzle","Akabeko","Mercury Hourglass","Lantern","Eternal Feather"],"acts_visited":["Exordium","TheCity","TheBeyond","TheEnding"],"potions_floor_usage":[7,14,16,19,22,27,42,56,56],"damage_taken":[{"damage":1,"enemies":"Small Slimes","floor":1,"turns":4},{"damage":6,"enemies":"Cultist","floor":4,"turns":3},{"damage":2,"enemies":"2 Louse","floor":5,"turns":2},{"damage":27,"enemies":"Lagavulin","floor":7,"turns":5},{"damage":26,"enemies":"Gremlin Nob","floor":10,"turns":4},{"damage":2,"enemies":"Large Slime","floor":11,"turns":3},{"damage":17,"enemies":"3 Sentries","floor":14,"turns":4},{"damage":32,"enemies":"Slime Boss","floor":16,"turns":9},{"damage":8,"enemies":"Chosen","floor":18,"turns":3},{"damage":17,"enemies":"2 Thieves","floor":19,"turns":4},{"damage":9,"enemies":"Chosen and Byrds","floor":22,"turns":5},{"damage":18,"enemies":"Book of Stabbing","floor":24,"turns":4},{"damage":12,"enemies":"Gremlin Leader","floor":27,"turns":4},{"damage":8,"enemies":"Snecko","floor":29,"turns":4},{"damage":24,"enemies":"Slavers","floor":30,"turns":3},{"damage":7,"enemies":"3 Cultists","floor":31,"turns":4},{"damage":28,"enemies":"Automaton","floor":33,"turns":8},{"damage":7,"enemies":"Orb Walker","floor":35,"turns":3},{"damage":2,"enemies":"3 Shapes","floor":36,"turns":7},{"damage":0,"enemies":"Mind Bloom Boss Battle","floor":37,"turns":7},{"damage":4,"enemies":"Sphere and 2 Shapes","floor":39,"turns":6},{"damage":8,"enemies":"Giant Head","floor":40,"turns":7},{"damage":27,"enemies":"Reptomancer","floor":42,"turns":6},{"damage":6,"enemies":"Nemesis","floor":44,"turns":7},{"damage":8,"enemies":"Reptomancer","floor":45,"turns":7},{"damage":10,"enemies":"4 Shapes","floor":46,"turns":4},{"damage":6,"enemies":"Giant Head","floor":47,"turns":8},{"damage":5,"enemies":"Time Eater","floor":50,"turns":8},{"damage":2,"enemies":"Awakened One","floor":51,"turns":10},{"damage":25,"enemies":"Shield and Spear","floor":55,"turns":6},{"damage":17,"enemies":"The Heart","floor":56,"turns":8}],"seed_played":"5739662386108410792","potions_obtained":[{"floor":4,"key":"LiquidMemories"},{"floor":7,"key":"BloodPotion"},{"floor":16,"key":"Strength Potion"},{"floor":18,"key":"Regen Potion"},{"floor":19,"key":"SmokeBomb"},{"floor":24,"key":"Regen Potion"},{"floor":29,"key":"ElixirPotion"},{"floor":31,"key":"EntropicBrew"},{"floor":44,"key":"SpeedPotion"},{"floor":45,"key":"GamblersBrew"}],"is_trial":false,"path_per_floor":["M","?","$","M","M","R","E","R","T","E","M","$","?","E","R","B",null,"M","M","?","$","M","R","E","R","T","E","R","M","E","M","R","B",null,"M","M","?","?","M","E","R","E","T","E","E","M","E","$","R","B","B",null,"R","$","E","B",null],"character_chosen":"IRONCLAD","items_purchased":["AttackPotion","Regen Potion","Orrery","Centennial Puzzle","Shrug It Off+1","Evolve"],"campfire_rested":0,"item_purchase_floors":[12,21,48,48,54,54],"current_hp_per_floor":[73,73,73,73,75,75,54,54,54,34,38,38,38,27,27,16,60,58,61,40,40,51,51,39,39,39,47,47,47,31,32,32,12,59,60,66,74,71,71,69,69,50,50,52,52,50,52,67,67,70,71,71,71,71,52,53],"gold":32,"neow_bonus":"UPGRADE_CARD","is_daily":false,"chose_seed":false,"campfire_upgraded":3,"win_rate":0.0,"timestamp":1611971453,"path_taken":["M","?","$","M","M","R","E","R","T","E","M","?","?","E","R","BOSS","M","M","?","$","M","R","E","R","T","E","R","M","E","M","R","BOSS","M","M","?","?","M","E","R","E","T","E","E","M","E","$","R","BOSS","BOSS","R","$","E","BOSS"],"items_purchased_type":["Potion","Potion","Relic","Relic","Card","Card"],"build_version":"2020-12-22","purchased_purges":3,"victory":true,"max_hp_per_floor":[75,75,75,75,75,75,75,75,75,75,75,75,75,75,75,75,75,75,75,75,75,75,75,75,75,75,75,75,75,75,75,75,75,75,75,75,75,71,71,71,71,71,71,71,71,71,71,71,71,71,71,71,71,71,71,71],"relic_stats":{"counters":[31,167],"Blue Candle":[0],"Dead Branch":[53],"Eternal Feather":0,"War Paint":["Spot Weakness","Power Through"],"Smiling Mask":75,"Burning Blood":178,"Mercury Hourglass":[45],"Blood Vial":31,"Dream Catcher":0,"Centennial Puzzle":[12],"Shovel":7,"Mummified Hand":[72],"Shuriken":[9],"Ornamental Fan":[32],"Sundial":[6],"Bronze Scales":[500],"MealTicket":15,"Black Star":9,"Champion Belt":[58],"obtain_stats":[{"Lantern":55,"Enchiridion":20,"Smiling Mask":23,"Burning Blood":0,"Blood Vial":24,"Dream Catcher":7,"Centennial Puzzle":48,"Shovel":10,"Mummified Hand":15,"Sundial":40,"MealTicket":28,"WingedGreaves":40,"Toxic Egg 2":25,"Red Skull":24,"Girya":43,"Blue Candle":44,"Dead Branch":47,"Velvet Choker":34,"Oddly Smooth Stone":42,"Thread and Needle":30,"Eternal Feather":55,"Omamori":45,"War Paint":26,"White Beast Statue":42,"Akabeko":49,"Mercury Hourglass":53,"CaptainsWheel":37,"Shuriken":27,"Ornamental Fan":30,"Bronze Scales":9,"Orrery":48,"Black Star":17,"Bag of Marbles":44,"Champion Belt":27,"StrikeDummy":14,"Toy Ornithopter":47,"Pocketwatch":32,"Meat on the Bone":45},{"Lantern":30,"Enchiridion":10,"Smiling Mask":11,"Burning Blood":0,"Blood Vial":12,"Dream Catcher":4,"Centennial Puzzle":27,"Shovel":5,"Mummified Hand":7,"Sundial":22,"MealTicket":13,"WingedGreaves":22,"Toxic Egg 2":12,"Red Skull":12,"Girya":23,"Blue Candle":24,"Dead Branch":27,"Velvet Choker":17,"Oddly Smooth Stone":23,"Thread and Needle":15,"Eternal Feather":30,"Omamori":25,"War Paint":12,"White Beast Statue":23,"Akabeko":27,"Mercury Hourglass":29,"CaptainsWheel":20,"Shuriken":13,"Ornamental Fan":15,"Bronze Scales":4,"Orrery":27,"Black Star":8,"Bag of Marbles":24,"Champion Belt":13,"StrikeDummy":7,"Toy Ornithopter":27,"Pocketwatch":16,"Meat on the Bone":25},{"Lantern":159,"Enchiridion":41,"Smiling Mask":46,"Burning Blood":0,"Blood Vial":50,"Dream Catcher":14,"Centennial Puzzle":135,"Shovel":18,"Mummified Hand":25,"Sundial":103,"MealTicket":54,"WingedGreaves":103,"Toxic Egg 2":50,"Red Skull":50,"Girya":109,"Blue Candle":116,"Dead Branch":135,"Velvet Choker":73,"Oddly Smooth Stone":109,"Thread and Needle":61,"Eternal Feather":159,"Omamori":123,"War Paint":50,"White Beast Statue":109,"Akabeko":135,"Mercury Hourglass":153,"CaptainsWheel":90,"Shuriken":54,"Ornamental Fan":61,"Bronze Scales":14,"Orrery":135,"Black Star":34,"Bag of Marbles":116,"Champion Belt":54,"StrikeDummy":25,"Toy Ornithopter":135,"Pocketwatch":65,"Meat on the Bone":123}],"Toy Ornithopter":10,"Pocketwatch":[137],"Meat on the Bone":0},"card_choices":[{"not_picked":["Clash","Heavy Blade","Flex"],"picked":"SKIP","floor":1},{"not_picked":["Havoc","Feel No Pain"],"picked":"Whirlwind","floor":4},{"not_picked":["Rupture","Shrug It Off"],"picked":"Hemokinesis","floor":5},{"not_picked":["Wild Strike","Twin Strike"],"picked":"Shockwave","floor":7},{"not_picked":["Headbutt","Berserk"],"picked":"Spot Weakness","floor":10},{"not_picked":["Disarm","Rage","Twin Strike"],"picked":"SKIP","floor":11},{"not_picked":["Havoc","Warcry"],"picked":"Power Through","floor":14},{"not_picked":["Berserk","Fiend Fire"],"picked":"Offering","floor":16},{"not_picked":["Flex","Cleave"],"picked":"Power Through","floor":18},{"not_picked":["Armaments","Cleave"],"picked":"Fire Breathing","floor":19},{"not_picked":["Cleave","Heavy Blade","Clash"],"picked":"SKIP","floor":22},{"not_picked":["Offering","Sever Soul"],"picked":"Dual Wield+1","floor":24},{"not_picked":["Rupture","Twin Strike"],"picked":"Havoc+1","floor":27},{"not_picked":["Flex+1","Pummel","Heavy Blade"],"picked":"SKIP","floor":29},{"not_picked":["Reckless Charge","Havoc+1"],"picked":"Seeing Red+1","floor":30},{"not_picked":["Shrug It Off+1","Evolve+1"],"picked":"Barricade","floor":31},{"not_picked":["Bludgeon","Juggernaut"],"picked":"Double Tap+1","floor":33},{"not_picked":["Infernal Blade+1","Clash","Sever Soul+1"],"picked":"SKIP","floor":35},{"not_picked":["Sever Soul+1","Rupture+1"],"picked":"Second Wind+1","floor":36},{"not_picked":["Clothesline","Pommel Strike+1"],"picked":"Feel No Pain","floor":39},{"not_picked":["Armaments+1","Perfected Strike"],"picked":"Body Slam","floor":40},{"not_picked":["Juggernaut","Feel No Pain"],"picked":"True Grit+1","floor":42},{"not_picked":["Havoc+1","Rage+1"],"picked":"Shrug It Off+1","floor":44},{"not_picked":["Feel No Pain","Havoc+1"],"picked":"Shrug It Off+1","floor":45},{"not_picked":["Perfected Strike","Clothesline","Sword Boomerang"],"picked":"SKIP","floor":46},{"not_picked":["Carnage","Dual Wield+1"],"picked":"Heavy Blade+1","floor":47},{"not_picked":["Shrug It Off+1","Clothesline"],"picked":"Impervious+1","floor":48},{"not_picked":["Juggernaut","Battle Trance+1"],"picked":"Sword Boomerang+1","floor":48},{"not_picked":["Searing Blow+1","Intimidate+1"],"picked":"Fiend Fire","floor":55}],"player_experience":21792384,"relics_obtained":[{"floor":7,"key":"Dream Catcher"},{"floor":9,"key":"Bronze Scales"},{"floor":10,"key":"Shovel"},{"floor":14,"key":"StrikeDummy"},{"floor":15,"key":"Mummified Hand"},{"floor":20,"key":"Enchiridion"},{"floor":23,"key":"Smiling Mask"},{"floor":24,"key":"Blood Vial"},{"floor":24,"key":"Red Skull"},{"floor":25,"key":"Toxic Egg 2"},{"floor":26,"key":"War Paint"},{"floor":27,"key":"Champion Belt"},{"floor":27,"key":"Shuriken"},{"floor":28,"key":"MealTicket"},{"floor":30,"key":"Ornamental Fan"},{"floor":30,"key":"Thread and Needle"},{"floor":32,"key":"Pocketwatch"},{"floor":37,"key":"CaptainsWheel"},{"floor":40,"key":"WingedGreaves"},{"floor":40,"key":"Sundial"},{"floor":42,"key":"Oddly Smooth Stone"},{"floor":42,"key":"White Beast Statue"},{"floor":43,"key":"Girya"},{"floor":44,"key":"Bag of Marbles"},{"floor":44,"key":"Blue Candle"},{"floor":45,"key":"Omamori"},{"floor":45,"key":"Meat on the Bone"},{"floor":47,"key":"Dead Branch"},{"floor":47,"key":"Toy Ornithopter"},{"floor":49,"key":"Akabeko"},{"floor":53,"key":"Mercury Hourglass"},{"floor":55,"key":"Lantern"},{"floor":55,"key":"Eternal Feather"}],"event_choices":[{"damage_healed":0,"gold_gain":0,"player_choice":"2 cards matched","damage_taken":0,"max_hp_gain":0,"max_hp_loss":0,"event_name":"Match and Keep!","floor":2,"gold_loss":0,"cards_obtained":["Spot Weakness","Clumsy"]},{"damage_healed":0,"gold_gain":0,"cards_transformed":["Clumsy"],"player_choice":"Change","damage_taken":0,"max_hp_gain":0,"max_hp_loss":0,"event_name":"Living Wall","floor":13,"gold_loss":0,"cards_obtained":["Hemokinesis"]},{"damage_healed":0,"gold_gain":0,"player_choice":"Obtained Book","damage_taken":21,"max_hp_gain":0,"max_hp_loss":0,"event_name":"Cursed Tome","floor":20,"gold_loss":0},{"damage_healed":0,"gold_gain":0,"player_choice":"Fight","damage_taken":0,"max_hp_gain":0,"max_hp_loss":0,"event_name":"MindBloom","floor":37,"gold_loss":0},{"damage_healed":0,"gold_gain":0,"player_choice":"Max HP","damage_taken":0,"max_hp_gain":0,"max_hp_loss":4,"event_name":"Winding Halls","floor":38,"gold_loss":0}],"is_beta":false,"boss_relics":[{"not_picked":["Sozu","Runic Cube"],"picked":"Black Star"},{"not_picked":["Tiny House","Pandora\u0027s Box"],"picked":"Velvet Choker"}],"items_purged_floors":[3,12,48],"is_endless":false,"potions_floor_spawned":[4,7,16,18,19,24,29,31,37,39,44,45,46,47,55],"ascension_level":20}}