{"host":"yecadp3kwkksam5a","time":1611981292,"event":{"mods":["BaseMod","Minty Spire (QoL Compilation)","StSLib","SuperFastMode","The Cursed"],"gold_per_floor":[11,11,30,30,44,78,78,104,104,104,179,207,218,236,236,333,333,273,283,283,66,79,111,111,131,131,151,186,186,33,61,61,156,156,174,174,193,293,306,325,338,365,388,401,428,147,161,196,196,196,196,196,49,81,81],"floor_reached":56,"language":"KOR","playtime":2500,"items_purged":["Strike_R","Strike_R+1"],"score":2082,"play_id":"1d9ccebe-d128-4e20-93ad-b4c2a5d9fcff","local_time":"20210130133452","is_ascension_mode":true,"campfire_choices":[{"data":"Armaments","floor":7.0,"key":"SMITH"},{"data":"Body Slam","floor":10.0,"key":"SMITH"},{"data":"Dark Embrace","floor":15.0,"key":"SMITH"},{"data":"Whirlwind","floor":24.0,"key":"SMITH"},{"data":"Dual Wield","floor":29.0,"key":"SMITH"},{"data":"Barricade","floor":32.0,"key":"SMITH"},{"floor":49,"key":"RECALL"},{"data":"Body Slam","floor":52,"key":"SMITH"}],"circlet_count":0,"master_deck":["AscendersBane","Defend_R","Defend_R","Defend_R","Defend_R","Bash+1","Inflame","Body Slam+1","Mayhem+1","Mayhem+1","Mayhem+1","Mayhem+1","Mayhem+1","Armaments+1","Pommel Strike","Shrug It Off","Uppercut","Feel No Pain","Dark Embrace+1","Impervious","Shockwave","Evolve","Whirlwind+1","Inflame","Dual Wield+1","Uppercut","Dropkick+1","Barricade+1","Impervious+1","Warcry+1","Armaments+1","Body Slam+1","Dual Wield+1","Armaments+1","Body Slam+1","Shrug It Off+1","Disarm+1","True Grit+1","Metallicize","Demon Form","Dual Wield+1"],"relics":["Burning Blood","Bird Faced Urn","Kunai","Pear","Mango","Black Star","Pocketwatch","Toxic Egg 2","Thread and Needle","Magic Flower","Singing Bowl","OrangePellets","Boot","Whetstone","SlaversCollar","Paper Frog","Ice Cream","Bag of Preparation","Akabeko","Chemical X","Nunchaku","Mercury Hourglass","Happy Flower","HornCleat"],"acts_visited":["Exordium","TheCity","TheBeyond","TheEnding"],"potions_floor_usage":[55],"damage_taken":[{"damage":7.0,"enemies":"Jaw Worm","floor":1.0,"turns":4.0},{"damage":10.0,"enemies":"2 Louse","floor":3.0,"turns":4.0},{"damage":9.0,"enemies":"Small Slimes","floor":5.0,"turns":4.0},{"damage":12.0,"enemies":"3 Sentries","floor":6.0,"turns":7.0},{"damage":16.0,"enemies":"Gremlin Nob","floor":8.0,"turns":4.0},{"damage":20.0,"enemies":"3 Sentries","floor":12.0,"turns":7.0},{"damage":25.0,"enemies":"Exordium Thugs","floor":13.0,"turns":6.0},{"damage":14.0,"enemies":"Exordium Wildlife","floor":14.0,"turns":4.0},{"damage":25.0,"enemies":"Slime Boss","floor":16.0,"turns":6.0},{"damage":6.0,"enemies":"2 Thieves","floor":18.0,"turns":4.0},{"damage":0.0,"enemies":"Chosen","floor":19.0,"turns":4.0},{"damage":28.0,"enemies":"Centurion and Healer","floor":22.0,"turns":6.0},{"damage":46.0,"enemies":"Slavers","floor":23.0,"turns":7.0},{"damage":26.0,"enemies":"3 Cultists","floor":25.0,"turns":6.0},{"damage":28.0,"enemies":"Snake Plant","floor":27.0,"turns":6.0},{"damage":9.0,"enemies":"Book of Stabbing","floor":28.0,"turns":5.0},{"damage":29.0,"enemies":"Gremlin Leader","floor":31.0,"turns":6.0},{"damage":0.0,"enemies":"Automaton","floor":33.0,"turns":7.0},{"damage":4.0,"enemies":"Orb Walker","floor":35.0,"turns":5.0},{"damage":43.0,"enemies":"3 Shapes","floor":37.0,"turns":7.0},{"damage":8.0,"enemies":"Spire Growth","floor":39.0,"turns":6.0},{"damage":14.0,"enemies":"3 Darklings","floor":40.0,"turns":5.0},{"damage":15.0,"enemies":"Writhing Mass","floor":41.0,"turns":6.0},{"damage":26.0,"enemies":"Nemesis","floor":42.0,"turns":5.0},{"damage":50,"enemies":"Jaw Worm Horde","floor":44,"turns":4},{"damage":46,"enemies":"Reptomancer","floor":45,"turns":6},{"damage":28,"enemies":"4 Shapes","floor":47,"turns":6},{"damage":23,"enemies":"Nemesis","floor":48,"turns":5},{"damage":43,"enemies":"Awakened One","floor":50,"turns":8},{"damage":43,"enemies":"Shield and Spear","floor":54,"turns":7},{"damage":80,"enemies":"The Heart","floor":55,"turns":7}],"seed_played":"6957373639109636518","potions_obtained":[{"floor":6.0,"key":"FairyPotion"},{"floor":13.0,"key":"Weak Potion"},{"floor":14.0,"key":"Fire Potion"},{"floor":41.0,"key":"LiquidMemories"}],"is_trial":false,"path_per_floor":["M","?","M","?","M","E","R","E","T","R","?","E","M","M","R","B",null,"M","M","?","$","M","E","R","M","T","M","E","R","$","E","R","B",null,"M","?","M","?","M","M","M","E","T","M","E","$","M","E","R","B",null,"R","$","E","B",null],"character_chosen":"IRONCLAD","items_purchased":["Whirlwind","Inflame","OrangePellets","Chemical X","Disarm+1","Demon Form","DuplicationPotion"],"campfire_rested":0,"item_purchase_floors":[21,21,30,46,46,53,53],"current_hp_per_floor":[71,71,67,67,64,58,58,54,64,64,53,65,58,64,64,61,93,104,104,104,104,96,80,80,78,78,74,91,91,91,98,98,106,106,106,106,102,102,106,106,106,101,101,87,94,94,108,108,108,107,108,108,108,97,54],"gold":81,"neow_bonus":"TRANSFORM_TWO_CARDS","is_daily":false,"chose_seed":false,"campfire_upgraded":7,"win_rate":0.0,"timestamp":1611981292,"path_taken":["M","?","M","?","M","E","R","E","T","R","?","E","M","M","R","BOSS","M","M","?","?","M","E","R","M","T","M","E","R","$","E","R","BOSS","M","?","M","?","M","M","M","E","T","?","E","$","M","E","R","BOSS","R","$","E","BOSS"],"items_purchased_type":["Card","Card","Relic","Relic","Card","Card","Potion"],"build_version":"2020-12-22","purchased_purges":2,"victory":true,"max_hp_per_floor":[80,80,80,80,80,80,80,80,90,90,90,104,104,104,104,104,104,104,104,104,104,104,104,104,104,104,104,106,106,106,106,106,106,106,106,106,106,106,106,106,106,106,106,106,108,108,108,108,108,108,108,108,108,108,108],"card_choices":[{"not_picked":["Headbutt","Body Slam"],"picked":"Armaments","floor":1.0},{"not_picked":["Anger","Battle Trance"],"picked":"Pommel Strike","floor":3.0},{"not_picked":["Perfected Strike","Dual Wield"],"picked":"Shrug It Off","floor":5.0},{"not_picked":["Exhume","Infernal Blade","Havoc"],"picked":"SKIP","floor":6.0},{"not_picked":["Hemokinesis","Feel No Pain","True Grit"],"picked":"SKIP","floor":8.0},{"not_picked":["Sever Soul","Havoc"],"picked":"Uppercut","floor":12.0},{"not_picked":["Warcry","True Grit"],"picked":"Feel No Pain","floor":13.0},{"not_picked":["Clash","Uppercut"],"picked":"Dark Embrace","floor":14.0},{"not_picked":["Berserk","Exhume"],"picked":"Impervious","floor":16.0},{"not_picked":["Carnage","Seeing Red"],"picked":"Shockwave","floor":18.0},{"not_picked":["Intimidate+1","Combust"],"picked":"Evolve","floor":19.0},{"not_picked":["Headbutt+1","Twin Strike+1"],"picked":"Dual Wield","floor":22.0},{"not_picked":["Perfected Strike","Iron Wave"],"picked":"Uppercut","floor":23.0},{"not_picked":["Pommel Strike","Sever Soul","Twin Strike"],"picked":"SKIP","floor":25.0},{"not_picked":["Twin Strike","Whirlwind"],"picked":"Dropkick+1","floor":27.0},{"not_picked":["Headbutt","Inflame","Havoc+1"],"picked":"Singing Bowl","floor":28.0},{"not_picked":["Cleave","Anger"],"picked":"Barricade","floor":31.0},{"not_picked":["Juggernaut","Immolate"],"picked":"Impervious+1","floor":33.0},{"not_picked":["Dark Embrace","Evolve"],"picked":"Warcry+1","floor":35.0},{"not_picked":["Pommel Strike","Headbutt"],"picked":"Armaments+1","floor":37.0},{"not_picked":["Metallicize","Thunderclap"],"picked":"Body Slam","floor":39.0},{"not_picked":["Reaper","Warcry+1"],"picked":"Dual Wield+1","floor":40.0},{"not_picked":["Havoc+1","Wild Strike+1"],"picked":"Armaments+1","floor":41.0},{"not_picked":["Pommel Strike+1","Searing Blow"],"picked":"Body Slam+1","floor":42.0},{"not_picked":["Sword Boomerang","Inflame"],"picked":"Shrug It Off+1","floor":44},{"not_picked":["Rupture","Havoc+1","Thunderclap"],"picked":"Singing Bowl","floor":45},{"not_picked":["Clothesline","Iron Wave"],"picked":"True Grit+1","floor":47},{"not_picked":["Combust+1","Thunderclap+1"],"picked":"Metallicize","floor":48},{"not_picked":["Fire Breathing","Juggernaut"],"picked":"Dual Wield+1","floor":54}],"player_experience":528661,"relics_obtained":[{"floor":6.0,"key":"Bird Faced Urn"},{"floor":8.0,"key":"Kunai"},{"floor":9.0,"key":"Pear"},{"floor":12.0,"key":"Mango"},{"floor":23.0,"key":"Pocketwatch"},{"floor":23.0,"key":"Toxic Egg 2"},{"floor":26.0,"key":"Thread and Needle"},{"floor":28.0,"key":"Magic Flower"},{"floor":28.0,"key":"Singing Bowl"},{"floor":31.0,"key":"Boot"},{"floor":31.0,"key":"Whetstone"},{"floor":42.0,"key":"Paper Frog"},{"floor":42.0,"key":"Ice Cream"},{"floor":45,"key":"Bag of Preparation"},{"floor":45,"key":"Akabeko"},{"floor":48,"key":"Nunchaku"},{"floor":48,"key":"Mercury Hourglass"},{"floor":54,"key":"Happy Flower"},{"floor":54,"key":"HornCleat"}],"event_choices":[{"cards_removed":["Strike_R"],"damage_healed":0.0,"max_hp_gain":0.0,"max_hp_loss":0.0,"gold_gain":0.0,"event_name":"Living Wall","player_choice":"Forget","floor":2.0,"gold_loss":0.0,"damage_taken":0.0},{"damage_healed":0.0,"max_hp_gain":0.0,"max_hp_loss":0.0,"gold_gain":0.0,"event_name":"Liars Game","player_choice":"Ignored","floor":4.0,"gold_loss":0.0,"damage_taken":0.0},{"damage_healed":0.0,"max_hp_gain":0.0,"max_hp_loss":0.0,"gold_gain":75.0,"event_name":"World of Goop","player_choice":"Gather Gold","floor":11.0,"gold_loss":0.0,"damage_taken":11.0},{"damage_healed":0.0,"max_hp_gain":0.0,"max_hp_loss":0.0,"gold_gain":0.0,"event_name":"Transmorgrifier","player_choice":"Ignored","floor":20.0,"gold_loss":0.0,"damage_taken":0.0},{"damage_healed":0.0,"max_hp_gain":0.0,"max_hp_loss":0.0,"gold_gain":0.0,"event_name":"Tomb of Lord Red Mask","player_choice":"Ignored","floor":36.0,"gold_loss":0.0,"damage_taken":0.0},{"damage_healed":0.0,"max_hp_gain":0.0,"max_hp_loss":0.0,"gold_gain":100.0,"event_name":"Golden Shrine","player_choice":"Pray","floor":38.0,"gold_loss":0.0,"damage_taken":0.0}],"is_beta":false,"boss_relics":[{"not_picked":["Sozu","Velvet Choker"],"picked":"Black Star"},{"not_picked":["Astrolabe","Busted Crown"],"picked":"SlaversCollar"}],"items_purged_floors":[21,46],"is_endless":false,"potions_floor_spawned":[6,13,14,19,23,27,28,31,37,40,41,42,47],"ascension_level":12}}