{"host":"rolltorest","time":1611968467,"event":{"mods":["BaseMod","Gremlin Mod","Jorbs\u0027s Wanderer Trilogy","Koishi","Minty Spire (QoL Compilation)","Relic Stats","Robot Space Explorer","Slay the Relics Exporter","StSLib","The Servant 0.9.4"],"gold_per_floor":[111,111,130,195,175,175,175,175],"floor_reached":7,"language":"ENG","playtime":114,"items_purged":[],"score":78,"play_id":"a01856f8-79d9-4beb-80b3-1820e7d2e372","local_time":"20210129170107","is_ascension_mode":true,"campfire_choices":[{"data":"RobotSpaceExplorer:FrostMissile","floor":6,"key":"SMITH"}],"circlet_count":0,"master_deck":["AscendersBane","RobotSpaceExplorer:Strike+1","RobotSpaceExplorer:Strike","RobotSpaceExplorer:Strike","RobotSpaceExplorer:Defend","RobotSpaceExplorer:Defend","RobotSpaceExplorer:Defend","RobotSpaceExplorer:Scan+1","RobotSpaceExplorer:MiniLasers","RobotSpaceExplorer:FrostMissile+1"],"relics":["Empty Cage"],"acts_visited":["Exordium"],"potions_floor_usage":[7],"damage_taken":[{"damage":4,"enemies":"2 Louse","floor":1,"turns":4},{"damage":0,"enemies":"Jaw Worm","floor":3,"turns":4},{"damage":24,"enemies":"Gremlin Nob","floor":7,"turns":4}],"seed_played":"-1486141182813071571","potions_obtained":[{"floor":1,"key":"EssenceOfSteel"},{"floor":5,"key":"SneckoOil"}],"is_trial":false,"path_per_floor":["M","?","M","?","?","R","E"],"character_chosen":"RobotSpaceExplorer","items_purchased":[],"campfire_rested":0,"item_purchase_floors":[],"current_hp_per_floor":[60,39,39,39,39,39,15,15],"gold":175,"neow_bonus":"BOSS_RELIC","is_daily":false,"chose_seed":false,"campfire_upgraded":1,"win_rate":0.0,"timestamp":1611968467,"path_taken":["M","?","M","?","?","R","E"],"items_purchased_type":[],"build_version":"2020-12-18","purchased_purges":0,"victory":false,"max_hp_per_floor":[71,71,71,71,71,71,71,71],"relic_stats":{"counters":[3,12],"obtain_stats":[{"RobotSpaceExplorer:RoboCore":0,"Empty Cage":0},{"RobotSpaceExplorer:RoboCore":0,"Empty Cage":0},{"RobotSpaceExplorer:RoboCore":0,"Empty Cage":0}]},"card_choices":[{"not_picked":["RobotSpaceExplorer:FreezeRay","RobotSpaceExplorer:Smokescreen","RobotSpaceExplorer:Pulsar"],"picked":"SKIP","floor":1},{"not_picked":["RobotSpaceExplorer:SurgingShield","RobotSpaceExplorer:ScrapShield"],"picked":"RobotSpaceExplorer:FrostMissile","floor":3}],"player_experience":2354542,"relics_obtained":[],"event_choices":[{"damage_healed":0,"gold_gain":0,"player_choice":"Entered Light","damage_taken":21,"max_hp_gain":0,"max_hp_loss":0,"event_name":"Shining Light","floor":2,"gold_loss":0,"cards_upgraded":["RobotSpaceExplorer:Scan","RobotSpaceExplorer:Strike"]},{"damage_healed":0,"gold_gain":65,"player_choice":"Gained Gold","damage_taken":0,"max_hp_gain":0,"max_hp_loss":0,"event_name":"Golden Wing","floor":4,"gold_loss":0},{"damage_healed":0,"gold_gain":0,"player_choice":"Bought 1 Potion","damage_taken":0,"max_hp_gain":0,"max_hp_loss":0,"event_name":"The Woman in Blue","floor":5,"gold_loss":0}],"is_beta":true,"boss_relics":[],"items_purged_floors":[],"is_endless":false,"potions_floor_spawned":[1],"killed_by":"Gremlin Nob","ascension_level":20}}