{"host":"aqym1xxr3lb31d9m","time":1611975586,"event":{"mods":["BaseMod","Block Reminder","Colored Map","Colored Powertips","DeckTracker","Highlight Path","Minty Spire (QoL Compilation)","Quick Restart","Random Character Button","StSLib","SuperFastMode","UnlockEverythingMod"],"gold_per_floor":[419,439,449,449,599,599,599,599,623,649,667,99,99,163,163,163,163],"floor_reached":16,"language":"JPN","playtime":1393,"items_purged":[],"score":195,"play_id":"36cb7e7d-0fc9-4e0b-92cd-45a337676af1","local_time":"20210130115946","is_ascension_mode":true,"campfire_choices":[{"data":"Defragment","floor":6,"key":"SMITH"},{"data":"Lockon","floor":8,"key":"SMITH"},{"floor":13,"key":"REST"},{"data":"Hologram","floor":15,"key":"SMITH"}],"circlet_count":0,"master_deck":["AscendersBane","Strike_B","Strike_B","Strike_B","Defend_B","Defend_B","Defend_B","Defend_B","Zap","Dualcast","Lockon+1","Conserve Battery","Defragment+1","All For One","Capacitor","Conserve Battery","Hologram+1","Defragment","Go for the Eyes"],"relics":["Cracked Core","Old Coin","Spirit Poop","Akabeko","Regal Pillow","Ice Cream","Sundial"],"acts_visited":["Exordium"],"potions_floor_usage":[10,10,14,16,16],"damage_taken":[{"damage":0,"enemies":"Cultist","floor":1,"turns":3},{"damage":1,"enemies":"2 Louse","floor":2,"turns":2},{"damage":0,"enemies":"Jaw Worm","floor":3,"turns":3},{"damage":18,"enemies":"3 Sentries","floor":10,"turns":7},{"damage":15,"enemies":"Gremlin Gang","floor":11,"turns":6},{"damage":26,"enemies":"Lagavulin Event","floor":14,"turns":4},{"damage":29,"enemies":"The Guardian","floor":16,"turns":2}],"seed_played":"-2230908917740906257","potions_obtained":[{"floor":1,"key":"DuplicationPotion"},{"floor":3,"key":"Strength Potion"},{"floor":11,"key":"EssenceOfDarkness"},{"floor":14,"key":"Dexterity Potion"}],"is_trial":false,"path_per_floor":["M","M","M","?","?","R","?","R","T","E","M","$","R","?","R","B"],"character_chosen":"DEFECT","items_purchased":["Conserve Battery","Ice Cream","Hologram","Defragment","Regen Potion"],"campfire_rested":1,"item_purchase_floors":[12,12,12,12,12],"current_hp_per_floor":[46,45,45,38,38,38,38,38,38,20,5,5,41,15,15,0,0],"gold":163,"neow_bonus":"ONE_RARE_RELIC","is_daily":false,"chose_seed":false,"campfire_upgraded":3,"win_rate":0.0,"timestamp":1611975586,"path_taken":["M","M","M","?","?","R","?","R","T","E","?","$","R","?","R","BOSS"],"items_purchased_type":["Card","Relic","Card","Card","Potion"],"build_version":"2020-12-22","purchased_purges":0,"victory":false,"max_hp_per_floor":[71,71,71,71,71,71,71,71,71,71,71,71,71,71,71,71,71],"card_choices":[{"not_picked":["Conserve Battery","Steam"],"picked":"Lockon","floor":1},{"not_picked":["Aggregate","Barrage"],"picked":"Conserve Battery","floor":2},{"not_picked":["Lockon","Gash"],"picked":"Defragment","floor":3},{"not_picked":["Cold Snap","Fusion"],"picked":"All For One","floor":10},{"not_picked":["Beam Cell","Chaos"],"picked":"Capacitor","floor":11},{"not_picked":["Storm","BootSequence"],"picked":"Go for the Eyes","floor":14}],"player_experience":4127178,"relics_obtained":[{"floor":9,"key":"Akabeko"},{"floor":10,"key":"Regal Pillow"},{"floor":14,"key":"Sundial"}],"event_choices":[{"cards_removed":["Strike_B"],"damage_healed":0,"gold_gain":0,"player_choice":"Card Removal","damage_taken":7,"max_hp_gain":0,"max_hp_loss":0,"event_name":"Golden Wing","floor":4,"gold_loss":0},{"damage_healed":0,"gold_gain":150,"player_choice":"AGREE","damage_taken":0,"max_hp_gain":0,"max_hp_loss":0,"event_name":"Liars Game","floor":5,"gold_loss":0,"cards_obtained":["Doubt"]},{"cards_removed":["Doubt"],"damage_healed":0,"gold_gain":0,"player_choice":"Offered Curse","damage_taken":0,"relics_obtained":["Spirit Poop"],"max_hp_gain":0,"max_hp_loss":0,"event_name":"Bonfire Elementals","floor":7,"gold_loss":0},{"damage_healed":0,"gold_gain":0,"player_choice":"Searched \u00272\u0027 times","damage_taken":0,"max_hp_gain":0,"max_hp_loss":0,"event_name":"Dead Adventurer","floor":14,"gold_loss":0}],"is_beta":false,"boss_relics":[],"items_purged_floors":[],"is_endless":false,"potions_floor_spawned":[1,3,11,14],"killed_by":"The Guardian","ascension_level":20}}