{"host":"n605f8gctjc87d7h","time":1611965901,"event":{"mods":["Aspiration","Bard","BaseMod","Better Match","Better Note","Better Skull","Better Third Choice","Conspire","Downfall","Halation","Hermit","Infinite Spire","Minty Spire (QoL Compilation)","Replay The Spire","Retaliation","Shade Mod","Spicy Shops","StSLib","The IronCluck","The Jungle"],"gold_per_floor":[112,123,298,14,29,61,76,40,40,60,60,76,76,91,91,164,164,178,178,197,197,197,197,207,129,152,152,152],"floor_reached":27,"language":"ENG","playtime":1690,"items_purged":["Strike_R"],"score":366,"play_id":"dab095b8-3eb8-43c7-afb6-8ae125d44737","local_time":"20210129161821","is_ascension_mode":true,"campfire_choices":[{"floor":11,"key":"REST"},{"data":"Doubt","floor":15,"key":"PURGE"},{"floor":23,"key":"REST"}],"circlet_count":0,"master_deck":["AscendersBane","Defend_R+1","Defend_R","Defend_R","Defend_R","Bash","Guardian:Defend_Guardian","Armaments","Pummel","Life Link","Pot Of Greed","Pot Of Greed","Rage","conspire:Charge","Spot Weakness","Ghostly Armor+1","Slimebound:Tackle+1","Slimebound:Tackle+1","Slimebound:Tackle+1","Pot Of Greed"],"relics":["Burning Blood","infinitespire:Lychee Nut","Membership Card","Pear","Grinning Jar","Letter Opener","aspiration:SecretTechniqueScroll","halation:TrafficLight","War Paint","infinitespire:Satchel"],"acts_visited":["Exordium","TheCity"],"potions_floor_usage":[6,6,7,10,16,24],"damage_taken":[{"damage":18,"enemies":"Small Slimes","floor":1,"turns":6},{"damage":2,"enemies":"Jaw Worm","floor":2,"turns":5},{"damage":7,"enemies":"2 Louse","floor":5,"turns":3},{"damage":61,"enemies":"Lagavulin","floor":6,"turns":6},{"damage":5,"enemies":"Blue Slaver","floor":7,"turns":6},{"damage":10,"enemies":"Red Slaver","floor":10,"turns":4},{"damage":9,"enemies":"Exordium Thugs","floor":12,"turns":5},{"damage":16,"enemies":"Blue Slaver","floor":14,"turns":4},{"damage":58,"enemies":"Slime Boss","floor":16,"turns":11},{"damage":40,"enemies":"3 Byrds","floor":18,"turns":5},{"damage":23,"enemies":"Shell Parasite","floor":20,"turns":6},{"damage":13,"enemies":"Centurion and Healer","floor":24,"turns":6},{"damage":39,"enemies":"Sentry and Sphere","floor":27,"turns":5}],"seed_played":"2713641135196911755","potions_obtained":[{"floor":2,"key":"FearPotion"},{"floor":5,"key":"SteroidPotion"},{"floor":6,"key":"FearPotion"},{"floor":12,"key":"Swift Potion"},{"floor":20,"key":"DuplicationPotion"},{"floor":24,"key":"Weak Potion"}],"is_trial":false,"path_per_floor":["M","M","?","$","M","E","M","$","T","M","R","M","?","M","R","B",null,"M","AVR","M","?","?","R","M","$","T","M"],"character_chosen":"IRONCLAD","items_purchased":["Membership Card","Pear","LifebloodPotion","War Paint"],"campfire_rested":2,"item_purchase_floors":[4,4,8,25],"current_hp_per_floor":[47,56,56,66,66,12,19,19,19,21,40,43,62,58,58,12,53,25,25,14,14,14,33,32,32,32,0,0],"gold":152,"neow_bonus":"ONE_RARE_RELIC","is_daily":false,"chose_seed":false,"campfire_upgraded":0,"win_rate":0.0,"timestamp":1611965901,"path_taken":["M","M","?","$","M","E","M","$","T","M","R","M","?","M","R","BOSS","M","AVR","M","?","?","R","M","$","T","M"],"items_purchased_type":["Relic","Relic","Potion","Relic"],"build_version":"2020-12-22","purchased_purges":1,"victory":false,"max_hp_per_floor":[56,56,56,66,66,66,66,66,66,66,66,66,66,66,66,66,66,66,66,66,66,66,66,66,66,66,66,66],"card_choices":[{"not_picked":["Flame Barrier","ReplayReversal"],"picked":"Armaments","floor":1},{"not_picked":["Sword Boomerang","Twin Strike"],"picked":"Pummel","floor":2},{"not_picked":["Sword Boomerang","Carnage"],"picked":"Life Link","floor":5},{"not_picked":["Wild Strike","Cleave"],"picked":"Rage","floor":6},{"not_picked":["Flex","DDmod:CallousedSkill"],"picked":"conspire:Charge","floor":7},{"not_picked":["DDmod:PokeAttack","Reckless Charge","ReplayReversal"],"picked":"SKIP","floor":10},{"not_picked":["DDmod:PokeAttack","Entrench","Shockwave"],"picked":"SKIP","floor":12},{"not_picked":["Twin Strike","Searing Blow"],"picked":"Spot Weakness","floor":14},{"not_picked":["Thunderclap","Warcry","Carnage"],"picked":"SKIP","floor":18},{"not_picked":["DDmod:SpikedSkill","Eclipse"],"picked":"Ghostly Armor","floor":20},{"not_picked":["Clash","Thunderclap","Bloodletting"],"picked":"SKIP","floor":24}],"player_experience":792331,"relics_obtained":[{"floor":6,"key":"Grinning Jar"},{"floor":9,"key":"Letter Opener"},{"floor":26,"key":"infinitespire:Satchel"}],"event_choices":[{"damage_healed":0,"gold_gain":175,"player_choice":"AGREE","damage_taken":123,"max_hp_gain":0,"max_hp_loss":0,"event_name":"betterThird:BetterSerpent","floor":3,"gold_loss":0}],"is_beta":false,"boss_relics":[{"not_picked":["Mark of Pain","Busted Crown"],"picked":"aspiration:SecretTechniqueScroll"}],"items_purged_floors":[19],"is_endless":false,"potions_floor_spawned":[2,5,6,12,20,24],"killed_by":"Sentry and Sphere","ascension_level":14}}