{"host":"dcj2yvrgcvh5dl2s","time":1611987286,"event":{"mods":["BaseMod","Bestiary","Better Note","Block Reminder","Colored Powertips","Curses Come First","DeckTracker","Minty Spire (QoL Compilation)","Quick Restart","Rare Cards Sparkle","Relic Stats","StSLib"],"gold_per_floor":[19,19,30,79,53,53,9,39,39,66,66,31,45,77,77,148,148,162,162,87,87,87,87,114,114,195,195,209,229,1,16,16,16,16],"floor_reached":33,"language":"ENG","playtime":8336,"items_purged":[],"score":583,"play_id":"a63e4aa1-4d19-4b5e-b4f2-144deb097694","local_time":"20210130161446","is_ascension_mode":true,"campfire_choices":[{"data":"Fire Breathing","floor":6,"key":"SMITH"},{"floor":11,"key":"REST"},{"data":"Body Slam","floor":15,"key":"SMITH"},{"data":"Whirlwind","floor":23,"key":"SMITH"},{"data":"Disarm","floor":25,"key":"SMITH"},{"data":"Inflame","floor":27,"key":"SMITH"},{"floor":32,"key":"REST"}],"circlet_count":0,"master_deck":["AscendersBane","Strike_R","Strike_R","Strike_R","Strike_R","Defend_R","Defend_R","Defend_R","Defend_R","Bash","Shockwave+1","Fire Breathing+1","Shrug It Off","Whirlwind+1","Sword Boomerang","Body Slam+1","Thunderclap","Inflame+1","Juggernaut","Disarm+1","Pummel","Decay","Dropkick","Shrug It Off","Pommel Strike"],"relics":["Burning Blood","Regal Pillow","Centennial Puzzle","Kunai","Pear","Ornamental Fan","Cursed Key","Charon\u0027s Ashes","Darkstone Periapt","PreservedInsect"],"acts_visited":["Exordium","TheCity"],"potions_floor_usage":[14,14,28,33,33],"damage_taken":[{"damage":2,"enemies":"2 Louse","floor":1,"turns":3},{"damage":9,"enemies":"Jaw Worm","floor":3,"turns":5},{"damage":27,"enemies":"3 Sentries","floor":8,"turns":4},{"damage":50,"enemies":"Gremlin Nob","floor":10,"turns":5},{"damage":8,"enemies":"Small Slimes","floor":13,"turns":4},{"damage":42,"enemies":"Lagavulin","floor":14,"turns":7},{"damage":36,"enemies":"Slime Boss","floor":16,"turns":9},{"damage":16,"enemies":"Shell Parasite","floor":18,"turns":4},{"damage":16,"enemies":"Slavers","floor":24,"turns":2},{"damage":0,"enemies":"Chosen","floor":28,"turns":3},{"damage":30,"enemies":"Shelled Parasite and Fungi","floor":29,"turns":6},{"damage":25,"enemies":"Snake Plant","floor":31,"turns":4},{"damage":77,"enemies":"Champ","floor":33,"turns":9}],"seed_played":"-2230562874815009053","potions_obtained":[{"floor":10,"key":"AttackPotion"},{"floor":13,"key":"Regen Potion"},{"floor":16,"key":"Dexterity Potion"},{"floor":18,"key":"Energy Potion"},{"floor":28,"key":"BloodPotion"},{"floor":29,"key":"Dexterity Potion"}],"is_trial":false,"path_per_floor":["M","?","M","T","$","R","$","E","T","E","R","?","M","E","R","B",null,"M","?","?","?","?","R","E","R","T","R","M","M","$","M","R","B"],"character_chosen":"IRONCLAD","items_purchased":["Shrug It Off","Whirlwind","PreservedInsect","Shrug It Off"],"campfire_rested":2,"item_purchase_floors":[5,7,30,30],"current_hp_per_floor":[86,86,83,83,83,83,83,62,62,28,72,96,94,70,70,40,84,74,74,74,74,60,60,50,50,50,50,75,51,51,32,76,0,0],"gold":16,"neow_bonus":"TWENTY_PERCENT_HP_BONUS","is_daily":false,"chose_seed":false,"campfire_upgraded":5,"win_rate":0.0,"timestamp":1611987286,"path_taken":["M","?","M","?","$","R","?","E","T","E","R","?","?","E","R","BOSS","M","?","?","?","?","R","E","R","T","R","M","M","$","M","R","BOSS"],"items_purchased_type":["Card","Card","Relic","Card"],"build_version":"2020-12-22","purchased_purges":0,"victory":false,"max_hp_per_floor":[89,89,89,89,89,89,89,89,89,99,99,99,99,99,99,99,99,99,99,99,99,99,99,99,99,99,99,99,99,99,99,99,99,99],"relic_stats":{"Darkstone Periapt":0,"Regal Pillow":30,"Centennial Puzzle":[27],"counters":[13,65],"Ornamental Fan":[32],"Charon\u0027s Ashes":[27],"PreservedInsect":0,"Kunai":[12],"Cursed Key":1,"obtain_stats":[{"Darkstone Periapt":26,"Regal Pillow":4,"Centennial Puzzle":8,"Pear":10,"Ornamental Fan":14,"Charon\u0027s Ashes":24,"PreservedInsect":30,"Kunai":9,"Cursed Key":17,"Burning Blood":0},{"Darkstone Periapt":9,"Regal Pillow":2,"Centennial Puzzle":3,"Pear":4,"Ornamental Fan":6,"Charon\u0027s Ashes":9,"PreservedInsect":11,"Kunai":3,"Cursed Key":7,"Burning Blood":0},{"Darkstone Periapt":43,"Regal Pillow":8,"Centennial Puzzle":12,"Pear":17,"Ornamental Fan":28,"Charon\u0027s Ashes":43,"PreservedInsect":52,"Kunai":12,"Cursed Key":37,"Burning Blood":0}],"Burning Blood":72},"card_choices":[{"not_picked":["Cleave","Wild Strike"],"picked":"Shockwave","floor":1},{"not_picked":["Iron Wave","Flame Barrier"],"picked":"Fire Breathing","floor":3},{"not_picked":["Exhume","Clothesline"],"picked":"Sword Boomerang","floor":8},{"not_picked":["Clothesline","Ghostly Armor"],"picked":"Body Slam","floor":10},{"not_picked":["Headbutt","Havoc"],"picked":"Thunderclap","floor":13},{"not_picked":["Twin Strike","Combust"],"picked":"Inflame","floor":14},{"not_picked":["Fiend Fire","Demon Form"],"picked":"Juggernaut","floor":16},{"not_picked":["Power Through","Havoc","Seeing Red"],"picked":"SKIP","floor":18},{"not_picked":["Wild Strike","Feel No Pain"],"picked":"Pummel","floor":24},{"not_picked":["Clash","Twin Strike"],"picked":"Dropkick","floor":28},{"not_picked":["Burning Pact+1","Clothesline","Entrench"],"picked":"SKIP","floor":29},{"not_picked":["Havoc","Combust"],"picked":"Pommel Strike","floor":31}],"player_experience":2297744,"relics_obtained":[{"floor":4,"key":"Regal Pillow"},{"floor":8,"key":"Centennial Puzzle"},{"floor":9,"key":"Kunai"},{"floor":10,"key":"Pear"},{"floor":14,"key":"Ornamental Fan"},{"floor":24,"key":"Charon\u0027s Ashes"},{"floor":26,"key":"Darkstone Periapt"}],"event_choices":[{"damage_healed":0,"gold_gain":0,"player_choice":"Grow","damage_taken":0,"max_hp_gain":0,"max_hp_loss":0,"event_name":"Living Wall","floor":2,"gold_loss":0,"cards_upgraded":["Shockwave"]},{"damage_healed":24,"gold_gain":0,"player_choice":"Healed","damage_taken":0,"max_hp_gain":0,"max_hp_loss":0,"event_name":"The Cleric","floor":12,"gold_loss":35},{"damage_healed":0,"gold_gain":0,"player_choice":"Read","damage_taken":0,"max_hp_gain":0,"max_hp_loss":0,"event_name":"The Library","floor":19,"gold_loss":0,"cards_obtained":["Disarm"]},{"cards_removed":["Strike_R"],"damage_healed":0,"gold_gain":0,"player_choice":"Gave Gold","damage_taken":0,"max_hp_gain":0,"max_hp_loss":0,"event_name":"Beggar","floor":20,"gold_loss":75},{"damage_healed":0,"gold_gain":0,"player_choice":"Ignored","damage_taken":0,"max_hp_gain":0,"max_hp_loss":0,"event_name":"Ghosts","floor":21,"gold_loss":0},{"damage_healed":0,"gold_gain":0,"player_choice":"Damaged","damage_taken":14,"max_hp_gain":0,"max_hp_loss":0,"event_name":"Wheel of Change","floor":22,"gold_loss":0}],"is_beta":false,"boss_relics":[{"not_picked":["Runic Dome","Runic Pyramid"],"picked":"Cursed Key"}],"items_purged_floors":[],"is_endless":false,"potions_floor_spawned":[10,13,16,18,28,29],"killed_by":"Champ","ascension_level":20}}