{"host":"928gv66myv2vlnsd","time":1611966334,"event":{"mods":["BaseMod","Minty Spire (QoL Compilation)","StSLib"],"gold_per_floor":[109,34,54,54,54,80,80,109,109,109,14,31,43,8,8,83,83,98,80,80,80,80],"floor_reached":21,"language":"ENG","playtime":796,"items_purged":["Writhe"],"score":327,"play_id":"b1337221-aad4-480b-8748-a37871f1519d","local_time":"20210129192534","is_ascension_mode":true,"campfire_choices":[{"floor":7,"key":"REST"},{"floor":10,"key":"REST"},{"data":"Mayhem","floor":15,"key":"SMITH"}],"circlet_count":0,"master_deck":["AscendersBane","Strike_G","Strike_G+1","Defend_G","Defend_G","Defend_G","Defend_G","Defend_G","Survivor","Neutralize","Mayhem+1","Outmaneuver","Deadly Poison","Dash","Blade Dance","Deadly Poison","Flying Knee","Noxious Fumes","A Thousand Cuts","Burst","Envenom+1","Catalyst+1","Setup+1","Backflip+1","Sucker Punch"],"relics":["Ring of the Snake","Peace Pipe","Ice Cream","Whetstone","Bottled Flame","Astrolabe"],"acts_visited":["Exordium","TheCity"],"potions_floor_usage":[18],"damage_taken":[{"damage":1,"enemies":"Small Slimes","floor":1,"turns":5},{"damage":0,"enemies":"Jaw Worm","floor":3,"turns":6},{"damage":49,"enemies":"3 Sentries","floor":6,"turns":15},{"damage":7,"enemies":"Lagavulin","floor":8,"turns":9},{"damage":0,"enemies":"2 Louse","floor":12,"turns":2},{"damage":1,"enemies":"Looter","floor":13,"turns":3},{"damage":36,"enemies":"The Guardian","floor":16,"turns":10},{"damage":33,"enemies":"3 Byrds","floor":18,"turns":6},{"damage":16,"enemies":"2 Thieves","floor":19,"turns":4},{"damage":11,"enemies":"Shelled Parasite and Fungi","floor":21,"turns":2}],"seed_played":"-476188942316538531","potions_obtained":[{"floor":12,"key":"Swift Potion"},{"floor":13,"key":"FearPotion"},{"floor":18,"key":"FearPotion"}],"is_trial":false,"path_per_floor":["M","$","M","?","?","E","R","E","T","R","$","M","M","?","R","B",null,"M","M","?","M"],"character_chosen":"THE_SILENT","items_purchased":["Deadly Poison","Flying Knee"],"campfire_rested":2,"item_purchase_floors":[11,11],"current_hp_per_floor":[58,58,58,63,58,9,30,23,23,44,44,44,43,60,60,24,59,26,10,10,0,0],"gold":80,"neow_bonus":"RANDOM_COLORLESS_2","is_daily":false,"chose_seed":false,"campfire_upgraded":1,"win_rate":0.0,"timestamp":1611966334,"path_taken":["M","$","M","?","?","E","R","E","T","R","$","M","?","?","R","BOSS","M","M","?","M"],"items_purchased_type":["Card","Card"],"build_version":"2020-12-22","purchased_purges":1,"victory":false,"max_hp_per_floor":[66,66,66,71,71,71,71,71,71,71,71,71,71,71,71,71,71,71,71,71,71,71],"card_choices":[{"not_picked":["Secret Weapon","Magnetism"],"picked":"Mayhem","floor":0},{"not_picked":["Masterful Stab","Bane"],"picked":"Outmaneuver","floor":1},{"not_picked":["Prepared","Finisher"],"picked":"Deadly Poison","floor":3},{"not_picked":["PiercingWail","Backflip"],"picked":"Dash","floor":6},{"not_picked":["Noxious Fumes","Acrobatics"],"picked":"Blade Dance","floor":8},{"not_picked":["Quick Slash","Distraction"],"picked":"Noxious Fumes","floor":12},{"not_picked":["Deflect","Quick Slash"],"picked":"A Thousand Cuts","floor":13},{"not_picked":["Glass Knife","Corpse Explosion"],"picked":"Burst","floor":16},{"not_picked":["Deflect","PiercingWail+1"],"picked":"Backflip+1","floor":18},{"not_picked":["Slice","Heel Hook"],"picked":"Sucker Punch","floor":19}],"player_experience":1378687,"relics_obtained":[{"floor":6,"key":"Ice Cream"},{"floor":8,"key":"Whetstone"},{"floor":9,"key":"Bottled Flame"}],"event_choices":[{"damage_healed":0,"gold_gain":0,"player_choice":"Donut","damage_taken":0,"max_hp_gain":5,"max_hp_loss":0,"event_name":"Big Fish","floor":4,"gold_loss":0},{"damage_healed":0,"gold_gain":0,"player_choice":"Success","damage_taken":5,"relics_obtained":["Peace Pipe"],"max_hp_gain":0,"max_hp_loss":0,"event_name":"Scrap Ooze","floor":5,"gold_loss":0},{"damage_healed":17,"gold_gain":0,"player_choice":"Healed","damage_taken":0,"max_hp_gain":0,"max_hp_loss":0,"event_name":"The Cleric","floor":14,"gold_loss":35},{"damage_healed":0,"gold_gain":0,"player_choice":"Ignored","damage_taken":0,"max_hp_gain":0,"max_hp_loss":0,"event_name":"Cursed Tome","floor":20,"gold_loss":0}],"is_beta":false,"boss_relics":[{"not_picked":["Black Star","Tiny House"],"picked":"Astrolabe"}],"items_purged_floors":[2],"is_endless":false,"potions_floor_spawned":[12,13,16,18,19],"killed_by":"Shelled Parasite and Fungi","ascension_level":15}}