{"host":"fdshyddtzqm8gey2","time":1611980069,"event":{"mods":["AchievementEnabler","Act Like it!","Arknights The Spire","BaseMod","Colored Map","Colored Powertips","Decade(王小明)","Downfall","Friendly Minions","Kiyohime（清姬）","Koishi","LagranYue(拉格朗・月)","Marisa（F雨　魔理沙）","Minty Spire (QoL Compilation)","Prisma Mod","Reimu（博丽灵梦）","Remilia（蕾米莉亚）","Replay The Spire","StSLib","The Alterego","The Servant 0.9.4","TheSwordswoman","WarShipGirlsR/战舰少女R mod","Yakumo Yukari mod","Youmu（魂魄妖梦）","Yuyuko"],"gold_per_floor":[130,205,205,219,234,265,278,378,378,378,165,165,179,189,189,289,289,309,309,322,322,332,332,332,332],"floor_reached":24,"language":"ZHS","playtime":1970,"items_purged":[],"score":223,"play_id":"fce05696-cb8e-47eb-ab53-3cc718716ae4","local_time":"20210130121429","is_ascension_mode":false,"campfire_choices":[{"floor":10.0,"key":"REST"},{"floor":15.0,"key":"REST"},{"floor":23.0,"key":"REST"}],"circlet_count":0,"master_deck":["AT_purpleEX","AT_purpleEX","AT_purpleEX","AT_purpleEX","Defend_purpleEX","Defend_purpleEX","Defend_purpleEX","Defend_purpleEX","Observe_purple_1","Observe_purple_2","Charmbait_purple","PurpleNeedle_purple","Boundary_DreamRealityDamnation_purple","SharpContractionReality_purple","Line_surface_state_purple","CommonSense_AntiCommonSense_purple+1","OmniscientAndOmnipotent_Monster_purple","EighthInstrument_OneDividesIntoTwo_purple","D_absorption_purple","DarkRealmRedLine_purple","Purity","Computing_the_future_purpleEX+1","Anti_communist_purple","Umbrella_purple"],"relics":["Boundary_crack","Memoryfragments_purpleEX","NeowsBlessing","Gremlin Horn","Frozen Egg 2","Replay:Wax Seal","Pantograph","Seventeenyearold_girl_Forever"],"acts_visited":["Exordium","TheCity"],"potions_floor_usage":[24],"damage_taken":[{"damage":0.0,"enemies":"2 Louse","floor":1.0,"turns":1.0},{"damage":0.0,"enemies":"Jaw Worm","floor":4.0,"turns":1.0},{"damage":0.0,"enemies":"Cultist","floor":5.0,"turns":1.0},{"damage":37.0,"enemies":"3 Sentries","floor":6.0,"turns":5.0},{"damage":5.0,"enemies":"2 Fungi Beasts","floor":7.0,"turns":4.0},{"damage":4.0,"enemies":"Exordium Thugs","floor":13.0,"turns":4.0},{"damage":7.0,"enemies":"Blue Slaver","floor":14.0,"turns":4.0},{"damage":45.0,"enemies":"Slime Boss","floor":16.0,"turns":11.0},{"damage":28.0,"enemies":"Shell Parasite","floor":18.0,"turns":6.0},{"damage":21.0,"enemies":"Spheric Guardian","floor":20.0,"turns":4.0},{"damage":41.0,"enemies":"Snake Plant","floor":22.0,"turns":5.0},{"damage":60,"enemies":"Book of Stabbing","floor":24,"turns":5}],"seed_played":"6769269864127543490","potions_obtained":[{"floor":4.0,"key":"Flashbang"},{"floor":7.0,"key":"Guardian:BlockOnCardUsePotion"},{"floor":13.0,"key":"SteroidPotion"},{"floor":14.0,"key":"ColorlessPotion"},{"floor":18.0,"key":"champ:CounterPotion"}],"is_trial":false,"path_per_floor":["M","?","?","M","M","E","M","?","T","R","$","T","M","M","R","B",null,"M","?","M","?","M","R","E"],"character_chosen":"Youkari","items_purchased":["CommonSense_AntiCommonSense_purple+1","OmniscientAndOmnipotent_Monster_purple","Replay:Wax Seal"],"campfire_rested":3,"item_purchase_floors":[11,11,11],"current_hp_per_floor":[70,59,59,59,59,23,19,19,19,40,40,40,41,37,58,30,70,49,49,35,24,31,53,0,0],"gold":332,"neow_bonus":"THREE_ENEMY_KILL","is_daily":false,"chose_seed":false,"campfire_upgraded":0,"win_rate":0.0,"timestamp":1611980069,"path_taken":["M","?","?","?","M","E","M","?","T","R","$","?","M","M","R","BOSS","M","?","?","?","M","R","E"],"items_purchased_type":["Card","Card","Relic"],"build_version":"2020-12-22","purchased_purges":0,"victory":false,"max_hp_per_floor":[70,70,70,70,70,70,70,70,70,70,70,70,70,70,70,70,70,72,72,74,74,74,74,74,74],"card_choices":[{"not_picked":["StateErode_purple","SharpContractionReality_purple"],"picked":"Charmbait_purple","floor":1.0},{"not_picked":["ExistenceContinue_purple","Erosivefilter_purple"],"picked":"PurpleNeedle_purple","floor":4.0},{"not_picked":["Photoelasticity_Doppler_Effect_purple","SharpContractionReality_purple"],"picked":"Boundary_DreamRealityDamnation_purple","floor":5.0},{"not_picked":["PurpleNeedle_purple","MetroBOOM_purple"],"picked":"SharpContractionReality_purple","floor":6.0},{"not_picked":["Worldmountain_purple","Anti_communist_purple"],"picked":"Line_surface_state_purple","floor":7.0},{"not_picked":["Mirror_WaveAndshot_purple","OpenedBox_purple"],"picked":"EighthInstrument_OneDividesIntoTwo_purple","floor":13.0},{"not_picked":["DimensionStaggered_purple","OmniscientAndOmnipotent_Monster_purple"],"picked":"UniverseChoice_purple+1","floor":14.0},{"not_picked":["WangLiang_OokamiKakushi_purple","Theboundaryofcreation_purpleEX"],"picked":"D_absorption_purple","floor":16.0},{"not_picked":["RuleDissolution_purple","Worldmountain_purple"],"picked":"DarkRealmRedLine_purple","floor":18.0},{"not_picked":["SharpContractionReality_purple","Photoelasticity_Doppler_Effect_purple"],"picked":"Anti_communist_purple","floor":20.0},{"not_picked":["RuptureOfTimeAndSpace_purple","StateDuplicate_purple"],"picked":"Umbrella_purple","floor":22.0}],"player_experience":96686,"relics_obtained":[{"floor":6.0,"key":"Gremlin Horn"},{"floor":9.0,"key":"Frozen Egg 2"},{"floor":12.0,"key":"Pantograph"}],"event_choices":[{"damage_healed":0.0,"max_hp_gain":0.0,"max_hp_loss":0.0,"gold_gain":75.0,"event_name":"World of Goop","player_choice":"Gather Gold","floor":2.0,"gold_loss":0.0,"damage_taken":11.0},{"damage_healed":0.0,"max_hp_gain":0.0,"max_hp_loss":0.0,"gold_gain":100.0,"event_name":"Golden Shrine","player_choice":"Pray","floor":8.0,"gold_loss":0.0,"damage_taken":0.0},{"damage_healed":0.0,"max_hp_gain":0.0,"max_hp_loss":0.0,"gold_gain":0.0,"event_name":"Match and Keep!","player_choice":"2 cards matched","floor":19.0,"gold_loss":0.0,"damage_taken":0.0,"cards_obtained":["Purity","Computing_the_future_purpleEX"]}],"is_beta":false,"boss_relics":[{"not_picked":["Replay:Wanted Poster","Tiny House"],"picked":"Seventeenyearold_girl_Forever"}],"items_purged_floors":[],"is_endless":false,"potions_floor_spawned":[4,7,13,14,18],"killed_by":"Book of Stabbing","ascension_level":0}}