{"host":"yao","time":1611978555,"event":{"mods":["BaseMod","BetterRewards","Downfall","Good Game Mod","Hubris","Lobotomy","Minty Spire (QoL Compilation)","READ ME - Guardian Mod","Shop Mod","StSLib","The Administrix","The Bug Knight","The Cursed","The Hierophant","The Runesmith","[IsaacMod]ÒÔÈö¼âËþ"],"gold_per_floor":[99,111,131,195,5,17,17,17,32,60,45,74,74,74,85,184,184,84,97,117,137,149,176,176,193,222,222,222,254,48,48,48,48,48],"floor_reached":32,"language":"ZHS","playtime":2491,"items_purged":["champ:Strike"],"score":385,"play_id":"26e0f234-c560-4d94-877c-61d6f96200df","local_time":"20210130114915","is_ascension_mode":false,"campfire_choices":[{"data":"champ:UltimateStance","floor":1.0,"key":"SMITH"},{"data":"champ:ShieldSlam","floor":8,"key":"SMITH"},{"data":"champ:RapidStrikes","floor":13,"key":"SMITH"},{"data":"champ:LastStand","floor":18,"key":"SMITH"},{"data":"champ:FocusedBerserking","floor":28,"key":"SMITH"}],"circlet_count":0,"master_deck":["champ:Strike","champ:Strike","champ:Strike","champ:Defend","champ:Defend","champ:Defend","champ:Defend","champ:Execute","champ:Taunt","champ:UltimateStance+1","champ:ShieldSlam+1","champ:RisingSlash","champ:GladiatorStyle","champ:CrookedStrike","Metamorphosis","champ:Endure","champ:RapidStrikes+1","champ:LastStand+1","champ:Shatter","champ:TripleStrike","champ:VampiricStrike","champ:TripleStrike","champ:RecklessLeap+1","champ:FlashCut+1","champ:FocusedBerserking+1","champ:IgnorePain","champ:CalledShot","expansioncontent:StudyTheSpire","Pride"],"relics":["champ:ChampionCrownUpgraded","HushsDoor","REME:ComplimentaryCards","PokeGo","hubris:PeanutButter","Question Card","hubris:MysteriousPyramids","White Beast Statue","MegaBlast","downfall:HeartBlessingGreen","PreservedInsect","Mummified Hand","Ancient Tea Set","champ:DefensiveTrainingManual","champ:GladiatorsBookOfMartialProwess","BelialBook"],"acts_visited":["TheCity"],"potions_floor_usage":[9,16,16,20,21,26,30,32,32],"damage_taken":[{"damage":18.0,"enemies":"2 Louse","floor":2.0,"turns":5.0},{"damage":14.0,"enemies":"Cultist","floor":3.0,"turns":5.0},{"damage":57,"enemies":"3 Sentries","floor":4,"turns":11},{"damage":7,"enemies":"downfall:FleeingMerchant","floor":5,"turns":4},{"damage":15,"enemies":"Jaw Worm","floor":6,"turns":4},{"damage":10,"enemies":"Lots of Slimes","floor":9,"turns":3},{"damage":19,"enemies":"Gremlin Nob","floor":10,"turns":5},{"damage":2,"enemies":"downfall:FleeingMerchant","floor":11,"turns":4},{"damage":7,"enemies":"HollowMod:MossKnight","floor":12,"turns":6},{"damage":0,"enemies":"3 Louse","floor":15,"turns":2},{"damage":2,"enemies":"SI_SHIV_ARCHETYPE","floor":16,"turns":5},{"damage":0,"enemies":"Spheric Guardian","floor":19,"turns":1},{"damage":32,"enemies":"3 Byrds","floor":20,"turns":4},{"damage":27,"enemies":"3 Cultists","floor":21,"turns":3},{"damage":0,"enemies":"Shelled Parasite and Fungi","floor":22,"turns":1},{"damage":0,"enemies":"Slavers","floor":23,"turns":1},{"damage":52,"enemies":"Centurion and Healer","floor":25,"turns":4},{"damage":32,"enemies":"HollowMod:Nosk","floor":26,"turns":4},{"damage":51,"enemies":"Gremlin Leader","floor":29,"turns":6},{"damage":29,"enemies":"downfall:FleeingMerchant","floor":30,"turns":4},{"damage":53,"enemies":"3 Cultists","floor":32,"turns":4}],"seed_played":"8563766723632619810","potions_obtained":[{"floor":6,"key":"Explosive Potion"},{"floor":10,"key":"SteroidPotion"},{"floor":12,"key":"Strength Potion"},{"floor":15,"key":"PowerPotion"},{"floor":16,"key":"Block Potion"},{"floor":19,"key":"AttackPotion"},{"floor":20,"key":"Block Potion"},{"floor":21,"key":"Fire Potion"},{"floor":26,"key":"FearPotion"},{"floor":30,"key":"SpeedPotion"}],"is_trial":false,"path_per_floor":["R","M","M","?","$","M","T","R","M","E","$","E","R","?","M","B",null,"R","M","M","M","M","E","T","M","E","?","R","E","$","?","M"],"character_chosen":"THE_CHAMP","items_purchased":["Metamorphosis","champ:VampiricStrike","MegaBlast","champ:TripleStrike","expansioncontent:StudyTheSpire"],"campfire_rested":0,"item_purchase_floors":[5,17,17,17,30],"current_hp_per_floor":[99,96,92,45,53,48,48,48,53,34,42,45,45,45,45,43,47,47,47,47,47,47,47,47,47,47,47,47,40,45,45,0,0,0],"gold":48,"neow_bonus":"TEN_PERCENT_HP_BONUS","is_daily":false,"chose_seed":false,"campfire_upgraded":5,"win_rate":0.0,"timestamp":1611978555,"path_taken":["R","M","M","?","?","?","T","R","M","E","$","E","R","?","M","BOSS","R","M","?","M","M","E","T","M","E","?","R","E","?","?","M"],"items_purchased_type":["Card","Card","Relic","Card","Card"],"build_version":"2020-12-18","purchased_purges":1,"victory":false,"max_hp_per_floor":[99,99,99,99,99,99,99,99,99,99,99,99,99,99,99,99,47,47,47,47,47,47,47,47,47,47,47,47,47,47,47,47,47,47],"card_choices":[{"not_picked":[],"picked":"ChaosCard","floor":0.0},{"not_picked":["champ:ArenaPreparation","champ:AdrenalArmor"],"picked":"champ:ShieldSlam","floor":2.0},{"not_picked":["champ:DefensiveShout","Bomb"],"picked":"champ:RisingSlash","floor":3.0},{"not_picked":["champ:MurderStrike","champ:EnGarde"],"picked":"champ:GladiatorStyle","floor":4},{"not_picked":["champ:CrownThrow","champ:FanOfKnives"],"picked":"champ:CrookedStrike","floor":5},{"not_picked":["champ:Haymaker","champ:Parry"],"picked":"champ:Endure","floor":6},{"not_picked":["champ:DefensiveShout","champ:Circumvent","champ:BringItOn","champ:AdrenalArmor"],"picked":"SKIP","floor":9},{"not_picked":["champ:Haymaker","champ:Encircle","champ:Circumvent"],"picked":"champ:RapidStrikes","floor":10},{"not_picked":["champ:Circumvent","champ:Shatter","champ:DeathBlow"],"picked":"champ:LastStand","floor":11},{"not_picked":["champ:CrownThrow","champ:GutPunch","champ:BringItOn","champ:FalseCounter"],"picked":"SKIP","floor":12},{"not_picked":["champ:Circumvent","champ:Backstep","champ:CrownThrow"],"picked":"champ:Shatter","floor":15},{"not_picked":["champ:SwordThrow","champ:HoldFirm","champ:VampiricStrike"],"picked":"champ:TripleStrike","floor":16},{"not_picked":["champ:RisingSlash","champ:FanOfKnives","champ:ShieldWall","champ:Parry"],"picked":"SKIP","floor":19},{"not_picked":["champ:DefensiveShout","champ:PreciseThrust","champ:TornadoPunch+1","champ:AdrenalArmor+1"],"picked":"SKIP","floor":20},{"not_picked":["champ:EndlessRage","champ:RisingSlash","champ:PerfectedStrike"],"picked":"champ:RecklessLeap+1","floor":21},{"not_picked":["champ:FocusedBerserking","champ:Endure","champ:BringItOn"],"picked":"champ:FlashCut+1","floor":22},{"not_picked":["champ:DeathBlow","champ:FanOfKnives","champ:Haymaker"],"picked":"champ:FocusedBerserking","floor":23},{"not_picked":["champ:Shatter+1","champ:FanOfKnives+1","champ:Encircle+1"],"picked":"champ:IgnorePain","floor":25},{"not_picked":["champ:PreciseThrust+1","champ:AdrenalArmor+1","champ:TripleStrike","champ:CrownThrow"],"picked":"SKIP","floor":26},{"not_picked":["champ:RapidStrikes","champ:BladeFlurry","champ:FocusedBerserking","champ:RecklessLeap+1"],"picked":"SKIP","floor":29},{"not_picked":["champ:PreciseThrust","champ:IronFortress+1","champ:Lariat+1"],"picked":"champ:CalledShot","floor":30}],"player_experience":1523007,"relics_obtained":[{"floor":4,"key":"hubris:PeanutButter"},{"floor":7,"key":"Question Card"},{"floor":10,"key":"hubris:MysteriousPyramids"},{"floor":12,"key":"White Beast Statue"},{"floor":23,"key":"PreservedInsect"},{"floor":24,"key":"Mummified Hand"},{"floor":26,"key":"Ancient Tea Set"},{"floor":29,"key":"champ:GladiatorsBookOfMartialProwess"}],"event_choices":[{"damage_healed":0,"gold_gain":0,"player_choice":"Stole Relic","damage_taken":0,"relics_obtained":["BelialBook"],"max_hp_gain":0,"max_hp_loss":0,"event_name":"Addict","floor":31,"gold_loss":0,"cards_obtained":["Pride"]}],"is_beta":true,"boss_relics":[{"not_picked":["hubris:ScarierMask","Calling Bell"],"picked":"champ:ChampionCrownUpgraded"},{"not_picked":[]}],"items_purged_floors":[17],"is_endless":false,"potions_floor_spawned":[6,10,12,15,16,19,20,21,22,23,25,26,29,30],"killed_by":"3 Cultists","ascension_level":0}}