{"host":"mn5kbj4x7gv3jr0o","time":1611970069,"event":{"mods":["2.2 Compatiblity","A Magickal Journey","AchievementEnabler","Ascension Reborn","Ascension Unlocker","Aspiration","BaseMod","Bestiary","Better Altar","Better Note","Better Sensory Stone","Better Silent Start","Better Skull","Better Third Choice","Better Vampires","Better-Laid Plans","BetterRewards","Block Reminder","CCEM2","Colored Powertips","Colorless Booster Pack","Conspire","Curses Come First","Dota2Spire","Downfall","Emptier Cage","Energized Spire","Fox Events","GifTheSpireLib","Halation","HololiveMod","Hubris","Infinite Spire","Ironclad Rager","Jess\u0027s Bottle","Keyboard Shortcuts","Minty Spire (QoL Compilation)","Mirrors Mod","Poem Panic","Potion Indicator Mod","Potionbrewer","Puzzle Mod","Quarter Circle Forward PUNCH!","Quick Restart","Random Character Button","RatMod","Relic Sorter","Reliquary","Retaliation","Reworked Bosses","SCP261 Mod","SacredBarkPlus","Shop Mod","Small Relic Pack","Spicy Shops","Spikes Relics","StS++","StSLib","Stuff the Spire","The Blue Laboratory","Thieving Mod","Trackpad","Uncapped","UnlockEverythingMod","Useless Jewels Mod","Virulent Crown","Weighted Paths","Wide Potions"],"gold_per_floor":[113,132,146,146,164,164,197,372,372,372,402,402,425,435,435,532,532,552,552,552,29,42,57,57,68,94,110,144,0,27,38,38,143,143,161,175,175,186,202,202,231,231,231,259,279,297,297,297,297,297],"floor_reached":51,"language":"ENG","playtime":4800,"items_purged":["Doubt"],"score":934,"play_id":"214d1735-8ba6-4a99-aeb6-3e1af8d88a6a","local_time":"20210129202749","is_ascension_mode":true,"campfire_choices":[{"data":"potionbrewer:Collect","floor":6.0,"key":"SMITH"},{"floor":10.0,"key":"REST"},{"data":"potionbrewer:PrivateReserves","floor":15.0,"key":"SMITH"},{"data":"infinitespire:SevenWalls","floor":24.0,"key":"SMITH"},{"floor":32.0,"key":"REST"},{"floor":40.0,"key":"REST"},{"floor":42,"key":"REST"},{"floor":49,"key":"REST"}],"circlet_count":0,"master_deck":["conspire:GhostlyStrike","conspire:GhostlyStrike","conspire:GhostlyStrike","conspire:GhostlyStrike","conspire:GhostlyDefend+1","conspire:GhostlyDefend","conspire:GhostlyDefend","conspire:GhostlyDefend","potionbrewer:Collect+1","potionbrewer:ChemicalSpill","potionbrewer:Toxicity","potionbrewer:Toxicity","potionbrewer:Smack","infinitespire:SevenWalls+1","potionbrewer:EmptyBottle","potionbrewer:ChemicalWeapons","potionbrewer:PrivateReserves+1","potionbrewer:CausticBarrier","potionbrewer:TwoForOne","Apotheosis+1","potionbrewer:Smack","conspire:Banana","Doubt","potionbrewer:HazardousMaterials+1","potionbrewer:TwoForOne","potionbrewer:MicrobeSpray","potionbrewer:UnstableFormula","potionbrewer:ResearchResults","potionbrewer:VolatileSolution","potionbrewer:Refill+1","Injury","potionbrewer:Smack","potionbrewer:RefinedProcess","potionbrewer:ExothermicReaction","potionbrewer:TheFinalStraw","potionbrewer:Refill+1","Parasite","potionbrewer:ExplosiveReaction+1","potionbrewer:ChemicalShroud"],"relics":["potionbrewer:PotionKit","hubris:Icosahedron","Lantern","halation:AfternoonTea","aspiration:Nostalgia","champ:ChampionCrown","CCEMRelics:CarbonFilter","halation:KoshaPiece","Velvet Choker","NlothsMask","reliquary:TridentHead","ExplosiveVial","Lantern","reliquary:Aerogel","energizedSpire:OgreHead","CCEMRelics:OverlyComfyChair","StuffTheSpire:Gunfinga","hubris:DisguiseKit","Girya"],"acts_visited":["Exordium","TheCity","TheBeyond"],"potions_floor_usage":[41,41,41,44,44,44,44,45,45,46,46,50,50,50,50,50,50],"damage_taken":[{"damage":0.0,"enemies":"conspire:RoseBush","floor":1.0,"turns":3.0},{"damage":0.0,"enemies":"Small Slimes","floor":2.0,"turns":3.0},{"damage":7.0,"enemies":"FloatingMirror","floor":3.0,"turns":4.0},{"damage":7.0,"enemies":"Blue Slaver","floor":5.0,"turns":2.0},{"damage":17.0,"enemies":"3 Sentries","floor":7.0,"turns":9.0},{"damage":13.0,"enemies":"Lagavulin","floor":11.0,"turns":6.0},{"damage":0.0,"enemies":"2 Fungi Beasts","floor":14.0,"turns":2.0},{"damage":0.0,"enemies":"Slime Boss","floor":16.0,"turns":10.0},{"damage":0.0,"enemies":"Shell Parasite","floor":18.0,"turns":5.0},{"damage":10.0,"enemies":"3 Byrds","floor":22.0,"turns":4.0},{"damage":3.0,"enemies":"Centurion and Healer","floor":23.0,"turns":3.0},{"damage":0.0,"enemies":"Shelled Parasite and Fungi","floor":25.0,"turns":4.0},{"damage":0.0,"enemies":"Snecko","floor":27.0,"turns":5.0},{"damage":49.0,"enemies":"EliteMirrorEncounter","floor":28.0,"turns":6.0},{"damage":0.0,"enemies":"conspire:Head Lice","floor":30.0,"turns":3.0},{"damage":0.0,"enemies":"Cultist and Chosen","floor":31.0,"turns":3.0},{"damage":10.0,"enemies":"hubris:MusketHawk","floor":33.0,"turns":4.0},{"damage":15.0,"enemies":"3 Shapes","floor":35.0,"turns":3.0},{"damage":35.0,"enemies":"3 Darklings","floor":36.0,"turns":5.0},{"damage":0.0,"enemies":"Transient","floor":38.0,"turns":5.0},{"damage":30.0,"enemies":"4 Shapes","floor":39.0,"turns":3.0},{"damage":29,"enemies":"Nemesis","floor":41,"turns":7},{"damage":51,"enemies":"Reptomancer","floor":44,"turns":5},{"damage":19,"enemies":"Writhing Mass","floor":45,"turns":5},{"damage":0,"enemies":"Spire Growth","floor":46,"turns":4},{"damage":29,"enemies":"bossMod:newAwakened","floor":50,"turns":11}],"seed_played":"-326095905206630418","potions_obtained":[{"floor":1.0,"key":"blueLaboratory:SavagePotion"},{"floor":2.0,"key":"conspire:TimeTravelPotion"},{"floor":11.0,"key":"sneckomod:MuddlingPotion"},{"floor":16.0,"key":"Weak Potion"},{"floor":23.0,"key":"blueLaboratory:PolymorphPotion"},{"floor":27.0,"key":"bronze:BurnAndBuffPotion"},{"floor":31.0,"key":"Fire Potion"},{"floor":33.0,"key":"SCP261:GirlTearsPotion"},{"floor":35.0,"key":"potionbrewer:NoxiousPotion"},{"floor":39.0,"key":"potionbrewer:InfectionPotion"},{"floor":46,"key":"blueLaboratory:TrueEctoplasm"}],"is_trial":false,"path_per_floor":["M","M","M","?","M","R","E","?","T","R","E","?","T","M","R","B",null,"M","?","?","$","M","M","R","M","T","M","E","?","E","M","R","B",null,"M","M","?","M","M","R","E","R","T","E","M","M","AVR","?","R","B",null],"character_chosen":"POTIONBREWER","items_purchased":["potionbrewer:Smack","conspire:Banana","reliquary:TridentHead","ExplosiveVial"],"campfire_rested":5,"item_purchase_floors":[21,21,21,21],"current_hp_per_floor":[75,75,72,54,47,47,30,30,30,52,54,54,54,54,54,54,75,75,75,75,75,66,65,65,67,67,67,20,20,21,21,45,48,84,71,37,37,39,10,37,24,51,51,16,10,14,14,14,45,34],"gold":297,"neow_bonus":"RANDOM_COMMON_RELIC","is_daily":false,"chose_seed":false,"campfire_upgraded":3,"win_rate":0.0,"timestamp":1611970069,"path_taken":["M","M","M","?","M","R","E","?","T","R","E","?","?","M","R","BOSS","M","?","?","$","M","M","R","M","T","M","E","?","E","M","R","BOSS","M","M","?","M","M","R","E","R","T","E","M","?","AVR","?","R","BOSS"],"items_purchased_type":["Card","Card","Relic","Relic"],"build_version":"2020-12-22","purchased_purges":1,"victory":true,"max_hp_per_floor":[75,75,75,75,75,75,75,75,75,75,75,75,75,75,75,75,75,75,75,75,75,76,78,78,80,80,80,82,82,83,83,83,84,84,86,87,87,89,90,90,91,91,91,93,103,104,104,104,104,105],"card_choices":[{"not_picked":["potionbrewer:FlashPowder","potionbrewer:ChokingPowder"],"picked":"potionbrewer:Toxicity","floor":1.0},{"not_picked":["potionbrewer:TestFormula","potionbrewer:TimeBomb"],"picked":"potionbrewer:Toxicity","floor":2.0},{"not_picked":["potionbrewer:BlindingSpray","potionbrewer:Backhand"],"picked":"potionbrewer:Smack","floor":3.0},{"not_picked":["hubris:Rewind","infinitespire:FinalStrike"],"picked":"infinitespire:SevenWalls","floor":4.0},{"not_picked":["potionbrewer:BalancedFormula","potionbrewer:Discombobulate"],"picked":"potionbrewer:EmptyBottle","floor":5.0},{"not_picked":["potionbrewer:IronFist","potionbrewer:BlindingMist"],"picked":"potionbrewer:ChemicalWeapons","floor":7.0},{"not_picked":["potionbrewer:TestFormula","potionbrewer:Spark"],"picked":"potionbrewer:PrivateReserves","floor":11.0},{"not_picked":["potionbrewer:LabJournal","potionbrewer:LabAccident"],"picked":"potionbrewer:CausticBarrier","floor":14.0},{"not_picked":["potionbrewer:BeatDown","potionbrewer:Bribery"],"picked":"potionbrewer:TwoForOne","floor":16.0},{"not_picked":["potionbrewer:Toxicity","potionbrewer:FortifiedSerum","potionbrewer:TimeBomb"],"picked":"SKIP","floor":18.0},{"not_picked":["potionbrewer:LeftoverSpecimen","potionbrewer:QuickStep","potionbrewer:AnotherRound+1"],"picked":"SKIP","floor":22.0},{"not_picked":["potionbrewer:Smack","potionbrewer:Backhand"],"picked":"potionbrewer:HazardousMaterials+1","floor":23.0},{"not_picked":["potionbrewer:Shovel","potionbrewer:Contingency","potionbrewer:Smokescreen+1"],"picked":"SKIP","floor":25.0},{"not_picked":["potionbrewer:WizBang","potionbrewer:Brandish"],"picked":"potionbrewer:TwoForOne","floor":27.0},{"not_picked":["potionbrewer:FortifiedSerum","potionbrewer:QuickStep","potionbrewer:AnotherRound+1"],"picked":"SKIP","floor":28.0},{"not_picked":["potionbrewer:IronHeart+1","potionbrewer:Smack","potionbrewer:Prototype"],"picked":"potionbrewer:MicrobeSpray","floor":30.0},{"not_picked":["potionbrewer:VolatileSolution","potionbrewer:WizBang"],"picked":"potionbrewer:UnstableFormula","floor":31.0},{"not_picked":["potionbrewer:IronFlesh","potionbrewer:EquivalentExchange"],"picked":"potionbrewer:ResearchResults","floor":33.0},{"not_picked":["potionbrewer:Contingency","potionbrewer:IronFist"],"picked":"potionbrewer:VolatileSolution","floor":35.0},{"not_picked":["potionbrewer:TestFormula","potionbrewer:Biohazard"],"picked":"potionbrewer:Refill+1","floor":36.0},{"not_picked":["potionbrewer:OneTwoPunch+1","potionbrewer:Backhand","potionbrewer:IronHeart"],"picked":"SKIP","floor":38.0},{"not_picked":["potionbrewer:QuickStep+1","potionbrewer:Biohazard"],"picked":"potionbrewer:ExothermicReaction","floor":39.0},{"not_picked":["potionbrewer:Smack+1","potionbrewer:EmptyBottle+1"],"picked":"potionbrewer:TheFinalStraw","floor":41},{"not_picked":["potionbrewer:BlindingMist+1","potionbrewer:OneTwoPunch"],"picked":"potionbrewer:Refill+1","floor":44},{"not_picked":["potionbrewer:FuelCell+1","potionbrewer:QuickStep+1","Hololive_Trident"],"picked":"potionbrewer:ExplosiveReaction+1","floor":45},{"not_picked":["potionbrewer:FlashPowder+1","potionbrewer:PrivateReserves","Hololive_ILoveYou"],"picked":"potionbrewer:ChemicalShroud","floor":46}],"player_experience":171316,"relics_obtained":[{"floor":7.0,"key":"halation:AfternoonTea"},{"floor":9.0,"key":"aspiration:Nostalgia"},{"floor":11.0,"key":"CCEMRelics:CarbonFilter"},{"floor":13.0,"key":"halation:KoshaPiece"},{"floor":28.0,"key":"reliquary:SculptingSteel"},{"floor":30.0,"key":"reliquary:Aerogel"},{"floor":41,"key":"CCEMRelics:OverlyComfyChair"},{"floor":43,"key":"StuffTheSpire:Gunfinga"},{"floor":44,"key":"hubris:DisguiseKit"}],"event_choices":[{"damage_healed":0.0,"max_hp_gain":0.0,"max_hp_loss":0.0,"gold_gain":175.0,"event_name":"betterThird:BetterSerpent","player_choice":"AGREE","floor":8.0,"gold_loss":0.0,"damage_taken":197.0},{"damage_healed":0.0,"max_hp_gain":0.0,"max_hp_loss":0.0,"gold_gain":0.0,"event_name":"conspire:LoneGhost","player_choice":"Agree","floor":12.0,"gold_loss":0.0,"damage_taken":0.0},{"damage_healed":0.0,"max_hp_gain":0.0,"max_hp_loss":0.0,"gold_gain":0.0,"event_name":"FaceTrader","player_choice":"Trade","floor":19.0,"gold_loss":0.0,"damage_taken":0.0,"relics_obtained":["NlothsMask"]},{"cards_removed":["potionbrewer:Collect"],"damage_healed":0.0,"max_hp_gain":0.0,"max_hp_loss":0.0,"gold_gain":0.0,"event_name":"betterNote:BetterNote","player_choice":"Take \u0026 Give","floor":20.0,"gold_loss":0.0,"damage_taken":0.0,"cards_obtained":["Apotheosis"]},{"damage_healed":0.0,"max_hp_gain":0.0,"max_hp_loss":0.0,"gold_gain":0.0,"event_name":"Masked Bandits","player_choice":"Paid Fearfully","floor":29.0,"gold_loss":144.0,"damage_taken":0.0},{"damage_healed":0.0,"max_hp_gain":0.0,"max_hp_loss":0.0,"gold_gain":0.0,"event_name":"Match and Keep!","player_choice":"3 cards matched","floor":37.0,"gold_loss":0.0,"damage_taken":0.0,"cards_obtained":["Injury","potionbrewer:Smack","potionbrewer:RefinedProcess"]}],"is_beta":false,"boss_relics":[{"not_picked":["Astrolabe","qcfpunch:Dark_Gi"],"picked":"Velvet Choker"},{"not_picked":["conspire:RunicOctahedron","Runic Pyramid"],"picked":"energizedSpire:OgreHead"}],"items_purged_floors":[21],"is_endless":false,"potions_floor_spawned":[1,2,11,16,23,27,30,31,33,35,39,46],"ascension_level":0}}