{"host":"t4s40kl3r64vu0u6","time":1611986062,"event":{"mods":["BaseMod","Colored Map","Googly Eyes","Highlight Path","Minty Spire (QoL Compilation)","READ ME - Snecko Mod","StSLib","slay the spire mod where everything is the same but ironclad has a cowboy hat"],"gold_per_floor":[112,112,112,126,145,183,183,197,222,243,276,291,304,338,338,458,458,471,471,490,510,510,554,574,38,38,38,38],"floor_reached":27,"language":"ENG","playtime":1282,"items_purged":["Strike_R"],"score":296,"play_id":"1f551d8b-532e-4893-9991-2ad1748612b0","local_time":"20210130005422","is_ascension_mode":true,"campfire_choices":[{"data":"Apotheosis","floor":7,"key":"SMITH"},{"floor":15,"key":"REST"}],"circlet_count":0,"master_deck":["Strike_R","Strike_R","Strike_R","Strike_R","Defend_R","Defend_R","Defend_R","Defend_R","Bash","Apotheosis+1","Inflame","Whirlwind","Sword Boomerang","Clothesline","Heavy Blade","Flex","Wild Strike","Flex","Rupture","Limit Break","Thunderclap","Heavy Blade+1","Power Through","Spot Weakness","True Grit","Seeing Red"],"relics":["Black Blood","Golden Idol","Lantern","Tiny Chest","PreservedInsect","Oddly Smooth Stone","Strawberry","Juzu Bracelet","Pen Nib","Toxic Egg 2","Darkstone Periapt"],"acts_visited":["Exordium","TheCity"],"potions_floor_usage":[11,16,16,23,24,27,27],"damage_taken":[{"damage":10,"enemies":"2 Louse","floor":1,"turns":4},{"damage":4,"enemies":"Jaw Worm","floor":4,"turns":3},{"damage":0,"enemies":"Small Slimes","floor":5,"turns":2},{"damage":10,"enemies":"Gremlin Nob","floor":6,"turns":3},{"damage":4,"enemies":"2 Fungi Beasts","floor":8,"turns":2},{"damage":12,"enemies":"Lots of Slimes","floor":10,"turns":2},{"damage":10,"enemies":"3 Sentries","floor":11,"turns":2},{"damage":7,"enemies":"Blue Slaver","floor":12,"turns":3},{"damage":2,"enemies":"Looter","floor":13,"turns":3},{"damage":18,"enemies":"Lagavulin","floor":14,"turns":4},{"damage":49,"enemies":"The Guardian","floor":16,"turns":10},{"damage":16,"enemies":"3 Byrds","floor":18,"turns":6},{"damage":39,"enemies":"Chosen","floor":20,"turns":5},{"damage":38,"enemies":"Snake Plant","floor":21,"turns":5},{"damage":21,"enemies":"Book of Stabbing","floor":23,"turns":3},{"damage":19,"enemies":"3 Cultists","floor":24,"turns":4},{"damage":24,"enemies":"Chosen and Byrds","floor":27,"turns":3}],"seed_played":"8584401838122111027","potions_obtained":[{"floor":4,"key":"EssenceOfSteel"},{"floor":5,"key":"Fire Potion"},{"floor":6,"key":"DuplicationPotion"},{"floor":13,"key":"Dexterity Potion"},{"floor":16,"key":"Energy Potion"},{"floor":21,"key":"AttackPotion"},{"floor":24,"key":"Dexterity Potion"}],"is_trial":false,"path_per_floor":["M","?","?","M","M","E","R","M","T","M","E","M","M","E","R","B",null,"M","?","M","M","?","E","M","$","T","M"],"character_chosen":"IRONCLAD","items_purchased":["Pen Nib","Seeing Red","Toxic Egg 2"],"campfire_rested":1,"item_purchase_floors":[25,25,25],"current_hp_per_floor":[52,32,32,34,40,36,36,38,38,32,28,27,31,26,52,9,87,83,83,56,30,30,21,14,14,14,0,0],"gold":38,"neow_bonus":"RANDOM_COLORLESS_2","is_daily":false,"chose_seed":false,"campfire_upgraded":1,"win_rate":0.0,"timestamp":1611986062,"path_taken":["M","?","?","M","M","E","R","M","T","M","E","M","M","E","R","BOSS","M","?","?","M","?","E","M","$","T","M"],"items_purchased_type":["Relic","Card","Relic"],"build_version":"2020-12-22","purchased_purges":1,"victory":false,"max_hp_per_floor":[80,80,80,80,80,80,80,80,80,80,80,80,80,87,87,87,87,87,87,87,87,87,87,87,87,87,87,87],"card_choices":[{"not_picked":["Sadistic Nature","Violence"],"picked":"Apotheosis","floor":0},{"not_picked":["Havoc","Uppercut"],"picked":"Inflame","floor":1},{"not_picked":["Body Slam","Iron Wave"],"picked":"Whirlwind","floor":4},{"not_picked":["Rampage","Cleave"],"picked":"Sword Boomerang","floor":5},{"not_picked":["Twin Strike","Combust"],"picked":"Clothesline","floor":6},{"not_picked":["Headbutt","Metallicize"],"picked":"Heavy Blade","floor":8},{"not_picked":["Shrug It Off","Evolve","True Grit"],"picked":"SKIP","floor":10},{"not_picked":["Barricade","Iron Wave"],"picked":"Flex","floor":11},{"not_picked":["Anger","Pommel Strike"],"picked":"Wild Strike","floor":12},{"not_picked":["Whirlwind","Armaments"],"picked":"Flex","floor":13},{"not_picked":["Sword Boomerang","Iron Wave"],"picked":"Rupture","floor":14},{"not_picked":["Double Tap","Demon Form"],"picked":"Limit Break","floor":16},{"not_picked":["Fire Breathing","Perfected Strike+1"],"picked":"Thunderclap","floor":18},{"not_picked":["Anger","Clothesline"],"picked":"Heavy Blade+1","floor":20},{"not_picked":["Twin Strike","Thunderclap"],"picked":"Power Through","floor":21},{"not_picked":["True Grit","Evolve+1"],"picked":"Spot Weakness","floor":23},{"not_picked":["Immolate","Carnage"],"picked":"True Grit","floor":24}],"player_experience":241578,"relics_obtained":[{"floor":6,"key":"Tiny Chest"},{"floor":9,"key":"PreservedInsect"},{"floor":11,"key":"Oddly Smooth Stone"},{"floor":14,"key":"Strawberry"},{"floor":23,"key":"Juzu Bracelet"},{"floor":26,"key":"Darkstone Periapt"}],"event_choices":[{"damage_healed":0,"gold_gain":0,"player_choice":"Take Damage","damage_taken":20,"relics_obtained":["Golden Idol"],"max_hp_gain":0,"max_hp_loss":0,"event_name":"Golden Idol","floor":2,"gold_loss":0},{"damage_healed":0,"gold_gain":0,"player_choice":"Box","damage_taken":0,"relics_obtained":["Lantern"],"max_hp_gain":0,"max_hp_loss":0,"event_name":"Big Fish","floor":3,"gold_loss":0,"cards_obtained":["Regret"]},{"damage_healed":0,"gold_gain":0,"player_choice":"Ignored","damage_taken":0,"max_hp_gain":0,"max_hp_loss":0,"event_name":"N\u0027loth","floor":19,"gold_loss":0},{"cards_removed":["Regret"],"damage_healed":0,"gold_gain":0,"player_choice":"Elegance","damage_taken":0,"max_hp_gain":0,"max_hp_loss":0,"event_name":"Back to Basics","floor":22,"gold_loss":0}],"is_beta":false,"boss_relics":[{"not_picked":["Mark of Pain","SacredBark"],"picked":"Black Blood"}],"items_purged_floors":[25],"is_endless":false,"potions_floor_spawned":[4,5,6,13,16,21,24],"killed_by":"Chosen and Byrds","ascension_level":3}}