{"host":"9v3x998ddbx8o276","time":1611983262,"event":{"mods":["AchievementEnabler","BaseMod","Colored Map","Colored Powertips","Highlight Path","Minty Spire (QoL Compilation)","Quick Restart","Rare Cards Sparkle"],"gold_per_floor":[12,22,22,22,42,73,87,142,168,168,187,187,212,225,225,321,321,335,38,77,3,3,3],"floor_reached":22,"language":"ENG","playtime":729,"items_purged":["Strike_R"],"score":316,"play_id":"76990d35-10fb-4dc2-8a40-da2250af9977","local_time":"20210130153742","is_ascension_mode":true,"campfire_choices":[{"floor":10.0,"key":"REST"},{"floor":12.0,"key":"REST"},{"floor":15.0,"key":"REST"}],"circlet_count":0,"master_deck":["AscendersBane","Strike_R","Strike_R","Strike_R","Strike_R","Defend_R","Defend_R","Defend_R","Defend_R","Bash","Perfected Strike","Fire Breathing","Spot Weakness","Demon Form","Wild Strike","Sword Boomerang","Shrug It Off","Evolve","Feed","Battle Trance","Fire Breathing","Clothesline"],"relics":["Burning Blood","Gambling Chip","Golden Idol","Happy Flower","Juzu Bracelet","Cursed Key","Membership Card","Vajra","Red Mask","MealTicket"],"acts_visited":["Exordium","TheCity"],"potions_floor_usage":[],"damage_taken":[{"damage":8.0,"enemies":"Small Slimes","floor":1.0,"turns":5.0},{"damage":2.0,"enemies":"2 Louse","floor":2.0,"turns":3.0},{"damage":2.0,"enemies":"Jaw Worm","floor":5.0,"turns":3.0},{"damage":45.0,"enemies":"Lagavulin","floor":6.0,"turns":7.0},{"damage":18.0,"enemies":"3 Louse","floor":7.0,"turns":3.0},{"damage":14.0,"enemies":"Large Slime","floor":11.0,"turns":4.0},{"damage":9.0,"enemies":"Exordium Wildlife","floor":13.0,"turns":4.0},{"damage":10.0,"enemies":"Gremlin Gang","floor":14.0,"turns":2.0},{"damage":46,"enemies":"The Guardian","floor":16,"turns":10},{"damage":0,"enemies":"Chosen","floor":18,"turns":6},{"damage":63,"enemies":"Masked Bandits","floor":20,"turns":5},{"damage":0,"enemies":"3 Byrds","floor":22,"turns":2}],"seed_played":"9170962094612289136","potions_obtained":[{"floor":1.0,"key":"FearPotion"},{"floor":2.0,"key":"FearPotion"},{"floor":6.0,"key":"FearPotion"},{"floor":11.0,"key":"ColorlessPotion"},{"floor":14.0,"key":"Ancient Potion"}],"is_trial":false,"path_per_floor":["M","M","?","?","M","E","M","?","T","R","M","R","M","M","R","B",null,"M","$","?","$","M"],"character_chosen":"IRONCLAD","items_purchased":["Membership Card","Fire Breathing","Vajra","MealTicket"],"campfire_rested":3,"item_purchase_floors":[19,19,19,21],"current_hp_per_floor":[66,70,52,57,61,22,10,10,10,34,26,50,47,43,67,27,67,73,73,16,16,16,16],"gold":3,"neow_bonus":"ONE_RARE_RELIC","is_daily":false,"chose_seed":false,"campfire_upgraded":0,"win_rate":0.0,"timestamp":1611983262,"path_taken":["M","M","?","?","?","E","M","?","T","R","M","R","M","M","R","BOSS","M","$","?","$","M"],"items_purchased_type":["Relic","Card","Relic","Relic"],"build_version":"2020-12-22","purchased_purges":1,"victory":false,"max_hp_per_floor":[75,75,75,80,80,80,80,80,80,80,80,80,80,80,80,80,80,80,80,80,80,80,80],"card_choices":[{"not_picked":["Shockwave","Bloodletting"],"picked":"Perfected Strike","floor":1.0},{"not_picked":["Flex","Second Wind"],"picked":"Fire Breathing","floor":2.0},{"not_picked":["Carnage","Second Wind"],"picked":"Spot Weakness","floor":5.0},{"not_picked":["Heavy Blade","Iron Wave"],"picked":"Demon Form","floor":6.0},{"not_picked":["Evolve","Sword Boomerang"],"picked":"Wild Strike","floor":7.0},{"not_picked":["Bloodletting","Rage"],"picked":"Sword Boomerang","floor":11.0},{"not_picked":["Body Slam","Perfected Strike"],"picked":"Shrug It Off","floor":13.0},{"not_picked":["Searing Blow","Headbutt"],"picked":"Evolve","floor":14.0},{"not_picked":["Bludgeon","Impervious"],"picked":"Feed","floor":16},{"not_picked":["Heavy Blade","Warcry"],"picked":"Battle Trance","floor":18},{"not_picked":["Sword Boomerang","Headbutt"],"picked":"Clothesline","floor":20}],"player_experience":1727278,"relics_obtained":[{"floor":6.0,"key":"Happy Flower"},{"floor":9.0,"key":"Juzu Bracelet"},{"floor":20,"key":"Red Mask"}],"event_choices":[{"damage_healed":0.0,"max_hp_gain":0.0,"max_hp_loss":0.0,"gold_gain":0.0,"event_name":"Golden Idol","player_choice":"Take Damage","floor":3.0,"gold_loss":0.0,"damage_taken":18.0,"relics_obtained":["Golden Idol"]},{"damage_healed":0.0,"max_hp_gain":5.0,"max_hp_loss":0.0,"gold_gain":0.0,"event_name":"Big Fish","player_choice":"Donut","floor":4.0,"gold_loss":0.0,"damage_taken":0.0},{"damage_healed":0.0,"max_hp_gain":0.0,"max_hp_loss":0.0,"gold_gain":55.0,"event_name":"Golden Wing","player_choice":"Gained Gold","floor":8.0,"gold_loss":0.0,"damage_taken":0.0},{"damage_healed":0,"gold_gain":0,"player_choice":"Fought Bandits","damage_taken":0,"max_hp_gain":0,"max_hp_loss":0,"event_name":"Masked Bandits","floor":20,"gold_loss":0}],"is_beta":false,"boss_relics":[{"not_picked":["Fusion Hammer","Velvet Choker"],"picked":"Cursed Key"}],"items_purged_floors":[19],"is_endless":false,"potions_floor_spawned":[1,2,5,6,11,14],"killed_by":"3 Byrds","ascension_level":14}}