{"host":"ew66i0vuc7r9fnl7","time":1611983312,"event":{"mods":["Arknights The Spire","BaseMod","DeckTracker","Koishi","Minty Spire (QoL Compilation)","StSLib"],"gold_per_floor":[113,113,132,146,146,172,188,204,204,204,129,129,129,153,153,284,284,303,303,303,218,218,218,218],"floor_reached":23,"language":"KOR","playtime":620,"items_purged":["ats:Strike V"],"score":189,"play_id":"5e9ac377-7832-40e1-b6d6-57c14a27af68","local_time":"20210130140832","is_ascension_mode":false,"campfire_choices":[{"data":"ats:Emotion Absorption","floor":10,"key":"SMITH"},{"data":"ats:Very Hot Blade","floor":13,"key":"SMITH"},{"floor":15,"key":"REST"}],"circlet_count":0,"master_deck":["ats:Strike C","ats:Defend","ats:Defend","ats:Defend","ats:Defend","ats:Emotion Absorption+1","ats:Burning Ground+1","ats:Sunburst","ats:Very Hot Blade+1","ats:Burning Ground","ats:Soul Absorption","ats:Curse Doll","ats:Explosion Area Strengthen"],"relics":["ats:Sanity","NeowsBlessing","ats:Originium","ats:Berate","Bottled Tornado","Golden Idol","SacredBark","Kunai","Nilry\u0027s Codex"],"acts_visited":["Exordium","TheCity"],"potions_floor_usage":[16,23,23],"damage_taken":[{"damage":0,"enemies":"Cultist","floor":1,"turns":1},{"damage":0,"enemies":"Jaw Worm","floor":3,"turns":1},{"damage":0,"enemies":"Small Slimes","floor":4,"turns":1},{"damage":34,"enemies":"3 Sentries","floor":6,"turns":7},{"damage":14,"enemies":"Blue Slaver","floor":7,"turns":4},{"damage":4,"enemies":"2 Fungi Beasts","floor":8,"turns":3},{"damage":7,"enemies":"3 Louse","floor":14,"turns":2},{"damage":6,"enemies":"Slime Boss","floor":16,"turns":6},{"damage":19,"enemies":"Shell Parasite","floor":18,"turns":4},{"damage":23,"enemies":"Book of Stabbing","floor":23,"turns":5}],"seed_played":"-3942882985379894238","potions_obtained":[{"floor":1,"key":"GamblersBrew"},{"floor":7,"key":"Fire Potion"},{"floor":8,"key":"LiquidMemories"},{"floor":16,"key":"DuplicationPotion"}],"is_trial":false,"path_per_floor":["M","?","M","M","?","E","M","M","T","R","$","?","R","M","R","B",null,"M","?","?","?","?","E"],"character_chosen":"DOCTOR_CLASS","items_purchased":[],"campfire_rested":1,"item_purchase_floors":[],"current_hp_per_floor":[72,72,72,72,72,38,24,20,20,20,20,20,20,13,33,27,67,48,48,48,48,32,9,9],"gold":218,"neow_bonus":"THREE_ENEMY_KILL","is_daily":false,"chose_seed":false,"campfire_upgraded":2,"win_rate":0.0,"timestamp":1611983312,"path_taken":["M","?","M","?","?","E","M","M","T","R","$","?","R","M","R","BOSS","M","?","?","?","?","E"],"items_purchased_type":[],"build_version":"2020-12-22","purchased_purges":1,"victory":false,"max_hp_per_floor":[72,72,72,72,72,72,72,72,72,72,72,67,67,67,67,67,67,67,67,67,67,67,67,67],"card_choices":[{"not_picked":["ats:Red Shift","ats:Explosion Area Strengthen","ats:Revitalization"],"picked":"SKIP","floor":1},{"not_picked":["ats:Powerful Strike","ats:Flame Of Heaven"],"picked":"ats:Burning Ground","floor":3},{"not_picked":["ats:Defend Order","ats:Curse Doll"],"picked":"ats:Sunburst","floor":4},{"not_picked":["ats:Cat Scratch","ats:Closed Bolt Burst Fire"],"picked":"ats:Very Hot Blade","floor":6},{"not_picked":["ats:Blood Oath","ats:Absolute Focus","ats:Red Shift"],"picked":"SKIP","floor":7},{"not_picked":["ats:Blood Oath","ats:True Silver Slash","ats:Curse Doll"],"picked":"SKIP","floor":8},{"not_picked":["ats:Powerful Strike","ats:Poison Spread"],"picked":"ats:Burning Ground","floor":14},{"not_picked":["ats:Song Of Battle","ats:Curse Doll"],"picked":"ats:Soul Absorption","floor":18}],"player_experience":628028,"relics_obtained":[{"floor":6,"key":"ats:Originium"},{"floor":6,"key":"ats:Berate"},{"floor":9,"key":"Bottled Tornado"},{"floor":22,"key":"Nilry\u0027s Codex"}],"event_choices":[{"damage_healed":0,"gold_gain":0,"player_choice":"Ignored","damage_taken":0,"max_hp_gain":0,"max_hp_loss":0,"event_name":"NoteForYourself","floor":2,"gold_loss":0},{"damage_healed":0,"gold_gain":0,"player_choice":"Grow","damage_taken":0,"max_hp_gain":0,"max_hp_loss":0,"event_name":"Living Wall","floor":5,"gold_loss":0,"cards_upgraded":["ats:Burning Ground"]},{"damage_healed":0,"gold_gain":0,"player_choice":"Lose Max HP","damage_taken":0,"relics_obtained":["Golden Idol"],"max_hp_gain":0,"max_hp_loss":5,"event_name":"Golden Idol","floor":12,"gold_loss":0},{"cards_removed":["ats:Armor Crushing Shot"],"damage_healed":0,"gold_gain":0,"player_choice":"Elegance","damage_taken":0,"max_hp_gain":0,"max_hp_loss":0,"event_name":"Back to Basics","floor":19,"gold_loss":0},{"damage_healed":0,"gold_gain":0,"cards_transformed":["ats:Strike G","ats:Strike S"],"player_choice":"Became Test Subject","damage_taken":0,"max_hp_gain":0,"max_hp_loss":0,"event_name":"Drug Dealer","floor":20,"gold_loss":0,"cards_obtained":["ats:Curse Doll","ats:Explosion Area Strengthen"]},{"damage_healed":0,"gold_gain":0,"player_choice":"Obtained Relic","damage_taken":0,"relics_obtained":["Kunai"],"max_hp_gain":0,"max_hp_loss":0,"event_name":"Addict","floor":21,"gold_loss":85},{"damage_healed":0,"gold_gain":0,"player_choice":"Obtained Book","damage_taken":16,"max_hp_gain":0,"max_hp_loss":0,"event_name":"Cursed Tome","floor":22,"gold_loss":0}],"is_beta":false,"boss_relics":[{"not_picked":["Calling Bell","Philosopher\u0027s Stone"],"picked":"SacredBark"}],"items_purged_floors":[11],"is_endless":false,"potions_floor_spawned":[1,7,8,16],"killed_by":"Book of Stabbing","ascension_level":0}}