{"host":"0luxfixkkfk9wck3","time":1611967466,"event":{"mods":["BaseMod","DeckTracker","Downfall","Highlight Path","Minty Spire (QoL Compilation)","StSLib"],"gold_per_floor":[349,366,366,366,378,411,411,96,115,125,225,259,14,25,44,139,139,139,159,259,272,36,51,75,109,9,22,22,33,47,47,60,165,165,165,179,179,193,28,28,28,28],"floor_reached":40,"language":"ENG","playtime":6972,"items_purged":["champ:Strike"],"score":529,"play_id":"a3e4c057-8bef-4300-9a17-7aa59b23b50e","local_time":"20210129184426","is_ascension_mode":true,"campfire_choices":[{"data":"champ:Execute","floor":1,"key":"SMITH"},{"floor":18,"key":"RECALL"},{"data":"champ:PreemptiveStrike","floor":26,"key":"SMITH"},{"floor":28,"key":"REST"},{"data":"champ:TripleStrike","floor":35,"key":"SMITH"}],"circlet_count":0,"master_deck":["champ:Strike","champ:Strike","champ:Strike","champ:Defend","champ:Defend","champ:Defend","champ:Execute+1","champ:Taunt","Decay","champ:DefensiveShout","champ:DefensiveShout","champ:Execute+1","Doubt","champ:Circumvent","champ:TornadoPunch","expansioncontent:QuickStudy","champ:DefensiveStyle","champ:EnGarde","champ:DefensiveStyle","champ:AdrenalArmor","champ:RisingSlash","champ:StanceDance","champ:UltimateStance","champ:AdrenalArmor","champ:ShieldWall","champ:ShieldThrow","champ:FlashCut","champ:FocusedDefense","champ:GutPunch","champ:PreemptiveStrike+1","champ:ShieldWall","champ:BladeFlurry+1","champ:TripleStrike+1","champ:EnGarde+1","champ:StrikeOfGenius"],"relics":["champ:ChampionCrown","Blue Candle","Du-Vu Doll","Letter Opener","Potion Belt","Vajra","OrangePellets","sneckomod:SneckoTalon","sneckomod:BlankCard","Dream Catcher","downfall:HeartBlessingRed","downfall:RedIOU","Sozu","champ:Barbells"],"acts_visited":["Exordium","TheCity","TheBeyond"],"potions_floor_usage":[11,11,11,12,16,16,30,33,40],"damage_taken":[{"damage":14,"enemies":"Jaw Worm","floor":2,"turns":4},{"damage":13,"enemies":"2 Louse","floor":5,"turns":3},{"damage":37,"enemies":"Gremlin Nob","floor":6,"turns":5},{"damage":20,"enemies":"downfall:FleeingMerchant","floor":8,"turns":4},{"damage":0,"enemies":"Cultist","floor":9,"turns":3},{"damage":24,"enemies":"Large Slime","floor":10,"turns":5},{"damage":40,"enemies":"downfall:LadyInBlue","floor":11,"turns":9},{"damage":17,"enemies":"Lagavulin","floor":12,"turns":6},{"damage":15,"enemies":"downfall:FleeingMerchant","floor":13,"turns":4},{"damage":10,"enemies":"Lots of Slimes","floor":14,"turns":3},{"damage":6,"enemies":"3 Louse","floor":15,"turns":3},{"damage":39,"enemies":"DF_ARCHETYPE_STREAMLINE","floor":16,"turns":9},{"damage":27,"enemies":"3 Byrds","floor":19,"turns":4},{"damage":17,"enemies":"Chosen","floor":21,"turns":4},{"damage":0,"enemies":"downfall:FleeingMerchant","floor":22,"turns":4},{"damage":10,"enemies":"3 Cultists","floor":23,"turns":2},{"damage":28,"enemies":"Book of Stabbing","floor":25,"turns":3},{"damage":17,"enemies":"Snake Plant","floor":27,"turns":3},{"damage":12,"enemies":"Shelled Parasite and Fungi","floor":29,"turns":4},{"damage":5,"enemies":"Chosen and Byrds","floor":30,"turns":4},{"damage":17,"enemies":"Centurion and Healer","floor":32,"turns":4},{"damage":83,"enemies":"SI_MIRROR_ARCHETYPE","floor":33,"turns":9},{"damage":35,"enemies":"3 Darklings","floor":36,"turns":5},{"damage":15,"enemies":"3 Shapes","floor":38,"turns":4},{"damage":20,"enemies":"downfall:FleeingMerchant","floor":39,"turns":4},{"damage":69,"enemies":"Nemesis","floor":40,"turns":5}],"seed_played":"2104671438614794658","potions_obtained":[{"floor":9,"key":"SneckoOil"},{"floor":10,"key":"EntropicBrew"},{"floor":11,"key":"BlessingOfTheForge"},{"floor":11,"key":"Swift Potion"},{"floor":11,"key":"FairyPotion"},{"floor":12,"key":"champ:CounterPotion"},{"floor":16,"key":"Guardian:BlockOnCardUsePotion"},{"floor":19,"key":"Dexterity Potion"},{"floor":27,"key":"Explosive Potion"},{"floor":29,"key":"DuplicationPotion"},{"floor":30,"key":"Fruit Juice"},{"floor":32,"key":"champ:CounterPotion"}],"is_trial":false,"path_per_floor":["R","M","?","?","M","E","T","$","M","M","?","E","$","M","M","B",null,"R","M","?","M","$","M","T","E","R","M","R","M","M","?","M","B",null,"R","M","?","M","$","E"],"character_chosen":"THE_CHAMP","items_purchased":["expansioncontent:QuickStudy","champ:DefensiveStyle","champ:EnGarde","OrangePellets","Block Potion","champ:AdrenalArmor","sneckomod:BlankCard","champ:Barbells"],"campfire_rested":1,"item_purchase_floors":[8,8,8,13,13,13,22,39],"current_hp_per_floor":[90,86,81,81,78,61,61,61,61,47,37,30,25,25,19,21,90,90,83,83,76,76,76,76,68,68,61,88,86,86,86,84,26,95,95,70,70,65,65,0,0,0],"gold":28,"neow_bonus":"TWO_FIFTY_GOLD","is_daily":false,"chose_seed":false,"campfire_upgraded":3,"win_rate":0.0,"timestamp":1611967466,"path_taken":["R","M","?","?","M","E","T","$","M","?","?","E","$","?","M","BOSS","R","M","?","M","$","M","T","E","R","M","R","M","M","?","M","BOSS","R","M","?","M","$","E"],"items_purchased_type":["Card","Card","Card","Relic","Potion","Card","Relic","Relic"],"build_version":"2020-12-22","purchased_purges":1,"victory":false,"max_hp_per_floor":[90,90,90,90,90,90,90,90,90,90,90,90,90,90,90,90,90,90,90,90,90,90,90,90,90,90,90,90,90,95,95,95,95,95,95,95,95,95,95,95,95,95],"card_choices":[{"not_picked":["champ:Backstep","champ:FlashCut"],"picked":"champ:DefensiveShout","floor":2},{"not_picked":["champ:DefensiveShout","champ:EnragedBash"],"picked":"champ:Circumvent","floor":5},{"not_picked":["champ:Haymaker","champ:EndlessRage"],"picked":"champ:TornadoPunch","floor":6},{"not_picked":["champ:Backstep","champ:FanOfKnives","champ:Duel"],"picked":"SKIP","floor":8},{"not_picked":["champ:Backstep","champ:EnGarde"],"picked":"champ:DefensiveStyle","floor":9},{"not_picked":["champ:PerfectedStrike","champ:Duel"],"picked":"champ:AdrenalArmor","floor":10},{"not_picked":["champ:BerserkerStyle","champ:Haymaker"],"picked":"champ:RisingSlash","floor":11},{"not_picked":["champ:Duel","champ:CrownThrow"],"picked":"champ:StanceDance","floor":12},{"not_picked":["champ:CrownThrow","champ:PreciseThrust"],"picked":"champ:UltimateStance","floor":13},{"not_picked":["champ:Shatter","champ:CrownThrow"],"picked":"champ:ShieldWall","floor":14},{"not_picked":["champ:CrownThrow","champ:DefensiveStyle","champ:StanceDance"],"picked":"SKIP","floor":15},{"not_picked":["champ:DancingMaster","champ:CheapShot"],"picked":"champ:ShieldThrow","floor":16},{"not_picked":["champ:AdrenalArmor","champ:PerfectedStrike"],"picked":"champ:FlashCut","floor":19},{"not_picked":["champ:AdrenalArmor+1","champ:BerserkerStyle"],"picked":"champ:FocusedDefense","floor":21},{"not_picked":["champ:ViciousMockery","champ:FanOfKnives"],"picked":"champ:GutPunch","floor":22},{"not_picked":["champ:FlashCut+1","champ:GutPunch"],"picked":"champ:PreemptiveStrike","floor":23},{"not_picked":["champ:RapidStrikes","champ:StanceDance","champ:RisingSlash+1"],"picked":"SKIP","floor":25},{"not_picked":["champ:Circumvent","champ:GladiatorStyle+1"],"picked":"champ:ShieldWall","floor":27},{"not_picked":["champ:PreciseThrust","champ:EnGarde"],"picked":"champ:BladeFlurry+1","floor":28},{"not_picked":["champ:RapidStrikes+1","champ:BerserkersShout","champ:UltimateStance"],"picked":"SKIP","floor":29},{"not_picked":["champ:GladiatorStyle","champ:EnGarde","champ:EnragedBash"],"picked":"SKIP","floor":30},{"not_picked":["champ:BringItOn","champ:PreciseThrust","champ:PerfectedStrike"],"picked":"SKIP","floor":32},{"not_picked":["champ:ShieldThrow","champ:DancingMaster"],"picked":"champ:TripleStrike","floor":33},{"not_picked":["champ:BringItOn+1","champ:AdrenalArmor"],"picked":"champ:EnGarde+1","floor":36},{"not_picked":["champ:EnGarde","champ:Encircle","champ:Shatter+1"],"picked":"SKIP","floor":38},{"not_picked":["champ:DefensiveStyle","champ:FanOfKnives+1"],"picked":"champ:StrikeOfGenius","floor":39}],"player_experience":11434818,"relics_obtained":[{"floor":6,"key":"Du-Vu Doll"},{"floor":7,"key":"Letter Opener"},{"floor":11,"key":"Potion Belt"},{"floor":12,"key":"Vajra"},{"floor":24,"key":"Tiny Chest"},{"floor":25,"key":"Dream Catcher"}],"event_choices":[{"cards_removed":["champ:Defend"],"damage_healed":0,"gold_gain":0,"player_choice":"Removed Skill","damage_taken":0,"max_hp_gain":0,"max_hp_loss":0,"event_name":"Falling","floor":37,"gold_loss":0}],"is_beta":false,"boss_relics":[{"not_picked":["Astrolabe","champ:PowerArmor"],"picked":"sneckomod:SneckoTalon"},{"not_picked":["Fusion Hammer","Runic Dome"],"picked":"Sozu"}],"items_purged_floors":[22],"is_endless":false,"potions_floor_spawned":[9,10,12,14,15,16,19,27,29,30,32,36],"killed_by":"Nemesis","ascension_level":4}}