{"host":"kipy315whq7pv20a","time":1611968960,"event":{"mods":["BaseMod","Downfall","Minty Spire (QoL Compilation)","Replay The Spire","StSLib"],"gold_per_floor":[99,99,109,109,109,123,123,141,141,156,185,185,204,204,218,316,316,316,328,328,328,328,388,388,388,42,42,94,94,146,231,242,342,342,142,199,255,255,255,255,337,397,457,487,559,559,459,490,490,516,516,542,542,542],"floor_reached":52,"language":"ENG","playtime":4476,"items_purged":[],"score":761,"play_id":"d2ee1fec-bdf7-49b3-93e9-8e3eaea798ac","local_time":"20210130020920","is_ascension_mode":false,"campfire_choices":[{"floor":1.0,"key":"RECALL"},{"data":"champ:BladeFlurry","floor":9,"key":"SMITH"},{"data":"champ:FanOfKnives","floor":12,"key":"SMITH"},{"data":"champ:TripleStrike","floor":18,"key":"SMITH"},{"floor":25,"key":"REST"},{"data":"champ:PerfectedStrike","floor":27,"key":"SMITH"},{"data":"champ:Lariat","floor":29,"key":"SMITH"},{"floor":35,"key":"DIG"},{"data":"champ:Taunt","floor":40,"key":"SMITH"},{"floor":47,"key":"REST"}],"circlet_count":0,"master_deck":["champ:Strike","champ:Strike","champ:Strike","champ:Strike","champ:Defend","champ:Defend","champ:Defend","champ:Defend","champ:Execute","champ:Taunt+1","champ:PerfectedStrike+1","champ:FanOfKnives+1","champ:BerserkersShout","champ:BladeFlurry+1","champ:Lariat+1","champ:EnragedBash","champ:PerfectedStrike+1","champ:RapidStrikes","champ:TripleStrike+1","champ:BerserkersShout","champ:FaceSlap+1","champ:BladeFlurry","Poisoned Strike","ReplayTheSpireMod:Necrogeddon","Good Instincts+1","champ:EndlessRage+1","champ:PerfectedStrike+1","champ:EnGarde+1","champ:HeartStrike+1","champ:IgnorePain+1","champ:FanOfKnives+1","champ:EnragedBash","champ:DeathBlow+1","champ:FaceSlap+1","champ:Duel+1","champ:CalledShot+1","champ:RapidStrikes+1"],"relics":["champ:ChampionCrown","Iron Hammer","Bird Faced Urn","Replay:Grab Bag","Velvet Choker","ReplayTheSpireMod:Onyx Gauntlets","Runic Pyramid","downfall:KnowingSkull","Toxic Egg 2","ReplayTheSpireMod:ShopPack","Blue Doll","Honey Jar","downfall:HeartBlessingRed","downfall:HeartBlessingBlue","Replay:WaspNest","Singing Bowl","Bottled Flame","Replay:Bandana","downfall:HeartBlessingGreen"],"acts_visited":["Exordium","TheCity","TheBeyond","TheEnding"],"potions_floor_usage":[15,16,16,28,30,33,33,45,48,49,50,50,50,50,52],"damage_taken":[{"damage":22,"enemies":"Small Slimes","floor":3,"turns":5},{"damage":0,"enemies":"Cultist","floor":5,"turns":1},{"damage":10,"enemies":"Jaw Worm","floor":6,"turns":3},{"damage":10,"enemies":"Large Slime","floor":8,"turns":4},{"damage":14,"enemies":"3 Louse","floor":10,"turns":4},{"damage":23,"enemies":"3 Sentries","floor":11,"turns":5},{"damage":15,"enemies":"2 Fungi Beasts","floor":13,"turns":3},{"damage":12,"enemies":"Exordium Thugs","floor":15,"turns":3},{"damage":38,"enemies":"WA_ARCHETYPE_RETAIN","floor":16,"turns":4},{"damage":65,"enemies":"3 Byrds","floor":19,"turns":3},{"damage":25,"enemies":"Chosen","floor":23,"turns":3},{"damage":43,"enemies":"downfall:FleeingMerchant","floor":26,"turns":4},{"damage":43,"enemies":"Snake Plant","floor":28,"turns":3},{"damage":44,"enemies":"Cultist and Chosen","floor":30,"turns":4},{"damage":39,"enemies":"Shelled Parasite and Fungi","floor":32,"turns":3},{"damage":46,"enemies":"SI_MIRROR_ARCHETYPE","floor":33,"turns":6},{"damage":23,"enemies":"3 Shapes","floor":36,"turns":2},{"damage":23,"enemies":"3 Darklings","floor":37,"turns":2},{"damage":29,"enemies":"4 Shapes","floor":42,"turns":3},{"damage":23,"enemies":"Transient","floor":43,"turns":5},{"damage":55,"enemies":"Nemesis","floor":44,"turns":3},{"damage":10,"enemies":"Spire Growth","floor":45,"turns":2},{"damage":18,"enemies":"4 Shapes","floor":48,"turns":2},{"damage":0,"enemies":"3 Darklings","floor":49,"turns":1},{"damage":96,"enemies":"IC_BLOCK_ARCHETYPE","floor":50,"turns":9},{"damage":126,"enemies":"downfall:CharBossMerchant","floor":52,"turns":3}],"seed_played":"2988095569799322601","potions_obtained":[{"floor":6,"key":"Doom Potion"},{"floor":10,"key":"Strength Potion"},{"floor":13,"key":"LiquidBronze"},{"floor":15,"key":"SkillPotion"},{"floor":23,"key":"ColorlessPotion"},{"floor":28,"key":"Block Potion"},{"floor":30,"key":"SkillPotion"},{"floor":42,"key":"LifebloodPotion"},{"floor":43,"key":"SpeedPotion"},{"floor":44,"key":"LiquidMemories"},{"floor":46,"key":"Adrenaline Potion"},{"floor":46,"key":"Dexterity Potion"},{"floor":46,"key":"SmokeBomb"}],"is_trial":false,"path_per_floor":["R","?","M","?","M","M","T","M","R","M","E","R","M","?","M","B",null,"R","M","?","?","?","M","T","R","$","R","M","R","M","?","M","B",null,"R","M","M","?","T","R","T","M","M","E","M","?","R","M","M","B",null,"E"],"character_chosen":"THE_CHAMP","items_purchased":["champ:BladeFlurry","ReplayTheSpireMod:ShopPack","Blue Doll","champ:EndlessRage+1"],"campfire_rested":2,"item_purchase_floors":[26,26,26,26],"current_hp_per_floor":[99,99,97,97,97,97,97,97,97,83,70,70,70,58,56,48,99,99,99,99,79,70,65,65,96,93,93,94,94,85,67,55,39,104,114,111,110,110,110,110,110,105,111,106,108,108,120,112,112,63,120,0,0,0],"gold":542,"neow_bonus":"TEN_PERCENT_HP_BONUS","is_daily":false,"chose_seed":false,"campfire_upgraded":6,"win_rate":0.0,"timestamp":1611968960,"path_taken":["R","?","M","?","M","?","T","M","R","M","E","R","M","?","M","BOSS","R","M","?","?","?","M","T","R","$","R","?","R","M","?","M","BOSS","R","M","M","?","?","R","T","M","M","E","M","?","R","?","M","BOSS","E"],"items_purchased_type":["Card","Relic","Relic","Card"],"build_version":"2020-12-22","purchased_purges":0,"victory":false,"max_hp_per_floor":[99,99,99,99,99,99,99,99,99,99,99,99,99,99,99,99,99,99,99,99,104,104,104,104,104,104,104,104,104,104,104,104,104,104,114,114,114,114,114,114,114,116,118,118,120,120,120,120,120,120,120,120,120,120],"card_choices":[{"not_picked":["champ:EndlessRage","champ:ShieldSlam"],"picked":"champ:PerfectedStrike","floor":3},{"not_picked":["champ:DefensiveShout","champ:EnragedBash"],"picked":"champ:FanOfKnives","floor":5},{"not_picked":["champ:FocusedBerserking","champ:EnGarde"],"picked":"champ:BerserkersShout","floor":6},{"not_picked":["champ:Parry","champ:SkillfulDodge"],"picked":"champ:BladeFlurry","floor":8},{"not_picked":["champ:CrownThrow","champ:Endure"],"picked":"champ:Lariat","floor":10},{"not_picked":["champ:Shatter","champ:Duel"],"picked":"champ:EnragedBash","floor":11},{"not_picked":["champ:SwordThrow","champ:EnGarde"],"picked":"champ:PerfectedStrike","floor":13},{"not_picked":["champ:Backstep","champ:PreciseThrust"],"picked":"champ:RapidStrikes","floor":15},{"not_picked":["champ:MurderStrike","champ:IgnorePain"],"picked":"champ:TripleStrike","floor":16},{"not_picked":["champ:SkillfulDodge","champ:SetATrap+1","champ:GutPunch"],"picked":"SKIP","floor":19},{"not_picked":["champ:ArenaPreparation","champ:FlashCut"],"picked":"champ:BerserkersShout","floor":23},{"not_picked":["champ:CrownThrow","champ:Encircle+1"],"picked":"champ:FaceSlap+1","floor":26},{"not_picked":["Mayhem","ReplayUltimateDefense"],"picked":"Poisoned Strike","floor":26},{"not_picked":["Survey Options","Specialist"],"picked":"ReplayTheSpireMod:Necrogeddon","floor":26},{"not_picked":["Purity","ReplayTheSpireMod:Brewmster"],"picked":"Good Instincts","floor":26},{"not_picked":["champ:ArenaPreparation","champ:PreciseThrust"],"picked":"champ:PerfectedStrike+1","floor":28},{"not_picked":["champ:TornadoPunch","champ:Circumvent+1"],"picked":"champ:EnGarde+1","floor":30},{"not_picked":["champ:StanceDance+1","champ:EnGarde+1"],"picked":"champ:HeartStrike+1","floor":32},{"not_picked":["champ:ShieldThrow","champ:SwordThrow"],"picked":"champ:IgnorePain+1","floor":33},{"not_picked":["champ:GutPunch+1","champ:Shatter","champ:ShieldWall+1"],"picked":"champ:FanOfKnives+1","floor":36},{"not_picked":["champ:Haymaker","champ:FlashCut","champ:EnGarde+1"],"picked":"champ:EnragedBash","floor":37},{"not_picked":["champ:Haymaker","champ:DeathBlow+1","champ:ShieldSlam+1","champ:DefensiveShout+1"],"picked":"Singing Bowl","floor":42},{"not_picked":["champ:SetATrap+1","champ:FaceSlap+1","champ:RecklessLeap+1","champ:CrookedStrike"],"picked":"Singing Bowl","floor":43},{"not_picked":["champ:EnGarde+1","champ:UltimateStance+1","champ:Encircle"],"picked":"champ:Duel+1","floor":44},{"not_picked":["champ:DefensiveShout+1","champ:Shatter","champ:FaceSlap","champ:CalledShot+1"],"picked":"Singing Bowl","floor":45},{"not_picked":["champ:Backstep+1","champ:IgnorePain+1","champ:Lariat+1"],"picked":"champ:RapidStrikes+1","floor":48}],"player_experience":177694,"relics_obtained":[{"floor":11,"key":"Iron Hammer"},{"floor":24,"key":"Toxic Egg 2"},{"floor":35,"key":"Replay:WaspNest"},{"floor":39,"key":"Singing Bowl"},{"floor":41,"key":"Bottled Flame"},{"floor":44,"key":"Replay:Bandana"}],"event_choices":[{"damage_healed":0,"gold_gain":0,"player_choice":"Success","damage_taken":12,"relics_obtained":["Bird Faced Urn"],"max_hp_gain":0,"max_hp_loss":0,"event_name":"Scrap Ooze","floor":14,"gold_loss":0},{"damage_healed":0,"gold_gain":0,"player_choice":"Ignored","damage_taken":0,"max_hp_gain":0,"max_hp_loss":0,"event_name":"Ghosts","floor":20,"gold_loss":0},{"damage_healed":0,"gold_gain":0,"player_choice":"Got Potions","damage_taken":0,"max_hp_gain":0,"max_hp_loss":0,"event_name":"Lab","floor":46,"gold_loss":0}],"is_beta":false,"boss_relics":[{"not_picked":["Runic Dome","Astrolabe"],"picked":"Replay:Grab Bag"},{"not_picked":["Fusion Hammer","ChewingGum"],"picked":"Velvet Choker"},{"not_picked":["Replay:Bronze Core","Abe\u0027s Treasure"],"picked":"ReplayTheSpireMod:Onyx Gauntlets"},{"not_picked":["Ring of Chaos","Black Star"],"picked":"Runic Pyramid"},{"not_picked":["ReplayTheSpireMod:DimensionalGlitch","Painkiller Herb"],"picked":"Honey Jar"}],"items_purged_floors":[],"is_endless":false,"potions_floor_spawned":[6,10,13,15,23,28,30,42,43,44],"killed_by":"downfall:CharBossMerchant","ascension_level":0}}