{"host":"39erygfi9n0tobyn","time":1611973240,"event":{"mods":["2.2 Compatiblity","BaseMod","Bestiary","Colored Map","Colored Powertips","Curses Come First","Highlight Path","Keyboard Shortcuts","Minty Spire (QoL Compilation)","Relic Stats","StSLib","SuperFastMode"],"gold_per_floor":[114,289,239,252,324,351,364,383,383,383,0,0,12,24,24,127,127,138,138,171,27,38,38,73,73,149,160,160,486,486,251,251,251,251],"floor_reached":33,"language":"ENG","playtime":1174,"items_purged":[],"score":333,"play_id":"ececed08-fe18-4a14-86c1-5e3337c2e558","local_time":"20210129232040","is_ascension_mode":false,"campfire_choices":[{"floor":10,"key":"REST"},{"floor":15,"key":"REST"},{"floor":23,"key":"REST"},{"floor":25,"key":"REST"},{"floor":32,"key":"REST"}],"circlet_count":0,"master_deck":["Strike_B","Strike_B","Strike_B+1","Strike_B","Defend_B","Defend_B","Defend_B","Defend_B","Zap","Dualcast","Go for the Eyes","Doubt","Conserve Battery","Coolheaded","Genetic Algorithm","Rip and Tear","Doom and Gloom","Stack","Regret","Leap","Gash","Hyperbeam+1","Self Repair+1","Chaos+1","Ball Lightning","Steam","Sweeping Beam","Necronomicurse","Stack+1","Storm"],"relics":["FrozenCore","Sundial","Potion Belt","Letter Opener","Shuriken","Strawberry","Red Mask","Pen Nib","Whetstone","Kunai","Necronomicon","Old Coin","Nunchaku"],"acts_visited":["Exordium","TheCity"],"potions_floor_usage":[6,16,20,29,33],"damage_taken":[{"damage":11,"enemies":"Jaw Worm","floor":1,"turns":4},{"damage":5,"enemies":"2 Louse","floor":4,"turns":3},{"damage":37,"enemies":"3 Sentries","floor":6,"turns":11},{"damage":0,"enemies":"Cultist","floor":7,"turns":4},{"damage":18,"enemies":"Exordium Thugs","floor":8,"turns":7},{"damage":2,"enemies":"3 Louse","floor":13,"turns":2},{"damage":16,"enemies":"2 Fungi Beasts","floor":14,"turns":3},{"damage":43,"enemies":"Hexaghost","floor":16,"turns":12},{"damage":31,"enemies":"2 Thieves","floor":18,"turns":5},{"damage":31,"enemies":"Masked Bandits","floor":20,"turns":4},{"damage":29,"enemies":"Shell Parasite","floor":22,"turns":6},{"damage":45,"enemies":"Gremlin Leader","floor":24,"turns":8},{"damage":12,"enemies":"Cultist and Chosen","floor":27,"turns":5},{"damage":44,"enemies":"Slavers","floor":29,"turns":5},{"damage":73,"enemies":"Champ","floor":33,"turns":11}],"seed_played":"3351011579926398501","potions_obtained":[{"floor":4,"key":"EssenceOfDarkness"},{"floor":6,"key":"Explosive Potion"},{"floor":13,"key":"FairyPotion"},{"floor":14,"key":"Energy Potion"},{"floor":20,"key":"FearPotion"},{"floor":29,"key":"ColorlessPotion"}],"is_trial":false,"path_per_floor":["M","?","?","M","T","E","M","M","T","R","$","?","M","M","R","B",null,"M","?","?","$","M","R","E","R","T","M","?","E","?","$","R","B"],"character_chosen":"DEFECT","items_purchased":["Shuriken","Doom and Gloom","Stack","Pen Nib","Nunchaku","Storm"],"campfire_rested":5,"item_purchase_floors":[11,11,11,21,31,31],"current_hp_per_floor":[78,78,78,73,73,36,36,18,18,44,44,51,49,33,61,18,96,65,65,34,34,15,43,38,66,66,64,48,4,36,36,64,0,0],"gold":251,"neow_bonus":"TWENTY_PERCENT_HP_BONUS","is_daily":false,"chose_seed":false,"campfire_upgraded":0,"win_rate":0.0,"timestamp":1611973240,"path_taken":["M","?","?","M","?","E","M","?","T","R","$","?","M","M","R","BOSS","M","?","?","$","M","R","E","R","T","M","?","E","?","?","R","BOSS"],"items_purchased_type":["Relic","Card","Card","Relic","Relic","Card"],"build_version":"2020-12-22","purchased_purges":0,"victory":false,"max_hp_per_floor":[89,89,89,89,89,89,89,89,89,89,89,96,96,96,96,96,96,96,96,96,96,96,96,96,96,96,96,96,96,96,96,96,96,96],"relic_stats":{"Nunchaku":[1],"counters":[15,90],"Sundial":[8],"Shuriken":[10],"Pen Nib":[5],"Necronomicon":[4],"Letter Opener":[140],"Whetstone":["Strike_B","Hyperbeam"],"Kunai":[3],"obtain_stats":[{"Potion Belt":6,"Pen Nib":21,"Letter Opener":9,"Whetstone":24,"FrozenCore":17,"Old Coin":29,"Nunchaku":31,"Sundial":5,"Shuriken":11,"Strawberry":12,"Red Mask":20,"Necronomicon":28,"Kunai":26,"Cracked Core":0},{"Potion Belt":3,"Pen Nib":10,"Letter Opener":5,"Whetstone":12,"FrozenCore":8,"Old Coin":14,"Nunchaku":14,"Sundial":2,"Shuriken":5,"Strawberry":5,"Red Mask":10,"Necronomicon":13,"Kunai":12,"Cracked Core":0},{"Potion Belt":18,"Pen Nib":55,"Letter Opener":29,"Whetstone":69,"FrozenCore":46,"Old Coin":79,"Nunchaku":79,"Sundial":7,"Shuriken":29,"Strawberry":29,"Red Mask":55,"Necronomicon":74,"Kunai":69,"Cracked Core":0}],"FrozenCore":[14]},"card_choices":[{"not_picked":["Beam Cell","Undo"],"picked":"Go for the Eyes","floor":1},{"not_picked":["Streamline","Capacitor"],"picked":"Conserve Battery","floor":4},{"not_picked":["Steam","Steam Power"],"picked":"Coolheaded","floor":6},{"not_picked":["Tempest","Chaos"],"picked":"Genetic Algorithm","floor":7},{"not_picked":["Consume","Aggregate"],"picked":"Rip and Tear","floor":8},{"not_picked":["Steam","Beam Cell"],"picked":"Leap","floor":13},{"not_picked":["Aggregate","Hologram"],"picked":"Gash","floor":14},{"not_picked":["Electrodynamics","Multi-Cast"],"picked":"Hyperbeam","floor":16},{"not_picked":["Compile Driver+1","Turbo"],"picked":"Self Repair+1","floor":18},{"not_picked":["FTL","Sweeping Beam"],"picked":"Chaos+1","floor":20},{"not_picked":["Skim","Undo"],"picked":"Ball Lightning","floor":22},{"not_picked":["Sunder","Multi-Cast"],"picked":"Steam","floor":24},{"not_picked":["Blizzard","Steam"],"picked":"Sweeping Beam","floor":27},{"not_picked":["Cold Snap","Go for the Eyes"],"picked":"Stack+1","floor":29}],"player_experience":58705,"relics_obtained":[{"floor":5,"key":"Sundial"},{"floor":6,"key":"Potion Belt"},{"floor":9,"key":"Letter Opener"},{"floor":20,"key":"Red Mask"},{"floor":24,"key":"Whetstone"},{"floor":26,"key":"Kunai"},{"floor":28,"key":"Necronomicon"},{"floor":29,"key":"Old Coin"}],"event_choices":[{"damage_healed":0,"gold_gain":175,"player_choice":"AGREE","damage_taken":0,"max_hp_gain":0,"max_hp_loss":0,"event_name":"Liars Game","floor":2,"gold_loss":0,"cards_obtained":["Doubt"]},{"cards_removed":["Doubt"],"damage_healed":0,"gold_gain":0,"player_choice":"Card Removal","damage_taken":0,"max_hp_gain":0,"max_hp_loss":0,"event_name":"The Cleric","floor":3,"gold_loss":50},{"damage_healed":0,"gold_gain":0,"player_choice":"Box","damage_taken":0,"relics_obtained":["Strawberry"],"max_hp_gain":0,"max_hp_loss":0,"event_name":"Big Fish","floor":12,"gold_loss":0,"cards_obtained":["Regret"]},{"damage_healed":0,"gold_gain":0,"player_choice":"Ignored","damage_taken":0,"max_hp_gain":0,"max_hp_loss":0,"event_name":"Ghosts","floor":19,"gold_loss":0},{"damage_healed":0,"gold_gain":0,"player_choice":"Fought Bandits","damage_taken":0,"max_hp_gain":0,"max_hp_loss":0,"event_name":"Masked Bandits","floor":20,"gold_loss":0},{"damage_healed":0,"gold_gain":0,"player_choice":"Obtained Book","damage_taken":16,"max_hp_gain":0,"max_hp_loss":0,"event_name":"Cursed Tome","floor":28,"gold_loss":0},{"damage_healed":32,"gold_gain":0,"player_choice":"Heal","damage_taken":0,"max_hp_gain":0,"max_hp_loss":0,"event_name":"The Library","floor":30,"gold_loss":0}],"is_beta":false,"boss_relics":[{"not_picked":["Philosopher\u0027s Stone","Coffee Dripper"],"picked":"FrozenCore"}],"items_purged_floors":[],"is_endless":false,"potions_floor_spawned":[4,6,13,14,20,29],"killed_by":"Champ","ascension_level":0}}