{"host":"lnt5dzsuhru0aonl","time":1611996051,"event":{"mods":["2.2 Compatiblity","BaseMod","Colored Map","Colored Powertips","DeckTracker","Keyboard Shortcuts","Minty Spire (QoL Compilation)","Permanent Neow","Rare Cards Sparkle","StSLib","SuperFastMode","everything is the same but u backflip on backflip"],"gold_per_floor":[116,41,58,76,76,76,106,124,204,224,224,374,394,96,96,96,96],"floor_reached":16,"language":"KOR","playtime":1096,"items_purged":["Doubt"],"score":204,"play_id":"346c8b3a-b570-48c8-a80d-e28a7bdfa046","local_time":"20210130174051","is_ascension_mode":true,"campfire_choices":[{"data":"Bash","floor":6.0,"key":"SMITH"},{"data":"True Grit","floor":11.0,"key":"SMITH"},{"data":"Pommel Strike","floor":15,"key":"SMITH"}],"circlet_count":0,"master_deck":["AscendersBane","Strike_R","Strike_R","Strike_R","Strike_R","Defend_R","Defend_R","Defend_R","Defend_R","Bash+1","Power Through","Twin Strike","True Grit+1","Fire Breathing","Shrug It Off","Pommel Strike+1"],"relics":["Burning Blood","Lizard Tail","Bird Faced Urn","Smiling Mask","Question Card","MealTicket"],"acts_visited":["Exordium"],"potions_floor_usage":[13,13],"damage_taken":[{"damage":14.0,"enemies":"Cultist","floor":1.0,"turns":6.0},{"damage":0.0,"enemies":"Small Slimes","floor":3.0,"turns":5.0},{"damage":9.0,"enemies":"Jaw Worm","floor":4.0,"turns":4.0},{"damage":50.0,"enemies":"3 Sentries","floor":7.0,"turns":12.0},{"damage":6.0,"enemies":"3 Louse","floor":8.0,"turns":4.0},{"damage":6.0,"enemies":"Blue Slaver","floor":10.0,"turns":4.0},{"damage":37,"enemies":"Large Slime","floor":13,"turns":9},{"damage":45,"enemies":"The Guardian","floor":16,"turns":8}],"seed_played":"8294531542141207697","potions_obtained":[{"floor":1.0,"key":"SneckoOil"},{"floor":3.0,"key":"FearPotion"},{"floor":10.0,"key":"Weak Potion"}],"is_trial":false,"path_per_floor":["M","?","M","M","?","R","E","M","T","M","R","?","M","$","R","B"],"character_chosen":"IRONCLAD","items_purchased":["Shrug It Off","Pommel Strike","MealTicket"],"campfire_rested":0,"item_purchase_floors":[14,14,14],"current_hp_per_floor":[60,60,66,63,58,58,14,14,14,14,14,14,23,23,23,0,0],"gold":96,"neow_bonus":"ONE_RARE_RELIC","is_daily":false,"chose_seed":false,"campfire_upgraded":3,"win_rate":0.0,"timestamp":1611996051,"path_taken":["M","?","M","M","?","R","E","M","T","?","R","?","M","$","R","BOSS"],"items_purchased_type":["Card","Card","Relic"],"build_version":"2020-12-22","purchased_purges":1,"victory":false,"max_hp_per_floor":[68,68,68,68,68,68,68,68,68,68,68,68,68,68,68,68,68],"card_choices":[{"not_picked":["Armaments","Wild Strike"],"picked":"Power Through","floor":1.0},{"not_picked":["Infernal Blade","Bloodletting","Anger"],"picked":"SKIP","floor":3.0},{"not_picked":["Havoc","Berserk"],"picked":"Twin Strike","floor":4.0},{"not_picked":["Warcry","Anger","Bludgeon"],"picked":"SKIP","floor":7.0},{"not_picked":["Warcry","Flex","Sword Boomerang"],"picked":"SKIP","floor":8.0},{"not_picked":["Armaments","Anger","Bloodletting"],"picked":"True Grit","floor":10.0},{"not_picked":["Twin Strike","Armaments","Warcry"],"picked":"Fire Breathing","floor":13}],"player_experience":781579,"relics_obtained":[{"floor":7.0,"key":"Smiling Mask"},{"floor":9.0,"key":"Question Card"}],"event_choices":[{"cards_removed":["Strike_R"],"damage_healed":0.0,"max_hp_gain":0.0,"max_hp_loss":0.0,"gold_gain":0.0,"event_name":"The Cleric","player_choice":"Card Removal","floor":2.0,"gold_loss":75.0,"damage_taken":0.0},{"damage_healed":0.0,"max_hp_gain":0.0,"max_hp_loss":0.0,"gold_gain":0.0,"event_name":"Scrap Ooze","player_choice":"Success","floor":5.0,"gold_loss":0.0,"damage_taken":5.0,"relics_obtained":["Bird Faced Urn"]},{"damage_healed":0.0,"max_hp_gain":0.0,"max_hp_loss":0.0,"gold_gain":150.0,"event_name":"Liars Game","player_choice":"AGREE","floor":12.0,"gold_loss":0.0,"damage_taken":0.0,"cards_obtained":["Doubt"]}],"is_beta":false,"boss_relics":[],"items_purged_floors":[14],"is_endless":false,"potions_floor_spawned":[1,3,10],"killed_by":"The Guardian","ascension_level":20}}