{"host":"Ryley","time":1611974321,"event":{"mods":["BaseMod","Downfall","Minty Spire (QoL Compilation)","StSLib"],"gold_per_floor":[99,99,99,24,24,55,134,84,94,108,108,138,48,60,71,176,176,26,46,60,60,77,27,53,3,21,32,59,72,104,54,70,173,173,123,140,153,164,164,178,178,178,223,233,15,28,28,43,63,63,63,63],"floor_reached":50,"language":"ENG","playtime":2917,"items_purged":["downfall:Malfunctioning","Slimebound:Strike_Slimebound"],"score":523,"play_id":"2a9b673c-9703-4936-b1c8-2bb0062a9ded","local_time":"20210129203841","is_ascension_mode":false,"campfire_choices":[{"data":"Slimebound:CorrosiveSpit","floor":1,"key":"SMITH"},{"floor":8,"key":"REST"},{"data":"Slimebound:RallyTheTroops","floor":18,"key":"SMITH"},{"data":"Slimebound:TongueLash","floor":23,"key":"SMITH"},{"data":"Slimebound:LeechEnergy","floor":25,"key":"SMITH"},{"data":"Slimebound:Overexert","floor":35,"key":"SMITH"},{"data":"expansioncontent:AwakenDeath","floor":47,"key":"SMITH"}],"circlet_count":0,"master_deck":["Slimebound:Strike_Slimebound","Slimebound:Strike_Slimebound+1","Slimebound:Tackle","Slimebound:Defend_Slimebound+1","Slimebound:Defend_Slimebound","Slimebound:Defend_Slimebound","Slimebound:Split","Slimebound:CorrosiveSpit+1","Slimebound:LeechingTouch","Slimebound:ComboTackle","Slimebound:SplitMire+1","Slimebound:LeechEnergy+1","Slimebound:MegaLick","Slimebound:SplitSpecialist+1","Slimebound:HauntingLick+1","Slimebound:SamplingLick","Slimebound:SlimeSpikes","Slimebound:RallyTheTroops+1","CurseOfTheBell","Slimebound:RejuvenatingLick","Slimebound:GrowthPunch+1","Slimebound:TongueLash+1","Slimebound:Schlurp","Slimebound:Recollect","Slimebound:SamplingLick+1","Slimebound:SlimeSpikes+1","Slimebound:OozeBath","Slimebound:Overexert+1","Slimebound:SlimeBrawl+1","expansioncontent:AwakenDeath+1","Slimebound:RainOfGoop+1","Slimebound:PressTheAttack+1"],"relics":["Slimebound:AbsorbEndCombat","downfall:HeartsMalice","Slimebound:GreedOozeRelic","Dream Catcher","Blue Candle","Oddly Smooth Stone","Calling Bell","War Paint","The Courier","StoneCalendar","downfall:HeartBlessingGreen","Vajra","Slimebound:MaxSlimesRelic","Ginger","Sozu","Toxic Egg 2","Lizard Tail","Medical Kit"],"acts_visited":["Exordium","TheCity","TheBeyond"],"potions_floor_usage":[28,30,33,37,50,50],"damage_taken":[{"damage":0,"enemies":"Cultist","floor":2,"turns":1},{"damage":0,"enemies":"Small Slimes","floor":3,"turns":1},{"damage":0,"enemies":"3 Sentries","floor":6,"turns":1},{"damage":3,"enemies":"2 Louse","floor":9,"turns":1},{"damage":18,"enemies":"Exordium Wildlife","floor":10,"turns":3},{"damage":17,"enemies":"Lagavulin","floor":12,"turns":5},{"damage":1,"enemies":"downfall:FleeingMerchant","floor":13,"turns":4},{"damage":4,"enemies":"Exordium Thugs","floor":14,"turns":3},{"damage":3,"enemies":"Red Slaver","floor":15,"turns":4},{"damage":24,"enemies":"IC_STATUS_ARCHETYPE","floor":16,"turns":6},{"damage":0,"enemies":"Chosen","floor":19,"turns":4},{"damage":1,"enemies":"Spheric Guardian","floor":20,"turns":3},{"damage":7,"enemies":"Centurion and Healer","floor":22,"turns":7},{"damage":11,"enemies":"Snecko","floor":26,"turns":4},{"damage":8,"enemies":"Cultist and Chosen","floor":27,"turns":5},{"damage":5,"enemies":"Slavers","floor":28,"turns":4},{"damage":3,"enemies":"Centurion and Healer","floor":29,"turns":4},{"damage":14,"enemies":"Gremlin Leader","floor":30,"turns":6},{"damage":6,"enemies":"Snake Plant","floor":32,"turns":3},{"damage":7,"enemies":"WA_ARCHETYPE_CALM","floor":33,"turns":7},{"damage":0,"enemies":"Orb Walker","floor":36,"turns":2},{"damage":0,"enemies":"3 Shapes","floor":37,"turns":3},{"damage":20,"enemies":"Writhing Mass","floor":38,"turns":4},{"damage":1,"enemies":"3 Darklings","floor":40,"turns":4},{"damage":33,"enemies":"2 Orb Walkers","floor":43,"turns":4},{"damage":41,"enemies":"Jaw Worm Horde","floor":44,"turns":4},{"damage":0,"enemies":"downfall:FleeingMerchant","floor":45,"turns":4},{"damage":0,"enemies":"Sphere and 2 Shapes","floor":46,"turns":4},{"damage":9,"enemies":"3 Darklings","floor":48,"turns":5},{"damage":17,"enemies":"Transient","floor":49,"turns":5},{"damage":45,"enemies":"DF_ARCHETYPE_ORBS","floor":50,"turns":2}],"seed_played":"1598858173627181376","potions_obtained":[{"floor":6,"key":"EssenceOfSteel"},{"floor":14,"key":"Slimebound:SlimedPotion"},{"floor":15,"key":"Swift Potion"},{"floor":28,"key":"Slimebound:SlimyTonguePotion"},{"floor":30,"key":"EssenceOfSteel"},{"floor":33,"key":"Strength Potion"}],"is_trial":false,"path_per_floor":["R","M","M","?","?","E","T","R","M","M","?","E","$","M","M","B",null,"R","M","M","?","M","R","T","R","M","M","E","M","E","?","M","B",null,"R","M","M","M","?","M","T","?","?","M","$","M","R","M","M","B"],"character_chosen":"SLIMEBOUND","items_purchased":["Medical Kit"],"campfire_rested":1,"item_purchase_floors":[45],"current_hp_per_floor":[65,65,65,65,65,65,65,65,64,49,49,38,45,45,44,28,65,65,65,65,65,65,65,65,65,56,52,53,58,52,65,63,58,65,65,65,65,49,49,56,56,56,31,36,44,50,50,49,40,0,0,0],"gold":63,"neow_bonus":"THREE_ENEMY_KILL","is_daily":false,"chose_seed":false,"campfire_upgraded":6,"win_rate":0.0,"timestamp":1611974321,"path_taken":["R","M","?","?","?","E","T","R","M","M","?","E","$","?","M","BOSS","R","M","M","?","?","R","T","R","M","M","E","M","E","?","M","BOSS","R","M","M","M","?","M","T","?","?","?","$","M","R","M","M","BOSS"],"items_purchased_type":["Relic"],"build_version":"2020-12-18","purchased_purges":2,"victory":false,"max_hp_per_floor":[65,65,65,65,65,65,65,65,65,65,65,65,65,65,65,65,65,65,65,65,65,65,65,65,65,65,65,65,65,65,65,65,65,65,65,65,65,65,65,65,65,65,65,65,65,65,65,65,65,65,65,65],"card_choices":[{"not_picked":["Slimebound:Replication","Slimebound:LivingWall"],"picked":"Slimebound:LeechingTouch","floor":2},{"not_picked":["Slimebound:RollThrough","Slimebound:Dissolve"],"picked":"Slimebound:ComboTackle","floor":3},{"not_picked":["Slimebound:FinishingTackle","Slimebound:Replication","Slimebound:ForwardTackle"],"picked":"SKIP","floor":6},{"not_picked":["Slimebound:GoopTackle","Slimebound:RollThrough"],"picked":"Slimebound:SplitMire","floor":8},{"not_picked":["Slimebound:ComboTackle","Slimebound:DisruptingSlam"],"picked":"Slimebound:LeechEnergy","floor":9},{"not_picked":["Slimebound:SlimeBarrage","Slimebound:CheckThePlaybook"],"picked":"Slimebound:MegaLick","floor":10},{"not_picked":["Slimebound:RainOfGoop","Slimebound:Recollect"],"picked":"Slimebound:SplitSpecialist","floor":12},{"not_picked":["Slimebound:AcidTongue","Slimebound:SplitLeeching"],"picked":"Slimebound:HauntingLick","floor":13},{"not_picked":["Slimebound:RollThrough","Slimebound:FlameTackle"],"picked":"Slimebound:SamplingLick","floor":14},{"not_picked":["Slimebound:PressTheAttack","Slimebound:Replication"],"picked":"Slimebound:SlimeSpikes","floor":15},{"not_picked":["Slimebound:DouseInSlime","Slimebound:MassRepurpose"],"picked":"Slimebound:RallyTheTroops","floor":16},{"not_picked":["Slimebound:SlimeSpikes","Slimebound:SplitMire"],"picked":"Slimebound:RejuvenatingLick","floor":19},{"not_picked":["Slimebound:SamplingLick+1","Slimebound:Repurpose"],"picked":"Slimebound:GrowthPunch+1","floor":20},{"not_picked":["Slimebound:GoopTackle+1","Slimebound:SplitMire+1"],"picked":"Slimebound:Schlurp","floor":22},{"not_picked":["Slimebound:SlimeSpikes","Slimebound:ForwardTackle","Slimebound:ViciousTackle"],"picked":"SKIP","floor":26},{"not_picked":["Slimebound:ComboTackle+1","Slimebound:CheckThePlaybook"],"picked":"Slimebound:Recollect","floor":27},{"not_picked":["Slimebound:FinishingTackle","Slimebound:Prepare+1"],"picked":"Slimebound:SamplingLick+1","floor":28},{"not_picked":["Slimebound:SplitLeeching","Slimebound:HauntingLick"],"picked":"Slimebound:SlimeSpikes+1","floor":29},{"not_picked":["Slimebound:SlimeBarrage+1","Slimebound:RollThrough"],"picked":"Slimebound:OozeBath","floor":30},{"not_picked":["Slimebound:TongueLash+1","Slimebound:LeadByExample","Slimebound:LivingWall"],"picked":"SKIP","floor":32},{"not_picked":["Slimebound:LeechLife","Slimebound:Recycling"],"picked":"Slimebound:Overexert","floor":33},{"not_picked":["Slimebound:SlimeTap","Slimebound:TongueLash"],"picked":"Slimebound:SlimeBrawl+1","floor":36},{"not_picked":["Slimebound:RollThrough+1","Slimebound:SplitLeeching","Slimebound:FormOfPuddle"],"picked":"SKIP","floor":37},{"not_picked":["Slimebound:Replication","Slimebound:Chomp","Slimebound:ComboTackle"],"picked":"SKIP","floor":38},{"not_picked":["expansioncontent:InvincibleStrength","expansioncontent:DecaShield"],"picked":"expansioncontent:AwakenDeath","floor":39},{"not_picked":["Slimebound:TagTeam","Slimebound:Nibble","Slimebound:FinishingTackle"],"picked":"SKIP","floor":40},{"not_picked":["Slimebound:MegaLick+1","Slimebound:GoopTackle+1","Slimebound:SplitMire+1"],"picked":"SKIP","floor":44},{"not_picked":["Slimebound:Repurpose+1","Slimebound:BestDefense"],"picked":"Slimebound:RainOfGoop+1","floor":45},{"not_picked":["Slimebound:BestDefense","Slimebound:SamplingLick+1"],"picked":"Slimebound:PressTheAttack+1","floor":46},{"not_picked":["Slimebound:SplitMire+1","Slimebound:FinishingTackle","Slimebound:SplitLeeching+1"],"picked":"SKIP","floor":48},{"not_picked":["Slimebound:AcidTongue+1","Slimebound:GoopTackle","Slimebound:ViciousTackle"],"picked":"SKIP","floor":49}],"player_experience":354825,"relics_obtained":[{"floor":6,"key":"Dream Catcher"},{"floor":7,"key":"Blue Candle"},{"floor":12,"key":"Oddly Smooth Stone"},{"floor":17,"key":"War Paint"},{"floor":17,"key":"The Courier"},{"floor":17,"key":"StoneCalendar"},{"floor":24,"key":"Vajra"},{"floor":28,"key":"Slimebound:MaxSlimesRelic"},{"floor":30,"key":"Ginger"},{"floor":41,"key":"Toxic Egg 2"},{"floor":43,"key":"Lizard Tail"}],"event_choices":[{"cards_removed":["Slimebound:Defend_Slimebound"],"damage_healed":0,"gold_gain":0,"player_choice":"Removed Skill","damage_taken":0,"max_hp_gain":0,"max_hp_loss":0,"event_name":"Falling","floor":42,"gold_loss":0},{"damage_healed":0,"gold_gain":0,"player_choice":"Fight","damage_taken":0,"max_hp_gain":0,"max_hp_loss":0,"event_name":"Mysterious Sphere","floor":43,"gold_loss":0}],"is_beta":true,"boss_relics":[{"not_picked":["Pandora\u0027s Box","Slimebound:TarBlob"],"picked":"Calling Bell"},{"not_picked":["Cursed Key","Black Star"],"picked":"Sozu"}],"items_purged_floors":[13,45],"is_endless":false,"potions_floor_spawned":[6,14,15,16,19,22,28,30,33,36,38,43,46,49],"killed_by":"DF_ARCHETYPE_ORBS","ascension_level":0}}