{"host":"39erygfi9n0tobyn","time":1611968288,"event":{"mods":["2.2 Compatiblity","BaseMod","Bestiary","Colored Map","Colored Powertips","Curses Come First","Highlight Path","Keyboard Shortcuts","Minty Spire (QoL Compilation)","Relic Stats","StSLib","SuperFastMode"],"gold_per_floor":[115,190,190,155,155,155,187,187,187,200,220,238,238,267,267,366,366,378,44,57,73,83,114,114,114,139,172,191,191,203,203,203,298,298,313,663,675,0,0,0],"floor_reached":39,"language":"ENG","playtime":1502,"items_purged":["Defend_B","Pain"],"score":454,"play_id":"5d2e9aab-7bda-45de-8d98-b77577eedef4","local_time":"20210129215808","is_ascension_mode":false,"campfire_choices":[{"data":"Sweeping Beam","floor":6,"key":"SMITH"},{"data":"Dualcast","floor":8,"key":"SMITH"},{"data":"Loop","floor":13,"key":"SMITH"},{"floor":15,"key":"REST"},{"floor":24,"key":"REST"},{"floor":32,"key":"REST"}],"circlet_count":0,"master_deck":["Strike_B","Strike_B+1","Strike_B+1","Defend_B","Defend_B","Defend_B","Zap","Dualcast+1","Sweeping Beam+1","Genetic Algorithm+1","Skim+1","Seek+1","Loop+1","Conserve Battery+1","Rainbow+1","Stack+1","Chaos+1","Hologram+1","Self Repair+1","Capacitor","Darkness+1","Redo+1","Biased Cognition","Barrage+1","Tempest+1","RitualDagger","Buffer","Static Discharge","Reprogram+1","Beam Cell+1","Apotheosis+1","All For One","FTL"],"relics":["Cracked Core","NeowsBlessing","Toxic Egg 2","Boot","Matryoshka","Question Card","Philosopher\u0027s Stone","Nunchaku","Bronze Scales","MutagenicStrength","Blue Candle","Whetstone","Darkstone Periapt","WarpedTongs","Snecko Eye","Old Coin","Kunai"],"acts_visited":["Exordium","TheCity","TheBeyond"],"potions_floor_usage":[14,16,23,33],"damage_taken":[{"damage":0,"enemies":"2 Louse","floor":1,"turns":1},{"damage":0,"enemies":"Lagavulin","floor":7,"turns":1},{"damage":0,"enemies":"Small Slimes","floor":10,"turns":1},{"damage":0,"enemies":"Cultist","floor":11,"turns":3},{"damage":0,"enemies":"2 Fungi Beasts","floor":12,"turns":2},{"damage":40,"enemies":"Gremlin Nob","floor":14,"turns":5},{"damage":42,"enemies":"Slime Boss","floor":16,"turns":9},{"damage":10,"enemies":"Spheric Guardian","floor":18,"turns":4},{"damage":18,"enemies":"3 Byrds","floor":20,"turns":4},{"damage":7,"enemies":"Cultist and Chosen","floor":21,"turns":6},{"damage":25,"enemies":"Snecko","floor":22,"turns":6},{"damage":27,"enemies":"Book of Stabbing","floor":23,"turns":6},{"damage":22,"enemies":"Slavers","floor":27,"turns":5},{"damage":14,"enemies":"Shelled Parasite and Fungi","floor":28,"turns":5},{"damage":2,"enemies":"Centurion and Healer","floor":30,"turns":7},{"damage":28,"enemies":"Collector","floor":33,"turns":7},{"damage":31,"enemies":"3 Darklings","floor":35,"turns":5},{"damage":1,"enemies":"Mind Bloom Boss Battle","floor":36,"turns":4},{"damage":9,"enemies":"3 Shapes","floor":37,"turns":5},{"damage":70,"enemies":"Spire Growth","floor":39,"turns":6}],"seed_played":"-6232699480973487458","potions_obtained":[{"floor":7,"key":"Dexterity Potion"},{"floor":10,"key":"SpeedPotion"},{"floor":12,"key":"Strength Potion"},{"floor":22,"key":"Weak Potion"},{"floor":23,"key":"FearPotion"},{"floor":28,"key":"PotionOfCapacity"},{"floor":35,"key":"Energy Potion"}],"is_trial":false,"path_per_floor":["M","?","?","?","?","R","E","R","T","M","M","M","R","E","R","B",null,"M","$","M","M","M","E","R","?","T","E","M","?","M","?","R","B",null,"M","?","M","$","M"],"character_chosen":"DEFECT","items_purchased":["Nunchaku","Chaos+1","Hologram+1","Kunai","Apotheosis+1","All For One","FTL"],"campfire_rested":3,"item_purchase_floors":[19,19,19,38,38,38,38],"current_hp_per_floor":[75,64,57,75,75,75,75,75,75,75,75,75,75,35,57,15,75,65,65,47,50,35,18,40,40,40,28,24,30,38,32,56,38,81,60,59,50,50,0,0],"gold":0,"neow_bonus":"THREE_ENEMY_KILL","is_daily":false,"chose_seed":false,"campfire_upgraded":3,"win_rate":0.0,"timestamp":1611968288,"path_taken":["M","?","?","?","?","R","E","R","T","M","?","M","R","E","R","BOSS","M","$","M","M","M","E","R","?","T","E","M","?","?","?","R","BOSS","M","?","M","$","M"],"items_purchased_type":["Relic","Card","Card","Relic","Card","Card","Card"],"build_version":"2020-12-22","purchased_purges":2,"victory":false,"max_hp_per_floor":[75,75,75,75,75,75,75,75,75,75,75,75,75,75,75,75,75,75,75,75,75,75,75,75,75,75,75,75,81,81,81,81,81,81,81,81,81,81,81,81],"relic_stats":{"Darkstone Periapt":6,"Nunchaku":[5],"counters":[20,90],"Bronze Scales":[110],"Blue Candle":[5],"Snecko Eye":[32,26,31,38],"Whetstone":["Strike_B","Strike_B"],"Kunai":[0],"Boot":[14],"Question Card":13,"obtain_stats":[{"Darkstone Periapt":27,"NeowsBlessing":0,"Blue Candle":26,"Whetstone":26,"Boot":7,"Question Card":14,"WarpedTongs":29,"Old Coin":36,"Nunchaku":19,"Matryoshka":9,"Bronze Scales":23,"MutagenicStrength":25,"Snecko Eye":34,"Philosopher\u0027s Stone":17,"Kunai":38,"Toxic Egg 2":3,"Cracked Core":0},{"Darkstone Periapt":13,"NeowsBlessing":0,"Blue Candle":12,"Whetstone":12,"Boot":2,"Question Card":6,"WarpedTongs":14,"Old Coin":18,"Nunchaku":8,"Matryoshka":2,"Bronze Scales":12,"MutagenicStrength":12,"Snecko Eye":16,"Philosopher\u0027s Stone":7,"Kunai":19,"Toxic Egg 2":1,"Cracked Core":0},{"Darkstone Periapt":52,"NeowsBlessing":0,"Blue Candle":47,"Whetstone":47,"Boot":2,"Question Card":13,"WarpedTongs":57,"Old Coin":80,"Nunchaku":25,"Matryoshka":2,"Bronze Scales":47,"MutagenicStrength":47,"Snecko Eye":71,"Philosopher\u0027s Stone":21,"Kunai":84,"Toxic Egg 2":1,"Cracked Core":0}],"WarpedTongs":[27]},"card_choices":[{"not_picked":["Redo","Heatsinks"],"picked":"Sweeping Beam","floor":1},{"not_picked":["Reinforced Body+1","Rebound"],"picked":"Genetic Algorithm+1","floor":7},{"not_picked":["Hologram+1","Go for the Eyes"],"picked":"Skim+1","floor":10},{"not_picked":["Capacitor","Sweeping Beam"],"picked":"Seek+1","floor":11},{"not_picked":["Self Repair","Ball Lightning"],"picked":"Loop","floor":12},{"not_picked":["Rebound","Stack+1"],"picked":"Conserve Battery+1","floor":14},{"not_picked":["Thunder Strike","Echo Form","Machine Learning"],"picked":"Rainbow+1","floor":16},{"not_picked":["Hologram+1","Rebound","Cold Snap+1"],"picked":"Stack+1","floor":18},{"not_picked":["FTL","Streamline","Coolheaded+1"],"picked":"Self Repair+1","floor":20},{"not_picked":["Streamline+1","Gash","Steam+1"],"picked":"Capacitor","floor":21},{"not_picked":["Steam+1","Blizzard","Conserve Battery+1"],"picked":"Darkness+1","floor":22},{"not_picked":["Sweeping Beam+1","Heatsinks+1","Storm+1"],"picked":"Redo+1","floor":23},{"not_picked":["Hologram+1","Streamline","Redo+1"],"picked":"Biased Cognition","floor":27},{"not_picked":["Cold Snap+1","Streamline+1","Coolheaded+1"],"picked":"Barrage+1","floor":28},{"not_picked":["Barrage","Blizzard","Scrape"],"picked":"Tempest+1","floor":30},{"not_picked":["Seek+1","Electrodynamics","Fission+1"],"picked":"Buffer","floor":33},{"not_picked":["Barrage","Darkness+1","Skim+1"],"picked":"Static Discharge","floor":35},{"not_picked":["White Noise+1","Skim+1","Lockon"],"picked":"Reprogram+1","floor":36},{"not_picked":["Static Discharge","Sweeping Beam+1","Undo+1"],"picked":"Beam Cell+1","floor":37}],"player_experience":53490,"relics_obtained":[{"floor":7,"key":"Boot"},{"floor":9,"key":"Matryoshka"},{"floor":14,"key":"Question Card"},{"floor":23,"key":"Bronze Scales"},{"floor":26,"key":"Blue Candle"},{"floor":26,"key":"Whetstone"},{"floor":27,"key":"Darkstone Periapt"},{"floor":36,"key":"Old Coin"}],"event_choices":[{"damage_healed":0,"gold_gain":75,"player_choice":"Gather Gold","damage_taken":11,"max_hp_gain":0,"max_hp_loss":0,"event_name":"World of Goop","floor":2,"gold_loss":0},{"damage_healed":0,"gold_gain":0,"player_choice":"Success","damage_taken":7,"relics_obtained":["Toxic Egg 2"],"max_hp_gain":0,"max_hp_loss":0,"event_name":"Scrap Ooze","floor":3,"gold_loss":0},{"damage_healed":18,"gold_gain":0,"player_choice":"Healed","damage_taken":0,"max_hp_gain":0,"max_hp_loss":0,"event_name":"The Cleric","floor":4,"gold_loss":35},{"cards_removed":["Strike_B"],"damage_healed":0,"gold_gain":0,"player_choice":"Offered Basic","damage_taken":0,"max_hp_gain":0,"max_hp_loss":0,"event_name":"Bonfire Elementals","floor":5,"gold_loss":0},{"damage_healed":0,"gold_gain":0,"player_choice":"Inject Mutagens","damage_taken":0,"relics_obtained":["MutagenicStrength"],"max_hp_gain":0,"max_hp_loss":0,"event_name":"Drug Dealer","floor":25,"gold_loss":0},{"damage_healed":0,"gold_gain":0,"player_choice":"Rummage","damage_taken":0,"relics_obtained":["WarpedTongs"],"max_hp_gain":0,"max_hp_loss":0,"event_name":"Accursed Blacksmith","floor":29,"gold_loss":0,"cards_obtained":["Pain"]},{"damage_healed":0,"gold_gain":0,"player_choice":"Joined the Cult","damage_taken":6,"max_hp_gain":0,"max_hp_loss":0,"event_name":"Nest","floor":31,"gold_loss":0,"cards_obtained":["RitualDagger"]},{"damage_healed":0,"gold_gain":0,"player_choice":"Fight","damage_taken":0,"max_hp_gain":0,"max_hp_loss":0,"event_name":"MindBloom","floor":36,"gold_loss":0}],"is_beta":false,"boss_relics":[{"not_picked":["Cursed Key","Runic Pyramid"],"picked":"Philosopher\u0027s Stone"},{"not_picked":["Coffee Dripper","Runic Dome"],"picked":"Snecko Eye"}],"items_purged_floors":[19,38],"is_endless":false,"potions_floor_spawned":[7,10,12,22,23,28,30,35],"killed_by":"Spire Growth","ascension_level":0}}