{"host":"ayh4nqhr0ddw4ozv","time":1611975975,"event":{"mods":["BaseMod","Minty Spire (QoL Compilation)","Relic Stats","Replay The Spire","Robot Space Explorer","StSLib"],"gold_per_floor":[113,128,139,149,149,176,176,205,205,225,271,214,238,281,281,380,380,428,269,269,297,327,383,383,421,474,474,523,561,561,595,595,702,702,735,789,849,849,885,885,955,1020,1020,1053,1053,1121,719,719,719,741,741,741,162,220,250,250],"floor_reached":55,"language":"ENG","playtime":3456,"items_purged":["Strike_R","Strike_R","Defend_R"],"score":2177,"play_id":"cc2eed40-a1c0-47d9-8861-f02eca3f2104","local_time":"20210129190615","is_ascension_mode":true,"campfire_choices":[{"data":"Uppercut","floor":7.0,"key":"SMITH"},{"data":"Tantrum","floor":15.0,"key":"SMITH"},{"data":"Whirlwind","floor":24.0,"key":"SMITH"},{"data":"Spot Weakness","floor":27.0,"key":"SMITH"},{"data":"Offering","floor":30.0,"key":"SMITH"},{"data":"Strike_R","floor":32.0,"key":"PURGE"},{"floor":40.0,"key":"RECALL"},{"floor":49.0,"key":"REST"},{"floor":52,"key":"REST"}],"circlet_count":0,"master_deck":["AscendersBane","Defend_R","Defend_R","Flex","Pommel Strike","Uppercut+1","Offering+1","Eruption+1","FlyingSleeves","Tantrum+1","Reaper","Eclipse","ReplayTheSpireMod:Private Reserves","Spot Weakness+1","Whirlwind+1","Exhume","CurseOfTheBell","Replay:BasicMightCard","ReplayTheSpireMod:Limb From Limb","Dropkick+1","Reaper+1","ReplayTheSpireMod:Exploit Weakness"],"relics":["Replay:M_SmolderingBlood","Bag of Preparation","Replay:Bandana","Bag of Marbles","Bottled Flame","King of Hearts","Incense Burner","Empty Cage","InkBottle","Anchor","Pondfish Scales","Replay:Grab Bag","Replay:Bronze Core","Fusion Hammer","Calling Bell","ReplayTheSpireMod:TigerMarble","Ornamental Fan","Counterbalance","Divine Protection","Molten Egg 2","PrismaticShard","Replay:Wax Seal","Chemical X","Strawberry","Chameleon Ring"],"acts_visited":["Exordium","TheCity","TheBeyond","TheEnding"],"potions_floor_usage":[55,55],"damage_taken":[{"damage":1.0,"enemies":"Cultist","floor":1.0,"turns":3.0},{"damage":1.0,"enemies":"Small Slimes","floor":2.0,"turns":4.0},{"damage":2.0,"enemies":"Jaw Worm","floor":3.0,"turns":3.0},{"damage":12.0,"enemies":"Red Slaver","floor":4.0,"turns":5.0},{"damage":34.0,"enemies":"3 Sentries","floor":6.0,"turns":6.0},{"damage":6.0,"enemies":"Gremlin Nob","floor":8.0,"turns":2.0},{"damage":0.0,"enemies":"Blue Slaver","floor":10.0,"turns":1.0},{"damage":6.0,"enemies":"Lagavulin","floor":11.0,"turns":2.0},{"damage":0.0,"enemies":"2 Fungi Beasts","floor":13.0,"turns":1.0},{"damage":6.0,"enemies":"Gremlin Nob","floor":14.0,"turns":2.0},{"damage":0.0,"enemies":"Slime Boss","floor":16.0,"turns":2.0},{"damage":6.0,"enemies":"3 Byrds","floor":18.0,"turns":3.0},{"damage":0.0,"enemies":"2 Thieves","floor":21.0,"turns":1.0},{"damage":6.0,"enemies":"Cultist and Chosen","floor":22.0,"turns":3.0},{"damage":6.0,"enemies":"Gremlin Leader","floor":23.0,"turns":3.0},{"damage":34.0,"enemies":"Shelled Parasite and Fungi","floor":25.0,"turns":4.0},{"damage":6.0,"enemies":"Replay:Snechameleon","floor":28.0,"turns":1.0},{"damage":0.0,"enemies":"Snake Plant","floor":29.0,"turns":2.0},{"damage":6.0,"enemies":"Chosen and Byrds","floor":31.0,"turns":2.0},{"damage":24.0,"enemies":"Pondfish","floor":33.0,"turns":7.0},{"damage":0.0,"enemies":"Orb Walker","floor":35.0,"turns":1.0},{"damage":0.0,"enemies":"3 Darklings","floor":36.0,"turns":2.0},{"damage":12.0,"enemies":"Maw","floor":37.0,"turns":2.0},{"damage":6.0,"enemies":"Spire Growth","floor":39.0,"turns":2.0},{"damage":7.0,"enemies":"R_Hoarder","floor":41.0,"turns":4.0},{"damage":18.0,"enemies":"Jaw Worm Horde","floor":42.0,"turns":3.0},{"damage":0.0,"enemies":"Writhing Mass","floor":44.0,"turns":1.0},{"damage":0.0,"enemies":"Nemesis","floor":46.0,"turns":3.0},{"damage":97,"enemies":"Time Eater","floor":50,"turns":8},{"damage":0,"enemies":"Shield and Spear","floor":54,"turns":2},{"damage":130,"enemies":"The Heart","floor":55,"turns":8}],"seed_played":"7683102577279137101","potions_obtained":[{"floor":2.0,"key":"Adrenaline Potion"},{"floor":3.0,"key":"PowerPotion"},{"floor":13.0,"key":"GamblersBrew"},{"floor":29.0,"key":"Languid Potion"},{"floor":33.0,"key":"BloodPotion"}],"is_trial":false,"path_per_floor":["M","M","M","M","?","E","R","E","T","M","E","?","M","E","R","B",null,"M","$","?","M","M","E","R","M","T","R","E","M","R","M","R","B",null,"M","M","M","?","M","R","E","M","T","M","?","E","$","?","R","B",null,"R","$","E","B"],"character_chosen":"IRONCLAD","items_purchased":["ReplayTheSpireMod:Private Reserves","Dropkick+1","PrismaticShard","LiquidMemories","Replay:Wax Seal","Chemical X","Strawberry","Reaper+1"],"campfire_rested":2,"item_purchase_floors":[19,47,47,47,53,53,53,53],"current_hp_per_floor":[73,75,75,69,69,35,35,29,29,29,23,23,23,25,25,25,63,65,65,75,75,75,75,75,42,42,42,60,68,68,75,75,61,72,72,75,75,65,75,75,68,57,57,57,57,57,57,57,75,32,64,75,82,82,0,0],"gold":250,"neow_bonus":"UPGRADE_CARD","is_daily":false,"chose_seed":false,"campfire_upgraded":5,"win_rate":0.0,"timestamp":1611975975,"path_taken":["M","M","M","?","?","E","R","E","T","M","E","?","?","E","R","BOSS","M","$","?","M","M","E","R","M","T","R","E","M","R","M","R","BOSS","M","M","M","?","M","R","E","M","T","M","?","E","$","?","R","BOSS","R","$","E","BOSS"],"items_purchased_type":["Card","Card","Relic","Potion","Relic","Relic","Relic","Card"],"build_version":"2020-12-22","purchased_purges":3,"victory":false,"max_hp_per_floor":[75,75,75,75,75,75,75,75,75,75,75,75,75,75,75,75,75,75,75,75,75,75,75,75,75,75,75,75,75,75,75,75,75,75,75,75,75,75,75,75,75,75,75,75,75,75,75,75,75,75,75,75,82,82,82,82],"relic_stats":{"counters":[31,93],"Ornamental Fan":[96],"Bag of Preparation":[52],"Chemical X":[6],"obtain_stats":[{"Divine Protection":41,"King of Hearts":12,"Bag of Preparation":6,"Incense Burner":14,"Empty Cage":17,"PrismaticShard":47,"Burning Blood":0,"Replay:Bandana":8,"Chameleon Ring":54,"Replay:M_SmolderingBlood":5,"Replay:Bronze Core":34,"Strawberry":53,"Fusion Hammer":34,"Chemical X":53,"Replay:Wax Seal":53,"InkBottle":23,"Replay:Grab Bag":34,"Counterbalance":34,"Calling Bell":34,"Bottled Flame":11,"Anchor":26,"Pondfish Scales":28,"Ornamental Fan":34,"Molten Egg 2":46,"Bag of Marbles":9,"ReplayTheSpireMod:TigerMarble":34},{"Divine Protection":25,"King of Hearts":8,"Bag of Preparation":5,"Incense Burner":10,"Empty Cage":11,"PrismaticShard":28,"Burning Blood":0,"Replay:Bandana":6,"Chameleon Ring":30,"Replay:M_SmolderingBlood":4,"Replay:Bronze Core":20,"Strawberry":29,"Fusion Hammer":20,"Chemical X":29,"Replay:Wax Seal":29,"InkBottle":15,"Replay:Grab Bag":20,"Counterbalance":20,"Calling Bell":20,"Bottled Flame":8,"Anchor":16,"Pondfish Scales":17,"Ornamental Fan":20,"Molten Egg 2":28,"Bag of Marbles":6,"ReplayTheSpireMod:TigerMarble":20},{"Divine Protection":68,"King of Hearts":26,"Bag of Preparation":21,"Incense Burner":29,"Empty Cage":31,"PrismaticShard":75,"Burning Blood":0,"Replay:Bandana":23,"Chameleon Ring":85,"Replay:M_SmolderingBlood":15,"Replay:Bronze Core":57,"Strawberry":83,"Fusion Hammer":57,"Chemical X":83,"Replay:Wax Seal":83,"InkBottle":41,"Replay:Grab Bag":57,"Counterbalance":57,"Calling Bell":57,"Bottled Flame":26,"Anchor":45,"Pondfish Scales":46,"Ornamental Fan":57,"Molten Egg 2":75,"Bag of Marbles":23,"ReplayTheSpireMod:TigerMarble":57}],"InkBottle":[23]},"card_choices":[{"not_picked":["Warcry","Havoc"],"picked":"Flex","floor":1.0},{"not_picked":["True Grit","Flex"],"picked":"Pommel Strike","floor":2.0},{"not_picked":["Second Wind","Rupture"],"picked":"Uppercut","floor":3.0},{"not_picked":["Shrug It Off","Carnage"],"picked":"Offering","floor":4.0},{"not_picked":["Fire Breathing","Sever Soul"],"picked":"FlyingSleeves","floor":6.0},{"not_picked":["Combust","Cleave"],"picked":"Tantrum","floor":8.0},{"not_picked":["Swivel","Wild Strike","Warcry"],"picked":"SKIP","floor":10.0},{"not_picked":["Reckless Charge","Flex"],"picked":"Reaper","floor":11.0},{"not_picked":["Armaments","Swivel","Rampage"],"picked":"SKIP","floor":13.0},{"not_picked":["Heavy Blade","Dropkick","True Grit"],"picked":"SKIP","floor":14.0},{"not_picked":["Barricade","Corruption"],"picked":"Eclipse","floor":16.0},{"not_picked":["Blood for Blood","ReplayTheSpireMod:Strike From Hell","Perfected Strike"],"picked":"SKIP","floor":18.0},{"not_picked":["Searing Blow","Anger","ReplayTheSpireMod:LeadingStrike"],"picked":"SKIP","floor":21.0},{"not_picked":["ReplayTheSpireMod:Strike From Hell","Wild Strike"],"picked":"Spot Weakness","floor":22.0},{"not_picked":["Rage","Havoc"],"picked":"Whirlwind","floor":23.0},{"not_picked":["Thunderclap","Massacre","Twin Strike"],"picked":"SKIP","floor":25.0},{"not_picked":["Clothesline","Shockwave","Headbutt+1"],"picked":"SKIP","floor":28.0},{"not_picked":["Evolve","Pommel Strike","Replay:Undeath\u0027s Touch"],"picked":"SKIP","floor":29.0},{"not_picked":["Sword Boomerang","Barricade","Cleave"],"picked":"SKIP","floor":31.0},{"not_picked":["Fiend Fire","Berserk"],"picked":"Exhume","floor":33.0},{"not_picked":["Hemokinesis","Sever Soul+1","Armaments"],"picked":"SKIP","floor":35.0},{"not_picked":["Sword Boomerang","Wild Strike","Power Through"],"picked":"SKIP","floor":36.0},{"not_picked":["Perfected Strike","Sword Boomerang","Anger"],"picked":"SKIP","floor":37.0},{"not_picked":["Enlightenment","Blind"],"picked":"Replay:BasicMightCard","floor":38.0},{"not_picked":["Clash+1","Sword Boomerang","Fire Breathing"],"picked":"SKIP","floor":39.0},{"not_picked":["Clash+1","Sword Boomerang","Fire Breathing"],"picked":"SKIP","floor":39.0},{"not_picked":["Clash+1","Sword Boomerang","Fire Breathing"],"picked":"SKIP","floor":39.0},{"not_picked":["Eclipse","Evolve","Searing Blow"],"picked":"SKIP","floor":41.0},{"not_picked":["Thunderclap","Headbutt"],"picked":"ReplayTheSpireMod:Limb From Limb","floor":42.0},{"not_picked":["Clash","ReplayTheSpireMod:Strike From Hell","Clothesline"],"picked":"SKIP","floor":44.0},{"not_picked":["Iron Wave+1","Replay:Many Hands","Demonic Infusion"],"picked":"SKIP","floor":46.0},{"not_picked":["Prepared","ReplayTheSpireMod:Reroute Power+1"],"picked":"ReplayTheSpireMod:Exploit Weakness","floor":54}],"player_experience":396993,"relics_obtained":[{"floor":6.0,"key":"Bag of Preparation"},{"floor":8.0,"key":"Replay:Bandana"},{"floor":9.0,"key":"Bag of Marbles"},{"floor":11.0,"key":"Bottled Flame"},{"floor":14.0,"key":"Incense Burner"},{"floor":23.0,"key":"InkBottle"},{"floor":26.0,"key":"Anchor"},{"floor":28.0,"key":"Pondfish Scales"},{"floor":34.0,"key":"ReplayTheSpireMod:TigerMarble"},{"floor":34.0,"key":"Ornamental Fan"},{"floor":34.0,"key":"Counterbalance"},{"floor":41.0,"key":"Divine Protection"},{"floor":46.0,"key":"Molten Egg 2"},{"floor":54,"key":"Chameleon Ring"}],"event_choices":[{"damage_healed":0.0,"max_hp_gain":0.0,"max_hp_loss":0.0,"gold_gain":0.0,"event_name":"WeMeetAgain","player_choice":"Paid Gold","floor":12.0,"gold_loss":57.0,"damage_taken":0.0,"relics_obtained":["King of Hearts"]},{"damage_healed":10.0,"max_hp_gain":0.0,"max_hp_loss":0.0,"gold_gain":0.0,"event_name":"Wheel of Change","player_choice":"Full Heal","floor":20.0,"gold_loss":0.0,"damage_taken":0.0},{"damage_healed":0.0,"max_hp_gain":0.0,"max_hp_loss":0.0,"gold_gain":0.0,"event_name":"SensoryStone","player_choice":"Memory 3","floor":38.0,"gold_loss":0.0,"damage_taken":10.0},{"cards_removed":["Defend_R"],"damage_healed":0.0,"max_hp_gain":0.0,"max_hp_loss":0.0,"gold_gain":0.0,"event_name":"Falling","player_choice":"Removed Skill","floor":45.0,"gold_loss":0.0,"damage_taken":0.0},{"damage_healed":0.0,"max_hp_gain":0.0,"max_hp_loss":0.0,"gold_gain":0.0,"event_name":"Tomb of Lord Red Mask","player_choice":"Ignored","floor":48.0,"gold_loss":0.0,"damage_taken":0.0}],"is_beta":false,"boss_relics":[{"not_picked":["Astrolabe","ReplayTheSpireMod:DimensionalGlitch"],"picked":"Empty Cage"},{"not_picked":["Cursed Key","Replay:Drink Me"],"picked":"Replay:Grab Bag"},{"not_picked":["Philosopher\u0027s Stone","ReplayTheSpireMod:Onyx Gauntlets"],"picked":"Replay:Bronze Core"},{"not_picked":["Velvet Choker","Ooze Armor"],"picked":"Fusion Hammer"},{"not_picked":["Ring of Chaos","Snecko Heart"],"picked":"Calling Bell"}],"items_purged_floors":[19,47,53],"is_endless":false,"potions_floor_spawned":[2,3,13,14,16,18,23,29,31,33,35,42],"killed_by":"The Heart","ascension_level":15}}