{"host":"g8iwl4xt8d9tko0g","time":1611982240,"event":{"mods":["AchievementEnabler","Bartender","BaseMod","Better Match","Better Sensory Stone","Better Skull","Block Reminder","Colored Map","Colored Powertips","Downfall","Energized Spire","Evolution","Googly Eyes","Halation","Highlight Path","Hubris","LagranYue(???·?)","Luminous","Magitek Elite","Marisa????????","Melee Mod","Minty Spire (QoL Compilation)","Reliquary","Replay The Spire","Shop Mod","Spire Arcade","StSLib","SuperFastMode","The Alterego","The Animator","The Bladedancer","The Marked","The Mystic","The Servant 0.9.4","The Wild Card","Transform Curses","Uncapped","everything is the same but u backflip on backflip"],"gold_per_floor":[126,126,146,161,236,236,6,6,6,6,6,6,21,48,48,58,58,155,155,135,60,74,74,116,147,147,161,161,178,178,193,193,212,212,307,432,450,450,468,468,468,468,488,508,560,460,460,476,487,506,506,506],"floor_reached":53,"language":"ENG","playtime":3846,"items_purged":["animator:UneriGinkaku","animator:Konayuki"],"score":500,"play_id":"0b76e823-f4c5-4372-ade0-e5c133de86e5","local_time":"20210129205040","is_ascension_mode":false,"campfire_choices":[{"floor":6,"key":"REST"},{"data":"animator:Alexander","floor":8,"key":"SMITH"},{"data":"animator:Caster","floor":10,"key":"SMITH"},{"data":"animator:Rider","floor":17,"key":"SMITH"},{"floor":26,"key":"REST"},{"floor":32,"key":"REST"},{"floor":34,"key":"REST"},{"data":"Pot Of Greed","floor":42,"key":"SMITH"},{"floor":51,"key":"REST"}],"circlet_count":0,"master_deck":["animator:UneriGinkaku","animator:DolaCouronne","animator:Shuna","animator:Shuna","animator:Alexander+1","animator:Rider+1","animator:Caster+1","theWildCard:Loki","animator:Berserker","animator:ShinjiMatou","animator:Saber","animator:Lancer","Pot Of Greed+1","Pot Of Greed","AbeCurse","animator:Gilgamesh+3","Wraith","animator:EmiyaShirou"],"relics":["animator:LivingPicture","animator:TheMissingPiece","EVO:Axolotl","LagranYue:RandomDrawCardRelic","TheAbacus","animator:HallowedScabbard","Velvet Choker","Bronze Scales","Grinning Jar","MutagenicStrength","Replay:Wanted Poster","Red Skull"],"acts_visited":["Exordium","TheCity","TheBeyond"],"potions_floor_usage":[18,25,33,35,35,52],"damage_taken":[{"damage":0,"enemies":"Jaw Worm","floor":1,"turns":3},{"damage":0,"enemies":"Small Slimes","floor":3,"turns":2},{"damage":0,"enemies":"Cultist","floor":4,"turns":3},{"damage":0,"enemies":"Exordium Wildlife","floor":13,"turns":4},{"damage":0,"enemies":"2 Fungi Beasts","floor":14,"turns":3},{"damage":0,"enemies":"Looter","floor":16,"turns":3},{"damage":17,"enemies":"Hexaghost","floor":18,"turns":10},{"damage":8,"enemies":"2 Thieves","floor":20,"turns":4},{"damage":0,"enemies":"Spheric Guardian","floor":22,"turns":3},{"damage":0,"enemies":"Cultist and Chosen","floor":24,"turns":5},{"damage":14,"enemies":"Slavers","floor":25,"turns":5},{"damage":8,"enemies":"Centurion and Healer","floor":27,"turns":5},{"damage":9,"enemies":"Chosen and Byrds","floor":29,"turns":3},{"damage":12,"enemies":"Shelled Parasite and Fungi","floor":31,"turns":3},{"damage":11,"enemies":"Snake Plant","floor":33,"turns":2},{"damage":0,"enemies":"Pondfish","floor":35,"turns":11},{"damage":9,"enemies":"Orb Walker","floor":37,"turns":3},{"damage":22,"enemies":"3 Darklings","floor":39,"turns":4},{"damage":8,"enemies":"4 Shapes","floor":43,"turns":5},{"damage":23,"enemies":"Writhing Mass","floor":44,"turns":3},{"damage":21,"enemies":"Jaw Worm Horde","floor":48,"turns":5},{"damage":14,"enemies":"3 Darklings","floor":49,"turns":4},{"damage":16,"enemies":"4 Shapes","floor":50,"turns":4},{"damage":40,"enemies":"Donu and Deca","floor":52,"turns":8}],"seed_played":"3631117043403370525","potions_obtained":[{"floor":14,"key":"Weak Potion"},{"floor":18,"key":"Weak Potion"},{"floor":29,"key":"SpeedPotion"},{"floor":31,"key":"LiquidBronze"},{"floor":33,"key":"SpeedPotion"},{"floor":49,"key":"BlessingOfTheForge"}],"is_trial":false,"path_per_floor":["M","?","M","M","?","R","$","R","T","R","PTL","PTL","M","M","?","M","R","B",null,"M","?","M","?","M","E","R","M","T","M","?","M","R","M","R","B",null,"M","?","M","?","?","R","M","M","T","$","?","M","M","M","R","B",null],"character_chosen":"THE_ANIMATOR","items_purchased":["TheAbacus"],"campfire_rested":5,"item_purchase_floors":[7],"current_hp_per_floor":[68,68,68,68,57,68,68,68,68,68,68,68,69,69,69,69,69,53,70,62,62,62,49,49,44,66,58,58,49,49,37,59,48,70,72,77,68,68,50,50,50,50,42,26,26,26,67,55,41,32,52,22],"gold":506,"neow_bonus":"REMOVE_CARD","is_daily":false,"chose_seed":false,"campfire_upgraded":4,"win_rate":0.0,"timestamp":1611982240,"path_taken":["M","?","M","M","?","R","$","R","T","R","PTL","PTL","M","M","?","?","R","BOSS","M","?","M","?","?","E","R","M","T","M","?","M","R","M","R","BOSS","M","?","M","?","?","R","?","M","T","$","?","M","M","M","R","BOSS"],"items_purchased_type":["Relic"],"build_version":"2020-12-22","purchased_purges":2,"victory":true,"max_hp_per_floor":[68,68,68,68,68,68,68,68,68,68,68,68,69,69,69,69,69,70,70,70,70,70,75,75,75,75,75,75,75,75,75,75,75,75,77,77,77,77,77,77,77,77,77,77,77,77,67,67,67,67,67,67],"card_choices":[{"not_picked":["animator:YunYun","animator:Tyuule"],"picked":"animator:Caster","floor":1},{"not_picked":["animator:Mitsurugi","animator:MetalKnight","animator:Hitei"],"picked":"SKIP","floor":3},{"not_picked":["animator:GuildGirl","animator:UneriGinkaku","animator:RoryMercury"],"picked":"SKIP","floor":4},{"not_picked":["animator:Alexander","animator:RinTohsaka"],"picked":"animator:Berserker","floor":13},{"not_picked":["animator:Mitsurugi","animator:IrohaTamaki"],"picked":"animator:ShinjiMatou","floor":14},{"not_picked":["animator:Illya","animator:SakuraMatou","animator:SayakaMiki"],"picked":"SKIP","floor":16},{"not_picked":["animator:Hans","animator:HigakiRinne"],"picked":"animator:Saber","floor":18},{"not_picked":["animator:Melzalgald","animator:MamiTomoe","animator:CowGirl"],"picked":"SKIP","floor":20},{"not_picked":["animator:OrikoMikuni","animator:Megumin+1"],"picked":"animator:Lancer","floor":24},{"not_picked":["animator:IrohaTamaki","animator:Kuribayashi","animator:GoblinSlayer"],"picked":"SKIP","floor":25},{"not_picked":["animator:SilverFang","animator:LeleiLaLalena","animator:Arpeggio"],"picked":"SKIP","floor":27},{"not_picked":["animator:Lancer","animator:YunYun+1","animator:Priestess"],"picked":"SKIP","floor":31},{"not_picked":["animator:DwarfShaman","animator:Arpeggio","animator:Illya"],"picked":"SKIP","floor":33},{"not_picked":["animator:SwordMaiden","animator:Biyorigo"],"picked":"animator:Gilgamesh","floor":35},{"not_picked":["animator:Genos","animator:YuiTsuruno","animator:LizardPriest"],"picked":"SKIP","floor":37},{"not_picked":["animator:MetalKnight+1","animator:YaoHaDucy","animator:TukaLunaMarceau"],"picked":"SKIP","floor":43},{"not_picked":["animator:TukaLunaMarceau+1","animator:GuildGirl","animator:Saitama"],"picked":"SKIP","floor":44},{"not_picked":["animator:IrohaTamaki","animator:Alexander+1","animator:Vanir+1"],"picked":"SKIP","floor":48},{"not_picked":["animator:Berserker","animator:Saber"],"picked":"animator:EmiyaShirou","floor":49},{"not_picked":["animator:Alexander","animator:DwarfShaman+1","animator:Geryuganshoop+1"],"picked":"SKIP","floor":50}],"player_experience":227274,"relics_obtained":[{"floor":9,"key":"animator:HallowedScabbard"},{"floor":25,"key":"Bronze Scales"},{"floor":28,"key":"Grinning Jar"},{"floor":45,"key":"Red Skull"}],"event_choices":[{"damage_healed":0,"gold_gain":75,"player_choice":"Gather Gold","damage_taken":11,"max_hp_gain":0,"max_hp_loss":0,"event_name":"World of Goop","floor":5,"gold_loss":0},{"damage_healed":0,"gold_gain":0,"cards_transformed":["animator:Genos"],"player_choice":"Transformed","damage_taken":0,"max_hp_gain":0,"max_hp_loss":0,"event_name":"Transmorgrifier","floor":15,"gold_loss":0,"cards_obtained":["animator:Konayuki"]},{"cards_removed":["animator:DolaCouronne"],"damage_healed":0,"gold_gain":0,"player_choice":"Gave Gold","damage_taken":0,"max_hp_gain":0,"max_hp_loss":0,"event_name":"Beggar","floor":21,"gold_loss":75},{"damage_healed":0,"gold_gain":0,"player_choice":"Shed Blood","damage_taken":18,"max_hp_gain":5,"max_hp_loss":0,"event_name":"Forgotten Altar","floor":23,"gold_loss":0},{"damage_healed":0,"gold_gain":0,"player_choice":"Inject Mutagens","damage_taken":0,"relics_obtained":["MutagenicStrength"],"max_hp_gain":0,"max_hp_loss":0,"event_name":"Drug Dealer","floor":30,"gold_loss":0},{"damage_healed":0,"gold_gain":0,"player_choice":"Ignored","damage_taken":0,"max_hp_gain":0,"max_hp_loss":0,"event_name":"OrinTheCat","floor":41,"gold_loss":0},{"damage_healed":67,"gold_gain":0,"player_choice":"Heal","damage_taken":0,"max_hp_gain":0,"max_hp_loss":10,"event_name":"The Moai Head","floor":47,"gold_loss":0}],"is_beta":false,"boss_relics":[{"not_picked":["Ring of Chaos","halation:HeavySnake"],"picked":"Velvet Choker"},{"not_picked":["bronze:MakeshiftBattery","ReplayTheSpireMod:DimensionalGlitch"],"picked":"Replay:Wanted Poster"}],"items_purged_floors":[7,46],"is_endless":false,"potions_floor_spawned":[1,14,18,29,31,33,37,43,49],"ascension_level":0}}