{"host":"oigynbtg272c19pw","time":1611997256,"event":{"mods":["BaseMod","Colored Map","Minty Spire (QoL Compilation)","Relic Stats","Slay the Relics Exporter","StSLib"],"gold_per_floor":[109,32,182,232,242,277,59,88,88,101,101,433,404,420,420,420,420],"floor_reached":16,"playtime":597,"items_purged":["Doubt"],"score":290,"play_id":"9293a834-1caa-48e1-b210-9dead60cdef5","local_time":"20210130100056","is_ascension_mode":true,"campfire_choices":[{"data":"Perfected Strike","floor":11,"key":"SMITH"},{"data":"Feel No Pain","floor":15,"key":"SMITH"}],"circlet_count":0,"master_deck":["AscendersBane","Strike_R","Strike_R","Strike_R","Strike_R","Strike_R","Defend_R","Defend_R","Defend_R","Defend_R","Bash","Flame Barrier","Shockwave","Perfected Strike+1","Anger","Second Wind","Shrug It Off","Shockwave","Feel No Pain+1","Pummel","Shrug It Off","Corruption"],"relics":["Burning Blood","NeowsBlessing","TungstenRod","Akabeko","Meat on the Bone","Old Coin"],"acts_visited":["Exordium"],"potions_floor_usage":[16],"damage_taken":[{"damage":0,"enemies":"Jaw Worm","floor":1,"turns":1},{"damage":0,"enemies":"Small Slimes","floor":5,"turns":1},{"damage":0,"enemies":"Gremlin Nob","floor":6,"turns":1},{"damage":24,"enemies":"Lagavulin","floor":8,"turns":8},{"damage":5,"enemies":"Cultist","floor":10,"turns":4},{"damage":39,"enemies":"Gremlin Nob","floor":12,"turns":5},{"damage":7,"enemies":"Exordium Thugs","floor":13,"turns":4},{"damage":5,"enemies":"Looter","floor":14,"turns":3},{"damage":79,"enemies":"Slime Boss","floor":16,"turns":11}],"seed_played":"-5912482896220758062","potions_obtained":[{"floor":1,"key":"ElixirPotion"},{"floor":10,"key":"SpeedPotion"},{"floor":14,"key":"FairyPotion"}],"is_trial":false,"path_per_floor":["M","$","?","?","M","E","$","E","T","M","R","E","M","M","R","B"],"character_chosen":"IRONCLAD","items_purchased":["Shockwave","Second Wind","Shrug It Off"],"campfire_rested":0,"item_purchase_floors":[2,7,7],"current_hp_per_floor":[74,74,74,74,75,75,75,57,57,58,58,37,48,49,49,0,0],"gold":420,"neow_bonus":"THREE_ENEMY_KILL","is_daily":false,"chose_seed":false,"campfire_upgraded":2,"win_rate":0.0,"timestamp":1611997256,"path_taken":["M","$","?","?","?","E","$","E","T","M","R","E","M","M","R","BOSS"],"items_purchased_type":["Card","Card","Card"],"build_version":"2020-12-13","purchased_purges":1,"victory":false,"max_hp_per_floor":[75,75,75,75,75,75,75,75,75,75,75,75,75,75,75,75,75],"relic_stats":{"counters":[9,38],"obtain_stats":[{"NeowsBlessing":0,"Burning Blood":0,"TungstenRod":6,"Akabeko":8,"Meat on the Bone":9,"Old Coin":12},{"NeowsBlessing":0,"Burning Blood":0,"TungstenRod":3,"Akabeko":4,"Meat on the Bone":4,"Old Coin":6},{"NeowsBlessing":0,"Burning Blood":0,"TungstenRod":3,"Akabeko":11,"Meat on the Bone":11,"Old Coin":20}],"Burning Blood":37,"TungstenRod":17,"Meat on the Bone":24},"card_choices":[{"not_picked":["Heavy Blade","Havoc"],"picked":"Flame Barrier","floor":1},{"not_picked":["Hemokinesis","Thunderclap"],"picked":"Perfected Strike","floor":5},{"not_picked":["Hemokinesis","Sentinel"],"picked":"Anger","floor":6},{"not_picked":["Clothesline","Sword Boomerang"],"picked":"Shockwave","floor":8},{"not_picked":["Perfected Strike","Wild Strike"],"picked":"Feel No Pain","floor":10},{"not_picked":["Limit Break","Warcry"],"picked":"Pummel","floor":12},{"not_picked":["Hemokinesis","Wild Strike"],"picked":"Shrug It Off","floor":13},{"not_picked":["Body Slam","Rage"],"picked":"Corruption","floor":14}],"player_experience":1506585,"relics_obtained":[{"floor":6,"key":"TungstenRod"},{"floor":8,"key":"Akabeko"},{"floor":9,"key":"Meat on the Bone"},{"floor":12,"key":"Old Coin"}],"event_choices":[{"damage_healed":0,"gold_gain":150,"player_choice":"AGREE","damage_taken":0,"max_hp_gain":0,"max_hp_loss":0,"event_name":"Liars Game","floor":3,"gold_loss":0,"cards_obtained":["Doubt"]},{"damage_healed":0,"gold_gain":50,"player_choice":"Pray","damage_taken":0,"max_hp_gain":0,"max_hp_loss":0,"event_name":"Golden Shrine","floor":4,"gold_loss":0}],"is_beta":false,"boss_relics":[],"items_purged_floors":[7],"is_endless":false,"potions_floor_spawned":[1,10,14],"killed_by":"Slime Boss","ascension_level":20}}