{"host":"tzwuiju9jhaz8xpk","time":1611973613,"event":{"mods":["AchievementEnabler","Act Like it!","Ascension Unlocker","BaseMod","Bestiary","Better Altar","Better Match","Better Note","Better Sensory Stone","Better Vampires","Better-Laid Plans","Challenge The Spire","ChefMod","Dio Mod","Displayed Cursed Tome","Dota2Spire","Ekko","Elementarium","GungeonMod","Hallownest","JesterMod","Lobotomy","Minty Spire (QoL Compilation)","Permanent Neow","Pikachu Mod","QueenMod","Quick Restart","RNG Fix","Relic Stats","Replay The Spire","Reworked Bosses","Robot Space Explorer","Spicy Shops","StSLib","TestMod","The Blue Laboratory","The Bug Knight","The Forsaken","The Marked","TheWitcher","Uncapped","Waifu the Spire","????","????"],"gold_per_floor":[111,111,111,111,130,130,21,37,37,52,78,78],"floor_reached":11,"language":"ENG","playtime":318,"items_purged":[],"score":98,"play_id":"9da7df37-63b7-4467-8670-6d09c5d5a1d7","local_time":"20210129212653","is_ascension_mode":false,"campfire_choices":[{"floor":6,"key":"REST"}],"circlet_count":0,"master_deck":["PlaceholderMod:BaseStrike","PlaceholderMod:BaseStrike","PlaceholderMod:BaseStrike","PlaceholderMod:BaseStrike","PlaceholderMod:BaseStrike","PlaceholderMod:BaseDefend","PlaceholderMod:BaseDefend","PlaceholderMod:BaseDefend","PlaceholderMod:BaseDefend","PlaceholderMod:BaseDefend","PlaceholderMod:Crystal","PlaceholderMod:PoisonWhip","PlaceholderMod:ProliferateStrike","PlaceholderMod:CycleAttack","PlaceholderMod:ProliferateStrike","PlaceholderMod:Internalization","PlaceholderMod:Internalization","PlaceholderMod:SprayAttack","PlaceholderMod:PoisonAbsorb"],"relics":["PlaceholderMod:Tancle","testmod-TestBox","testmod-ObsoleteBoomerang","Dota2Spire:AssaultCuirass","DemoMod:GlassGuonStoneRelic","PreservedInsect","Letter Opener","Dota2Spire:LotusOrb"],"acts_visited":["Exordium"],"potions_floor_usage":[11],"damage_taken":[{"damage":3,"enemies":"Small Slimes","floor":1,"turns":3},{"damage":0,"enemies":"2 Louse","floor":5,"turns":2},{"damage":0,"enemies":"Jaw Worm","floor":8,"turns":2},{"damage":0,"enemies":"Red Slaver","floor":10,"turns":2},{"damage":0,"enemies":"Gremlin Nob","floor":11,"turns":2}],"seed_played":"3368458503677379412","potions_obtained":[{"floor":8,"key":"SteroidPotion"},{"floor":10,"key":"blueLaboratory:FruitPunch"}],"is_trial":false,"path_per_floor":["M","?","?","?","M","R","$","M","T","M","E"],"character_chosen":"THE_PLACEHOLDER","items_purchased":["PlaceholderMod:ProliferateStrike","PlaceholderMod:Internalization"],"campfire_rested":1,"item_purchase_floors":[7,7],"current_hp_per_floor":[54,54,42,42,42,65,65,65,65,65,67,67],"gold":78,"neow_bonus":"ONE_RARE_RELIC","is_daily":false,"chose_seed":false,"campfire_upgraded":0,"win_rate":0.0,"timestamp":1611973613,"path_taken":["M","?","?","?","M","R","$","?","T","M","E"],"items_purchased_type":["Card","Card"],"build_version":"2020-12-22","purchased_purges":0,"victory":false,"max_hp_per_floor":[78,78,78,78,78,78,78,78,78,78,80,80],"relic_stats":{"counters":[5,11],"PreservedInsect":21,"Letter Opener":[0],"obtain_stats":[{"PlaceholderMod:Tancle":0,"testmod-TestBox":0,"testmod-ObsoleteBoomerang":0,"DemoMod:GlassGuonStoneRelic":1,"PreservedInsect":3,"Dota2Spire:AssaultCuirass":0,"Letter Opener":9,"Dota2Spire:LotusOrb":11},{"PlaceholderMod:Tancle":0,"testmod-TestBox":0,"testmod-ObsoleteBoomerang":0,"DemoMod:GlassGuonStoneRelic":1,"PreservedInsect":1,"Dota2Spire:AssaultCuirass":0,"Letter Opener":3,"Dota2Spire:LotusOrb":5},{"PlaceholderMod:Tancle":0,"testmod-TestBox":0,"testmod-ObsoleteBoomerang":0,"DemoMod:GlassGuonStoneRelic":3,"PreservedInsect":3,"Dota2Spire:AssaultCuirass":0,"Letter Opener":7,"Dota2Spire:LotusOrb":11}]},"card_choices":[{"not_picked":["PlaceholderMod:ParasiteChange","PlaceholderMod:HornyBlast"],"picked":"PlaceholderMod:ProliferateStrike","floor":1},{"not_picked":["PlaceholderMod:AttackAsDefend","PlaceholderMod:PoisonAbsorb"],"picked":"PlaceholderMod:CycleAttack","floor":5},{"not_picked":["PlaceholderMod:CycleAttack","PlaceholderMod:SeverePoisonStrike"],"picked":"PlaceholderMod:SprayAttack","floor":8},{"not_picked":["PlaceholderMod:OHStrongAttack","PlaceholderMod:SubstitutionNucleophilic1"],"picked":"PlaceholderMod:PoisonAbsorb","floor":10}],"player_experience":95698,"relics_obtained":[{"floor":9,"key":"Letter Opener"},{"floor":11,"key":"Dota2Spire:LotusOrb"}],"event_choices":[{"damage_healed":0,"gold_gain":0,"player_choice":"Ignored","damage_taken":0,"max_hp_gain":0,"max_hp_loss":0,"event_name":"Golden Idol","floor":2,"gold_loss":0},{"damage_healed":0,"gold_gain":0,"player_choice":"Success","damage_taken":12,"relics_obtained":["PreservedInsect"],"max_hp_gain":0,"max_hp_loss":0,"event_name":"Scrap Ooze","floor":3,"gold_loss":0}],"is_beta":false,"boss_relics":[],"items_purged_floors":[],"is_endless":false,"potions_floor_spawned":[8,10],"killed_by":"Gremlin Nob","ascension_level":0}}