{"host":"8g198xe1n7br41jb","time":1611968563,"event":{"mods":["BaseMod","Downfall","Minty Spire (QoL Compilation)","StSLib","SuperFastMode"],"gold_per_floor":[99,99,20,20,20,45,45,62,62,96,110,110,10,22,33,138,138,38,48,64,74,74,105,105,136,153,165,100,118,133,150,169,273,273,173,191,191,41,41,60,111,131,144,144,162,173,18,50,63,63,63,63,63,63],"floor_reached":52,"language":"ENG","playtime":4676,"items_purged":["bronze:Strike","bronze:Strike"],"score":801,"play_id":"486610bf-b51c-43bc-99a2-d528a666d8f6","local_time":"20210130020243","is_ascension_mode":true,"campfire_choices":[{"floor":1.0,"key":"RECALL"},{"data":"bronze:Format","floor":13.0,"key":"SMITH"},{"data":"bronze:Virus","floor":18.0,"key":"SMITH"},{"data":"bronze:Separator","floor":35.0,"key":"SMITH"},{"data":"expansioncontent:QuickStudy","floor":44,"key":"SMITH"}],"circlet_count":0,"master_deck":["bronze:Defend","bronze:Defend","bronze:Defend","bronze:Defend","bronze:Replicate","bronze:Goto","bronze:WhirlingStrike","bronze:Format+1","bronze:ClassDefault","bronze:Goto","Madness","bronze:Repair","bronze:Terminator","bronze:ChosenStrike","bronze:Branch","bronze:OilSpill","bronze:DelayedSlice","bronze:Virus+1","bronze:Overheat+1","bronze:Constructor","bronze:Separator+1","bronze:Invalidate","bronze:Shell","bronze:Frontload+1","bronze:Deprecate+1","bronze:OilSpill+1","bronze:Separator+1","bronze:Optimize","expansioncontent:QuickStudy+1","bronze:Boost","bronze:FollowUp","bronze:Optimize+1","Apotheosis","bronze:Overheat+1"],"relics":["bronze:BronzeCore","downfall:HeartsMalice","Potion Belt","Mercury Hourglass","Smiling Mask","The Courier","downfall:HeartBlessingRed","Sozu","downfall:HeartBlessingBlue","Centennial Puzzle","Matryoshka","Blue Candle","expansioncontent:StudyCardRelic","downfall:HeartBlessingGreen","White Beast Statue","Oddly Smooth Stone","MealTicket","Bag of Marbles"],"acts_visited":["Exordium","TheCity","TheBeyond","TheEnding"],"potions_floor_usage":[],"damage_taken":[{"damage":0.0,"enemies":"Jaw Worm","floor":2.0,"turns":1.0},{"damage":0.0,"enemies":"downfall:FleeingMerchant","floor":3.0,"turns":1.0},{"damage":0.0,"enemies":"Gremlin Nob","floor":6.0,"turns":1.0},{"damage":0.0,"enemies":"Small Slimes","floor":8.0,"turns":4.0},{"damage":17.0,"enemies":"3 Sentries","floor":10.0,"turns":5.0},{"damage":0.0,"enemies":"Cultist","floor":11.0,"turns":4.0},{"damage":2.0,"enemies":"Large Slime","floor":14.0,"turns":5.0},{"damage":0.0,"enemies":"Exordium Wildlife","floor":15.0,"turns":1.0},{"damage":34.0,"enemies":"DF_ARCHETYPE_STREAMLINE","floor":16.0,"turns":7.0},{"damage":5.0,"enemies":"Chosen","floor":19.0,"turns":3.0},{"damage":7.0,"enemies":"Shell Parasite","floor":20.0,"turns":4.0},{"damage":0.0,"enemies":"Centurion and Healer","floor":21.0,"turns":4.0},{"damage":3.0,"enemies":"Book of Stabbing","floor":23.0,"turns":4.0},{"damage":10.0,"enemies":"Gremlin Leader","floor":25.0,"turns":4.0},{"damage":14.0,"enemies":"Shelled Parasite and Fungi","floor":26.0,"turns":4.0},{"damage":4.0,"enemies":"3 Cultists","floor":27.0,"turns":4.0},{"damage":5.0,"enemies":"downfall:FleeingMerchant","floor":28.0,"turns":4.0},{"damage":7.0,"enemies":"Snake Plant","floor":29.0,"turns":3.0},{"damage":4.0,"enemies":"Centurion and Healer","floor":30.0,"turns":5.0},{"damage":10.0,"enemies":"Snecko","floor":31.0,"turns":4.0},{"damage":0.0,"enemies":"Sentry and Sphere","floor":32.0,"turns":5.0},{"damage":32.0,"enemies":"SI_MIRROR_ARCHETYPE","floor":33.0,"turns":9.0},{"damage":4,"enemies":"Orb Walker","floor":36,"turns":2},{"damage":9,"enemies":"downfall:FleeingMerchant","floor":38,"turns":3},{"damage":10,"enemies":"3 Darklings","floor":40,"turns":3},{"damage":19,"enemies":"Maw","floor":42,"turns":6},{"damage":0,"enemies":"Transient","floor":43,"turns":5},{"damage":4,"enemies":"Jaw Worm Horde","floor":45,"turns":3},{"damage":2,"enemies":"4 Shapes","floor":46,"turns":4},{"damage":9,"enemies":"Nemesis","floor":48,"turns":5},{"damage":4,"enemies":"3 Darklings","floor":49,"turns":3},{"damage":66,"enemies":"IC_BLOCK_ARCHETYPE","floor":50,"turns":11},{"damage":110,"enemies":"downfall:CharBossMerchant","floor":52,"turns":7}],"seed_played":"-4722732822418338246","potions_obtained":[{"floor":6.0,"key":"BlessingOfTheForge"},{"floor":10.0,"key":"LiquidMemories"},{"floor":16.0,"key":"Weak Potion"}],"is_trial":false,"path_per_floor":["R","M","$","?","?","E","T","M","?","E","M","T","R","M","M","B",null,"R","M","M","M","?","E","T","E","M","M","$","M","M","M","M","B",null,"R","M","?","$","?","M","T","M","M","R","M","M","$","E","M","B",null,"E"],"character_chosen":"THE_AUTOMATON","items_purchased":["bronze:ClassDefault","bronze:Optimize","White Beast Statue","expansioncontent:QuickStudy","Apotheosis"],"campfire_rested":0,"item_purchase_floors":[3,38,38,38,47],"current_hp_per_floor":[70,70,70,75,75,75,75,75,68,58,65,65,65,63,63,36,75,85,80,80,85,85,82,82,75,68,71,66,59,62,52,52,27,85,85,81,81,72,72,62,62,50,57,57,53,51,66,67,70,14,85,0,0,0],"gold":63,"neow_bonus":"THREE_ENEMY_KILL","is_daily":false,"chose_seed":false,"campfire_upgraded":4,"win_rate":0.0,"timestamp":1611968563,"path_taken":["R","M","$","?","?","E","T","?","?","E","M","?","R","M","M","BOSS","R","M","M","M","?","E","T","E","M","?","?","?","M","M","M","BOSS","R","M","?","?","?","M","T","?","M","R","M","M","$","E","M","BOSS","E"],"items_purchased_type":["Card","Card","Relic","Card","Card"],"build_version":"2020-12-22","purchased_purges":2,"victory":false,"max_hp_per_floor":[70,70,70,75,75,75,75,75,75,75,75,75,75,75,75,75,75,85,85,85,85,85,85,85,85,85,85,85,85,85,85,85,85,85,85,85,85,85,85,85,85,85,85,85,85,85,85,85,85,85,85,85,85,85],"card_choices":[{"not_picked":["bronze:Overheat","bronze:Shield"],"picked":"bronze:WhirlingStrike","floor":2.0},{"not_picked":["bronze:Branch","bronze:Overheat"],"picked":"bronze:Format","floor":3.0},{"not_picked":["bronze:SpaghettiCode","bronze:Return"],"picked":"bronze:Repair","floor":6.0},{"not_picked":["bronze:CutThrough","bronze:Fortify"],"picked":"bronze:Terminator","floor":8.0},{"not_picked":["bronze:DarkDash","bronze:Deprecate"],"picked":"bronze:ChosenStrike","floor":10.0},{"not_picked":["bronze:BugBarrage","bronze:Constructor"],"picked":"bronze:Branch","floor":11.0},{"not_picked":["bronze:Return","bronze:Invalidate"],"picked":"bronze:OilSpill","floor":14.0},{"not_picked":["bronze:MaxOutput","bronze:Shield"],"picked":"bronze:DelayedSlice","floor":15.0},{"not_picked":["bronze:Assembly","bronze:AlphaBuild"],"picked":"bronze:Virus","floor":16.0},{"not_picked":["bronze:Iterate","bronze:Overload+1"],"picked":"bronze:Overheat+1","floor":19.0},{"not_picked":["bronze:Backtrace","bronze:ItsAFeature+1","bronze:Turbo"],"picked":"SKIP","floor":20.0},{"not_picked":["bronze:Branch","bronze:Shield"],"picked":"bronze:Constructor","floor":21.0},{"not_picked":["bronze:Repulsor","bronze:MaxOutput"],"picked":"bronze:Separator","floor":23.0},{"not_picked":["bronze:DelayedSlice+1","bronze:RecursiveStrike","bronze:Backtrace"],"picked":"SKIP","floor":25.0},{"not_picked":["bronze:ChosenStrike+1","bronze:Turbo+1"],"picked":"bronze:Invalidate","floor":26.0},{"not_picked":["bronze:FineTuning+1","bronze:Constructor","bronze:WildBeam"],"picked":"SKIP","floor":27.0},{"not_picked":["bronze:CutThrough","bronze:BurnOut"],"picked":"bronze:Shell","floor":28.0},{"not_picked":["bronze:WildBeam","bronze:BugBarrage","bronze:Shield"],"picked":"SKIP","floor":29.0},{"not_picked":["bronze:Deprecate+1","bronze:CutThrough+1"],"picked":"bronze:Frontload+1","floor":30.0},{"not_picked":["bronze:Invalidate","bronze:Shield","bronze:WildBeam+1"],"picked":"SKIP","floor":31.0},{"not_picked":["bronze:DelayedGuard+1","bronze:BurnOut"],"picked":"bronze:Deprecate+1","floor":32.0},{"not_picked":["bronze:Deprecate+1","bronze:Philosophize"],"picked":"bronze:OilSpill+1","floor":36},{"not_picked":["bronze:Invalidate+1","bronze:WhirlingStrike"],"picked":"bronze:Separator+1","floor":38},{"not_picked":["bronze:Overload+1","bronze:CutThrough"],"picked":"bronze:FollowUp","floor":40},{"not_picked":["bronze:ChosenStrike+1","bronze:OilSpill","bronze:Backtrace+1"],"picked":"SKIP","floor":42},{"not_picked":["bronze:BugBarrage","bronze:Constructor+1","bronze:HyperBeam"],"picked":"SKIP","floor":43},{"not_picked":["bronze:Invalidate+1","bronze:Turbo+1"],"picked":"bronze:Optimize+1","floor":45},{"not_picked":["bronze:Branch","bronze:Separator","bronze:DelayedSlice+1"],"picked":"SKIP","floor":46},{"not_picked":["bronze:Frontload","bronze:Break","bronze:BitShift"],"picked":"SKIP","floor":48},{"not_picked":["bronze:BuggyMess","bronze:Turbo"],"picked":"bronze:Overheat+1","floor":49}],"player_experience":1243781,"relics_obtained":[{"floor":6.0,"key":"Potion Belt"},{"floor":10.0,"key":"Smiling Mask"},{"floor":12.0,"key":"The Courier"},{"floor":23.0,"key":"Centennial Puzzle"},{"floor":24.0,"key":"Matryoshka"},{"floor":25.0,"key":"Blue Candle"},{"floor":41,"key":"Oddly Smooth Stone"},{"floor":41,"key":"MealTicket"},{"floor":48,"key":"Bag of Marbles"}],"event_choices":[{"damage_healed":0.0,"max_hp_gain":5.0,"max_hp_loss":0.0,"gold_gain":0.0,"event_name":"Big Fish","player_choice":"Donut","floor":4.0,"gold_loss":0.0,"damage_taken":0.0},{"damage_healed":0.0,"max_hp_gain":0.0,"max_hp_loss":0.0,"gold_gain":0.0,"event_name":"Scrap Ooze","player_choice":"Success","floor":9.0,"gold_loss":0.0,"damage_taken":7.0,"relics_obtained":["Mercury Hourglass"]},{"cards_removed":["bronze:Strike"],"damage_healed":0,"gold_gain":0,"player_choice":"Offered Basic","damage_taken":0,"max_hp_gain":0,"max_hp_loss":0,"event_name":"Bonfire Elementals","floor":37,"gold_loss":0}],"is_beta":false,"boss_relics":[{"not_picked":["Black Star","Philosopher\u0027s Stone"],"picked":"Sozu"},{"not_picked":["Busted Crown","Empty Cage"],"picked":"expansioncontent:StudyCardRelic"}],"items_purged_floors":[28,38],"is_endless":false,"potions_floor_spawned":[6,10,16,19,21,23,27,29,30,31,40,42,43,45,46,48,49],"killed_by":"downfall:CharBossMerchant","ascension_level":1}}