{"host":"yecadp3kwkksam5a","time":1611998652,"event":{"mods":["BaseMod","Minty Spire (QoL Compilation)","StSLib","SuperFastMode","The Cursed"],"gold_per_floor":[111,127,146,146,160,186,186,5,32,59,73,101,118,132,132,233,233,222,222,234,234,234],"floor_reached":21,"language":"KOR","playtime":904,"items_purged":["Strike_B"],"score":340,"play_id":"a8da1c22-ddf8-47d8-a820-31930df42485","local_time":"20210130182412","is_ascension_mode":true,"campfire_choices":[{"data":"Coolheaded","floor":15.0,"key":"SMITH"}],"circlet_count":0,"master_deck":["AscendersBane","Defend_B","Defend_B","Defend_B","Defend_B","Zap","Dualcast","Hologram","Creative AI","Mayhem+1","Mayhem+1","Mayhem+1","Mayhem+1","Mayhem+1","Ball Lightning","Conserve Battery","Compile Driver","Sweeping Beam","Hologram","Heatsinks","White Noise","Core Surge","Streamline","Echo Form","Coolheaded+1","Hologram","Multi-Cast","Capacitor"],"relics":["Cracked Core","Bird Faced Urn","Orichalcum","Bronze Scales","MealTicket","Kunai","SacredBark"],"acts_visited":["Exordium","TheCity"],"potions_floor_usage":[],"damage_taken":[{"damage":1.0,"enemies":"Cultist","floor":1.0,"turns":4.0},{"damage":8.0,"enemies":"Jaw Worm","floor":2.0,"turns":4.0},{"damage":2.0,"enemies":"Small Slimes","floor":3.0,"turns":4.0},{"damage":20.0,"enemies":"Exordium Wildlife","floor":5.0,"turns":5.0},{"damage":12.0,"enemies":"Lagavulin","floor":6.0,"turns":6.0},{"damage":21.0,"enemies":"3 Sentries","floor":10.0,"turns":4.0},{"damage":5.0,"enemies":"Exordium Thugs","floor":11.0,"turns":4.0},{"damage":15.0,"enemies":"Gremlin Nob","floor":12.0,"turns":4.0},{"damage":5.0,"enemies":"Looter","floor":13.0,"turns":3.0},{"damage":15.0,"enemies":"2 Fungi Beasts","floor":14.0,"turns":4.0},{"damage":28.0,"enemies":"Slime Boss","floor":16.0,"turns":8.0},{"damage":30.0,"enemies":"2 Thieves","floor":18.0,"turns":4.0},{"damage":17,"enemies":"3 Byrds","floor":20,"turns":3},{"damage":47,"enemies":"3 Cultists","floor":21,"turns":4}],"seed_played":"1274717493341046718","potions_obtained":[{"floor":2.0,"key":"LiquidMemories"},{"floor":5.0,"key":"FearPotion"},{"floor":18.0,"key":"PowerPotion"}],"is_trial":false,"path_per_floor":["M","M","M","?","M","E","?","$","T","E","M","E","M","M","R","B",null,"M","?","M","M"],"character_chosen":"DEFECT","items_purchased":["Heatsinks","White Noise"],"campfire_rested":0,"item_purchase_floors":[8,8],"current_hp_per_floor":[68,68,68,68,62,64,57,57,57,52,55,54,53,52,52,46,63,45,33,30,0,0],"gold":234,"neow_bonus":"TRANSFORM_TWO_CARDS","is_daily":false,"chose_seed":false,"campfire_upgraded":1,"win_rate":0.0,"timestamp":1611998652,"path_taken":["M","M","?","?","M","E","?","?","T","E","?","E","M","M","R","BOSS","M","?","M","M"],"items_purchased_type":["Card","Card"],"build_version":"2020-12-22","purchased_purges":1,"victory":false,"max_hp_per_floor":[68,68,68,68,68,68,68,68,68,68,68,68,68,68,68,68,68,68,73,73,73,73],"card_choices":[{"not_picked":["Cold Snap","Sweeping Beam"],"picked":"Ball Lightning","floor":1.0},{"not_picked":["Steam","Skim"],"picked":"Conserve Battery","floor":2.0},{"not_picked":["Reprogram","Static Discharge"],"picked":"Compile Driver","floor":3.0},{"not_picked":["Go for the Eyes","Conserve Battery"],"picked":"Sweeping Beam","floor":5.0},{"not_picked":["Compile Driver","Beam Cell"],"picked":"Hologram","floor":6.0},{"not_picked":["Reprogram","Steam"],"picked":"Core Surge","floor":10.0},{"not_picked":["Rebound","Compile Driver"],"picked":"Streamline","floor":11.0},{"not_picked":["Sunder","Beam Cell"],"picked":"Echo Form","floor":12.0},{"not_picked":["Scrape","Auto Shields"],"picked":"Coolheaded","floor":13.0},{"not_picked":["Barrage","Redo"],"picked":"Hologram","floor":14.0},{"not_picked":["Thunder Strike","Hyperbeam"],"picked":"Multi-Cast","floor":16.0},{"not_picked":["Leap","Sweeping Beam","Redo"],"picked":"SKIP","floor":18.0},{"not_picked":["Streamline","Barrage"],"picked":"Capacitor","floor":20}],"player_experience":534511,"relics_obtained":[{"floor":6.0,"key":"Orichalcum"},{"floor":9.0,"key":"Bronze Scales"},{"floor":10.0,"key":"MealTicket"},{"floor":12.0,"key":"Kunai"}],"event_choices":[{"damage_healed":0.0,"max_hp_gain":0.0,"max_hp_loss":0.0,"gold_gain":0.0,"event_name":"Liars Game","player_choice":"Ignored","floor":4.0,"gold_loss":0.0,"damage_taken":0.0},{"cards_removed":["Strike_B"],"damage_healed":0.0,"max_hp_gain":0.0,"max_hp_loss":0.0,"gold_gain":0.0,"event_name":"Golden Wing","player_choice":"Card Removal","floor":7.0,"gold_loss":0.0,"damage_taken":7.0},{"damage_healed":0,"gold_gain":0,"player_choice":"Shed Blood","damage_taken":17,"max_hp_gain":5,"max_hp_loss":0,"event_name":"Forgotten Altar","floor":19,"gold_loss":0}],"is_beta":false,"boss_relics":[{"not_picked":["Fusion Hammer","Velvet Choker"],"picked":"SacredBark"}],"items_purged_floors":[8],"is_endless":false,"potions_floor_spawned":[2,5,10,12,18],"killed_by":"3 Cultists","ascension_level":11}}