{"host":"8srk5r1dwtmjotwd","time":1611980384,"event":{"mods":["AchievementEnabler","Act Like it!","BaseMod","Beaked The Cultist","Bestiary","Better Note","Better Third Choice","Colored Map","Colored Powertips","Friendly Minions","GifTheSpireLib","Halation","Hallownest","Hermit","Hubris","Minty Spire (QoL Compilation)","Quick Restart","Rare Cards Sparkle","Replay The Spire","Shop Mod","StSLib","SuperFastMode","Synergy Search","The Bug Knight","The Construct","The Cursed","The Jungle","Thieving Mod","Yohane!","everything is the same but u backflip on backflip","slay the spire mod where everything is the same but ironclad has a cowboy hat"],"gold_per_floor":[116,131,141,141,156,176,195,195,195,195,195,215,215,250,250,346,346,363,376,389,389,402,402,402,402],"floor_reached":24,"language":"ENG","playtime":2009,"items_purged":[],"score":202,"play_id":"ef84b766-99fa-462a-9bf5-360a5116d7c7","local_time":"20210129231944","is_ascension_mode":false,"campfire_choices":[{"data":"Skewer","floor":8.0,"key":"SMITH"},{"data":"Dodge and Roll","floor":11.0,"key":"SMITH"},{"data":"Infernal Blade","floor":13.0,"key":"SMITH"},{"floor":15.0,"key":"REST"},{"data":"Adrenaline","floor":23.0,"key":"SMITH"}],"circlet_count":0,"master_deck":["Strike_G","Strike_G","Strike_G","Strike_G","Strike_G","Defend_G","Defend_G","Defend_G","Defend_G","Survivor","Neutralize","Skewer+1","Poisoned Stab","Expertise","Backstab","Riddle With Holes","Escape Plan","Dodge and Roll+1","hubris:Despair","Infernal Blade+1","Flying Knee","Adrenaline+1","Outmaneuver","Flying Knee","Outmaneuver","Outmaneuver"],"relics":["Ring of the Snake","hubris:DisguiseKit","ReplayTheSpireMod:Ring of Sloth","Ring of Misfortune","Replay:Baseball","WristBlade"],"acts_visited":["Exordium","TheCity"],"potions_floor_usage":[24,24],"damage_taken":[{"damage":0.0,"enemies":"Jaw Worm","floor":1.0,"turns":5.0},{"damage":0.0,"enemies":"Cultist","floor":2.0,"turns":3.0},{"damage":0.0,"enemies":"Small Slimes","floor":3.0,"turns":4.0},{"damage":19.0,"enemies":"Exordium Thugs","floor":5.0,"turns":4.0},{"damage":0.0,"enemies":"Looter","floor":6.0,"turns":2.0},{"damage":7.0,"enemies":"Blue Slaver","floor":7.0,"turns":3.0},{"damage":8.0,"enemies":"Lots of Slimes","floor":12.0,"turns":4.0},{"damage":13.0,"enemies":"Lagavulin","floor":14.0,"turns":4.0},{"damage":51.0,"enemies":"The Guardian","floor":16.0,"turns":11.0},{"damage":2.0,"enemies":"3 Byrds","floor":18.0,"turns":5.0},{"damage":0.0,"enemies":"Chosen","floor":19.0,"turns":3.0},{"damage":11.0,"enemies":"Snecko","floor":20.0,"turns":4.0},{"damage":15.0,"enemies":"3 Cultists","floor":22.0,"turns":5.0},{"damage":58,"enemies":"Gremlin Leader","floor":24,"turns":6}],"seed_played":"3469562531404749905","potions_obtained":[{"floor":3.0,"key":"DuplicationPotion"},{"floor":5.0,"key":"Venom Potion"},{"floor":6.0,"key":"PowerPotion"},{"floor":14.0,"key":"Doom Potion"},{"floor":16.0,"key":"DuplicationPotion"},{"floor":18.0,"key":"GhostInAJar"}],"is_trial":false,"path_per_floor":["M","M","M","?","M","M","M","R","T","?","R","M","R","E","R","B",null,"M","M","M","?","M","R","E"],"character_chosen":"THE_SILENT","items_purchased":[],"campfire_rested":1,"item_purchase_floors":[],"current_hp_per_floor":[77,77,77,77,58,58,51,51,51,51,51,43,43,30,53,2,77,75,75,64,64,49,49,0,0],"gold":402,"neow_bonus":"TEN_PERCENT_HP_BONUS","is_daily":false,"chose_seed":false,"campfire_upgraded":4,"win_rate":0.0,"timestamp":1611980384,"path_taken":["M","M","M","?","M","M","?","R","T","?","R","M","R","E","R","BOSS","M","M","M","?","M","R","E"],"items_purchased_type":[],"build_version":"2020-12-22","purchased_purges":0,"victory":false,"max_hp_per_floor":[77,77,77,77,77,77,77,77,77,77,77,77,77,77,77,77,77,77,77,77,77,77,77,77,77],"card_choices":[{"not_picked":["Prepared","Hidden Blade"],"picked":"Skewer","floor":1.0},{"not_picked":["Blade Dance","Well Laid Plans"],"picked":"Poisoned Stab","floor":2.0},{"not_picked":["Underhanded Strike","Predator"],"picked":"Expertise","floor":3.0},{"not_picked":["Dagger Spray","Toxin Wave"],"picked":"Riddle With Holes","floor":5.0},{"not_picked":["Dagger Spray","PiercingWail"],"picked":"Escape Plan","floor":6.0},{"not_picked":["Tactician","Acrobatics"],"picked":"Dodge and Roll","floor":7.0},{"not_picked":["Venomology","Calculated Gamble","Dash"],"picked":"Infernal Blade","floor":12.0},{"not_picked":["Bane","Acrobatics","Shrug It Off"],"picked":"Flying Knee","floor":14.0},{"not_picked":["Doppelganger","Envenom","Bludgeon"],"picked":"Adrenaline","floor":16.0},{"not_picked":["Distraction","ReplayTheSpireMod:The Works","Rupture"],"picked":"Outmaneuver","floor":18.0},{"not_picked":["Poisoned Stab","Catalyst","Shrug It Off"],"picked":"Flying Knee","floor":19.0},{"not_picked":["Blade Dance","ReplayTheSpireMod:Speed Training","Thunderclap"],"picked":"Outmaneuver","floor":20.0},{"not_picked":["PiercingWail","hubris:TrickCloak","Deadly Poison","Iron Wave"],"picked":"SKIP","floor":22.0}],"player_experience":79990,"relics_obtained":[{"floor":9.0,"key":"hubris:DisguiseKit"},{"floor":10.0,"key":"ReplayTheSpireMod:Ring of Sloth"},{"floor":10.0,"key":"Ring of Misfortune"},{"floor":14.0,"key":"Replay:Baseball"}],"event_choices":[{"damage_healed":0.0,"max_hp_gain":0.0,"max_hp_loss":0.0,"gold_gain":0.0,"cards_transformed":["Defend_G"],"event_name":"Transmorgrifier","player_choice":"Transformed","floor":4.0,"gold_loss":0.0,"damage_taken":0.0,"cards_obtained":["Backstab"]},{"cards_removed":["Backstab"],"damage_healed":0.0,"max_hp_gain":0.0,"max_hp_loss":0.0,"gold_gain":0.0,"event_name":"betterNote:BetterNote","player_choice":"Take \u0026 Give","floor":21.0,"gold_loss":0.0,"damage_taken":0.0,"cards_obtained":["Outmaneuver"]}],"is_beta":false,"boss_relics":[{"not_picked":["halation:MonkeysPaw","Replay:Drink Me"],"picked":"WristBlade"}],"items_purged_floors":[],"is_endless":false,"potions_floor_spawned":[3,5,6,14,16,18,22],"killed_by":"Gremlin Leader","ascension_level":0}}