{"host":"Zandorum","time":1611978041,"event":{"mods":["100% Spire Juice","2.2 Compatiblity","Act Like it!","Bard","BaseMod","Downfall","Hermit","Hubris","Jorbs\u0027s Wanderer Trilogy","Mimic Mod","Minty Spire (QoL Compilation)","Quick Restart","Rare Cards Sparkle","Reorder Act Four","Somnambulant","StSLib","The Cursed","The Disciple","The Hierophant","The Jungle","The Runesmith"],"gold_per_floor":[117,69,79,79,254,281,296,296,321,72,18,18,18,37,37,133,133,152,84,84,103,103,103,123,142,142,88,88,100,111,111,111,111,111],"floor_reached":33,"language":"ENG","playtime":1563,"items_purged":["Doubt"],"score":270,"play_id":"d6b86b1d-45dc-46ca-8c0d-66a01ad9cad7","local_time":"20210129194041","is_ascension_mode":false,"campfire_choices":[{"floor":8.0,"key":"REST"},{"data":"Accuracy","floor":15.0,"key":"SMITH"},{"data":"Infinite Blades","floor":23,"key":"SMITH"},{"data":"A Thousand Cuts","floor":28,"key":"SMITH"},{"data":"Calculated Gamble","floor":32,"key":"SMITH"}],"circlet_count":0,"master_deck":["Strike_G","Strike_G","Strike_G","Defend_G","Defend_G","Defend_G","Defend_G","Defend_G","Survivor","Neutralize","Tools of the Trade","Blade Dance","Blade Dance","Dagger Throw","Calculated Gamble+1","Accuracy+1","Master of Strategy","Blade Dance","Acrobatics","A Thousand Cuts+1","Acrobatics","Infinite Blades+1","Blade Dance+1","Blade Dance"],"relics":["Ring of the Snake","Boot","MealTicket","hubris:Backtick","Red Skull","Incense Burner","Nloth\u0027s Gift","Juzu Bracelet","hubris:BottledHeart"],"acts_visited":["Exordium","TheCity"],"potions_floor_usage":[16,24,33],"damage_taken":[{"damage":3.0,"enemies":"2 Louse","floor":1.0,"turns":3.0},{"damage":0.0,"enemies":"Small Slimes","floor":3.0,"turns":2.0},{"damage":27.0,"enemies":"3 Sentries","floor":6.0,"turns":8.0},{"damage":8.0,"enemies":"Jaw Worm","floor":7.0,"turns":2.0},{"damage":0.0,"enemies":"Large Slime","floor":14.0,"turns":2.0},{"damage":43,"enemies":"The Guardian","floor":16,"turns":8},{"damage":6,"enemies":"Chosen","floor":18,"turns":3},{"damage":14,"enemies":"3 Byrds","floor":21,"turns":3},{"damage":10,"enemies":"Cultist and Chosen","floor":24,"turns":4},{"damage":12,"enemies":"3 Cultists","floor":25,"turns":3},{"damage":23,"enemies":"Chosen and Byrds","floor":29,"turns":5},{"damage":11,"enemies":"Snecko","floor":30,"turns":3},{"damage":8,"enemies":"Automaton","floor":33,"turns":4}],"seed_played":"-3607374586201512290","potions_obtained":[{"floor":1.0,"key":"SmokeBomb"},{"floor":6.0,"key":"champ:CounterPotion"},{"floor":16,"key":"CunningPotion"},{"floor":30,"key":"Fruit Juice"}],"is_trial":false,"path_per_floor":["M","$","M","?","?","E","M","R","T","$","$","?","?","M","R","B",null,"M","$","?","M","?","R","M","M","T","?","R","M","M","?","R","B"],"character_chosen":"THE_SILENT","items_purchased":["Blade Dance","Master of Strategy","Blade Dance","Infinite Blades"],"campfire_rested":1,"item_purchase_floors":[2,10,11,19],"current_hp_per_floor":[67,67,67,49,49,22,14,35,35,50,65,58,58,58,58,15,70,64,70,70,56,56,56,46,34,34,54,54,31,20,1,1,0,0],"gold":111,"neow_bonus":"ONE_RANDOM_RARE_CARD","is_daily":false,"chose_seed":false,"campfire_upgraded":4,"win_rate":0.0,"timestamp":1611978041,"path_taken":["M","$","M","?","?","E","M","R","T","?","$","?","?","M","R","BOSS","M","$","?","M","?","R","M","M","T","?","R","M","M","?","R","BOSS"],"items_purchased_type":["Card","Card","Card","Card"],"build_version":"2020-12-18","purchased_purges":1,"victory":false,"max_hp_per_floor":[70,70,70,70,70,70,70,70,70,70,70,70,70,70,70,70,70,70,70,70,70,70,70,70,70,70,70,70,70,70,1,1,1,1],"card_choices":[{"not_picked":["Caltrops","Crippling Poison"],"picked":"Blade Dance","floor":1.0},{"not_picked":["Riddle With Holes","Outmaneuver"],"picked":"Dagger Throw","floor":3.0},{"not_picked":["Poisoned Stab","Phantasmal Killer"],"picked":"Calculated Gamble","floor":6.0},{"not_picked":["Flechettes","Flying Knee"],"picked":"Accuracy","floor":7.0},{"not_picked":["Bouncing Flask","Slice"],"picked":"Acrobatics","floor":14.0},{"not_picked":["Night Terror","Bullet Time"],"picked":"A Thousand Cuts","floor":16},{"not_picked":["Deadly Poison","Outmaneuver"],"picked":"Acrobatics","floor":18},{"not_picked":["Dodge and Roll","Acrobatics"],"picked":"Blade Dance+1","floor":21},{"not_picked":["hubris:TrickCloak","Predator","Underhanded Strike"],"picked":"SKIP","floor":24},{"not_picked":["Bouncing Flask","Underhanded Strike+1","hubris:Counter"],"picked":"SKIP","floor":25},{"not_picked":["Finisher+1","Backflip"],"picked":"Blade Dance","floor":29},{"not_picked":["Dagger Throw","Doppelganger","Cloak And Dagger"],"picked":"SKIP","floor":30}],"player_experience":164735,"relics_obtained":[{"floor":6.0,"key":"MealTicket"},{"floor":9.0,"key":"Regal Pillow"},{"floor":26,"key":"Juzu Bracelet"}],"event_choices":[{"damage_healed":0.0,"max_hp_gain":0.0,"max_hp_loss":0.0,"gold_gain":0.0,"event_name":"Scrap Ooze","player_choice":"Success","floor":4.0,"gold_loss":0.0,"damage_taken":18.0,"relics_obtained":["Boot"]},{"damage_healed":0.0,"max_hp_gain":0.0,"max_hp_loss":0.0,"gold_gain":175.0,"event_name":"Liars Game","player_choice":"AGREE","floor":5.0,"gold_loss":0.0,"damage_taken":0.0,"cards_obtained":["Doubt"]},{"cards_removed":["Strike_G"],"damage_healed":0.0,"max_hp_gain":0.0,"max_hp_loss":0.0,"gold_gain":0.0,"event_name":"Golden Wing","player_choice":"Card Removal","floor":12.0,"gold_loss":0.0,"damage_taken":7.0},{"cards_removed":["Strike_G"],"damage_healed":0.0,"max_hp_gain":0.0,"max_hp_loss":0.0,"gold_gain":0.0,"event_name":"Living Wall","player_choice":"Forget","floor":13.0,"gold_loss":0.0,"damage_taken":0.0},{"damage_healed":0,"gold_gain":0,"player_choice":"Opened","damage_taken":0,"relics_obtained":["Incense Burner"],"max_hp_gain":0,"max_hp_loss":0,"event_name":"The Mausoleum","floor":20,"gold_loss":0},{"damage_healed":0,"gold_gain":0,"player_choice":"Traded Relic","damage_taken":0,"relics_obtained":["Nloth\u0027s Gift"],"max_hp_gain":0,"max_hp_loss":0,"event_name":"N\u0027loth","floor":22,"relics_lost":["Regal Pillow"],"gold_loss":0}],"is_beta":true,"boss_relics":[{"not_picked":["hubris:CrackedHourglass","Black Star"],"picked":"hubris:Backtick"}],"items_purged_floors":[10],"is_endless":false,"potions_floor_spawned":[1,6,16,30],"killed_by":"Automaton","ascension_level":0}}