{"host":"6re5ksmtdaf597mp","time":1611976764,"event":{"mods":["Act Like it!","BaseMod","Better Altar","Better Match","Better Sensory Stone","Better Skull","Better Third Choice","Better Vampires","Fox Events","GifTheSpireLib","Hermit","Mimic Mod","Minty Spire (QoL Compilation)","Reliquary","Robot Space Explorer","Spicy Shops","Spire Arcade","StSLib","The Cursed","The Jungle","The Marked","The Problem Sleuth","The Runesmith","TheSurvivalist","Thieving Mod","Wandering Minibosses"],"gold_per_floor":[119,131,151,120,130,130,162,162,209,209,236,256,256,311,311,408,408,425,425,425,625,550,550,550],"floor_reached":23,"language":"ENG","playtime":2667,"items_purged":[],"score":222,"play_id":"0d2d6237-96a8-4150-bd58-e64ccbbc51cf","local_time":"20210129221924","is_ascension_mode":false,"campfire_choices":[{"data":"theMarked:SoldierOfQuellstein","floor":6,"key":"SMITH"},{"data":"theMarked:Defy","floor":8,"key":"SMITH"},{"data":"theMarked:PowerFlow","floor":13,"key":"SMITH"},{"floor":15,"key":"REST"}],"circlet_count":0,"master_deck":["theMarked:Strike","theMarked:Strike","theMarked:Strike","theMarked:Strike","theMarked:Strike","theMarked:Defend","theMarked:SoldierOfQuellstein+1","theMarked:EmpowerWeapon","theMarked:BanishingStrike","theMarked:BanishingWave","theMarked:Defy+1","theMarked:Standoff","theMarked:ChannelForce","theMarked:PowerFlow+1","theMarked:ShockingTouch","theMarked:Abjuration","theMarked:PowerFlow","theMarked:Aftermath"],"relics":["theMarked:ArtifactOfAir","betterThird:SlimedRelic","Pantograph","MealTicket","reliquary:SilkGlove","Juzu Bracelet","Empty Cage","theSleuth:SaltedMelon","theSleuth:SaltedMelon"],"acts_visited":["Exordium","TheCity"],"potions_floor_usage":[14,16,16],"damage_taken":[{"damage":3,"enemies":"Small Slimes","floor":1,"turns":3},{"damage":6,"enemies":"Jaw Worm","floor":2,"turns":4},{"damage":1,"enemies":"Cultist","floor":3,"turns":3},{"damage":6,"enemies":"3 Louse","floor":5,"turns":2},{"damage":26,"enemies":"Lagavulin","floor":7,"turns":5},{"damage":0,"enemies":"3 Sentries","floor":11,"turns":5},{"damage":5,"enemies":"Looter","floor":12,"turns":3},{"damage":0,"enemies":"Gremlin Nob","floor":14,"turns":4},{"damage":39,"enemies":"Slime Boss","floor":16,"turns":10},{"damage":31,"enemies":"2 Thieves","floor":18,"turns":4},{"damage":47,"enemies":"Book of Stabbing","floor":23,"turns":5}],"seed_played":"-19248609311783327","potions_obtained":[{"floor":3,"key":"CultistPotion"},{"floor":5,"key":"LiquidMemories"},{"floor":11,"key":"Energy Potion"},{"floor":16,"key":"SpeedPotion"}],"is_trial":false,"path_per_floor":["M","M","M","?","M","R","E","R","T","?","E","M","R","?","R","B",null,"M","?","?","?","?","E"],"character_chosen":"THE_DEFAULT","items_purchased":[],"campfire_rested":1,"item_purchase_floors":[],"current_hp_per_floor":[74,68,67,56,50,50,24,24,24,24,24,19,19,19,42,28,77,46,46,46,46,46,0,0],"gold":550,"neow_bonus":"TEN_PERCENT_HP_BONUS","is_daily":false,"chose_seed":false,"campfire_upgraded":3,"win_rate":0.0,"timestamp":1611976764,"path_taken":["M","M","M","?","M","R","E","R","T","?","E","?","R","?","R","BOSS","M","?","?","?","?","E"],"items_purchased_type":[],"build_version":"2020-12-22","purchased_purges":0,"victory":false,"max_hp_per_floor":[77,77,77,77,77,77,77,77,77,77,77,77,77,77,77,77,77,77,77,77,77,77,77,77],"card_choices":[{"not_picked":["theMarked:Improvise","theMarked:WastefulAttack"],"picked":"theMarked:EmpowerWeapon","floor":1},{"not_picked":["theMarked:EnhanceMovement","theMarked:Frustration"],"picked":"theMarked:BanishingStrike","floor":2},{"not_picked":["theMarked:Aftermath","theMarked:EnhanceMovement"],"picked":"theMarked:BanishingWave","floor":3},{"not_picked":["theMarked:RepellingDischarge","theMarked:Parkour"],"picked":"theMarked:Defy","floor":5},{"not_picked":["theMarked:ChainLightning","theMarked:CreepingChasm"],"picked":"theMarked:Standoff","floor":7},{"not_picked":["theMarked:ElectricStrings","theMarked:Memento"],"picked":"theMarked:ChannelForce","floor":11},{"not_picked":["theMarked:Aftermath","theMarked:Frustration"],"picked":"theMarked:PowerFlow","floor":12},{"not_picked":["theMarked:ElectricStrings","theMarked:Parkour"],"picked":"theMarked:ShockingTouch","floor":14},{"not_picked":["theMarked:TurnInvisible","theMarked:EternalStudent"],"picked":"theMarked:Abjuration","floor":16},{"not_picked":["theMarked:Memento","theMarked:Friction+1"],"picked":"theMarked:PowerFlow","floor":18}],"player_experience":151000,"relics_obtained":[{"floor":7,"key":"Pantograph"},{"floor":9,"key":"MealTicket"},{"floor":11,"key":"reliquary:SilkGlove"},{"floor":14,"key":"Juzu Bracelet"}],"event_choices":[{"damage_healed":0,"gold_gain":0,"player_choice":"Slimed","damage_taken":11,"max_hp_gain":0,"max_hp_loss":0,"event_name":"betterThird:BetterGoop","floor":4,"gold_loss":31},{"cards_removed":["theMarked:Defend"],"damage_healed":0,"gold_gain":0,"player_choice":"Took Card","damage_taken":0,"max_hp_gain":0,"max_hp_loss":0,"event_name":"NoteForYourself","floor":10,"gold_loss":0,"cards_obtained":["hermit:Defend_Hermit"]},{"damage_healed":0,"gold_gain":30,"player_choice":"Searched \u00272\u0027 times","damage_taken":0,"max_hp_gain":0,"max_hp_loss":0,"event_name":"Dead Adventurer","floor":14,"gold_loss":0},{"damage_healed":0,"gold_gain":0,"player_choice":"Read","damage_taken":0,"max_hp_gain":0,"max_hp_loss":0,"event_name":"The Library","floor":19,"gold_loss":0,"cards_obtained":["theMarked:Aftermath"]},{"damage_healed":0,"gold_gain":250,"player_choice":"Bet on Owner","damage_taken":0,"max_hp_gain":0,"max_hp_loss":0,"event_name":"The Joust","floor":21,"gold_loss":50},{"cards_removed":["theMarked:Defend"],"damage_healed":0,"gold_gain":0,"player_choice":"Gave Gold","damage_taken":0,"max_hp_gain":0,"max_hp_loss":0,"event_name":"Beggar","floor":22,"gold_loss":75}],"is_beta":false,"boss_relics":[{"not_picked":["SacredBark","Snecko Eye"],"picked":"Empty Cage"}],"items_purged_floors":[],"is_endless":false,"potions_floor_spawned":[3,5,11,12,16],"killed_by":"Book of Stabbing","ascension_level":0}}