{"host":"2se5dq1do2gp0x9k","time":1611973672,"event":{"mods":["AchievementEnabler","BaseMod","Block Reminder","Colored Map","Colored Powertips","Minty Spire (QoL Compilation)","Relic Stats","StSLib","SuperFastMode"],"gold_per_floor":[109,125,200,43,55,55,87,87,87,87,12,12,30,42,42,113,113,131,148,148,167,179,179,179,179],"floor_reached":24,"language":"ENG","playtime":689,"items_purged":[],"score":396,"play_id":"0f681fdf-40ab-44ab-a665-3184878aeb93","local_time":"20210129182752","is_ascension_mode":true,"campfire_choices":[{"data":"Hyperbeam","floor":6.0,"key":"SMITH"},{"data":"Trip","floor":8.0,"key":"SMITH"},{"data":"Streamline","floor":10.0,"key":"SMITH"},{"data":"Melter","floor":12.0,"key":"SMITH"},{"floor":15.0,"key":"REST"},{"floor":23,"key":"REST"}],"circlet_count":0,"master_deck":["AscendersBane","Strike_B","Strike_B","Strike_B","Defend_B","Defend_B","Defend_B","Defend_B","Zap","Dualcast","Trip+1","Streamline+1","Rebound","Hyperbeam+1","Melter+1","Seek","Hologram","Hologram","Leap","Steam"],"relics":["Cracked Core","Frozen Egg 2","Mummified Hand","Cursed Key"],"acts_visited":["TheCity"],"potions_floor_usage":[21],"damage_taken":[{"damage":7.0,"enemies":"Jaw Worm","floor":1.0,"turns":4.0},{"damage":1.0,"enemies":"2 Louse","floor":2.0,"turns":2.0},{"damage":0.0,"enemies":"Small Slimes","floor":5.0,"turns":1.0},{"damage":10.0,"enemies":"3 Sentries","floor":7.0,"turns":3.0},{"damage":1.0,"enemies":"Looter","floor":13.0,"turns":2.0},{"damage":8.0,"enemies":"Exordium Thugs","floor":14.0,"turns":2.0},{"damage":43.0,"enemies":"The Guardian","floor":16.0,"turns":10.0},{"damage":1.0,"enemies":"2 Thieves","floor":18.0,"turns":2.0},{"damage":28.0,"enemies":"3 Byrds","floor":19.0,"turns":3.0},{"damage":0,"enemies":"Snecko","floor":21,"turns":2},{"damage":21,"enemies":"Centurion and Healer","floor":22,"turns":3},{"damage":34,"enemies":"Book of Stabbing","floor":24,"turns":3}],"seed_played":"-4325749927198846378","potions_obtained":[{"floor":2.0,"key":"BlessingOfTheForge"},{"floor":7.0,"key":"Swift Potion"},{"floor":16.0,"key":"SteroidPotion"},{"floor":18.0,"key":"PotionOfCapacity"}],"is_trial":false,"path_per_floor":["M","M","?","$","M","R","E","R","T","R","?","R","M","M","R","B",null,"M","M","?","M","M","R","E"],"character_chosen":"DEFECT","items_purchased":["Hyperbeam"],"campfire_rested":2,"item_purchase_floors":[4],"current_hp_per_floor":[57,56,45,45,45,45,35,35,35,35,35,35,34,26,47,4,54,53,25,25,25,4,25,0,0],"gold":179,"neow_bonus":"RANDOM_COLORLESS","is_daily":false,"chose_seed":false,"campfire_upgraded":4,"win_rate":0.0,"timestamp":1611973672,"path_taken":["M","M","?","$","M","R","E","R","T","R","?","R","M","M","R","BOSS","M","M","?","M","M","R","E"],"items_purchased_type":["Card"],"build_version":"2020-12-22","purchased_purges":0,"victory":false,"max_hp_per_floor":[71,71,71,71,71,71,71,71,71,71,71,71,71,71,71,71,71,71,71,71,71,71,71,71,71],"relic_stats":{"counters":[12,37],"Mummified Hand":[0],"Cursed Key":0,"obtain_stats":[{"Mummified Hand":9,"Frozen Egg 2":7,"Cracked Core":0,"Cursed Key":17},{"Mummified Hand":4,"Frozen Egg 2":4,"Cracked Core":0,"Cursed Key":7},{"Mummified Hand":10,"Frozen Egg 2":10,"Cracked Core":0,"Cursed Key":24}]},"card_choices":[{"not_picked":["Deep Breath","Discovery"],"picked":"Trip","floor":0.0},{"not_picked":["Turbo","Reinforced Body"],"picked":"Streamline","floor":1.0},{"not_picked":["Stack","BootSequence"],"picked":"Rebound","floor":2.0},{"not_picked":["Beam Cell","Barrage"],"picked":"Melter","floor":5.0},{"not_picked":["Rebound","Rip and Tear","Stack"],"picked":"SKIP","floor":7.0},{"not_picked":["Multi-Cast","Barrage","Ball Lightning"],"picked":"SKIP","floor":13.0},{"not_picked":["Coolheaded","Barrage","Sweeping Beam"],"picked":"SKIP","floor":14.0},{"not_picked":["Fission","All For One"],"picked":"Seek","floor":16.0},{"not_picked":["Blizzard","Streamline"],"picked":"Hologram","floor":18.0},{"not_picked":["Barrage","Consume"],"picked":"Hologram","floor":19.0},{"not_picked":["Coolheaded","Aggregate"],"picked":"Leap","floor":21},{"not_picked":["Beam Cell","BootSequence"],"picked":"Steam","floor":22}],"player_experience":3968256,"relics_obtained":[{"floor":7.0,"key":"Frozen Egg 2"},{"floor":9.0,"key":"Mummified Hand"}],"event_choices":[{"damage_healed":0.0,"max_hp_gain":0.0,"max_hp_loss":0.0,"gold_gain":75.0,"event_name":"World of Goop","player_choice":"Gather Gold","floor":3.0,"gold_loss":0.0,"damage_taken":11.0},{"cards_removed":["Strike_B"],"damage_healed":0.0,"max_hp_gain":0.0,"max_hp_loss":0.0,"gold_gain":0.0,"event_name":"The Cleric","player_choice":"Card Removal","floor":11.0,"gold_loss":75.0,"damage_taken":0.0},{"damage_healed":0.0,"max_hp_gain":0.0,"max_hp_loss":0.0,"gold_gain":0.0,"event_name":"The Mausoleum","player_choice":"Ignored","floor":20.0,"gold_loss":0.0,"damage_taken":0.0}],"is_beta":false,"boss_relics":[{"not_picked":["Fusion Hammer","Snecko Eye"],"picked":"Cursed Key"}],"items_purged_floors":[],"is_endless":false,"potions_floor_spawned":[2,7,16,18,19],"killed_by":"Book of Stabbing","ascension_level":20}}