{"host":"otf1z5955ddlv5pq","time":1611971032,"event":{"mods":["BaseMod","Better Altar","Better Match","Better Note","Better Sensory Stone","Better Skull","Better Third Choice","Colored Map","Colored Powertips","Downfall","Minty Spire (QoL Compilation)","Rare Cards Sparkle","StSLib","Synergy Search"],"gold_per_floor":[99,111,123,33,45,45,95,80,80,99,249,249,249,268,284,386,386,386,434,447,457,457,476,502,535,546,131,131,148,148,148,165,165,165,165],"floor_reached":33,"language":"ENG","playtime":5347,"items_purged":["champ:Defend","champ:Strike"],"score":259,"play_id":"55db8537-2eed-4af3-84f6-846fdae7c58f","local_time":"20210129174352","is_ascension_mode":false,"campfire_choices":[{"data":"champ:Taunt","floor":1.0,"key":"SMITH"},{"data":"champ:Lariat","floor":9.0,"key":"SMITH"},{"data":"champ:AdrenalArmor","floor":13.0,"key":"SMITH"},{"data":"champ:Duel","floor":18,"key":"SMITH"},{"floor":28,"key":"REST"},{"floor":30,"key":"REST"}],"circlet_count":0,"master_deck":["champ:Strike+1","champ:Strike","champ:Defend","champ:Defend","champ:Defend","champ:Execute","champ:Taunt+1","champ:AdrenalArmor+1","champ:Duel+1","champ:Lariat+1","champ:RisingSlash","champ:DeathBlow","champ:FlashCut","downfall:Icky","champ:PreciseThrust+1","champ:HoldFirm","champ:Taunt+1","champ:Lariat","champ:EnragedBash+1","champ:BringItOn","champ:Backstep","champ:CheapShot"],"relics":["champ:ChampionCrown","Boot","PreservedInsect","Whetstone","Ornamental Fan","Lantern","Chemical X"],"acts_visited":["Exordium","TheCity"],"potions_floor_usage":[21,25,33],"damage_taken":[{"damage":10.0,"enemies":"Cultist","floor":2.0,"turns":4.0},{"damage":17.0,"enemies":"Small Slimes","floor":3.0,"turns":5.0},{"damage":25.0,"enemies":"downfall:FleeingMerchant","floor":4.0,"turns":4.0},{"damage":20.0,"enemies":"2 Louse","floor":5.0,"turns":4.0},{"damage":50.0,"enemies":"downfall:FleeingMerchant","floor":8.0,"turns":4.0},{"damage":30.0,"enemies":"Red Slaver","floor":10.0,"turns":3.0},{"damage":28.0,"enemies":"Lots of Slimes","floor":14.0,"turns":4.0},{"damage":9.0,"enemies":"Blue Slaver","floor":15.0,"turns":3.0},{"damage":58.0,"enemies":"WA_ARCHETYPE_RETAIN","floor":16.0,"turns":6.0},{"damage":23,"enemies":"Chosen","floor":20,"turns":5},{"damage":21,"enemies":"3 Byrds","floor":21,"turns":5},{"damage":54,"enemies":"Sentry and Sphere","floor":23,"turns":7},{"damage":40,"enemies":"Slavers","floor":25,"turns":4},{"damage":29,"enemies":"Centurion and Healer","floor":26,"turns":7},{"damage":30,"enemies":"downfall:FleeingMerchant","floor":27,"turns":4},{"damage":12,"enemies":"3 Cultists","floor":29,"turns":6},{"damage":32,"enemies":"Snake Plant","floor":32,"turns":4},{"damage":111,"enemies":"IC_MUSHROOM_ARCHETYPE","floor":33,"turns":11}],"seed_played":"3167012787180229144","potions_obtained":[{"floor":2.0,"key":"Block Potion"},{"floor":5.0,"key":"DistilledChaos"},{"floor":10.0,"key":"champ:CounterPotion"},{"floor":12.0,"key":"downfall:CursedFountainPotion"},{"floor":15.0,"key":"DuplicationPotion"},{"floor":20,"key":"SneckoOil"},{"floor":23,"key":"AttackPotion"},{"floor":29,"key":"hexamod:SoulburnPotion"}],"is_trial":false,"path_per_floor":["R","M","M","$","M","?","T","$","R","M","?","?","R","M","M","B",null,"R","T","M","M","?","M","T","E","M","$","R","M","R","?","M","B"],"character_chosen":"THE_CHAMP","items_purchased":["Lantern","Chemical X"],"campfire_rested":2,"item_purchase_floors":[27,27],"current_hp_per_floor":[99,99,97,92,92,92,92,92,92,92,92,92,92,84,75,57,99,99,99,96,85,85,61,61,41,32,32,61,59,88,88,81,0,0,0],"gold":165,"neow_bonus":"TEN_PERCENT_HP_BONUS","is_daily":false,"chose_seed":false,"campfire_upgraded":4,"win_rate":0.0,"timestamp":1611971032,"path_taken":["R","M","M","$","M","?","T","$","R","M","?","?","R","M","M","BOSS","R","?","?","M","?","?","T","E","M","$","R","M","R","?","M","BOSS"],"items_purchased_type":["Relic","Relic"],"build_version":"2020-12-22","purchased_purges":2,"victory":false,"max_hp_per_floor":[99,99,99,99,99,99,99,99,99,99,99,99,99,99,99,99,99,99,99,99,99,99,99,99,99,99,99,99,99,99,99,99,99,99,99],"card_choices":[{"not_picked":["champ:Shatter","champ:PerfectedStrike"],"picked":"champ:AdrenalArmor","floor":2.0},{"not_picked":["champ:SetATrap","champ:DefensiveShout"],"picked":"champ:Duel","floor":3.0},{"not_picked":["champ:CrownThrow","champ:PreciseThrust"],"picked":"champ:Lariat","floor":4.0},{"not_picked":["champ:FancyFootwork","champ:GutPunch"],"picked":"champ:RisingSlash","floor":5.0},{"not_picked":["champ:AdrenalArmor","champ:FocusedBerserking"],"picked":"champ:DeathBlow","floor":8.0},{"not_picked":["champ:StanceDance","champ:FocusedDefense"],"picked":"champ:FlashCut","floor":10.0},{"not_picked":["champ:EnragedBash","champ:StanceDance"],"picked":"champ:PreciseThrust","floor":14.0},{"not_picked":["champ:FalseCounter","champ:Improvising","champ:EnragedBash"],"picked":"SKIP","floor":15.0},{"not_picked":["champ:GladiatorForm","champ:Improvising"],"picked":"champ:HoldFirm","floor":16.0},{"not_picked":["champ:RisingSlash","champ:PerfectedStrike","champ:FocusedDefense"],"picked":"SKIP","floor":20},{"not_picked":["champ:BringItOn","champ:BladeFlurry","champ:PerfectedStrike"],"picked":"SKIP","floor":21},{"not_picked":["champ:BladeFlurry","champ:PerfectedStrike+1"],"picked":"champ:Lariat","floor":23},{"not_picked":["champ:FlashCut+1","champ:Haymaker"],"picked":"champ:EnragedBash+1","floor":25},{"not_picked":["champ:BladeFlurry","champ:FocusedDefense","champ:Parry"],"picked":"SKIP","floor":26},{"not_picked":["champ:Duel","champ:Haymaker"],"picked":"champ:BringItOn","floor":27},{"not_picked":["champ:PreemptiveStrike","champ:PreciseThrust"],"picked":"champ:Backstep","floor":29},{"not_picked":["champ:AdrenalArmor","champ:MurderStrike","champ:FlashCut"],"picked":"SKIP","floor":32}],"player_experience":1201841,"relics_obtained":[{"floor":7.0,"key":"Boot"},{"floor":19,"key":"PreservedInsect"},{"floor":24,"key":"Whetstone"},{"floor":25,"key":"Ornamental Fan"}],"event_choices":[],"is_beta":false,"boss_relics":[{"not_picked":["Pandora\u0027s Box","Fusion Hammer","Busted Crown"]}],"items_purged_floors":[4,27],"is_endless":false,"potions_floor_spawned":[2,5,10,15,20,23,29],"killed_by":"IC_MUSHROOM_ARCHETYPE","ascension_level":0}}