{"host":"oeqgep2lwmjgysjb","time":1611984776,"event":{"mods":["AchievementEnabler","Aspiration","BaseMod","BetterRewards","Colored Powertips","Conspire","Custom Start","Downfall","Hubris","Infinite Spire","Minty Spire (QoL Compilation)","Quick Restart","Replay The Spire","Shop Mod","StSLib","The Runesmith"],"gold_per_floor":[109,129,145,5,5,38,38,38,38,48,48,65,99,49,49,145,145,156,3,103,118,133,133,161,161,188,8,43,55,88,102,102,204,204,222,222,16,16,16,51,51,77,77,77,95,123,137,170,170,170],"floor_reached":51,"language":"ENG","playtime":4210,"items_purged":["Strike_R","Strike_R","infinitespire:Pacifist","Bash"],"score":1520,"play_id":"a8b72209-9095-4c37-85a6-94d80b6f6d6a","local_time":"20210130163256","daily_mods":["DeadlyEvents","Elite Swarm"],"is_ascension_mode":true,"campfire_choices":[{"data":"1","floor":7,"key":"LIFT"},{"data":"2","floor":11,"key":"LIFT"},{"data":"3","floor":15,"key":"LIFT"},{"data":"conspire:Purge","floor":23,"key":"SMITH"},{"data":"Limit Break","floor":32,"key":"SMITH"},{"data":"Strike_R","floor":41,"key":"PURGE"},{"data":"Defend_R+1","floor":44,"key":"PURGE"},{"data":"Limit Break","floor":49,"key":"SMITH"}],"circlet_count":0,"master_deck":["Whirlwind","Limit Break+1","conspire:Purge+1","Evolve+1","Rupture+1","Berserk+1","Rupture+1","Combust+1","Fire Breathing+1","Berserk+1","Limit Break+1","Feed+1","Cleave","Combust+1","Reaper","Barricade+1"],"relics":["Burning Blood","hubris:CuriousFeather","infinitespire:EmpoweringShard","Girya","hubris:GlazedTorus","Membership Card","The Courier","conspire:SpecialSausage","hubris:IronBody","infinitespire:Satchel","War Paint","infinitespire:CheckeredPen","Frozen Egg 2","bronze:BronzeIdol","hubris:EmptyBottle","Du-Vu Doll","aspiration:Lifesprig","ReplayTheSpireMod:Ring of Exchange","ReplayTheSpireMod:Ring of Addiction","Chameleon Ring","SacredBark","infinitespire:PuzzleCube","Lizard Tail","conspire:Boomerang","conspire:SpecialSausage","Peace Pipe","Bag of Preparation","Oddly Smooth Stone","Bottled Flame","Sundial","Simple Rune","Guardian:GemstoneGun"],"acts_visited":["Exordium","TheCity","TheBeyond"],"potions_floor_usage":[16,16,22,22,25,25,28,33,33,42,46,47,48,50,50],"damage_taken":[{"damage":0,"enemies":"Small Slimes","floor":1,"turns":3},{"damage":0,"enemies":"Jaw Worm","floor":2,"turns":3},{"damage":0,"enemies":"2 Louse","floor":3,"turns":2},{"damage":24,"enemies":"Gremlin Nob","floor":6,"turns":4},{"damage":0,"enemies":"Lots of Slimes","floor":10,"turns":1},{"damage":2,"enemies":"Exordium Wildlife","floor":12,"turns":2},{"damage":0,"enemies":"Replay:BlueRogue","floor":13,"turns":2},{"damage":0,"enemies":"Fading Forest","floor":16,"turns":11},{"damage":15,"enemies":"2 Thieves","floor":18,"turns":2},{"damage":0,"enemies":"Spheric Guardian","floor":21,"turns":2},{"damage":0,"enemies":"3 Cultists","floor":22,"turns":1},{"damage":16,"enemies":"conspire:Head Lice","floor":24,"turns":5},{"damage":14,"enemies":"Book of Stabbing","floor":28,"turns":3},{"damage":5,"enemies":"Snake Plant","floor":29,"turns":3},{"damage":5,"enemies":"Slavers","floor":30,"turns":3},{"damage":6,"enemies":"conspire:HollyBat","floor":31,"turns":4},{"damage":7,"enemies":"Automaton","floor":33,"turns":4},{"damage":11,"enemies":"Orb Walker","floor":35,"turns":2},{"damage":15,"enemies":"Nemesis","floor":40,"turns":3},{"damage":1,"enemies":"R_Hoarder","floor":42,"turns":2},{"damage":6,"enemies":"3 Darklings","floor":45,"turns":2},{"damage":21,"enemies":"Giant Head","floor":46,"turns":4},{"damage":10,"enemies":"Spire Growth","floor":47,"turns":2},{"damage":5,"enemies":"R_Hoarder","floor":48,"turns":5},{"damage":10,"enemies":"Donu and Deca","floor":50,"turns":4}],"seed_played":"-5771402335822865739","potions_obtained":[{"floor":2,"key":"BlessingOfTheForge"},{"floor":10,"key":"Elixir"},{"floor":12,"key":"Weak Potion"},{"floor":13,"key":"bronze:BurnAndBuffPotion"},{"floor":16,"key":"ColorlessPotion"},{"floor":21,"key":"Energy Potion"},{"floor":22,"key":"BloodPotion"},{"floor":24,"key":"SkillPotion"},{"floor":25,"key":"SkillPotion"},{"floor":42,"key":"SteroidPotion"},{"floor":45,"key":"Death Potion"}],"is_trial":true,"path_per_floor":["M","M","M","$","?","E","R","?","T","M","R","M","E","$","R","B",null,"M","$","?","M","M","R","E","?","T","$","E","M","E","M","R","B",null,"M","?","$","?","AVR","E","R","E","T","R","M","E","M","E","R","B",null],"character_chosen":"IRONCLAD","items_purchased":["hubris:IronBody","bronze:BronzeIdol","Evolve+1","hubris:EmptyBottle","Dark Embrace+1","Rupture+1","Combust+1","Fire Breathing+1","Peace Pipe","Bag of Preparation","Combust+1"],"campfire_rested":0,"item_purchase_floors":[4,19,19,19,27,27,27,27,37,37,37],"current_hp_per_floor":[78,80,80,80,77,59,59,59,59,65,65,69,75,75,75,80,80,71,71,71,77,80,80,70,80,80,80,72,73,74,74,74,73,77,72,72,72,72,72,67,67,76,76,76,82,84,84,88,88,92],"gold":170,"neow_bonus":"","is_daily":false,"chose_seed":false,"campfire_upgraded":3,"win_rate":0.0,"timestamp":1611984776,"path_taken":["M","M","M","$","?","E","R","?","T","M","R","M","E","$","R","BOSS","M","$","?","M","M","R","E","?","T","$","E","M","E","M","R","BOSS","M","?","$","?","AVR","E","R","?","T","R","M","E","M","E","R","BOSS"],"items_purchased_type":["Relic","Relic","Card","Relic","Card","Card","Card","Card","Relic","Relic","Card"],"build_version":"2020-12-22","purchased_purges":4,"victory":true,"max_hp_per_floor":[80,80,80,80,80,80,80,80,80,80,80,80,80,80,80,80,80,80,80,80,80,80,80,80,80,80,80,80,80,80,80,78,78,78,78,78,76,76,76,78,78,82,82,82,82,84,88,88,88,92],"card_choices":[{"not_picked":["Run Through","Twin Strike"],"picked":"Whirlwind","floor":1},{"not_picked":["True Grit","Warcry","Replay:Undeath\u0027s Touch"],"picked":"SKIP","floor":2},{"not_picked":["Flex","Replay:Undeath\u0027s Touch","hubris:ReadiedAction"],"picked":"SKIP","floor":3},{"not_picked":["Double Tap","Demonic Infusion"],"picked":"Fiend Fire","floor":6},{"not_picked":["Wild Strike","Perfected Strike","Havoc"],"picked":"SKIP","floor":10},{"not_picked":["Anger","Clothesline"],"picked":"Limit Break","floor":12},{"not_picked":["conspire:HitWhereItHurts","Bludgeon","Hemogenesis"],"picked":"SKIP","floor":13},{"not_picked":["Brutality+1","hubris:StunningStrike"],"picked":"conspire:Purge","floor":16},{"not_picked":["Carnage","conspire:Charge","hubris:ReadiedAction"],"picked":"SKIP","floor":18},{"not_picked":["Replay:Undeath\u0027s Touch","ReplayTheSpireMod:Strike From Hell"],"picked":"Rupture+1","floor":21},{"not_picked":["True Grit","hubris:ReadiedAction"],"picked":"Armaments+1","floor":22},{"not_picked":["hubris:StunningStrike","Feed"],"picked":"Berserk+1","floor":24},{"not_picked":["Hemogenesis","conspire:Purge"],"picked":"Berserk+1","floor":28},{"not_picked":["Second Wind","Iron Wave+1","Wild Strike"],"picked":"SKIP","floor":29},{"not_picked":["Hemogenesis","Impervious"],"picked":"Limit Break","floor":30},{"not_picked":["Twin Strike","Pommel Strike","Clash"],"picked":"SKIP","floor":31},{"not_picked":["Brutality+1","Offering"],"picked":"Feed","floor":33},{"not_picked":["Heavy Blade","ReplayTheSpireMod:Stacked"],"picked":"Cleave","floor":35},{"not_picked":["Brutality+1","Demon Form+1"],"picked":"Reaper","floor":40},{"not_picked":["Demon Form+1","hubris:StunningStrike"],"picked":"Barricade+1","floor":42},{"not_picked":["Wild Strike+1","Warcry+1","Shockwave"],"picked":"SKIP","floor":45},{"not_picked":["Impervious","Exhume","Juggernaut+1"],"picked":"SKIP","floor":46},{"not_picked":["Clothesline+1","Combust+1","ReplayTheSpireMod:Stacked"],"picked":"SKIP","floor":47},{"not_picked":["Demonic Infusion","hubris:StunningStrike","Immolate"],"picked":"SKIP","floor":48}],"player_experience":333998,"relics_obtained":[{"floor":6,"key":"War Paint"},{"floor":9,"key":"infinitespire:CheckeredPen"},{"floor":13,"key":"Frozen Egg 2"},{"floor":24,"key":"aspiration:Lifesprig"},{"floor":25,"key":"ReplayTheSpireMod:Ring of Exchange"},{"floor":25,"key":"ReplayTheSpireMod:Ring of Addiction"},{"floor":25,"key":"Chameleon Ring"},{"floor":25,"key":"SacredBark"},{"floor":26,"key":"infinitespire:PuzzleCube"},{"floor":28,"key":"Lizard Tail"},{"floor":30,"key":"conspire:Boomerang"},{"floor":40,"key":"Oddly Smooth Stone"},{"floor":42,"key":"Bottled Flame"},{"floor":43,"key":"Sundial"},{"floor":46,"key":"Simple Rune"},{"floor":48,"key":"Guardian:GemstoneGun"}],"event_choices":[{"damage_healed":0,"gold_gain":0,"player_choice":"Success","damage_taken":3,"relics_obtained":["infinitespire:Satchel"],"max_hp_gain":0,"max_hp_loss":0,"event_name":"Scrap Ooze","floor":5,"gold_loss":0},{"damage_healed":0,"gold_gain":0,"player_choice":"Leave","damage_taken":0,"max_hp_gain":0,"max_hp_loss":0,"event_name":"The Cleric","floor":8,"gold_loss":0},{"damage_healed":0,"gold_gain":0,"player_choice":"Leave","damage_taken":0,"max_hp_gain":0,"max_hp_loss":0,"event_name":"conspire:Investor","floor":36,"gold_loss":0},{"damage_healed":0,"gold_gain":0,"player_choice":"Upgraded","damage_taken":0,"max_hp_gain":0,"max_hp_loss":0,"event_name":"Upgrade Shrine","floor":38,"gold_loss":0,"cards_upgraded":["Feed"]}],"is_beta":false,"boss_relics":[{"not_picked":["Painkiller Herb","Cursed Key","Ectoplasm"]},{"not_picked":["Replay:Wanted Poster","aspiration:SecretTechniqueScroll"],"picked":"conspire:SpecialSausage"}],"items_purged_floors":[4,14,27,39],"is_endless":false,"potions_floor_spawned":[2,10,12,13,16,21,22,24,29,42,45,46],"ascension_level":6}}