{"host":"i2s4iw62z1dejrqn","time":1611995841,"event":{"mods":["AchievementEnabler","BaseMod","Minty Spire (QoL Compilation)","Random Character Button","SuperFastMode"],"gold_per_floor":[118,118,118,138,138,138,170,170,222,250,250,278,278,288,288,392,392,408,422,432,100,100,100,128,128,128,128,148,181,181,199,199,303,303,315,326,182,193,193,193,219,238,265,265,49,101,101,131,131,131,131,131,26,61,61],"floor_reached":56,"language":"KOR","playtime":3124,"items_purged":["Strike_R","Strike_R","Defend_R"],"score":1671,"play_id":"f44c00a4-4ceb-40ae-b075-5320cfa68577","local_time":"20210130173721","is_ascension_mode":true,"campfire_choices":[{"floor":6.0,"key":"REST"},{"data":"Spot Weakness","floor":11.0,"key":"SMITH"},{"data":"Berserk","floor":13.0,"key":"SMITH"},{"data":"Barricade","floor":15.0,"key":"SMITH"},{"data":"Uppercut","floor":23,"key":"SMITH"},{"data":"Immolate","floor":25,"key":"SMITH"},{"data":"Immolate","floor":32,"key":"SMITH"},{"data":"Limit Break","floor":40,"key":"SMITH"},{"data":"Limit Break","floor":44,"key":"SMITH"},{"floor":47,"key":"RECALL"},{"data":"Double Tap","floor":49,"key":"SMITH"},{"data":"Flame Barrier","floor":52,"key":"SMITH"}],"circlet_count":0,"master_deck":["Strike_R+1","Defend_R+1","Bash+1","Shrug It Off","Spot Weakness+1","Barricade+1","Berserk+1","Exhume","Intimidate","Immolate+1","Uppercut+1","Immolate+1","Headbutt+1","Flame Barrier+1","Impervious","Shockwave","True Grit+1","Impervious","Limit Break+1","Double Tap+1","Evolve","Pommel Strike+1","Whirlwind","Limit Break+1","Entrench","Purity","Heavy Blade+1","Fire Breathing","Dark Shackles","Heavy Blade+1"],"relics":["Burning Blood","Pocketwatch","Question Card","Strawberry","Toy Ornithopter","Anchor","Happy Flower","Mark of Pain","Membership Card","PreservedInsect","Oddly Smooth Stone","Omamori","Gremlin Horn","Necronomicon","Snecko Eye","Chemical X","Juzu Bracelet","Ancient Tea Set","Bronze Scales","Prayer Wheel","Bag of Marbles","HornCleat"],"acts_visited":["Exordium","TheCity","TheBeyond","TheEnding"],"potions_floor_usage":[31,38,55,55,55],"damage_taken":[{"damage":0.0,"enemies":"2 Louse","floor":1.0,"turns":3.0},{"damage":1.0,"enemies":"Cultist","floor":4.0,"turns":3.0},{"damage":23.0,"enemies":"3 Sentries","floor":7.0,"turns":7.0},{"damage":24.0,"enemies":"Lagavulin","floor":10.0,"turns":6.0},{"damage":10.0,"enemies":"Gremlin Nob","floor":12.0,"turns":3.0},{"damage":4.0,"enemies":"Small Slimes","floor":14.0,"turns":5.0},{"damage":20.0,"enemies":"Slime Boss","floor":16.0,"turns":12.0},{"damage":22.0,"enemies":"3 Byrds","floor":18.0,"turns":4.0},{"damage":20.0,"enemies":"2 Thieves","floor":19.0,"turns":3.0},{"damage":0.0,"enemies":"Snecko","floor":20.0,"turns":5.0},{"damage":3,"enemies":"Book of Stabbing","floor":24,"turns":4},{"damage":27,"enemies":"Shelled Parasite and Fungi","floor":28,"turns":4},{"damage":3,"enemies":"Gremlin Leader","floor":29,"turns":3},{"damage":0,"enemies":"Sentry and Sphere","floor":31,"turns":3},{"damage":35,"enemies":"Champ","floor":33,"turns":7},{"damage":3,"enemies":"3 Darklings","floor":35,"turns":2},{"damage":0,"enemies":"3 Shapes","floor":36,"turns":2},{"damage":5,"enemies":"3 Darklings","floor":38,"turns":2},{"damage":0,"enemies":"Nemesis","floor":41,"turns":4},{"damage":0,"enemies":"4 Shapes","floor":42,"turns":1},{"damage":5,"enemies":"2 Orb Walkers","floor":46,"turns":5},{"damage":0,"enemies":"Reptomancer","floor":48,"turns":3},{"damage":63,"enemies":"Awakened One","floor":50,"turns":6},{"damage":0,"enemies":"Shield and Spear","floor":54,"turns":2},{"damage":66,"enemies":"The Heart","floor":55,"turns":8}],"seed_played":"2332192562878435932","potions_obtained":[{"floor":10.0,"key":"ColorlessPotion"},{"floor":12.0,"key":"Block Potion"},{"floor":14.0,"key":"ColorlessPotion"},{"floor":19.0,"key":"LiquidBronze"},{"floor":24,"key":"DistilledChaos"},{"floor":28,"key":"Regen Potion"},{"floor":35,"key":"SneckoOil"},{"floor":38,"key":"Strength Potion"},{"floor":48,"key":"Regen Potion"}],"is_trial":false,"path_per_floor":["M","?","?","M","?","R","E","T","T","E","R","E","R","M","R","B",null,"M","M","M","$","?","R","E","R","T","?","M","E","?","M","R","B",null,"M","M","$","M","?","R","E","M","T","R","$","?","R","E","R","B",null,"R","$","E","B",null],"character_chosen":"IRONCLAD","items_purchased":["Membership Card","PreservedInsect","Oddly Smooth Stone","Evolve","Chemical X","Bronze Scales","Entrench","Purity","Fire Breathing","PowerPotion","Dark Shackles"],"campfire_rested":1,"item_purchase_floors":[21,21,21,37,37,45,45,45,53,53,53],"current_hp_per_floor":[57,50,50,55,39,63,46,53,53,35,35,36,36,38,38,34,74,58,44,50,50,50,50,53,53,53,53,32,35,19,39,39,10,68,71,77,77,83,83,83,87,87,87,87,87,87,87,87,87,30,73,73,73,79,47],"gold":61,"neow_bonus":"ONE_RARE_RELIC","is_daily":false,"chose_seed":false,"campfire_upgraded":10,"win_rate":0.0,"timestamp":1611995841,"path_taken":["M","?","?","?","?","R","E","?","T","E","R","E","R","M","R","BOSS","M","M","M","$","?","R","E","R","T","?","M","E","?","M","R","BOSS","M","M","$","M","?","R","E","M","T","R","$","?","R","E","R","BOSS","R","$","E","BOSS"],"items_purchased_type":["Relic","Relic","Relic","Card","Relic","Relic","Card","Card","Card","Potion","Card"],"build_version":"2020-12-22","purchased_purges":3,"victory":true,"max_hp_per_floor":[80,80,80,80,80,80,80,87,87,87,87,87,87,87,87,87,87,87,87,87,87,87,87,87,87,87,87,87,87,87,87,87,87,87,87,87,87,87,87,87,87,87,87,87,87,87,87,87,87,87,87,87,87,87,87],"card_choices":[{"not_picked":["Heavy Blade","Perfected Strike"],"picked":"Shrug It Off","floor":1.0},{"not_picked":["True Grit","Clash"],"picked":"Spot Weakness","floor":4.0},{"not_picked":["Warcry","Bloodletting"],"picked":"Barricade","floor":7.0},{"not_picked":["Evolve","Dual Wield","Clothesline"],"picked":"Berserk","floor":10.0},{"not_picked":["Perfected Strike","Pummel","Rage"],"picked":"Exhume","floor":12.0},{"not_picked":["Clash","Twin Strike","Rage"],"picked":"Intimidate","floor":14.0},{"not_picked":["Brutality","Fiend Fire","Impervious"],"picked":"Immolate","floor":16.0},{"not_picked":["Iron Wave","True Grit","Pummel"],"picked":"Uppercut","floor":18.0},{"not_picked":["Reckless Charge+1","Sever Soul","Shrug It Off","Wild Strike"],"picked":"SKIP","floor":19.0},{"not_picked":["Warcry","Intimidate","Clothesline"],"picked":"Immolate","floor":20.0},{"not_picked":["Flex+1","Ghostly Armor","Body Slam"],"picked":"Headbutt+1","floor":24},{"not_picked":["Flame Barrier","Flex+1","Bludgeon"],"picked":"Shockwave","floor":28},{"not_picked":["Perfected Strike","Uppercut+1","Thunderclap"],"picked":"True Grit+1","floor":29},{"not_picked":["Combust+1","Pummel","Pommel Strike"],"picked":"Impervious","floor":31},{"not_picked":["Exhume","Impervious","Demon Form"],"picked":"Limit Break","floor":33},{"not_picked":["Warcry","Cleave","Clothesline"],"picked":"Double Tap","floor":35},{"not_picked":["Twin Strike+1","Anger","Sword Boomerang","Cleave+1"],"picked":"SKIP","floor":36},{"not_picked":["Shrug It Off","Hemokinesis","Metallicize+1"],"picked":"Pommel Strike+1","floor":38},{"not_picked":["True Grit+1","Metallicize+1","Dual Wield+1"],"picked":"Whirlwind","floor":41},{"not_picked":["Iron Wave","Pommel Strike+1","Armaments"],"picked":"Limit Break","floor":42},{"not_picked":["Thunderclap+1","Dual Wield+1","True Grit"],"picked":"Heavy Blade+1","floor":46},{"not_picked":["Iron Wave","Sword Boomerang","Armaments+1","Pummel"],"picked":"SKIP","floor":48},{"not_picked":["Carnage+1","Clash+1","Fiend Fire"],"picked":"Heavy Blade+1","floor":54}],"player_experience":442408,"relics_obtained":[{"floor":7.0,"key":"Question Card"},{"floor":8.0,"key":"Strawberry"},{"floor":9.0,"key":"Toy Ornithopter"},{"floor":10.0,"key":"Anchor"},{"floor":12.0,"key":"Happy Flower"},{"floor":24,"key":"Omamori"},{"floor":29,"key":"Gremlin Horn"},{"floor":30,"key":"Necronomicon"},{"floor":41,"key":"Juzu Bracelet"},{"floor":43,"key":"Ancient Tea Set"},{"floor":46,"key":"Prayer Wheel"},{"floor":48,"key":"Bag of Marbles"},{"floor":54,"key":"HornCleat"}],"event_choices":[{"cards_removed":["Strike_R"],"damage_healed":0.0,"max_hp_gain":0.0,"max_hp_loss":0.0,"gold_gain":0.0,"event_name":"Golden Wing","player_choice":"Card Removal","floor":2.0,"gold_loss":0.0,"damage_taken":7.0},{"damage_healed":0.0,"max_hp_gain":0.0,"max_hp_loss":0.0,"gold_gain":0.0,"event_name":"Accursed Blacksmith","player_choice":"Forge","floor":3.0,"gold_loss":0.0,"damage_taken":0.0,"cards_upgraded":["Bash"]},{"damage_healed":0.0,"max_hp_gain":0.0,"max_hp_loss":0.0,"gold_gain":0.0,"event_name":"Shining Light","player_choice":"Entered Light","floor":5.0,"gold_loss":0.0,"damage_taken":16.0,"cards_upgraded":["Defend_R","Strike_R"]},{"cards_removed":["Defend_R"],"damage_healed":0,"gold_gain":0,"player_choice":"Elegance","damage_taken":0,"max_hp_gain":0,"max_hp_loss":0,"event_name":"Back to Basics","floor":22,"gold_loss":0},{"damage_healed":0,"gold_gain":0,"cards_transformed":["Strike_R","Defend_R"],"player_choice":"Became Test Subject","damage_taken":0,"max_hp_gain":0,"max_hp_loss":0,"event_name":"Drug Dealer","floor":27,"gold_loss":0,"cards_obtained":["Flame Barrier","Impervious"]},{"damage_healed":0,"gold_gain":0,"player_choice":"Obtained Book","damage_taken":16,"max_hp_gain":0,"max_hp_loss":0,"event_name":"Cursed Tome","floor":30,"gold_loss":0},{"damage_healed":0,"gold_gain":0,"player_choice":"Ignored","damage_taken":0,"max_hp_gain":0,"max_hp_loss":0,"event_name":"Tomb of Lord Red Mask","floor":39,"gold_loss":0},{"damage_healed":0,"gold_gain":0,"player_choice":"Fight","damage_taken":0,"max_hp_gain":0,"max_hp_loss":0,"event_name":"Mysterious Sphere","floor":46,"gold_loss":0}],"is_beta":false,"boss_relics":[{"not_picked":["Fusion Hammer","Busted Crown"],"picked":"Mark of Pain"},{"not_picked":["SacredBark","Tiny House"],"picked":"Snecko Eye"}],"items_purged_floors":[21,37,45],"is_endless":false,"potions_floor_spawned":[10,12,14,19,24,28,35,38,48],"ascension_level":7}}