{"host":"684z1xpuwaoqmmh1","time":1611986782,"event":{"mods":["BaseMod","Downfall","Hermit","Jorbs\u0027s Wanderer Trilogy","Marisa????????","Minty Spire (QoL Compilation)","Robot Space Explorer","Shade Mod","StSLib","The Bug Knight","The Cursed","The Dragon Tamer","The Hayseed","The Hierophant","The Marked","The Mystic","The Runesmith","The Senshi"],"gold_per_floor":[115,115,131,142,156,184,184,214,261,286,286,303,338,357,357,454,454,473,473,111,92,112,146,158,158,158],"floor_reached":25,"language":"ENG","playtime":1232,"items_purged":["Shame"],"score":344,"play_id":"6aa9932e-840f-481c-bb9e-8bfc8c612d7d","local_time":"20210130080622","is_ascension_mode":true,"campfire_choices":[{"floor":7.0,"key":"REST"},{"floor":11.0,"key":"REST"},{"data":"theMarked:Toughness","floor":15.0,"key":"SMITH"}],"circlet_count":0,"master_deck":["theMarked:Strike","theMarked:Strike","theMarked:Strike","theMarked:Strike","theMarked:Strike","theMarked:Defend","theMarked:Defend","theMarked:Defend","theMarked:Defend","theMarked:SoldierOfQuellstein","theMarked:MysticalArsenal","theMarked:SwordAndMagic","theMarked:BanishingStrike","theMarked:ParalyzingBlade","theMarked:TakeCover","theMarked:Toughness+1","theMarked:TakeCover","theMarked:SuspiciousRaven","theMarked:EnhanceMovement","theMarked:RogueSparks","theMarked:TwofoldDefense","theMarked:Abjuration","theMarked:Generate+1","theMarked:Standoff+1","theMarked:Heritage+1","theMarked:Opportunist+1","theMarked:Overcharge","theMarked:Memento","theMarked:SuspiciousRaven"],"relics":["theMarked:ArtifactOfAir","Blood Vial","The Courier","Nunchaku","MealTicket","StrikeDummy","theMarked:SpiritSword","Frozen Egg 2","OrangePellets","InkBottle"],"acts_visited":["Exordium","TheCity"],"potions_floor_usage":[23,23,24],"damage_taken":[{"damage":2.0,"enemies":"2 Louse","floor":1.0,"turns":4.0},{"damage":0.0,"enemies":"Small Slimes","floor":3.0,"turns":4.0},{"damage":7.0,"enemies":"Jaw Worm","floor":4.0,"turns":3.0},{"damage":13.0,"enemies":"Blue Slaver","floor":5.0,"turns":2.0},{"damage":11.0,"enemies":"3 Sentries","floor":6.0,"turns":11.0},{"damage":34.0,"enemies":"Gremlin Nob","floor":8.0,"turns":5.0},{"damage":15.0,"enemies":"3 Sentries","floor":10.0,"turns":9.0},{"damage":0.0,"enemies":"Large Slime","floor":12.0,"turns":5.0},{"damage":25.0,"enemies":"Gremlin Nob","floor":13.0,"turns":4.0},{"damage":0.0,"enemies":"2 Fungi Beasts","floor":14.0,"turns":2.0},{"damage":9.0,"enemies":"Hexaghost","floor":16.0,"turns":9.0},{"damage":3.0,"enemies":"Shell Parasite","floor":18.0,"turns":5.0},{"damage":12,"enemies":"2 Thieves","floor":21,"turns":4},{"damage":11,"enemies":"Snecko","floor":22,"turns":6},{"damage":33,"enemies":"Slavers","floor":23,"turns":6},{"damage":11,"enemies":"Shelled Parasite and Fungi","floor":24,"turns":5},{"damage":21,"enemies":"Book of Stabbing","floor":25,"turns":2}],"seed_played":"-6325137088469522392","potions_obtained":[{"floor":3.0,"key":"SkillPotion"},{"floor":4.0,"key":"bronze:BurnAndBuffPotion"},{"floor":13.0,"key":"LiquidMemories"},{"floor":14.0,"key":"AttackPotion"},{"floor":16.0,"key":"Energy Potion"},{"floor":21,"key":"Explosive Potion"},{"floor":23,"key":"Block Potion"}],"is_trial":false,"path_per_floor":["M","?","M","M","M","E","R","E","T","E","R","M","E","M","R","B",null,"M","?","$","M","M","E","M","E"],"character_chosen":"THE_DEFAULT","items_purchased":["theMarked:Standoff+1","theMarked:Heritage+1","theMarked:Opportunist+1","OrangePellets"],"campfire_rested":2,"item_purchase_floors":[20,20,20,20],"current_hp_per_floor":[61,66,66,59,46,35,57,25,25,12,34,36,13,15,15,8,58,57,57,72,62,53,22,13,0,0],"gold":158,"neow_bonus":"THREE_CARDS","is_daily":false,"chose_seed":false,"campfire_upgraded":1,"win_rate":0.0,"timestamp":1611986782,"path_taken":["M","?","M","M","M","E","R","E","T","E","R","M","E","M","R","BOSS","M","?","$","M","M","E","M","E"],"items_purchased_type":["Card","Card","Card","Relic"],"build_version":"2020-12-22","purchased_purges":1,"victory":false,"max_hp_per_floor":[70,75,75,75,75,75,75,75,75,75,75,75,75,75,75,75,75,75,75,75,75,75,75,75,75,75],"card_choices":[{"not_picked":["theMarked:TakeCover","theMarked:WastefulAttack"],"picked":"theMarked:MysticalArsenal","floor":0.0},{"not_picked":["theMarked:Frustration","theMarked:Generate"],"picked":"theMarked:SwordAndMagic","floor":1.0},{"not_picked":["theMarked:WastefulAttack","theMarked:ChainLightning"],"picked":"theMarked:BanishingStrike","floor":3.0},{"not_picked":["theMarked:AttractMetal","theMarked:SwordAndMagic"],"picked":"theMarked:ParalyzingBlade","floor":4.0},{"not_picked":["theMarked:WastefulAttack","theMarked:Convert"],"picked":"theMarked:TakeCover","floor":5.0},{"not_picked":["theMarked:EmpowerWeapon","theMarked:HeightenedSenses"],"picked":"theMarked:Toughness","floor":6.0},{"not_picked":["theMarked:Frustration","theMarked:Parkour"],"picked":"theMarked:TakeCover","floor":8.0},{"not_picked":["theMarked:ResourceFulStrike","theMarked:ChainLightning"],"picked":"theMarked:SuspiciousRaven","floor":10.0},{"not_picked":["theMarked:Reabsorb","theMarked:Convert"],"picked":"theMarked:EnhanceMovement","floor":12.0},{"not_picked":["theMarked:ParalyzingBlade","theMarked:Frustration"],"picked":"theMarked:RogueSparks","floor":13.0},{"not_picked":["theMarked:ParalyzingBlade","theMarked:CreepingChasm"],"picked":"theMarked:TwofoldDefense","floor":14.0},{"not_picked":["theMarked:Vacuum","theMarked:MagusForm"],"picked":"theMarked:Abjuration","floor":16.0},{"not_picked":["theMarked:TwofoldDefense","theMarked:TakeCover+1"],"picked":"theMarked:Generate+1","floor":18.0},{"not_picked":["theMarked:ResourceFulStrike","theMarked:StartUp"],"picked":"theMarked:Overcharge","floor":21},{"not_picked":["theMarked:ResourceFulStrike","theMarked:Friction"],"picked":"theMarked:Memento","floor":22},{"not_picked":["theMarked:TakeCover","theMarked:Parkour","theMarked:ElectricStrings"],"picked":"SKIP","floor":23},{"not_picked":["theMarked:ResourceFulStrike+1","theMarked:EnhanceMovement"],"picked":"theMarked:SuspiciousRaven","floor":24}],"player_experience":3003089,"relics_obtained":[{"floor":6.0,"key":"Blood Vial"},{"floor":8.0,"key":"The Courier"},{"floor":9.0,"key":"Nunchaku"},{"floor":10.0,"key":"MealTicket"},{"floor":13.0,"key":"StrikeDummy"},{"floor":23,"key":"InkBottle"}],"event_choices":[{"damage_healed":0.0,"max_hp_gain":5.0,"max_hp_loss":0.0,"gold_gain":0.0,"event_name":"Big Fish","player_choice":"Donut","floor":2.0,"gold_loss":0.0,"damage_taken":0.0},{"damage_healed":0.0,"max_hp_gain":0.0,"max_hp_loss":0.0,"gold_gain":0.0,"event_name":"Addict","player_choice":"Stole Relic","floor":19.0,"gold_loss":0.0,"damage_taken":0.0,"relics_obtained":["Frozen Egg 2"],"cards_obtained":["Shame"]}],"is_beta":false,"boss_relics":[{"not_picked":["theSenshi:MoonKaleidoScopeRelic","Runic Pyramid"],"picked":"theMarked:SpiritSword"}],"items_purged_floors":[20],"is_endless":false,"potions_floor_spawned":[3,4,13,14,16,21,23],"killed_by":"Book of Stabbing","ascension_level":7}}