{"host":"snjtcuf7krqplf70","time":1611993280,"event":{"mods":["AchievementEnabler","BaseMod","Colored Map","Colored Powertips","Minty Spire (QoL Compilation)","StSLib"],"gold_per_floor":[116,135,59,134,134,161,178,188,261,261,261,280,296,221,221,325,325,339,339,9,19,31,56,56,56],"floor_reached":24,"language":"ENG","playtime":2398,"items_purged":["Strike_B","Strike_B"],"score":229,"play_id":"ee88c34d-b18e-4dec-a3d2-3b07ae62aa6c","local_time":"20210129235440","is_ascension_mode":true,"campfire_choices":[{"data":"Darkness","floor":10,"key":"SMITH"},{"floor":15,"key":"REST"}],"circlet_count":0,"master_deck":["Strike_B","Defend_B","Defend_B","Defend_B","Defend_B","Zap","Dualcast","Darkness+1","Compile Driver","Conserve Battery","Fusion","Hologram","Turbo","Double Energy","Gash","Go for the Eyes","Multi-Cast","CurseOfTheBell","Defragment+1","Skim","Gash+1","Darkness"],"relics":["Cracked Core","CaptainsWheel","Cables","Orichalcum","Calling Bell","Bag of Marbles","Molten Egg 2","StoneCalendar","ClockworkSouvenir","Toy Ornithopter"],"acts_visited":["Exordium","TheCity"],"potions_floor_usage":[13,16,18,21,23],"damage_taken":[{"damage":0,"enemies":"Cultist","floor":1,"turns":3},{"damage":3,"enemies":"Jaw Worm","floor":2,"turns":3},{"damage":30,"enemies":"Gremlin Nob","floor":6,"turns":4},{"damage":5,"enemies":"2 Louse","floor":7,"turns":3},{"damage":7,"enemies":"2 Fungi Beasts","floor":8,"turns":3},{"damage":11,"enemies":"Blue Slaver","floor":12,"turns":4},{"damage":0,"enemies":"Lots of Slimes","floor":13,"turns":4},{"damage":26,"enemies":"The Guardian","floor":16,"turns":8},{"damage":10,"enemies":"3 Byrds","floor":18,"turns":4},{"damage":10,"enemies":"Shell Parasite","floor":21,"turns":6},{"damage":12,"enemies":"Snecko","floor":22,"turns":4},{"damage":37,"enemies":"Slavers","floor":23,"turns":3},{"damage":14,"enemies":"Masked Bandits","floor":24,"turns":2}],"seed_played":"-3575914381633627205","potions_obtained":[{"floor":6,"key":"Swift Potion"},{"floor":12,"key":"FearPotion"},{"floor":13,"key":"AttackPotion"},{"floor":16,"key":"FocusPotion"},{"floor":22,"key":"Fire Potion"},{"floor":23,"key":"FearPotion"}],"is_trial":false,"path_per_floor":["M","M","$","?","?","E","M","M","T","R","?","M","M","$","R","B",null,"M","?","$","M","M","E","?"],"character_chosen":"DEFECT","items_purchased":["Fusion","Skim","ClockworkSouvenir"],"campfire_rested":1,"item_purchase_floors":[3,20,20],"current_hp_per_floor":[75,72,72,61,66,36,31,24,24,24,17,6,6,6,30,4,80,70,70,70,60,48,11,0,0],"gold":56,"neow_bonus":"TRANSFORM_CARD","is_daily":false,"chose_seed":false,"campfire_upgraded":1,"win_rate":0.0,"timestamp":1611993280,"path_taken":["M","M","?","?","?","E","M","M","T","R","?","?","M","$","R","BOSS","M","?","$","M","?","E","?"],"items_purchased_type":["Card","Card","Relic"],"build_version":"2020-12-22","purchased_purges":2,"victory":false,"max_hp_per_floor":[75,75,75,75,80,80,80,80,80,80,80,80,80,80,80,80,80,80,80,80,80,80,80,80,80],"card_choices":[{"not_picked":["Hologram","Rebound"],"picked":"Compile Driver","floor":1},{"not_picked":["Go for the Eyes","Tempest"],"picked":"Conserve Battery","floor":2},{"not_picked":["Thunder Strike","Cold Snap"],"picked":"Hologram","floor":6},{"not_picked":["Hologram","Streamline"],"picked":"Turbo","floor":7},{"not_picked":["Scrape","Streamline"],"picked":"Double Energy","floor":8},{"not_picked":["Chill","Sunder"],"picked":"Gash","floor":12},{"not_picked":["Streamline","Multi-Cast"],"picked":"Go for the Eyes","floor":13},{"not_picked":["Rainbow","Thunder Strike"],"picked":"Multi-Cast","floor":16},{"not_picked":["Self Repair+1","White Noise"],"picked":"Defragment","floor":18},{"not_picked":["Go for the Eyes+1","Melter+1"],"picked":"Gash+1","floor":21},{"not_picked":["Hello World","Rebound+1"],"picked":"Darkness","floor":22},{"not_picked":["Hello World+1","Capacitor+1","Ball Lightning+1"],"picked":"SKIP","floor":23}],"player_experience":175498,"relics_obtained":[{"floor":6,"key":"CaptainsWheel"},{"floor":9,"key":"Cables"},{"floor":17,"key":"Bag of Marbles"},{"floor":17,"key":"Molten Egg 2"},{"floor":17,"key":"StoneCalendar"},{"floor":23,"key":"Toy Ornithopter"}],"event_choices":[{"damage_healed":0,"gold_gain":75,"player_choice":"Gather Gold","damage_taken":11,"max_hp_gain":0,"max_hp_loss":0,"event_name":"World of Goop","floor":4,"gold_loss":0},{"damage_healed":0,"gold_gain":0,"player_choice":"Donut","damage_taken":0,"max_hp_gain":5,"max_hp_loss":0,"event_name":"Big Fish","floor":5,"gold_loss":0},{"damage_healed":0,"gold_gain":0,"player_choice":"Success","damage_taken":7,"relics_obtained":["Orichalcum"],"max_hp_gain":0,"max_hp_loss":0,"event_name":"Scrap Ooze","floor":11,"gold_loss":0},{"damage_healed":0,"gold_gain":0,"player_choice":"Forge","damage_taken":0,"max_hp_gain":0,"max_hp_loss":0,"event_name":"Accursed Blacksmith","floor":19,"gold_loss":0,"cards_upgraded":["Defragment"]},{"damage_healed":0,"gold_gain":0,"player_choice":"Fought Bandits","damage_taken":0,"max_hp_gain":0,"max_hp_loss":0,"event_name":"Masked Bandits","floor":24,"gold_loss":0}],"is_beta":false,"boss_relics":[{"not_picked":["Snecko Eye","Cursed Key"],"picked":"Calling Bell"}],"items_purged_floors":[14,20],"is_endless":false,"potions_floor_spawned":[6,12,13,16,22,23],"killed_by":"Masked Bandits","ascension_level":1}}