{"host":"tq99ucv8ezzqzioe","time":1611970397,"event":{"mods":["BaseMod","Colored Map","Downfall","Highlight Path","Minty Spire (QoL Compilation)","StSLib"],"gold_per_floor":[113,113,131,206,218,251,251,268,292,292,306,306,334,334,334,438,438,455,555,571,589,370,370,124,140,167,201,201,217,64,91,91,187,187,203,203,203,214,59,59,93,93,93,121,121,121,154,164,164,164,164],"floor_reached":50,"language":"ENG","playtime":2305,"items_purged":["Strike_R","Strike_R"],"score":831,"play_id":"850caeae-8159-4f0e-8740-f3c0aed8f5d8","local_time":"20210129203317","is_ascension_mode":true,"campfire_choices":[{"floor":10,"key":"REST"},{"floor":12,"key":"RECALL"},{"data":"Limit Break","floor":15,"key":"SMITH"},{"floor":23,"key":"REST"},{"data":"Defend_R","floor":28,"key":"SMITH"},{"data":"Corruption","floor":32,"key":"SMITH"},{"floor":40,"key":"REST"},{"floor":42,"key":"REST"},{"floor":45,"key":"REST"},{"floor":49,"key":"REST"}],"circlet_count":0,"master_deck":["Strike_R","Strike_R","Defend_R+1","Defend_R","Defend_R+1","Defend_R+1","Bash+1","Brutality","Clash+1","Clash","Clash","Pummel","Inflame","Limit Break+1","Feed","Rupture","Spot Weakness+1","Shrug It Off","Iron Wave","Corruption+1","Heavy Blade","Limit Break","Deep Breath","Headbutt+1","Clash+1","Shrug It Off+1","Heavy Blade+1"],"relics":["Burning Blood","Potion Belt","Vajra","Art of War","Sozu","Red Skull","Sling","Boot","Calipers","Lee\u0027s Waffle","Bronze Scales","Fusion Hammer","DollysMirror","Turnip","War Paint","Frozen Egg 2","Regal Pillow"],"acts_visited":["Exordium","TheCity","TheBeyond"],"potions_floor_usage":[6,18,27,27],"damage_taken":[{"damage":3,"enemies":"2 Louse","floor":1,"turns":5},{"damage":2,"enemies":"Cultist","floor":3,"turns":3},{"damage":5,"enemies":"Jaw Worm","floor":5,"turns":3},{"damage":57,"enemies":"3 Sentries","floor":6,"turns":14},{"damage":3,"enemies":"Blue Slaver","floor":8,"turns":3},{"damage":3,"enemies":"Lots of Slimes","floor":11,"turns":2},{"damage":18,"enemies":"Lagavulin","floor":13,"turns":5},{"damage":25,"enemies":"Hexaghost","floor":16,"turns":7},{"damage":21,"enemies":"3 Byrds","floor":18,"turns":4},{"damage":23,"enemies":"2 Thieves","floor":20,"turns":3},{"damage":19,"enemies":"Snake Plant","floor":21,"turns":2},{"damage":18,"enemies":"Snecko","floor":25,"turns":4},{"damage":12,"enemies":"Book of Stabbing","floor":27,"turns":3},{"damage":0,"enemies":"Centurion and Healer","floor":29,"turns":4},{"damage":45,"enemies":"Slavers","floor":31,"turns":4},{"damage":52,"enemies":"Champ","floor":33,"turns":7},{"damage":17,"enemies":"Orb Walker","floor":35,"turns":2},{"damage":27,"enemies":"3 Shapes","floor":38,"turns":3},{"damage":40,"enemies":"Giant Head","floor":41,"turns":6},{"damage":11,"enemies":"Reptomancer","floor":44,"turns":4},{"damage":58,"enemies":"Nemesis","floor":47,"turns":5},{"damage":2,"enemies":"3 Darklings","floor":48,"turns":3},{"damage":102,"enemies":"Time Eater","floor":50,"turns":5}],"seed_played":"-3939573770920666686","potions_obtained":[{"floor":1,"key":"FearPotion"},{"floor":5,"key":"BloodPotion"},{"floor":11,"key":"ColorlessPotion"},{"floor":16,"key":"AttackPotion"}],"is_trial":false,"path_per_floor":["M","?","M","?","M","E","?","M","T","R","M","R","E","T","R","B",null,"M","?","M","M","$","R","$","M","T","E","R","M","$","E","R","B",null,"M","?","?","M","$","R","E","R","T","E","R","?","E","M","R","B"],"character_chosen":"IRONCLAD","items_purchased":["Red Skull","Sling","Lee\u0027s Waffle","DollysMirror"],"campfire_rested":6,"item_purchase_floors":[22,24,30,39],"current_hp_per_floor":[75,80,84,73,74,40,23,26,26,51,54,54,42,42,42,23,70,58,58,44,31,31,58,58,46,46,40,40,49,101,65,65,19,83,72,72,72,51,51,82,48,79,79,74,104,104,52,56,102,0,0],"gold":164,"neow_bonus":"ONE_RANDOM_RARE_CARD","is_daily":false,"chose_seed":false,"campfire_upgraded":3,"win_rate":0.0,"timestamp":1611970397,"path_taken":["M","?","M","?","M","E","?","M","T","R","M","R","E","?","R","BOSS","M","?","M","?","?","R","$","M","T","E","R","M","$","E","R","BOSS","M","?","?","?","$","R","E","R","T","E","R","?","E","?","R","BOSS"],"items_purchased_type":["Relic","Relic","Relic","Relic"],"build_version":"2020-12-22","purchased_purges":2,"victory":false,"max_hp_per_floor":[80,85,85,85,85,85,85,85,85,85,85,85,85,85,85,85,85,88,88,91,91,91,91,91,91,91,91,91,94,101,104,104,104,104,104,104,104,104,104,104,104,104,104,104,104,104,104,104,104,104,104],"card_choices":[{"not_picked":["Heavy Blade","Wild Strike"],"picked":"Clash","floor":1},{"not_picked":["Headbutt","Clothesline"],"picked":"Clash","floor":3},{"not_picked":["Disarm","Armaments","Bloodletting"],"picked":"SKIP","floor":5},{"not_picked":["Dropkick","Iron Wave"],"picked":"Clash","floor":6},{"not_picked":["Body Slam","Shrug It Off"],"picked":"Pummel","floor":8},{"not_picked":["Disarm","Flex"],"picked":"Inflame","floor":11},{"not_picked":["Sword Boomerang","Uppercut"],"picked":"Limit Break","floor":13},{"not_picked":["Bludgeon","Offering"],"picked":"Feed","floor":16},{"not_picked":["Rampage","Flame Barrier+1"],"picked":"Rupture","floor":18},{"not_picked":["Perfected Strike","Wild Strike"],"picked":"Spot Weakness+1","floor":20},{"not_picked":["Perfected Strike","Bloodletting+1"],"picked":"Shrug It Off","floor":21},{"not_picked":["Body Slam","Sword Boomerang","Anger"],"picked":"SKIP","floor":25},{"not_picked":["Twin Strike","Fire Breathing"],"picked":"Iron Wave","floor":27},{"not_picked":["True Grit","Anger+1"],"picked":"Corruption","floor":29},{"not_picked":["Cleave","Perfected Strike"],"picked":"Heavy Blade","floor":31},{"not_picked":["Feed","Reaper"],"picked":"Limit Break","floor":33},{"not_picked":["Clothesline","Body Slam","Bloodletting"],"picked":"SKIP","floor":35},{"not_picked":["Madness","Chrysalis"],"picked":"Deep Breath","floor":36},{"not_picked":["Body Slam","Bloodletting+1"],"picked":"Headbutt+1","floor":38},{"not_picked":["Warcry","Twin Strike+1"],"picked":"Shrug It Off+1","floor":41},{"not_picked":["Sever Soul+1","Sword Boomerang+1"],"picked":"Heavy Blade+1","floor":44},{"not_picked":["Body Slam+1","Clothesline","Havoc"],"picked":"SKIP","floor":47},{"not_picked":["Havoc+1","Perfected Strike+1","Cleave+1"],"picked":"SKIP","floor":48}],"player_experience":814993,"relics_obtained":[{"floor":6,"key":"Potion Belt"},{"floor":9,"key":"Vajra"},{"floor":13,"key":"Art of War"},{"floor":26,"key":"Boot"},{"floor":27,"key":"Calipers"},{"floor":31,"key":"Bronze Scales"},{"floor":41,"key":"Turnip"},{"floor":43,"key":"War Paint"},{"floor":44,"key":"Frozen Egg 2"},{"floor":47,"key":"Regal Pillow"}],"event_choices":[{"damage_healed":0,"gold_gain":0,"player_choice":"Donut","damage_taken":0,"max_hp_gain":5,"max_hp_loss":0,"event_name":"Big Fish","floor":2,"gold_loss":0},{"damage_healed":0,"gold_gain":75,"player_choice":"Gather Gold","damage_taken":11,"max_hp_gain":0,"max_hp_loss":0,"event_name":"World of Goop","floor":4,"gold_loss":0},{"damage_healed":0,"gold_gain":0,"player_choice":"Entered Light","damage_taken":17,"max_hp_gain":0,"max_hp_loss":0,"event_name":"Shining Light","floor":7,"gold_loss":0,"cards_upgraded":["Bash","Clash"]},{"damage_healed":0,"gold_gain":100,"player_choice":"Pray","damage_taken":0,"max_hp_gain":0,"max_hp_loss":0,"event_name":"Golden Shrine","floor":19,"gold_loss":0},{"damage_healed":0,"gold_gain":0,"player_choice":"Memory 1","damage_taken":0,"max_hp_gain":0,"max_hp_loss":0,"event_name":"SensoryStone","floor":36,"gold_loss":0},{"damage_healed":0,"gold_gain":0,"player_choice":"Got Potions","damage_taken":0,"max_hp_gain":0,"max_hp_loss":0,"event_name":"Lab","floor":37,"gold_loss":0},{"cards_removed":["Strike_R"],"damage_healed":0,"gold_gain":0,"player_choice":"Offered Basic","damage_taken":0,"max_hp_gain":0,"max_hp_loss":0,"event_name":"Bonfire Elementals","floor":46,"gold_loss":0}],"is_beta":false,"boss_relics":[{"not_picked":["Busted Crown","Coffee Dripper"],"picked":"Sozu"},{"not_picked":["Runic Cube","Black Star"],"picked":"Fusion Hammer"}],"items_purged_floors":[22,24],"is_endless":false,"potions_floor_spawned":[1,5,11,16,20,21,29,33,41,48],"killed_by":"Time Eater","ascension_level":6}}