{"host":"mg6qqnp83j5r6p2r","time":1611971770,"event":{"mods":["BaseMod","Colored Map","Colored Powertips","Highlight Path","Minty Spire (QoL Compilation)","Rare Cards Sparkle","Relic Sorter","Relic Stats","StSLib"],"gold_per_floor":[111,111,211,228,228,253,253,278,278,243,260,260,270,270,270,370,370,385,385,401,401,416,443,462,462,462],"floor_reached":25,"language":"ENG","playtime":1644,"items_purged":[],"score":254,"play_id":"eef042a6-bc0d-4e05-a477-559acf4386c8","local_time":"20210129195610","is_ascension_mode":true,"campfire_choices":[{"floor":7.0,"key":"RECALL"},{"data":"Terror","floor":15.0,"key":"SMITH"}],"circlet_count":0,"master_deck":["Strike_G","Strike_G","Strike_G","Strike_G","Strike_G","Defend_G","Defend_G","Defend_G","Defend_G","Defend_G","Survivor","Neutralize+1","Footwork","PiercingWail","Terror+1","Blade Dance","Malaise","Infinite Blades","Backflip","Noxious Fumes","Noxious Fumes","Cloak And Dagger","A Thousand Cuts","Backstab+1","Blade Dance","Flying Knee+1","Dagger Spray+1","Footwork+1","Envenom","Flying Knee"],"relics":["Ring of the Snake","Prayer Wheel","Mummified Hand","The Courier","Anchor","Matryoshka","Runic Pyramid","White Beast Statue"],"acts_visited":["Exordium","TheCity"],"potions_floor_usage":[25],"damage_taken":[{"damage":0.0,"enemies":"Cultist","floor":1.0,"turns":4.0},{"damage":0.0,"enemies":"2 Louse","floor":4.0,"turns":4.0},{"damage":16.0,"enemies":"Lagavulin","floor":6.0,"turns":8.0},{"damage":19.0,"enemies":"3 Sentries","floor":8.0,"turns":8.0},{"damage":0.0,"enemies":"Small Slimes","floor":11.0,"turns":3.0},{"damage":5.0,"enemies":"Looter","floor":13.0,"turns":4.0},{"damage":1.0,"enemies":"Hexaghost","floor":16.0,"turns":10.0},{"damage":3.0,"enemies":"Spheric Guardian","floor":18.0,"turns":4.0},{"damage":3.0,"enemies":"Shell Parasite","floor":20.0,"turns":5.0},{"damage":9,"enemies":"Snake Plant","floor":22,"turns":5},{"damage":20,"enemies":"Slavers","floor":23,"turns":5},{"damage":16,"enemies":"Shelled Parasite and Fungi","floor":24,"turns":7},{"damage":11,"enemies":"Book of Stabbing","floor":25,"turns":3}],"seed_played":"-291041595976108207","potions_obtained":[{"floor":1.0,"key":"GamblersBrew"},{"floor":6.0,"key":"Explosive Potion"},{"floor":11.0,"key":"LiquidBronze"},{"floor":13.0,"key":"Poison Potion"},{"floor":20.0,"key":"Swift Potion"},{"floor":24,"key":"DistilledChaos"}],"is_trial":false,"path_per_floor":["M","$","?","M","?","E","R","E","T","?","M","T","M","?","R","B",null,"M","?","M","?","M","E","M","E"],"character_chosen":"THE_SILENT","items_purchased":[],"campfire_rested":0,"item_purchase_floors":[],"current_hp_per_floor":[63,63,63,63,63,47,47,28,28,43,43,43,38,59,59,58,63,60,60,57,51,42,22,6,0,0],"gold":462,"neow_bonus":"ONE_RARE_RELIC","is_daily":false,"chose_seed":false,"campfire_upgraded":1,"win_rate":0.0,"timestamp":1611971770,"path_taken":["M","$","?","?","?","E","R","E","T","?","M","?","M","?","R","BOSS","M","?","M","?","M","E","M","E"],"items_purchased_type":[],"build_version":"2020-12-22","purchased_purges":0,"victory":false,"max_hp_per_floor":[63,63,63,63,63,63,63,63,63,63,63,63,63,63,63,63,63,63,63,63,63,63,63,63,63,63],"relic_stats":{"counters":[13,70],"Mummified Hand":[37],"Prayer Wheel":8,"obtain_stats":[{"Anchor":9,"Matryoshka":12,"Mummified Hand":6,"Prayer Wheel":0,"The Courier":8,"White Beast Statue":23,"Ring of the Snake":0,"Runic Pyramid":17},{"Anchor":4,"Matryoshka":5,"Mummified Hand":3,"Prayer Wheel":0,"The Courier":4,"White Beast Statue":11,"Ring of the Snake":0,"Runic Pyramid":7},{"Anchor":24,"Matryoshka":27,"Mummified Hand":16,"Prayer Wheel":0,"The Courier":24,"White Beast Statue":60,"Ring of the Snake":0,"Runic Pyramid":41}],"Ring of the Snake":[26]},"card_choices":[{"not_picked":["Prepared","Caltrops"],"picked":"Footwork","floor":1.0},{"not_picked":["Choke","Reflex"],"picked":"PiercingWail","floor":1.0},{"not_picked":["Flechettes","Dagger Throw"],"picked":"Terror","floor":4.0},{"not_picked":["Catalyst","Escape Plan"],"picked":"Blade Dance","floor":4.0},{"not_picked":["Setup","Escape Plan"],"picked":"Malaise","floor":6.0},{"not_picked":["Dagger Throw","Dagger Spray"],"picked":"Infinite Blades","floor":8.0},{"not_picked":["Flechettes","Sucker Punch"],"picked":"Backflip","floor":11.0},{"not_picked":["Flying Knee","Dagger Spray"],"picked":"Noxious Fumes","floor":11.0},{"not_picked":["Acrobatics","Deflect"],"picked":"Noxious Fumes","floor":13.0},{"not_picked":["All Out Attack","Expertise"],"picked":"Cloak And Dagger","floor":13.0},{"not_picked":["Wraith Form v2","Grand Finale"],"picked":"A Thousand Cuts","floor":16.0},{"not_picked":["Dash","Riddle With Holes"],"picked":"Backstab+1","floor":18.0},{"not_picked":["Sucker Punch","Cloak And Dagger"],"picked":"Blade Dance","floor":18.0},{"not_picked":["Endless Agony+1","Dagger Spray"],"picked":"Flying Knee+1","floor":20.0},{"not_picked":["Dodge and Roll","Deadly Poison"],"picked":"Dagger Spray+1","floor":20.0},{"not_picked":["Bane","Catalyst"],"picked":"Footwork+1","floor":22},{"not_picked":["Prepared+1","Sucker Punch","Terror"],"picked":"SKIP","floor":22},{"not_picked":["Dagger Spray","Skewer"],"picked":"Envenom","floor":23},{"not_picked":["Slice","Deflect"],"picked":"Flying Knee","floor":24},{"not_picked":["Underhanded Strike","Poisoned Stab","Sucker Punch+1"],"picked":"SKIP","floor":24}],"player_experience":223630,"relics_obtained":[{"floor":6.0,"key":"Mummified Hand"},{"floor":8.0,"key":"The Courier"},{"floor":9.0,"key":"Anchor"},{"floor":12.0,"key":"Matryoshka"},{"floor":23,"key":"White Beast Statue"}],"event_choices":[{"damage_healed":0.0,"max_hp_gain":0.0,"max_hp_loss":0.0,"gold_gain":100.0,"event_name":"Golden Shrine","player_choice":"Pray","floor":3.0,"gold_loss":0.0,"damage_taken":0.0},{"damage_healed":0.0,"max_hp_gain":0.0,"max_hp_loss":0.0,"gold_gain":0.0,"event_name":"Living Wall","player_choice":"Grow","floor":5.0,"gold_loss":0.0,"damage_taken":0.0,"cards_upgraded":["Neutralize"]},{"damage_healed":15.0,"max_hp_gain":0.0,"max_hp_loss":0.0,"gold_gain":0.0,"event_name":"The Cleric","player_choice":"Healed","floor":10.0,"gold_loss":35.0,"damage_taken":0.0},{"damage_healed":21.0,"max_hp_gain":0.0,"max_hp_loss":0.0,"gold_gain":0.0,"event_name":"Big Fish","player_choice":"Banana","floor":14.0,"gold_loss":0.0,"damage_taken":0.0},{"damage_healed":0.0,"max_hp_gain":0.0,"max_hp_loss":0.0,"gold_gain":0.0,"event_name":"Vampires","player_choice":"Ignored","floor":19.0,"gold_loss":0.0,"damage_taken":0.0},{"damage_healed":0.0,"max_hp_gain":0.0,"max_hp_loss":0.0,"gold_gain":0.0,"event_name":"Wheel of Change","player_choice":"Damaged","floor":21.0,"gold_loss":0.0,"damage_taken":6.0}],"is_beta":false,"boss_relics":[{"not_picked":["HoveringKite","Ring of the Serpent"],"picked":"Runic Pyramid"}],"items_purged_floors":[],"is_endless":false,"potions_floor_spawned":[1,6,11,13,20,22,24],"killed_by":"Book of Stabbing","ascension_level":2}}