{"host":"nw4g04f085wnqcgt","time":1611976262,"event":{"mods":["AchievementEnabler","BaseMod","Colored Map","Colored Powertips","DeckTracker","Minty Spire (QoL Compilation)","Relic Sorter","SuperFastMode"],"gold_per_floor":[109,109,109,128,144,144,173,173,252,252,262,36,111,63,63,162,162,176,161,161,161,181,511,524,623,673,688,613,613,613,630,630,630,630],"floor_reached":33,"language":"ENG","playtime":1910,"items_purged":["Strike_G"],"score":343,"play_id":"fdbaa086-d2f4-4ee9-890a-02e8f4b5d02d","local_time":"20210129221102","is_ascension_mode":true,"campfire_choices":[{"data":"Neutralize","floor":6,"key":"SMITH"},{"data":"Flying Knee","floor":8,"key":"SMITH"},{"data":"Well Laid Plans","floor":10,"key":"SMITH"},{"data":"Deadly Poison","floor":15,"key":"SMITH"},{"data":"Venomology","floor":30,"key":"SMITH"},{"floor":32,"key":"REST"}],"circlet_count":0,"master_deck":["Defend_G","Defend_G","Defend_G","Defend_G","Survivor","Neutralize+1","Well Laid Plans+1","Outmaneuver","Flying Knee+1","Prepared","Deadly Poison+1","Venomology+1","Acrobatics","Bite","Bite","Bite","Bite","Bite","PiercingWail","Dodge and Roll+1","Backflip"],"relics":["Ring of the Snake","Pen Nib","Strawberry","Paper Crane","Snake Skull","Runic Dome","MutagenicStrength","Old Coin"],"acts_visited":["Exordium","TheCity"],"potions_floor_usage":[7,7,16,18,22,22,23,23,23,31,31],"damage_taken":[{"damage":7,"enemies":"Small Slimes","floor":1,"turns":5},{"damage":0,"enemies":"Jaw Worm","floor":4,"turns":8},{"damage":3,"enemies":"Cultist","floor":5,"turns":6},{"damage":33,"enemies":"Lagavulin","floor":7,"turns":13},{"damage":0,"enemies":"Red Slaver","floor":11,"turns":4},{"damage":6,"enemies":"The Guardian","floor":16,"turns":10},{"damage":19,"enemies":"Spheric Guardian","floor":18,"turns":5},{"damage":19,"enemies":"2 Thieves","floor":19,"turns":4},{"damage":5,"enemies":"Snecko","floor":22,"turns":3},{"damage":45,"enemies":"Slavers","floor":23,"turns":9},{"damage":19,"enemies":"Centurion and Healer","floor":24,"turns":8},{"damage":28,"enemies":"Cultist and Chosen","floor":27,"turns":9},{"damage":17,"enemies":"Snecko","floor":31,"turns":6},{"damage":73,"enemies":"Collector","floor":33,"turns":5}],"seed_played":"-7799069617258783630","potions_obtained":[{"floor":4,"key":"Ancient Potion"},{"floor":5,"key":"Fire Potion"},{"floor":7,"key":"LiquidMemories"},{"floor":11,"key":"SteroidPotion"},{"floor":18,"key":"FearPotion"}],"is_trial":false,"path_per_floor":["M","?","T","M","M","R","E","R","T","R","M","$","?","$","R","B",null,"M","M","?","?","M","E","M","?","T","M","?","?","R","M","R","B"],"character_chosen":"THE_SILENT","items_purchased":["Snake Skull","Deadly Poison"],"campfire_rested":1,"item_purchase_floors":[12,14],"current_hp_per_floor":[70,70,70,70,67,67,41,41,41,41,41,41,41,41,41,35,84,65,46,46,46,53,28,35,35,35,25,25,44,44,35,52,0,0],"gold":630,"neow_bonus":"TEN_PERCENT_HP_BONUS","is_daily":false,"chose_seed":false,"campfire_upgraded":5,"win_rate":0.0,"timestamp":1611976262,"path_taken":["M","?","?","M","M","R","E","R","T","R","?","?","?","$","R","BOSS","M","M","?","?","?","E","M","?","T","M","?","?","R","M","R","BOSS"],"items_purchased_type":["Relic","Card"],"build_version":"2020-12-22","purchased_purges":1,"victory":false,"max_hp_per_floor":[77,77,77,77,77,77,84,84,84,84,84,84,84,84,84,84,84,84,84,84,58,58,58,58,58,58,58,58,58,58,58,58,58,58],"card_choices":[{"not_picked":["Quick Slash","Slice"],"picked":"Well Laid Plans","floor":1},{"not_picked":["Poisoned Stab","Riddle With Holes","Finisher"],"picked":"SKIP","floor":4},{"not_picked":["Prepared","Dagger Spray"],"picked":"Outmaneuver","floor":5},{"not_picked":["Crippling Poison","Backstab"],"picked":"Flying Knee","floor":7},{"not_picked":["Skewer","Deflect"],"picked":"Prepared","floor":11},{"not_picked":["Glass Knife","Grand Finale"],"picked":"Venomology","floor":16},{"not_picked":["Choke","Bane+1","Leg Sweep"],"picked":"SKIP","floor":18},{"not_picked":["Predator","Setup+1"],"picked":"Acrobatics","floor":19},{"not_picked":["Choke","Bane"],"picked":"PiercingWail","floor":22},{"not_picked":["Accuracy","Leg Sweep","Storm of Steel"],"picked":"SKIP","floor":23},{"not_picked":["Reflex","Poisoned Stab"],"picked":"Dodge and Roll+1","floor":24},{"not_picked":["Concentrate+1","Sucker Punch"],"picked":"Backflip","floor":27},{"not_picked":["Infinite Blades","Cloak And Dagger+1","Distraction"],"picked":"SKIP","floor":31}],"player_experience":359180,"relics_obtained":[{"floor":3,"key":"Pen Nib"},{"floor":7,"key":"Strawberry"},{"floor":9,"key":"Paper Crane"},{"floor":23,"key":"Old Coin"}],"event_choices":[{"damage_healed":0,"gold_gain":0,"player_choice":"Ignored","damage_taken":0,"max_hp_gain":0,"max_hp_loss":0,"event_name":"Liars Game","floor":2,"gold_loss":0},{"damage_healed":0,"gold_gain":75,"player_choice":"Gained Gold","damage_taken":0,"max_hp_gain":0,"max_hp_loss":0,"event_name":"Golden Wing","floor":13,"gold_loss":0},{"damage_healed":0,"gold_gain":0,"player_choice":"Inject Mutagens","damage_taken":0,"relics_obtained":["MutagenicStrength"],"max_hp_gain":0,"max_hp_loss":0,"event_name":"Drug Dealer","floor":20,"gold_loss":0},{"damage_healed":0,"gold_gain":0,"player_choice":"Became a vampire","damage_taken":0,"max_hp_gain":0,"max_hp_loss":26,"event_name":"Vampires","floor":21,"gold_loss":0,"cards_obtained":["Bite","Bite","Bite","Bite","Bite"]},{"damage_healed":0,"gold_gain":99,"player_choice":"Stole From Cult","damage_taken":0,"max_hp_gain":0,"max_hp_loss":0,"event_name":"Nest","floor":25,"gold_loss":0},{"cards_removed":["Defend_G"],"damage_healed":0,"gold_gain":0,"player_choice":"Gave Gold","damage_taken":0,"max_hp_gain":0,"max_hp_loss":0,"event_name":"Beggar","floor":28,"gold_loss":75},{"damage_healed":19,"gold_gain":0,"player_choice":"Heal","damage_taken":0,"max_hp_gain":0,"max_hp_loss":0,"event_name":"The Library","floor":29,"gold_loss":0}],"is_beta":false,"boss_relics":[{"not_picked":["Fusion Hammer","Calling Bell"],"picked":"Runic Dome"}],"items_purged_floors":[12],"is_endless":false,"potions_floor_spawned":[4,5,7,11,18],"killed_by":"Collector","ascension_level":4}}