{"host":"san3zorndfes7b27","time":1611971518,"event":{"mods":["BaseMod","Colored Map","Minty Spire (QoL Compilation)","Relic Stats","StSLib"],"gold_per_floor":[112,128,139,239,249,249,283,283,307,307,339,339,60,91,91,192,192,202,221,167,0,19,45,63,74,74,74,87,103,129,145,145,249,249,264,283,283,294,0,0,29,41,41,73,85,111,156,96,96,96,96,96,22,54,54,54],"floor_reached":55,"language":"ENG","playtime":7163,"items_purged":["Strike_P"],"score":1394,"play_id":"e2ac600b-37a5-4c00-97c6-3ca57869f4a3","local_time":"20210129205158","is_ascension_mode":true,"campfire_choices":[{"data":"Eruption","floor":6.0,"key":"SMITH"},{"floor":10.0,"key":"REST"},{"data":"Tantrum","floor":15.0,"key":"SMITH"},{"floor":27.0,"key":"REST"},{"floor":32,"key":"REST"},{"data":"Vault","floor":40,"key":"SMITH"},{"floor":49,"key":"RECALL"},{"data":"Nirvana","floor":52,"key":"SMITH"}],"circlet_count":0,"master_deck":["AscendersBane","Strike_P","Strike_P","Strike_P+1","Defend_P","Defend_P+1","Defend_P+1","Defend_P+1","Eruption+1","Vigilance","FearNoEvil","BattleHymn+1","ThirdEye","SashWhip+1","Judgement","Weave+1","Tantrum+1","Vault+1","Weave","Devotion","ThirdEye+1","EmptyMind","EmptyBody","FollowUp+1","EmptyBody+1","MentalFortress+1","DeusExMachina","EmptyFist+1","LessonLearned+1","JustLucky+1","Halt+1","Blind+1","Secret Technique+1","FlurryOfBlows+1","Prostrate","Wireheading","CutThroughFate","Vault+1","CutThroughFate+1","FlurryOfBlows+1","Nirvana+1","JustLucky"],"relics":["PureWater","Unceasing Top","War Paint","Bag of Marbles","Art of War","Orichalcum","Pear","Black Star","Happy Flower","Medical Kit","Lantern","Bag of Preparation","Question Card","TungstenRod","Strawberry","VioletLotus","Gremlin Horn","Ancient Tea Set","Pantograph","Eternal Feather","MawBank","Calipers","Potion Belt","Anchor","Mango"],"acts_visited":["Exordium","TheCity","TheBeyond","TheEnding"],"potions_floor_usage":[33,36,38,41,50,55,55],"damage_taken":[{"damage":0.0,"enemies":"Small Slimes","floor":1.0,"turns":2.0},{"damage":0.0,"enemies":"Cultist","floor":2.0,"turns":4.0},{"damage":5.0,"enemies":"2 Louse","floor":3.0,"turns":2.0},{"damage":3.0,"enemies":"Gremlin Gang","floor":5.0,"turns":7.0},{"damage":20.0,"enemies":"3 Sentries","floor":7.0,"turns":6.0},{"damage":0.0,"enemies":"Lots of Slimes","floor":8.0,"turns":1.0},{"damage":7.0,"enemies":"Gremlin Nob","floor":11.0,"turns":4.0},{"damage":9.0,"enemies":"3 Sentries","floor":14.0,"turns":4.0},{"damage":14.0,"enemies":"Hexaghost","floor":16.0,"turns":7.0},{"damage":0.0,"enemies":"3 Byrds","floor":18.0,"turns":3.0},{"damage":0.0,"enemies":"Shell Parasite","floor":19.0,"turns":4.0},{"damage":34.0,"enemies":"Centurion and Healer","floor":22.0,"turns":5.0},{"damage":14.0,"enemies":"Slavers","floor":23.0,"turns":8.0},{"damage":3.0,"enemies":"Snecko","floor":24.0,"turns":4.0},{"damage":0.0,"enemies":"Chosen and Byrds","floor":25.0,"turns":4.0},{"damage":0.0,"enemies":"Cultist and Chosen","floor":28.0,"turns":4.0},{"damage":13,"enemies":"Shelled Parasite and Fungi","floor":29,"turns":3},{"damage":0,"enemies":"Gremlin Leader","floor":30,"turns":4},{"damage":11,"enemies":"Centurion and Healer","floor":31,"turns":5},{"damage":2,"enemies":"Automaton","floor":33,"turns":7},{"damage":0,"enemies":"3 Darklings","floor":35,"turns":6},{"damage":7,"enemies":"3 Shapes","floor":36,"turns":5},{"damage":0,"enemies":"Jaw Worm Horde","floor":38,"turns":3},{"damage":0,"enemies":"Giant Head","floor":41,"turns":6},{"damage":0,"enemies":"Transient","floor":42,"turns":6},{"damage":19,"enemies":"Reptomancer","floor":44,"turns":8},{"damage":0,"enemies":"3 Darklings","floor":46,"turns":7},{"damage":0,"enemies":"Giant Head","floor":47,"turns":7},{"damage":34,"enemies":"Donu and Deca","floor":50,"turns":7},{"damage":21,"enemies":"Shield and Spear","floor":54,"turns":6},{"damage":109,"enemies":"The Heart","floor":55,"turns":10}],"seed_played":"-7376660914747226714","potions_obtained":[{"floor":1.0,"key":"SmokeBomb"},{"floor":2.0,"key":"SkillPotion"},{"floor":5.0,"key":"SkillPotion"},{"floor":19.0,"key":"GamblersBrew"},{"floor":24.0,"key":"FearPotion"},{"floor":29,"key":"CultistPotion"},{"floor":30,"key":"Swift Potion"},{"floor":33,"key":"FearPotion"},{"floor":35,"key":"DistilledChaos"},{"floor":44,"key":"Energy Potion"},{"floor":46,"key":"Fire Potion"}],"is_trial":false,"path_per_floor":["M","M","M","?","M","R","E","M","T","R","E","?","$","E","R","B",null,"M","M","?","$","M","E","M","M","T","R","M","M","E","M","R","B",null,"M","M","?","M","$","R","E","M","T","E","?","M","E","$","R","B",null,"R","$","E","B"],"character_chosen":"WATCHER","items_purchased":["Tantrum","Vault","SkillPotion","Medical Kit","EmptyBody","Gremlin Horn","Prostrate","Nirvana","StancePotion"],"campfire_rested":3,"item_purchase_floors":[13,13,13,21,21,39,39,48,53],"current_hp_per_floor":[47,47,42,42,39,39,19,19,19,40,33,26,26,27,27,13,65,65,65,65,65,31,17,14,14,14,38,38,25,32,21,47,45,78,78,71,67,67,67,67,67,67,67,48,48,48,48,48,72,55,81,89,89,82,0,0],"gold":54,"neow_bonus":"ONE_RARE_RELIC","is_daily":false,"chose_seed":false,"campfire_upgraded":4,"win_rate":0.0,"timestamp":1611971518,"path_taken":["M","M","M","?","?","R","E","M","T","R","E","?","$","E","R","BOSS","M","M","?","$","M","E","?","M","T","R","M","?","E","M","R","BOSS","M","M","?","M","$","R","E","M","T","E","?","?","E","$","R","BOSS","R","$","E","BOSS"],"items_purchased_type":["Card","Card","Potion","Relic","Card","Relic","Card","Card","Potion"],"build_version":"2020-12-22","purchased_purges":1,"victory":false,"max_hp_per_floor":[72,72,72,72,72,72,72,72,72,72,72,72,72,82,82,82,82,82,82,82,82,82,82,82,82,82,82,82,82,89,89,89,89,89,89,89,89,89,89,89,89,89,89,89,89,89,89,89,89,89,89,89,89,103,103,103],"relic_stats":{"Happy Flower":[38],"Gremlin Horn":[13,13],"counters":[31,159],"Eternal Feather":32,"Bag of Preparation":[36],"War Paint":["Defend_P","Defend_P"],"Orichalcum":[108],"Medical Kit":[9],"Question Card":17,"MawBank":48,"Pantograph":38,"VioletLotus":[17],"Art of War":[17],"Black Star":6,"obtain_stats":[{"Lantern":23,"Calipers":47,"Gremlin Horn":39,"Mango":54,"Bag of Preparation":23,"Ancient Tea Set":41,"Strawberry":30,"Pantograph":41,"VioletLotus":34,"Potion Belt":47,"Pear":14,"Happy Flower":20,"Eternal Feather":44,"War Paint":7,"Orichalcum":12,"Medical Kit":21,"Question Card":26,"MawBank":44,"Anchor":54,"Bag of Marbles":9,"Art of War":11,"Black Star":17,"PureWater":0,"Unceasing Top":0,"TungstenRod":30},{"Lantern":13,"Calipers":28,"Gremlin Horn":23,"Mango":30,"Bag of Preparation":13,"Ancient Tea Set":24,"Strawberry":18,"Pantograph":24,"VioletLotus":20,"Potion Belt":28,"Pear":8,"Happy Flower":11,"Eternal Feather":26,"War Paint":5,"Orichalcum":7,"Medical Kit":11,"Question Card":15,"MawBank":26,"Anchor":30,"Bag of Marbles":6,"Art of War":7,"Black Star":9,"PureWater":0,"Unceasing Top":0,"TungstenRod":18},{"Lantern":57,"Calipers":136,"Gremlin Horn":102,"Mango":149,"Bag of Preparation":57,"Ancient Tea Set":108,"Strawberry":76,"Pantograph":108,"VioletLotus":88,"Potion Belt":136,"Pear":30,"Happy Flower":44,"Eternal Feather":122,"War Paint":21,"Orichalcum":26,"Medical Kit":44,"Question Card":65,"MawBank":122,"Anchor":149,"Bag of Marbles":22,"Art of War":26,"Black Star":37,"PureWater":0,"Unceasing Top":0,"TungstenRod":76}],"Unceasing Top":[39],"TungstenRod":46},"card_choices":[{"not_picked":["JustLucky","CrushJoints"],"picked":"FearNoEvil","floor":1.0},{"not_picked":["Meditate","Conclude"],"picked":"BattleHymn","floor":2.0},{"not_picked":["DeceiveReality","Sanctity"],"picked":"ThirdEye","floor":3.0},{"not_picked":["FlyingSleeves","Meditate"],"picked":"SashWhip","floor":5.0},{"not_picked":["Wireheading","PathToVictory"],"picked":"Judgement","floor":7.0},{"not_picked":["Nirvana","BowlingBash"],"picked":"Weave","floor":11.0},{"not_picked":["Scrawl","LikeWater"],"picked":"Weave","floor":14.0},{"not_picked":["MasterReality","Judgement"],"picked":"Devotion","floor":16.0},{"not_picked":["Study","Sanctity"],"picked":"ThirdEye","floor":18.0},{"not_picked":["Evaluate","InnerPeace"],"picked":"EmptyMind","floor":19.0},{"not_picked":["Evaluate","Wallop"],"picked":"FollowUp+1","floor":22.0},{"not_picked":["CarveReality+1","SignatureMove+1"],"picked":"EmptyBody+1","floor":23.0},{"not_picked":["CarveReality","Sanctity","Crescendo"],"picked":"SKIP","floor":24.0},{"not_picked":["Protect","FlurryOfBlows+1"],"picked":"MentalFortress+1","floor":25.0},{"not_picked":["ThirdEye+1","FlyingSleeves","SashWhip"],"picked":"DeusExMachina","floor":28},{"not_picked":["SpiritShield","Weave+1","Consecrate"],"picked":"EmptyFist+1","floor":29},{"not_picked":["EmptyMind+1","EmptyFist","BowlingBash","Wish"],"picked":"SKIP","floor":30},{"not_picked":["Prostrate","SashWhip","Nirvana","Vengeance"],"picked":"SKIP","floor":31},{"not_picked":["Brilliance","ConjureBlade","Devotion"],"picked":"LessonLearned","floor":33},{"not_picked":["Protect+1","Consecrate+1","Indignation"],"picked":"JustLucky+1","floor":35},{"not_picked":["Indignation+1","SashWhip","Vengeance"],"picked":"Halt+1","floor":36},{"not_picked":["Jack Of All Trades","Purity","Mind Blast"],"picked":"Blind","floor":37},{"not_picked":["Panacea","Mind Blast","Bandage Up"],"picked":"Secret Technique","floor":37},{"not_picked":["EmptyBody+1","FlyingSleeves","ThirdEye"],"picked":"FlurryOfBlows+1","floor":38},{"not_picked":["Alpha","JustLucky+1","DeceiveReality+1"],"picked":"Wireheading","floor":41},{"not_picked":["WindmillStrike+1","SashWhip+1","LikeWater","Tantrum+1"],"picked":"SKIP","floor":42},{"not_picked":["Halt+1","CrushJoints","SashWhip+1"],"picked":"CutThroughFate","floor":44},{"not_picked":["ThirdEye","Protect+1","FlyingSleeves+1"],"picked":"CutThroughFate+1","floor":46},{"not_picked":["EmptyMind","BowlingBash+1","FollowUp"],"picked":"FlurryOfBlows+1","floor":47},{"not_picked":["Fasting2+1","DevaForm","Indignation+1"],"picked":"JustLucky","floor":54}],"player_experience":1517210,"relics_obtained":[{"floor":7.0,"key":"War Paint"},{"floor":9.0,"key":"Bag of Marbles"},{"floor":11.0,"key":"Art of War"},{"floor":14.0,"key":"Pear"},{"floor":23.0,"key":"Lantern"},{"floor":23.0,"key":"Bag of Preparation"},{"floor":26.0,"key":"Question Card"},{"floor":30,"key":"TungstenRod"},{"floor":30,"key":"Strawberry"},{"floor":41,"key":"Ancient Tea Set"},{"floor":41,"key":"Pantograph"},{"floor":44,"key":"Eternal Feather"},{"floor":44,"key":"MawBank"},{"floor":47,"key":"Calipers"},{"floor":47,"key":"Potion Belt"},{"floor":54,"key":"Anchor"},{"floor":54,"key":"Mango"}],"event_choices":[{"damage_healed":0.0,"max_hp_gain":0.0,"max_hp_loss":0.0,"gold_gain":100.0,"event_name":"Golden Shrine","player_choice":"Pray","floor":4.0,"gold_loss":0.0,"damage_taken":0.0},{"damage_healed":0.0,"max_hp_gain":0.0,"max_hp_loss":0.0,"gold_gain":0.0,"event_name":"Scrap Ooze","player_choice":"Success","floor":12.0,"gold_loss":0.0,"damage_taken":7.0,"relics_obtained":["Orichalcum"]},{"damage_healed":0.0,"max_hp_gain":0.0,"max_hp_loss":0.0,"gold_gain":0.0,"event_name":"WeMeetAgain","player_choice":"Paid Gold","floor":20.0,"gold_loss":54.0,"damage_taken":0.0,"relics_obtained":["Happy Flower"]},{"damage_healed":0,"gold_gain":0,"player_choice":"Memory 2","damage_taken":5,"max_hp_gain":0,"max_hp_loss":0,"event_name":"SensoryStone","floor":37,"gold_loss":0},{"damage_healed":0,"gold_gain":0,"player_choice":"Copied","damage_taken":0,"max_hp_gain":0,"max_hp_loss":0,"event_name":"Duplicator","floor":45,"gold_loss":0,"cards_obtained":["Vault"]}],"is_beta":false,"boss_relics":[{"not_picked":["Velvet Choker","Sozu"],"picked":"Black Star"},{"not_picked":["Runic Pyramid","Cursed Key"],"picked":"VioletLotus"}],"items_purged_floors":[13],"is_endless":false,"potions_floor_spawned":[1,2,5,8,19,24,29,30,33,35,44,46],"killed_by":"The Heart","ascension_level":10}}