{"host":"szp1d6dso4pv7ddl","time":1611978063,"event":{"mods":["AchievementEnabler","Alarm Clock","BaseMod","Bestiary","Block Reminder","Colored Map","Colored Powertips","Curses Come First","Dark Map","Displayed Cursed Tome","Highlight Path","Minty Spire (QoL Compilation)","Permanent Neow","Quick Restart","Relic Sorter","Relic Stats","StSLib","Synergy Search"],"gold_per_floor":[12,23,23,39,55,55,5,5,5,5,25,38,38,56,56,56,56],"floor_reached":16,"language":"ENG","playtime":1141,"items_purged":[],"score":115,"play_id":"5c21c276-8346-4aa5-9a4a-367509a7add4","local_time":"20210129194103","is_ascension_mode":true,"campfire_choices":[{"data":"Meditate","floor":6,"key":"SMITH"},{"data":"Eruption","floor":8,"key":"SMITH"},{"floor":13,"key":"REST"},{"floor":15,"key":"REST"}],"circlet_count":0,"master_deck":["Strike_P","Strike_P","Defend_P","Defend_P","Eruption+1","Vigilance","FlurryOfBlows","EmptyBody","Meditate+1","Crescendo","CrushJoints","Evaluate"],"relics":["PureWater","Incense Burner","Ginger","Odd Mushroom"],"acts_visited":["Exordium"],"potions_floor_usage":[14,16],"damage_taken":[{"damage":8,"enemies":"Small Slimes","floor":1,"turns":4},{"damage":3,"enemies":"Jaw Worm","floor":2,"turns":4},{"damage":0,"enemies":"Cultist","floor":4,"turns":3},{"damage":0,"enemies":"Large Slime","floor":5,"turns":3},{"damage":6,"enemies":"The Mushroom Lair","floor":11,"turns":4},{"damage":7,"enemies":"Exordium Wildlife","floor":12,"turns":4},{"damage":0,"enemies":"Gremlin Gang","floor":14,"turns":1},{"damage":58,"enemies":"Hexaghost","floor":16,"turns":14}],"seed_played":"-808194511371298972","potions_obtained":[{"floor":2,"key":"Block Potion"},{"floor":11,"key":"Explosive Potion"}],"is_trial":false,"path_per_floor":["M","M","?","M","M","R","?","R","T","?","?","M","R","M","R","B"],"character_chosen":"WATCHER","items_purchased":[],"campfire_rested":2,"item_purchase_floors":[],"current_hp_per_floor":[64,61,61,61,61,61,61,61,61,28,22,15,36,36,57,0,0],"gold":56,"neow_bonus":"REMOVE_TWO","is_daily":false,"chose_seed":false,"campfire_upgraded":2,"win_rate":0.0,"timestamp":1611978063,"path_taken":["M","M","?","M","M","R","?","R","T","?","?","?","R","M","R","BOSS"],"items_purchased_type":[],"build_version":"2020-12-22","purchased_purges":0,"victory":false,"max_hp_per_floor":[72,72,72,72,72,72,72,72,72,72,72,72,72,72,72,72,72],"relic_stats":{"counters":[8,37],"Ginger":[0],"obtain_stats":[{"Incense Burner":9,"Ginger":10,"PureWater":0,"Odd Mushroom":11},{"Incense Burner":4,"Ginger":4,"PureWater":0,"Odd Mushroom":5},{"Incense Burner":14,"Ginger":14,"PureWater":0,"Odd Mushroom":18}]},"card_choices":[{"not_picked":["BowlingBash","CrushJoints"],"picked":"FlurryOfBlows","floor":1},{"not_picked":["BattleHymn","Fasting2"],"picked":"EmptyBody","floor":2},{"not_picked":["FollowUp","ForeignInfluence"],"picked":"Crescendo","floor":4},{"not_picked":["Study","Consecrate"],"picked":"CrushJoints","floor":5},{"not_picked":["DeusExMachina","CrushJoints"],"picked":"Evaluate","floor":11},{"not_picked":["JustLucky","Protect","FlyingSleeves"],"picked":"SKIP","floor":12},{"not_picked":["Tantrum","FlyingSleeves","BattleHymn"],"picked":"SKIP","floor":14}],"player_experience":1313238,"relics_obtained":[{"floor":9,"key":"Incense Burner"},{"floor":11,"key":"Odd Mushroom"}],"event_choices":[{"damage_healed":0,"gold_gain":0,"cards_transformed":["Strike_P"],"player_choice":"Change","damage_taken":0,"max_hp_gain":0,"max_hp_loss":0,"event_name":"Living Wall","floor":3,"gold_loss":0,"cards_obtained":["Meditate"]},{"cards_removed":["Defend_P"],"damage_healed":0,"gold_gain":0,"player_choice":"Card Removal","damage_taken":0,"max_hp_gain":0,"max_hp_loss":0,"event_name":"The Cleric","floor":7,"gold_loss":50},{"damage_healed":0,"gold_gain":0,"player_choice":"Success","damage_taken":33,"relics_obtained":["Ginger"],"max_hp_gain":0,"max_hp_loss":0,"event_name":"Scrap Ooze","floor":10,"gold_loss":0},{"damage_healed":0,"gold_gain":0,"player_choice":"Fought Mushrooms","damage_taken":0,"max_hp_gain":0,"max_hp_loss":0,"event_name":"Mushrooms","floor":11,"gold_loss":0}],"is_beta":false,"boss_relics":[],"items_purged_floors":[],"is_endless":false,"potions_floor_spawned":[2,11],"killed_by":"Hexaghost","ascension_level":5}}