{"host":"491vyvchqhlfizue","time":1611980054,"event":{"mods":["AchievementEnabler","BaseMod","BetterRewards","Colored Map","Conspire","Downfall","Infinite Spire","Minty Spire (QoL Compilation)","Reliquary","Replay The Spire","Shop Mod","Spikes Relics","StSLib","The Forsaken","The Runesmith"],"gold_per_floor":[113,193,211,211,211,241,269,300,300,329,320,320,355,55,55,158,158,172,186,186,206,226,256,274,305,331,347,101,101,134,134,134,231,231,250,270,288,39,57,57,87,87,87,116,149,149,162,162,162,162],"floor_reached":51,"language":"ENG","playtime":9715,"items_purged":["theForsaken:TheForsaken_Strike","theForsaken:TheForsaken_Strike","Delirium","theForsaken:TheForsaken_Defend","theForsaken:TheForsaken_Strike","theForsaken:TheForsaken_Strike"],"score":2150,"play_id":"ac610833-5414-4048-891d-d2cb560c9d0f","local_time":"20210129231414","is_ascension_mode":true,"campfire_choices":[{"data":"theForsaken:NobleSacrifice","floor":15.0,"key":"SMITH"},{"data":"theForsaken:SpreadingPlague","floor":32,"key":"SMITH"},{"data":"theForsaken:DefensiveStance+1","floor":40,"key":"SMITH"},{"data":"theForsaken:DefensiveStance+1","floor":42,"key":"SMITH"},{"data":"theForsaken:SpreadingPlague+1","floor":49,"key":"SMITH"}],"circlet_count":0,"master_deck":["theForsaken:TheForsaken_Defend","theForsaken:TheForsaken_Defend","theForsaken:Smite","theForsaken:Penitence","theForsaken:Bolster","theForsaken:NobleSacrifice+1","theForsaken:InspiringBlow","infinitespire:Gouge","theForsaken:FatRoll","theForsaken:QuickAttack","theForsaken:DefensiveStance+2","theForsaken:Eulogy","theForsaken:SpreadingPlague+2","AbeCurse","Enlightenment+1","infinitespire:Gouge","theForsaken:QuickAttack","infinitespire:Collect+1","theForsaken:SacredOath+1","ReplayTheSpireMod:Private Reserves+1","theForsaken:DefensiveStance+2","theForsaken:DarkBargain+1","Hallucinations"],"relics":["theForsaken:JudgementScales","BrokenLever","Boot","reliquary:Firecrackers","WingedGreaves","MerchantsRug","Black Star","Juzu Bracelet","Replay:Baseball","reliquary:TridentHead","Divine Protection","reliquary:RosewoodLute","Thread and Needle","theForsaken:Gavel","Replay:Accelerometer","conspire:DecoderRing","Darkstone Periapt","Snack Pack","reliquary:TuningFork","Membership Card","reliquary:RoseTintedGlasses","ReplayTheSpireMod:TigerMarble","Abe\u0027s Treasure","Blue Doll","reliquary:IridiumChain","infinitespire:Eraser","conspire:DeflatedDodgeball","Anchor","Cauldron","Toxic Egg 2","Durian","conspire:InfiniteJournal","reliquary:PorcupineQuills","Bag of Preparation","Sling","Frozen Egg 2","theForsaken:Lifeblossom","ReplayTheSpireMod:Lightbulb","TungstenRod","Replay:Bottled Flurry","reliquary:Boomerang","reliquary:TatteredRug","Bird Faced Urn","Ring of Fury","ReplayTheSpireMod:Ring of Exchange"],"acts_visited":["Exordium","TheCity","TheBeyond"],"potions_floor_usage":[],"damage_taken":[{"damage":0.0,"enemies":"Cultist","floor":1.0,"turns":4.0},{"damage":0.0,"enemies":"2 Louse","floor":3.0,"turns":3.0},{"damage":3.0,"enemies":"Lagavulin","floor":6.0,"turns":9.0},{"damage":39.0,"enemies":"Nightmare","floor":7.0,"turns":11.0},{"damage":0.0,"enemies":"Replay:BlueRogue","floor":8.0,"turns":6.0},{"damage":0.0,"enemies":"3 Sentries","floor":10.0,"turns":13.0},{"damage":0.0,"enemies":"Lagavulin","floor":13.0,"turns":6.0},{"damage":0.0,"enemies":"Fading Forest","floor":16.0,"turns":11.0},{"damage":0.0,"enemies":"conspire:FuzzyDice","floor":18.0,"turns":8.0},{"damage":0.0,"enemies":"3 Byrds","floor":19.0,"turns":3.0},{"damage":0.0,"enemies":"Snake Plant","floor":21.0,"turns":5.0},{"damage":0.0,"enemies":"3 Cultists","floor":22.0,"turns":5.0},{"damage":3.0,"enemies":"Nightmare","floor":23.0,"turns":11.0},{"damage":0,"enemies":"conspire:HollyBat","floor":24,"turns":7},{"damage":0,"enemies":"conspire:Head Lice","floor":25,"turns":10},{"damage":0,"enemies":"Centurion and Healer","floor":27,"turns":7},{"damage":0,"enemies":"Book of Stabbing","floor":30,"turns":6},{"damage":0,"enemies":"Automaton","floor":33,"turns":7},{"damage":0,"enemies":"3 Darklings","floor":35,"turns":5},{"damage":0,"enemies":"Orb Walker","floor":36,"turns":3},{"damage":0,"enemies":"4 Shapes","floor":37,"turns":5},{"damage":0,"enemies":"Writhing Mass","floor":39,"turns":8},{"damage":0,"enemies":"R_Hoarder","floor":41,"turns":9},{"damage":0,"enemies":"Reptomancer","floor":44,"turns":5},{"damage":0,"enemies":"Giant Head","floor":45,"turns":8},{"damage":0,"enemies":"Sphere and 2 Shapes","floor":47,"turns":5},{"damage":0,"enemies":"conspire:OrnateMirror","floor":50,"turns":12}],"seed_played":"658144215493222329","potions_obtained":[{"floor":6.0,"key":"Regen Potion"},{"floor":8.0,"key":"sneckomod:MuddlingPotion"},{"floor":10.0,"key":"GamblersBrew"},{"floor":16.0,"key":"GamblersBrew"},{"floor":18.0,"key":"Explosive Potion"},{"floor":20.0,"key":"Milkshake"},{"floor":20.0,"key":"champ:CounterPotion"},{"floor":28,"key":"SpeedPotion"},{"floor":28,"key":"DuplicationPotion"},{"floor":28,"key":"LiquidMemories"},{"floor":28,"key":"Ancient Potion"},{"floor":37,"key":"theForsaken:FearPotion"}],"is_trial":false,"path_per_floor":["M","?","M","?","AVR","E","NM","E","T","E","$","?","E","$","R_BF","B",null,"M","M","?","M","M","NM","M","E","T","M","$","?","E","AVR","R","B",null,"M","M","M","$","M","R","E","R","T","E","E","AVR","M","?","R","B",null],"character_chosen":"THE_FORSAKEN","items_purchased":["BrokenLever","Boot","theForsaken:Bolster","theForsaken:NobleSacrifice","theForsaken:InspiringBlow","reliquary:Firecrackers","WingedGreaves","MerchantsRug","theForsaken:DefensiveStance+1","Membership Card","reliquary:RoseTintedGlasses","ReplayTheSpireMod:TigerMarble","Cauldron","Toxic Egg 2","Enlightenment+1","Bag of Preparation","ReplayTheSpireMod:Private Reserves+1","Sling"],"campfire_rested":0,"item_purchase_floors":[0,0,0,0,0,0,0,0,11,14,14,14,28,28,28,38,38,38],"current_hp_per_floor":[62,62,65,65,65,62,56,58,58,61,61,54,57,57,57,65,71,71,71,71,71,71,71,71,72,72,72,72,55,65,65,65,77,77,77,77,77,77,77,77,77,77,77,77,77,77,77,83,83,83],"gold":162,"neow_bonus":"","is_daily":false,"chose_seed":false,"campfire_upgraded":5,"win_rate":0.0,"timestamp":1611980054,"path_taken":["M","?","M","?","AVR","E","NM","E","T","E","?","?","E","$","R_BF","BOSS","M","M","?","M","M","NM","M","E","T","M","$","?","E","AVR","R","BOSS","M","M","M","$","M","R","E","R","T","E","E","AVR","M","?","R","BOSS"],"items_purchased_type":["Relic","Relic","Card","Card","Card","Relic","Relic","Relic","Card","Relic","Relic","Relic","Relic","Relic","Card","Relic","Card","Relic"],"build_version":"2020-12-22","purchased_purges":6,"victory":true,"max_hp_per_floor":[65,65,65,65,65,65,65,65,65,65,65,65,65,65,65,65,71,71,71,71,71,71,71,71,72,72,72,72,72,77,77,77,77,77,77,77,77,77,77,77,77,77,77,77,77,77,77,83,83,83],"card_choices":[{"not_picked":["theForsaken:RainingSunlight","theForsaken:BattleHymn","theForsaken:PowerUp"],"picked":"SKIP","floor":1.0},{"not_picked":["theForsaken:NobleSacrifice","theForsaken:WardingHymn","theForsaken:PowerUp"],"picked":"SKIP","floor":3.0},{"not_picked":["theForsaken:Retribution","theForsaken:AncientWords"],"picked":"theForsaken:FatRoll","floor":6.0},{"not_picked":["theForsaken:Tranquility","theForsaken:Purification","theForsaken:HealingLight"],"picked":"SKIP","floor":7.0},{"not_picked":["theForsaken:BlindFaith","theForsaken:FatRoll","theForsaken:Preservation"],"picked":"SKIP","floor":8.0},{"not_picked":["theForsaken:Parry","theForsaken:BindingThorns"],"picked":"theForsaken:QuickAttack","floor":10.0},{"not_picked":["theForsaken:StoreUp","theForsaken:WardingHymn"],"picked":"theForsaken:Eulogy","floor":13.0},{"not_picked":["theForsaken:CorruptedForm","theForsaken:Temperance"],"picked":"theForsaken:SpreadingPlague","floor":16.0},{"not_picked":["theForsaken:BindingThorns","theForsaken:Eulogy","theForsaken:ScorchingSunlight"],"picked":"SKIP","floor":18.0},{"not_picked":["theForsaken:ChargeAttack","theForsaken:ShieldBash","theForsaken:CreepingInfection"],"picked":"SKIP","floor":19.0},{"not_picked":["theForsaken:WordsOfPestilence","theForsaken:HymnOfPatience+1","theForsaken:Temperance"],"picked":"SKIP","floor":21.0},{"not_picked":["theForsaken:Tranquility","theForsaken:StoreUp","theForsaken:Parry"],"picked":"SKIP","floor":22.0},{"not_picked":["theForsaken:HorrifyingStrike","theForsaken:NobleSacrifice","theForsaken:ShieldCharge"],"picked":"SKIP","floor":23.0},{"not_picked":["theForsaken:Eulogy","theForsaken:HealingLight+1","theForsaken:Horror"],"picked":"SKIP","floor":24},{"not_picked":["theForsaken:BottledPlague","theForsaken:WardingHymn","theForsaken:StoreUp+1"],"picked":"SKIP","floor":25},{"not_picked":["theForsaken:ShieldCharge+1","theForsaken:Devotion","theForsaken:BlightOfFamine+1"],"picked":"SKIP","floor":27},{"not_picked":["infinitespire:TheBestDefense","ReplayTheSpireMod:??????????????????????"],"picked":"infinitespire:Gouge","floor":29},{"not_picked":["theForsaken:Parry+1","theForsaken:PanicDive+1"],"picked":"theForsaken:QuickAttack","floor":30},{"not_picked":["theForsaken:FountainOfLife","theForsaken:Temperance"],"picked":"theForsaken:SacredOath+1","floor":33},{"not_picked":["theForsaken:Backlash+1","theForsaken:Bolster","theForsaken:NobleSacrifice+1"],"picked":"SKIP","floor":35},{"not_picked":["theForsaken:PanicDive+1","theForsaken:ShieldBash","theForsaken:InspiringBlow+1"],"picked":"SKIP","floor":36},{"not_picked":["theForsaken:BattleHymn+1","theForsaken:Thunderbolt+1","theForsaken:ShieldBash"],"picked":"SKIP","floor":37},{"not_picked":["theForsaken:Riposte","theForsaken:AncientWords+1","theForsaken:BlessedWeapon+1"],"picked":"SKIP","floor":39},{"not_picked":["theForsaken:CleansingLight+1","theForsaken:AncientWords+1"],"picked":"theForsaken:DefensiveStance+1","floor":41},{"not_picked":["theForsaken:AncientWords+1","theForsaken:WordsOfMight+1"],"picked":"theForsaken:DarkBargain+1","floor":44},{"not_picked":["theForsaken:Thunderbolt","theForsaken:NobleSacrifice+1","theForsaken:ScorchingSunlight"],"picked":"SKIP","floor":45},{"not_picked":["theForsaken:Confusion","theForsaken:BlightOfFamine+1","theForsaken:HealingLight+1"],"picked":"SKIP","floor":47}],"player_experience":61531,"relics_obtained":[{"floor":6.0,"key":"Replay:Baseball"},{"floor":6.0,"key":"reliquary:TridentHead"},{"floor":7.0,"key":"Divine Protection"},{"floor":7.0,"key":"reliquary:RosewoodLute"},{"floor":8.0,"key":"Thread and Needle"},{"floor":8.0,"key":"theForsaken:Gavel"},{"floor":9.0,"key":"Replay:Accelerometer"},{"floor":10.0,"key":"conspire:DecoderRing"},{"floor":10.0,"key":"Darkstone Periapt"},{"floor":13.0,"key":"Snack Pack"},{"floor":13.0,"key":"reliquary:TuningFork"},{"floor":23.0,"key":"Blue Doll"},{"floor":23.0,"key":"reliquary:IridiumChain"},{"floor":25,"key":"infinitespire:Eraser"},{"floor":25,"key":"conspire:DeflatedDodgeball"},{"floor":26,"key":"Anchor"},{"floor":30,"key":"Durian"},{"floor":30,"key":"conspire:InfiniteJournal"},{"floor":41,"key":"Frozen Egg 2"},{"floor":41,"key":"theForsaken:Lifeblossom"},{"floor":43,"key":"ReplayTheSpireMod:Lightbulb"},{"floor":44,"key":"TungstenRod"},{"floor":44,"key":"Replay:Bottled Flurry"},{"floor":45,"key":"reliquary:Boomerang"},{"floor":45,"key":"reliquary:TatteredRug"},{"floor":48,"key":"Ring of Fury"},{"floor":48,"key":"ReplayTheSpireMod:Ring of Exchange"}],"event_choices":[{"cards_removed":["theForsaken:TheForsaken_Defend"],"damage_healed":0.0,"max_hp_gain":0.0,"max_hp_loss":0.0,"gold_gain":0.0,"event_name":"Golden Wing","player_choice":"Card Removal","floor":12.0,"gold_loss":0.0,"damage_taken":7.0},{"damage_healed":0.0,"max_hp_gain":0.0,"max_hp_loss":0.0,"gold_gain":0.0,"event_name":"Lab","player_choice":"Got Potions","floor":20.0,"gold_loss":0.0,"damage_taken":0.0}],"is_beta":false,"boss_relics":[{"not_picked":["Sozu","conspire:RunicOctahedron"],"picked":"Abe\u0027s Treasure"},{"not_picked":["Replay:Drink Me","ChewingGum","Snecko Heart"]}],"items_purged_floors":[0,0,5,28,31,38],"is_endless":false,"potions_floor_spawned":[6,8,10,16,18,21,30,36,37,45,47],"ascension_level":9}}