{"host":"5dhwd44u3dydylwe","time":1611984045,"event":{"mods":["AchievementEnabler","BaseMod","BetterRewards","Dota2Spire","Hubris","Minty Spire (QoL Compilation)","Shop Mod","StSLib","Wandering Minibosses"],"gold_per_floor":[113,125,140,159,234,262,262,262,296,323,323,28,64,64,102,102,228,228,228,348,348,367,380,59,78,92,92,128,128,168,217,232,232,232,77,91,91,215,215,234,255,280,296,309,350,366,401,401,440,440,64,102,102,102,102,102,102,28,59,59],"floor_reached":61,"language":"ENG","playtime":3799,"items_purged":["Strike_P","Strike_P","Defend_P","Eruption","Strike_P"],"score":2515,"play_id":"944c9c9b-cfff-4833-9081-6dc917c49f51","local_time":"20210130132045","is_ascension_mode":true,"campfire_choices":[{"floor":7,"key":"REST"},{"data":"Fasting2","floor":11,"key":"SMITH"},{"data":"BowlingBash","floor":14,"key":"SMITH"},{"data":"Wallop","floor":16,"key":"SMITH"},{"data":"TalkToTheHand","floor":19,"key":"SMITH"},{"floor":27,"key":"RECALL"},{"data":"Worship","floor":29,"key":"SMITH"},{"data":"Pray","floor":37,"key":"SMITH"},{"floor":50,"key":"DIG"},{"floor":54,"key":"DIG"},{"floor":57,"key":"DIG"}],"circlet_count":0,"master_deck":["Defend_P+1","Defend_P+1","Vigilance+1","Fasting2+1","TalkToTheHand+1","FlyingSleeves+1","LikeWater+1","BowlingBash+1","ThirdEye+1","WaveOfTheHand+1","LikeWater+1","Worship+1","Crescendo+1","WindmillStrike+1","Vault+1","Wallop+1","LessonLearned+1","Omniscience+1","Conclude+1","EmptyMind+1","Pray+1","Pray+1","Vault+1","Wallop+1","WheelKick+1","Omniscience+1","Devotion+1"],"relics":["HolyWater","OrangePellets","Ornamental Fan","Dota2Spire:Vanguard","hubris:MedicalManual","Golden Idol","White Beast Statue","Anchor","Happy Flower","Strawberry","Dota2Spire:AghanimScepter","Dota2Spire:RefresherOrb","Omamori","wanderingMiniBosses:OtherGremlinHorn","Dota2Spire:UrnOfShadows","Mummified Hand","Pen Nib","Busted Crown","Shovel","Dota2Spire:ArmletOfMordiggian","Pear","Dota2Spire:EtherealBlade","Art of War","Membership Card","Dota2Spire:ArcaneBoots","Dota2Spire:DrumOfEndurance","Dota2Spire:LotusOrb","Damaru","Kunai","hubris:SphereOfDissonance"],"acts_visited":["Exordium","TheCity","TheBeyond","TheEnding"],"potions_floor_usage":[6,6,17,17,17,60,60],"damage_taken":[{"damage":0.0,"enemies":"Cultist","floor":1.0,"turns":4.0},{"damage":0,"enemies":"2 Louse","floor":2,"turns":4},{"damage":3,"enemies":"Small Slimes","floor":3,"turns":4},{"damage":0,"enemies":"2 Fungi Beasts","floor":4,"turns":4},{"damage":0,"enemies":"Gremlin Nob","floor":6,"turns":6},{"damage":0,"enemies":"Lagavulin","floor":9,"turns":9},{"damage":0,"enemies":"3 Sentries","floor":13,"turns":7},{"damage":0,"enemies":"Lagavulin","floor":15,"turns":6},{"damage":0,"enemies":"Slime Boss","floor":17,"turns":6},{"damage":0,"enemies":"Slime Boss","floor":20,"turns":4},{"damage":0,"enemies":"2 Thieves","floor":22,"turns":5},{"damage":0,"enemies":"3 Byrds","floor":23,"turns":4},{"damage":0,"enemies":"Snecko","floor":25,"turns":6},{"damage":0,"enemies":"Shelled Parasite and Fungi","floor":26,"turns":5},{"damage":1,"enemies":"Gremlin Leader","floor":28,"turns":7},{"damage":0,"enemies":"Book of Stabbing","floor":30,"turns":5},{"damage":0,"enemies":"Snake Plant","floor":32,"turns":4},{"damage":0,"enemies":"Cultist and Chosen","floor":36,"turns":3},{"damage":0,"enemies":"Collector","floor":38,"turns":5},{"damage":0,"enemies":"3 Shapes","floor":40,"turns":4},{"damage":1,"enemies":"3 Darklings","floor":41,"turns":5},{"damage":0,"enemies":"Jaw Worm Horde","floor":42,"turns":3},{"damage":0,"enemies":"Spire Growth","floor":43,"turns":4},{"damage":0,"enemies":"Maw","floor":44,"turns":4},{"damage":0,"enemies":"Nemesis","floor":45,"turns":2},{"damage":0,"enemies":"Transient","floor":46,"turns":7},{"damage":0,"enemies":"Reptomancer","floor":47,"turns":5},{"damage":0,"enemies":"Nemesis","floor":49,"turns":4},{"damage":0,"enemies":"Reptomancer","floor":52,"turns":4},{"damage":0,"enemies":"Donu and Deca","floor":55,"turns":5},{"damage":0,"enemies":"Shield and Spear","floor":59,"turns":2},{"damage":0,"enemies":"The Heart","floor":60,"turns":5}],"seed_played":"-3394233346642307534","potions_obtained":[{"floor":2,"key":"Weak Potion"},{"floor":4,"key":"Dota2Spire:Clarity"},{"floor":6,"key":"BottledMiracle"},{"floor":13,"key":"Explosive Potion"},{"floor":15,"key":"SkillPotion"},{"floor":17,"key":"Dota2Spire:Clarity"},{"floor":20,"key":"DistilledChaos"},{"floor":22,"key":"BottledMiracle"},{"floor":23,"key":"Energy Potion"},{"floor":30,"key":"LiquidBronze"},{"floor":42,"key":"Ambrosia"}],"is_trial":false,"path_per_floor":["M","M","M","M","?","E","R","?","E","T","R","$","E","R","E","R","B",null,"R","B",null,"M","M","$","M","M","R","E","R","E","T","M","?","?","$","M","R","B",null,"M","M","M","M","M","E","M","E","T","E","R","$","E","$","R","B",null,"R","$","E","B",null],"character_chosen":"WATCHER","items_purchased":["Fasting2","OrangePellets","Ornamental Fan","TalkToTheHand","Dota2Spire:Vanguard","FlyingSleeves","LikeWater","BowlingBash","ThirdEye","Happy Flower","Omamori","Pen Nib","Membership Card","Dota2Spire:ArcaneBoots","Dota2Spire:DrumOfEndurance","Omniscience","Devotion"],"campfire_rested":1,"item_purchase_floors":[0,0,0,0,0,0,0,0,0,12,24,35,51,51,51,51,58],"current_hp_per_floor":[30,30,27,27,16,16,37,37,37,37,37,37,44,44,44,44,44,44,44,44,79,79,79,79,79,79,79,78,78,78,78,78,78,78,78,78,78,78,79,79,78,78,78,78,78,78,78,88,88,88,88,88,88,88,88,89,89,89,89,89],"gold":59,"neow_bonus":"","is_daily":false,"chose_seed":false,"campfire_upgraded":6,"win_rate":0.0,"timestamp":1611984045,"path_taken":["M","M","M","?","?","E","R","?","E","T","R","$","E","R","E","R","BOSS","R","BOSS","M","M","$","M","M","R","E","R","E","T","M","?","?","$","M","R","BOSS","M","M","M","M","M","E","?","E","T","E","R","$","E","$","R","BOSS","R","$","E","BOSS"],"items_purchased_type":["Card","Relic","Relic","Card","Relic","Card","Card","Card","Card","Relic","Relic","Relic","Relic","Relic","Relic","Card","Card"],"build_version":"2020-12-22","purchased_purges":5,"victory":true,"max_hp_per_floor":[72,72,72,72,72,72,72,72,72,72,72,72,79,79,79,79,79,79,79,79,79,79,79,79,79,79,79,79,79,79,79,79,79,79,79,79,79,79,79,79,79,79,79,79,79,79,79,89,89,89,89,89,89,89,89,89,89,89,89,89],"card_choices":[{"not_picked":["EmptyFist","FlyingSleeves"],"picked":"WaveOfTheHand","floor":1.0},{"not_picked":["Protect","FlurryOfBlows"],"picked":"LikeWater","floor":2},{"not_picked":["ThirdEye","EmptyBody","SashWhip"],"picked":"SKIP","floor":3},{"not_picked":["JustLucky","Pray"],"picked":"Worship","floor":4},{"not_picked":["JustLucky","BowlingBash"],"picked":"Crescendo","floor":6},{"not_picked":["JustLucky","EmptyBody"],"picked":"WindmillStrike","floor":9},{"not_picked":["FlurryOfBlows","Collect"],"picked":"Vault","floor":13},{"not_picked":["WindmillStrike","EmptyBody"],"picked":"Wallop","floor":15},{"not_picked":["MasterReality","Brilliance"],"picked":"LessonLearned","floor":17},{"not_picked":["Brilliance","MasterReality"],"picked":"Omniscience","floor":20},{"not_picked":["CarveReality","Protect"],"picked":"Conclude","floor":22},{"not_picked":["Nirvana+1","ClearTheMind"],"picked":"EmptyMind+1","floor":23},{"not_picked":["Halt","EmptyMind","Crescendo"],"picked":"SKIP","floor":25},{"not_picked":["Halt+1","Worship"],"picked":"Pray+1","floor":26},{"not_picked":["Judgement","Consecrate+1","Fasting2"],"picked":"SKIP","floor":28},{"not_picked":["Protect","DeceiveReality","Tantrum+1"],"picked":"SKIP","floor":30},{"not_picked":["Protect","DeceiveReality","Tantrum+1"],"picked":"SKIP","floor":30},{"not_picked":["FlurryOfBlows","SashWhip","CrushJoints"],"picked":"SKIP","floor":32},{"not_picked":["Weave","Perseverance","EmptyMind"],"picked":"SKIP","floor":36},{"not_picked":["Establishment","Blasphemy"],"picked":"Vault","floor":38},{"not_picked":["FlurryOfBlows"],"picked":"SKIP","floor":40},{"not_picked":[],"picked":"Wallop","floor":41},{"not_picked":["DeceiveReality"],"picked":"SKIP","floor":42},{"not_picked":["FlyingSleeves"],"picked":"SKIP","floor":43},{"not_picked":["CrushJoints"],"picked":"SKIP","floor":44},{"not_picked":["Tantrum"],"picked":"SKIP","floor":45},{"not_picked":["BowlingBash"],"picked":"SKIP","floor":46},{"not_picked":[],"picked":"WheelKick","floor":47},{"not_picked":["BowlingBash+1"],"picked":"SKIP","floor":49},{"not_picked":["BowlingBash+1"],"picked":"SKIP","floor":49},{"not_picked":["Protect+1"],"picked":"SKIP","floor":52},{"not_picked":["ThirdEye+1"],"picked":"SKIP","floor":59}],"player_experience":117567,"relics_obtained":[{"floor":6,"key":"hubris:MedicalManual"},{"floor":9,"key":"White Beast Statue"},{"floor":10,"key":"Anchor"},{"floor":13,"key":"Strawberry"},{"floor":15,"key":"Dota2Spire:AghanimScepter"},{"floor":25,"key":"wanderingMiniBosses:OtherGremlinHorn"},{"floor":28,"key":"Dota2Spire:UrnOfShadows"},{"floor":30,"key":"Mummified Hand"},{"floor":45,"key":"Shovel"},{"floor":47,"key":"Dota2Spire:ArmletOfMordiggian"},{"floor":48,"key":"Pear"},{"floor":49,"key":"Dota2Spire:EtherealBlade"},{"floor":50,"key":"Art of War"},{"floor":52,"key":"Dota2Spire:LotusOrb"},{"floor":54,"key":"Damaru"},{"floor":57,"key":"Kunai"},{"floor":59,"key":"hubris:SphereOfDissonance"}],"event_choices":[{"damage_healed":0,"gold_gain":75,"player_choice":"Gather Gold","damage_taken":11,"max_hp_gain":0,"max_hp_loss":0,"event_name":"World of Goop","floor":5,"gold_loss":0},{"cards_removed":["Strike_P"],"damage_healed":0,"gold_gain":0,"player_choice":"Elegance","damage_taken":0,"max_hp_gain":0,"max_hp_loss":0,"event_name":"Back to Basics","floor":33,"gold_loss":0},{"damage_healed":0,"gold_gain":0,"cards_transformed":["Defend_P"],"player_choice":"Transformed","damage_taken":0,"max_hp_gain":0,"max_hp_loss":0,"event_name":"Transmorgrifier","floor":34,"gold_loss":0,"cards_obtained":["Pray"]}],"is_beta":false,"boss_relics":[{"not_picked":["hubris:ScarierMask","Dota2Spire:Bloodstone"],"picked":"Dota2Spire:RefresherOrb"},{"not_picked":["Sozu","Velvet Choker"],"picked":"HolyWater"},{"not_picked":["SlaversCollar","Runic Pyramid"],"picked":"Busted Crown"}],"items_purged_floors":[0,0,0,12,24],"is_endless":false,"potions_floor_spawned":[2,4,6,13,15,17,20,22,23,25,26,28,30,32,36,38,40,41,42,43,44,45,46,47,49,52,59],"ascension_level":1}}