{"host":"uv5ws9rdk87e8i5k","time":1611980119,"event":{"mods":["AchievementEnabler","BaseMod","Colored Map","Minty Spire (QoL Compilation)","Permanent Neow","Quick Restart","StSLib","SuperFastMode","The Necromancer"],"gold_per_floor":[111,124,143,159,170,204,221,221,221],"floor_reached":8,"language":"ENG","playtime":278,"items_purged":[],"score":90,"play_id":"d0ddb635-cc67-4753-bd80-22da46966743","local_time":"20210129221519","is_ascension_mode":true,"campfire_choices":[],"circlet_count":0,"master_deck":["Survivor","Neutralize","Escape Plan","Storm of Steel","Grand Finale","A Thousand Cuts","Blade Dance","Setup","Phantasmal Killer","Quick Slash","Bouncing Flask","Expertise","Endless Agony","Bouncing Flask","Quick Slash","Blade Dance","Blade Dance","Choke","Prepared"],"relics":["Pandora\u0027s Box","Oddly Smooth Stone"],"acts_visited":["Exordium"],"potions_floor_usage":[],"damage_taken":[{"damage":3.0,"enemies":"Small Slimes","floor":1.0,"turns":3.0},{"damage":0.0,"enemies":"Cultist","floor":2.0,"turns":2.0},{"damage":0.0,"enemies":"2 Louse","floor":3.0,"turns":1.0},{"damage":8.0,"enemies":"Looter","floor":4.0,"turns":2.0},{"damage":14.0,"enemies":"Lots of Slimes","floor":5.0,"turns":2.0},{"damage":17.0,"enemies":"3 Sentries","floor":6.0,"turns":4.0},{"damage":4.0,"enemies":"3 Louse","floor":7.0,"turns":2.0},{"damage":0,"enemies":"Lagavulin","floor":8,"turns":1}],"seed_played":"-5122968636742541571","potions_obtained":[{"floor":1.0,"key":"Explosive Potion"},{"floor":3.0,"key":"GamblersBrew"},{"floor":4.0,"key":"SteroidPotion"}],"is_trial":false,"path_per_floor":["M","M","M","M","M","E","M","E"],"character_chosen":"THE_SILENT","items_purchased":[],"campfire_rested":0,"item_purchase_floors":[],"current_hp_per_floor":[60,60,60,52,38,21,17,17,17],"gold":221,"neow_bonus":"BOSS_RELIC","is_daily":false,"chose_seed":false,"campfire_upgraded":0,"win_rate":0.0,"timestamp":1611980119,"path_taken":["M","M","M","M","M","E","M","E"],"items_purchased_type":[],"build_version":"2020-12-22","purchased_purges":0,"victory":false,"max_hp_per_floor":[70,70,70,70,70,70,70,70,70],"card_choices":[{"not_picked":["Infinite Blades","Flying Knee"],"picked":"Endless Agony","floor":1.0},{"not_picked":["Cloak And Dagger","Backflip"],"picked":"Bouncing Flask","floor":2.0},{"not_picked":["Acrobatics","Underhanded Strike"],"picked":"Quick Slash","floor":3.0},{"not_picked":["Tactician","Sucker Punch"],"picked":"Blade Dance","floor":4.0},{"not_picked":["Underhanded Strike","Backflip"],"picked":"Blade Dance","floor":5.0},{"not_picked":["Backflip","Flying Knee"],"picked":"Choke","floor":6.0},{"not_picked":["Flechettes","Dagger Throw"],"picked":"Prepared","floor":7.0}],"player_experience":306674,"relics_obtained":[{"floor":6.0,"key":"Oddly Smooth Stone"}],"event_choices":[],"is_beta":false,"boss_relics":[],"items_purged_floors":[],"is_endless":false,"potions_floor_spawned":[1,3,4],"killed_by":"Lagavulin","ascension_level":9}}