{"host":"m4qpn8a4h7jhbw2f","time":1611983577,"event":{"mods":["BaseMod","Colored Map","Colored Powertips","Minty Spire (QoL Compilation)","Rare Cards Sparkle","Relic Stats"],"gold_per_floor":[215,215,116,291,139,166,186,215,239,278,320,332,364,404,416,527,539,566,77,77,437,377,377],"floor_reached":22,"language":"ENG","playtime":1783,"items_purged":["Doubt","Defend_R"],"score":243,"play_id":"bfa3fc99-e169-4fdb-a110-81a59eafa75f","local_time":"20210130001257","is_ascension_mode":true,"campfire_choices":[{"data":"Flex","floor":12,"key":"SMITH"},{"data":"Flex","floor":15,"key":"SMITH"}],"circlet_count":0,"master_deck":["Strike_R","Strike_R","Strike_R","Strike_R","Strike_R","Defend_R","Defend_R","Defend_R","Bash","Metallicize","Flex+1","Heavy Blade","Flex+1","Heavy Blade","Reaper","Perfected Strike","Blood for Blood","Infernal Blade","Warcry","Inflame","Demon Form","Battle Trance","Bandage Up","Wild Strike"],"relics":["Burning Blood","MealTicket","Bag of Preparation","MawBank","Odd Mushroom","Shuriken","Paper Frog","Runic Pyramid","Ornamental Fan"],"acts_visited":["Exordium","TheCity"],"potions_floor_usage":[14,14],"damage_taken":[{"damage":1,"enemies":"Jaw Worm","floor":1,"turns":3},{"damage":38,"enemies":"Lagavulin","floor":6,"turns":8},{"damage":0,"enemies":"2 Louse","floor":7,"turns":2},{"damage":28,"enemies":"3 Sentries","floor":8,"turns":9},{"damage":19,"enemies":"The Mushroom Lair","floor":10,"turns":4},{"damage":7,"enemies":"Gremlin Nob","floor":11,"turns":4},{"damage":11,"enemies":"Small Slimes","floor":13,"turns":3},{"damage":23,"enemies":"3 Sentries","floor":14,"turns":6},{"damage":42,"enemies":"Slime Boss","floor":16,"turns":9},{"damage":33,"enemies":"Shell Parasite","floor":18,"turns":6},{"damage":42,"enemies":"2 Thieves","floor":22,"turns":3}],"seed_played":"-7255600666095002202","potions_obtained":[{"floor":6,"key":"Regen Potion"},{"floor":13,"key":"PowerPotion"},{"floor":16,"key":"CultistPotion"},{"floor":18,"key":"Swift Potion"}],"is_trial":false,"path_per_floor":["M","?","$","?","$","E","M","E","T","?","E","R","M","E","R","B",null,"M","$","?","?","M"],"character_chosen":"IRONCLAD","items_purchased":["Flex","Heavy Blade","Flex","Heavy Blade","Bandage Up","Ornamental Fan","Wild Strike"],"campfire_rested":0,"item_purchase_floors":[3,3,5,5,19,19,19],"current_hp_per_floor":[80,80,80,80,80,48,58,48,48,53,52,52,51,76,76,44,80,53,68,68,32,0,0],"gold":377,"neow_bonus":"HUNDRED_GOLD","is_daily":false,"chose_seed":false,"campfire_upgraded":2,"win_rate":0.0,"timestamp":1611983577,"path_taken":["M","?","$","?","$","E","M","E","T","?","E","R","M","E","R","BOSS","M","$","?","?","M"],"items_purchased_type":["Card","Card","Card","Card","Card","Relic","Card"],"build_version":"2020-12-22","purchased_purges":2,"victory":false,"max_hp_per_floor":[80,80,80,80,80,80,80,80,80,80,80,80,80,80,80,80,80,80,80,80,80,80,80],"relic_stats":{"counters":[11,57],"Shuriken":[3],"Ornamental Fan":[4],"MealTicket":15,"Bag of Preparation":[14],"MawBank":120,"obtain_stats":[{"Shuriken":11,"Ornamental Fan":19,"MealTicket":6,"Bag of Preparation":8,"Odd Mushroom":10,"MawBank":9,"Burning Blood":0,"Paper Frog":14,"Runic Pyramid":17},{"Shuriken":6,"Ornamental Fan":10,"MealTicket":2,"Bag of Preparation":4,"Odd Mushroom":5,"MawBank":4,"Burning Blood":0,"Paper Frog":8,"Runic Pyramid":9},{"Shuriken":30,"Ornamental Fan":54,"MealTicket":11,"Bag of Preparation":22,"Odd Mushroom":26,"MawBank":22,"Burning Blood":0,"Paper Frog":39,"Runic Pyramid":48}],"Burning Blood":55},"card_choices":[{"not_picked":["Thunderclap","Perfected Strike"],"picked":"Metallicize","floor":1},{"not_picked":["Feel No Pain","Rage"],"picked":"Reaper","floor":6},{"not_picked":["Entrench","Second Wind"],"picked":"Perfected Strike","floor":7},{"not_picked":["Clash","Headbutt","Sword Boomerang"],"picked":"SKIP","floor":8},{"not_picked":["Dropkick","Havoc"],"picked":"Blood for Blood","floor":10},{"not_picked":["True Grit","Clash"],"picked":"Infernal Blade","floor":11},{"not_picked":["Cleave","Clothesline"],"picked":"Warcry","floor":13},{"not_picked":["Carnage","Power Through"],"picked":"Inflame","floor":14},{"not_picked":["Juggernaut","Barricade"],"picked":"Demon Form","floor":16},{"not_picked":["Iron Wave","Cleave"],"picked":"Battle Trance","floor":18}],"player_experience":148963,"relics_obtained":[{"floor":6,"key":"MealTicket"},{"floor":8,"key":"Bag of Preparation"},{"floor":9,"key":"MawBank"},{"floor":10,"key":"Odd Mushroom"},{"floor":11,"key":"Shuriken"},{"floor":14,"key":"Paper Frog"}],"event_choices":[{"damage_healed":0,"gold_gain":0,"player_choice":"Leave","damage_taken":0,"max_hp_gain":0,"max_hp_loss":0,"event_name":"The Cleric","floor":2,"gold_loss":0},{"damage_healed":0,"gold_gain":175,"player_choice":"AGREE","damage_taken":0,"max_hp_gain":0,"max_hp_loss":0,"event_name":"Liars Game","floor":4,"gold_loss":0,"cards_obtained":["Doubt"]},{"damage_healed":0,"gold_gain":0,"player_choice":"Fought Mushrooms","damage_taken":0,"max_hp_gain":0,"max_hp_loss":0,"event_name":"Mushrooms","floor":10,"gold_loss":0},{"damage_healed":0,"gold_gain":0,"player_choice":"Ignored","damage_taken":0,"max_hp_gain":0,"max_hp_loss":0,"event_name":"Ghosts","floor":20,"gold_loss":0},{"damage_healed":0,"gold_gain":360,"player_choice":"GOLD GOLD GOLD GOLD ","damage_taken":36,"max_hp_gain":0,"max_hp_loss":0,"event_name":"Knowing Skull","floor":21,"potions_obtained":[],"gold_loss":0,"cards_obtained":[]}],"is_beta":false,"boss_relics":[{"not_picked":["SacredBark","Busted Crown"],"picked":"Runic Pyramid"}],"items_purged_floors":[5,19],"is_endless":false,"potions_floor_spawned":[6,13,16,18],"killed_by":"2 Thieves","ascension_level":1}}