{"host":"takgv9cv6xf64vhq","time":1611964814,"event":{"mods":["BaseMod","Colored Powertips","Downfall","Hubris","LagranYue(拉格朗・月)","Marisa（F雨　魔理沙）","Minty Spire (QoL Compilation)","Replay The Spire","StSLib","The Animator","The Cursed","The Jungle","TheHeartMod"],"gold_per_floor":[113,125,75,87,87,120,120,131,131,131,117,129,129,229,229,330,330,340,360,376,376,376,376,387,75,144,144,194,225,236,262,262,360,460,471,79,79,90,107,107,134,146,169,169,169,169,55,73,73,73,73],"floor_reached":50,"language":"ZHS","playtime":3716,"items_purged":["Injury"],"score":713,"play_id":"682e555a-5f33-4941-98a1-394c04e50526","local_time":"20210130080014","is_ascension_mode":true,"campfire_choices":[{"data":"Dualcast","floor":7.0,"key":"SMITH"},{"data":"Stack","floor":13.0,"key":"SMITH"},{"data":"ReplayGash","floor":15.0,"key":"SMITH"},{"data":"Chaos","floor":23,"key":"SMITH"},{"data":"ReplayTheSpireMod:Calculation Training","floor":27,"key":"SMITH"},{"data":"Heatsinks","floor":32,"key":"SMITH"},{"data":"Seek","floor":40,"key":"SMITH"},{"floor":46,"key":"REST"},{"floor":49,"key":"RECALL"}],"circlet_count":0,"master_deck":["Defend_B","Dualcast+1","Ball Lightning","Turbo","Gash","Turbo","Time Bomb","Compile Driver","Stack+1","Echo Form","Gash","Panic Button+1","White Noise+1","Chaos+1","ReplayTheSpireMod:Calculation Training+1","Heatsinks+1","Self Repair","Leap+1","Core Surge","Core Surge","Echo Form","Seek+1","Coolheaded+1","Gash+1","Compile Driver+1","Chaos","Cold Snap+1","Go for the Eyes+1","Madness","Madness","Replay:Parry","Chaos+1","ReplayTheSpireMod:System Scan","BasicCrystalCard","Steam","Beam Cell"],"relics":["hubris:Backtick","TungstenRod","Meat on the Bone","Replay:PocketPolymizer","Kunai","Iron Hammer","Blood Vial","ReplayTheSpireMod:CursedCoin","Honey Jar","theJungle:BirthdayCake","theJungle:WildStrawberry","bronze:DonusWashers","Happy Flower","hubris:CrystalStatue","Symbiotic Virus","Smiling Mask","Art of War","Replay:Wanted Poster","Bottled Tornado","OrangePellets","Replay:Wax Seal","Dream Catcher","hexamod:BolsterEngine","Calipers","sneckomod:BlankCard"],"acts_visited":["Exordium","Exordium","TheBeyond"],"potions_floor_usage":[29,31,33,39,41],"damage_taken":[{"damage":6.0,"enemies":"2 Louse","floor":1.0,"turns":2.0},{"damage":0.0,"enemies":"Jaw Worm","floor":2.0,"turns":3.0},{"damage":0.0,"enemies":"Cultist","floor":4.0,"turns":3.0},{"damage":30.0,"enemies":"Gremlin Nob","floor":6.0,"turns":4.0},{"damage":14.0,"enemies":"Large Slime","floor":8.0,"turns":5.0},{"damage":0.0,"enemies":"Red Slaver","floor":12.0,"turns":2.0},{"damage":20.0,"enemies":"Fading Forest","floor":16.0,"turns":11.0},{"damage":9.0,"enemies":"Shell Parasite","floor":18.0,"turns":4.0},{"damage":0.0,"enemies":"theJungle:MUSHROOMGANG","floor":19.0,"turns":3.0},{"damage":32.0,"enemies":"theJungle:2_Snecko_Cultists","floor":20.0,"turns":4.0},{"damage":0,"enemies":"theJungle:Lyon","floor":24,"turns":4},{"damage":16,"enemies":"theJungle:MamaSnecko","floor":29,"turns":6},{"damage":1,"enemies":"theJungle:SlimyTreeVines","floor":30,"turns":4},{"damage":6,"enemies":"theJungle:2_Phrogs","floor":31,"turns":5},{"damage":0,"enemies":"theJungle:QueenSpyder","floor":33,"turns":7},{"damage":30,"enemies":"3 Darklings","floor":35,"turns":4},{"damage":0,"enemies":"Orb Walker","floor":38,"turns":3},{"damage":12,"enemies":"Transient","floor":39,"turns":5},{"damage":64,"enemies":"Reptomancer","floor":41,"turns":5},{"damage":20,"enemies":"4 Shapes","floor":42,"turns":7},{"damage":14,"enemies":"Spire Growth","floor":48,"turns":4},{"damage":44,"enemies":"Time Eater","floor":50,"turns":5}],"seed_played":"-6055230944996790232","potions_obtained":[{"floor":2.0,"key":"Fire Potion"},{"floor":6.0,"key":"FearPotion"},{"floor":8.0,"key":"DuplicationPotion"},{"floor":16.0,"key":"PowerPotion"},{"floor":19.0,"key":"champ:CounterPotion"},{"floor":20.0,"key":"Block Potion"},{"floor":24,"key":"SkillPotion"},{"floor":28,"key":"DistilledChaos"},{"floor":31,"key":"SpeedPotion"},{"floor":35,"key":"Flashbang"}],"is_trial":false,"path_per_floor":["M","M","?","M","?","E","R","M","T","$","$","M","R","?","R","B",null,"M","M","M","?","?","R","M","$","T","R","?","E","M","E","R","B",null,"M","$","?","M","M","R","E","M","T","?","$","R","$","M","R","B"],"character_chosen":"DEFECT","items_purchased":["Kunai","Iron Hammer","Blood Vial","ReplayTheSpireMod:CursedCoin","Deep Breath","bronze:DonusWashers","Happy Flower","Bottled Tornado","OrangePellets","hexamod:BolsterEngine","Calipers","sneckomod:BlankCard","ReplayTheSpireMod:System Scan","BasicCrystalCard"],"campfire_rested":1,"item_purchase_floors":[10,10,10,11,11,25,25,36,36,45,45,45,47,47],"current_hp_per_floor":[69,69,69,69,67,49,49,47,47,6,6,20,20,20,20,32,75,66,68,38,58,52,52,54,54,54,54,54,59,75,81,81,90,102,82,82,82,94,94,94,51,55,55,43,2,32,32,39,39,0,0],"gold":73,"neow_bonus":"BOSS_RELIC","is_daily":false,"chose_seed":false,"campfire_upgraded":7,"win_rate":0.0,"timestamp":1611964814,"path_taken":["M","M","?","M","?","E","R","M","T","?","$","M","R","?","R","BOSS","M","M","M","?","?","R","M","$","T","R","?","E","M","E","R","BOSS","M","$","?","?","M","R","E","M","T","?","?","R","$","M","R","BOSS"],"items_purchased_type":["Relic","Relic","Relic","Relic","Card","Relic","Relic","Relic","Relic","Relic","Relic","Relic","Card","Card"],"build_version":"2020-12-22","purchased_purges":1,"victory":false,"max_hp_per_floor":[75,75,75,75,75,75,75,75,75,75,75,75,75,75,75,75,75,75,75,75,95,102,102,102,102,102,102,102,102,102,102,102,102,102,102,102,102,102,102,102,102,102,102,102,102,102,102,102,102,102,102],"card_choices":[{"not_picked":["Go for the Eyes","Redo"],"picked":"Ball Lightning","floor":1.0},{"not_picked":["Turbo","Double Energy"],"picked":"ReplayGash","floor":2.0},{"not_picked":["Heatsinks","Beam Cell"],"picked":"Turbo","floor":4.0},{"not_picked":["Conserve Battery","Chill"],"picked":"Gash","floor":6.0},{"not_picked":["Doom and Gloom","Heatsinks"],"picked":"Time Bomb","floor":8.0},{"not_picked":["hubris:Ukulele","Sunder"],"picked":"Compile Driver","floor":12.0},{"not_picked":["Biased Cognition","Seek"],"picked":"Echo Form","floor":16.0},{"not_picked":["Scrape","Leap+1","Defragment"],"picked":"Gash","floor":18.0},{"not_picked":["Barrage+1","Loop","Steam"],"picked":"Panic Button+1","floor":19.0},{"not_picked":["Scrape","FIFO Queue","Seek"],"picked":"White Noise+1","floor":20.0},{"not_picked":["Go for the Eyes","Ball Lightning","Rebound"],"picked":"ReplayTheSpireMod:Calculation Training","floor":24},{"not_picked":["Barrage+1","Sunder+1","Leap"],"picked":"Self Repair","floor":28},{"not_picked":["Conserve Battery","Streamline","Redo"],"picked":"Leap+1","floor":29},{"not_picked":["Sunder+1","Chaos","Streamline+1"],"picked":"Core Surge","floor":30},{"not_picked":["BasicCrystalCard","Conserve Battery","Steam Power+1"],"picked":"Core Surge","floor":31},{"not_picked":["Thunder Strike","Echo Form","Reboot"],"picked":"Seek","floor":33},{"not_picked":["Compile Driver","Ball Lightning+1","Streamline+1"],"picked":"Coolheaded+1","floor":35},{"not_picked":["Ball Lightning","ReplayRNGCard","Coolheaded"],"picked":"Gash+1","floor":38},{"not_picked":["Panic Button","Gash","Conserve Battery+1"],"picked":"Compile Driver+1","floor":39},{"not_picked":["Gash","Sweeping Beam+1","Streamline"],"picked":"Cold Snap+1","floor":41},{"not_picked":["Turbo","Recycle","Cold Snap"],"picked":"Go for the Eyes+1","floor":42},{"not_picked":["FTL","Stack","Auto Shields+1"],"picked":"Chaos+1","floor":46},{"not_picked":["Auto Shields","Leap+1","Turbo"],"picked":"Steam","floor":48}],"player_experience":212226,"relics_obtained":[{"floor":6.0,"key":"Replay:PocketPolymizer"},{"floor":26,"key":"hubris:CrystalStatue"},{"floor":28,"key":"Symbiotic Virus"},{"floor":29,"key":"Smiling Mask"},{"floor":31,"key":"Art of War"},{"floor":41,"key":"Replay:Wax Seal"},{"floor":43,"key":"Dream Catcher"}],"event_choices":[{"cards_removed":["Strike_B"],"damage_healed":0.0,"max_hp_gain":0.0,"max_hp_loss":0.0,"gold_gain":0.0,"event_name":"The Cleric","player_choice":"Card Removal","floor":3.0,"gold_loss":50.0,"damage_taken":0.0},{"damage_healed":0.0,"max_hp_gain":0.0,"max_hp_loss":0.0,"gold_gain":0.0,"event_name":"Scrap Ooze","player_choice":"Success","floor":5.0,"gold_loss":0.0,"damage_taken":3.0,"relics_obtained":["Meat on the Bone"]},{"damage_healed":0.0,"max_hp_gain":0.0,"max_hp_loss":0.0,"gold_gain":100.0,"event_name":"Golden Shrine","player_choice":"Pray","floor":14.0,"gold_loss":0.0,"damage_taken":0.0},{"cards_removed":["Defend_B"],"damage_healed":0,"gold_gain":0,"player_choice":"Offered Basic","damage_taken":0,"max_hp_gain":0,"max_hp_loss":0,"event_name":"Bonfire Elementals","floor":37,"gold_loss":0},{"damage_healed":0,"gold_gain":0,"player_choice":"Embrace Madness","damage_taken":13,"max_hp_gain":0,"max_hp_loss":0,"event_name":"Winding Halls","floor":44,"gold_loss":0,"cards_obtained":["Madness","Madness"]}],"is_beta":false,"boss_relics":[{"not_picked":["Ectoplasm","Runic Pyramid"],"picked":"Honey Jar"},{"not_picked":["Painkiller Herb","hubris:VirtuousBlindfold"],"picked":"Replay:Wanted Poster"}],"items_purged_floors":[11],"is_endless":false,"potions_floor_spawned":[2,6,8,16,19,20,24,31,35],"killed_by":"Time Eater","ascension_level":1}}