{"host":"nnmmiiw4bez2c8ei","time":1611989610,"event":{"mods":["AchievementEnabler","BaseMod","Colored Map","Colored Powertips","Minty Spire (QoL Compilation)","Rare Cards Sparkle","StSLib"],"gold_per_floor":[360,360,372,5,19,49,65,100,100,100,118,32,66,36,36,146,146,161,161,131,131],"floor_reached":20,"language":"KOR","playtime":640,"items_purged":["Strike_R","Strike_R"],"score":240,"play_id":"c9b68926-1146-456e-8ee0-a85bb6baaac4","local_time":"20210130155330","is_ascension_mode":true,"campfire_choices":[{"data":"Fire Breathing","floor":10.0,"key":"SMITH"},{"data":"Armaments","floor":15.0,"key":"SMITH"}],"circlet_count":0,"master_deck":["Strike_R","Strike_R","Defend_R","Defend_R","Defend_R","Defend_R","Bash","Clash+1","Feel No Pain","Wild Strike","Thunderclap","Fire Breathing+1","Clash","Armaments+1","Second Wind","Barricade"],"relics":["Burning Blood","PreservedInsect","Sling","Smiling Mask","Akabeko","CeramicFish","Eternal Feather","Mark of Pain"],"acts_visited":["Exordium","TheCity"],"potions_floor_usage":[16,16,16],"damage_taken":[{"damage":2.0,"enemies":"2 Louse","floor":1.0,"turns":3.0},{"damage":1.0,"enemies":"Cultist","floor":3.0,"turns":3.0},{"damage":5.0,"enemies":"Small Slimes","floor":5.0,"turns":3.0},{"damage":16.0,"enemies":"Gremlin Nob","floor":6.0,"turns":3.0},{"damage":19.0,"enemies":"Exordium Thugs","floor":7.0,"turns":4.0},{"damage":9.0,"enemies":"3 Sentries","floor":8.0,"turns":4.0},{"damage":0.0,"enemies":"Gremlin Gang","floor":11.0,"turns":3.0},{"damage":6.0,"enemies":"Lagavulin","floor":13.0,"turns":5.0},{"damage":61,"enemies":"The Guardian","floor":16,"turns":9},{"damage":49,"enemies":"3 Byrds","floor":18,"turns":6},{"damage":17,"enemies":"2 Thieves","floor":20,"turns":1}],"seed_played":"8209304458236379232","potions_obtained":[{"floor":3.0,"key":"Regen Potion"},{"floor":6.0,"key":"LiquidMemories"},{"floor":7.0,"key":"DistilledChaos"},{"floor":8.0,"key":"BlessingOfTheForge"},{"floor":14.0,"key":"EssenceOfSteel"},{"floor":14.0,"key":"LiquidBronze"}],"is_trial":false,"path_per_floor":["M","?","M","$","M","E","M","E","T","R","M","$","E","?","R","B",null,"M","?","M"],"character_chosen":"IRONCLAD","items_purchased":["PreservedInsect","Sling","Armaments"],"campfire_rested":0,"item_purchase_floors":[4,4,12],"current_hp_per_floor":[72,72,72,72,72,62,49,46,46,46,52,52,52,52,61,21,59,16,16,0,0],"gold":131,"neow_bonus":"TWO_FIFTY_GOLD","is_daily":false,"chose_seed":false,"campfire_upgraded":2,"win_rate":0.0,"timestamp":1611989610,"path_taken":["M","?","M","$","M","E","M","E","T","R","?","?","E","?","R","BOSS","M","?","M"],"items_purchased_type":["Relic","Relic","Card"],"build_version":"2020-12-22","purchased_purges":2,"victory":false,"max_hp_per_floor":[72,72,72,72,72,72,72,72,72,72,72,72,72,72,72,72,72,72,72,72,72],"card_choices":[{"not_picked":["Havoc","Twin Strike"],"picked":"Clash","floor":1.0},{"not_picked":["Heavy Blade","Shockwave"],"picked":"Feel No Pain","floor":3.0},{"not_picked":["Clash","Flex"],"picked":"Wild Strike","floor":5.0},{"not_picked":["Pommel Strike","Carnage"],"picked":"Thunderclap","floor":6.0},{"not_picked":["Clash","Dropkick"],"picked":"Fire Breathing","floor":7.0},{"not_picked":["Anger","True Grit"],"picked":"Clash","floor":8.0},{"not_picked":["Bludgeon","Anger","Body Slam"],"picked":"SKIP","floor":11.0},{"not_picked":["Wild Strike","Warcry"],"picked":"Second Wind","floor":13.0},{"not_picked":["Impervious","Feed"],"picked":"Barricade","floor":16},{"not_picked":["Perfected Strike","Hemokinesis","Pommel Strike"],"picked":"SKIP","floor":18}],"player_experience":486631,"relics_obtained":[{"floor":6.0,"key":"Smiling Mask"},{"floor":8.0,"key":"Akabeko"},{"floor":9.0,"key":"CeramicFish"},{"floor":13.0,"key":"Eternal Feather"}],"event_choices":[{"damage_healed":0.0,"max_hp_gain":0.0,"max_hp_loss":0.0,"gold_gain":0.0,"event_name":"Upgrade Shrine","player_choice":"Upgraded","floor":2.0,"gold_loss":0.0,"damage_taken":0.0,"cards_upgraded":["Clash"]},{"damage_healed":0.0,"max_hp_gain":0.0,"max_hp_loss":0.0,"gold_gain":0.0,"event_name":"The Woman in Blue","player_choice":"Bought 2 Potions","floor":14.0,"gold_loss":0.0,"damage_taken":0.0},{"cards_removed":["Strike_R"],"damage_healed":0,"gold_gain":0,"player_choice":"Purged","damage_taken":0,"max_hp_gain":0,"max_hp_loss":0,"event_name":"Purifier","floor":19,"gold_loss":0}],"is_beta":false,"boss_relics":[{"not_picked":["Calling Bell","Astrolabe"],"picked":"Mark of Pain"}],"items_purged_floors":[4,12],"is_endless":false,"potions_floor_spawned":[3,6,7,8],"killed_by":"2 Thieves","ascension_level":5}}