{"host":"0o4jkshs65tojivq","time":1611981585,"event":{"mods":["BaseMod","Downfall","Minty Spire (QoL Compilation)","Relic Stats","StSLib"],"gold_per_floor":[99,128,155,183,192,216,216,18,33,70,70,95,95,95,112,216,216,116,137,137,137,137],"floor_reached":20,"language":"ENG","playtime":1604,"items_purged":["downfall:Malfunctioning"],"score":176,"play_id":"959d30e8-f339-4941-96ef-d5096b6b8db0","local_time":"20210129203945","is_ascension_mode":false,"campfire_choices":[{"floor":1.0,"key":"RECALL"},{"data":"bronze:FineTuning","floor":11.0,"key":"SMITH"},{"data":"bronze:Terminator","floor":13.0,"key":"SMITH"},{"data":"bronze:OilSpill","floor":18,"key":"SMITH"}],"circlet_count":0,"master_deck":["bronze:Strike","bronze:Strike","bronze:Strike","bronze:Strike+1","bronze:Defend","bronze:Defend","bronze:Defend+1","bronze:Defend+1","bronze:Replicate","bronze:Goto","bronze:Fortify","bronze:FineTuning+1","bronze:OilSpill+1","bronze:Format","bronze:OilSpill","bronze:OilSpill","bronze:Terminator+1","bronze:HyperBeam","bronze:FineTuning"],"relics":["bronze:BronzeCore","CeramicFish","InkBottle","Membership Card","Blue Candle","NlothsMask","Snecko Eye","downfall:HeartBlessingRed"],"acts_visited":["Exordium","TheCity"],"potions_floor_usage":[20],"damage_taken":[{"damage":1.0,"enemies":"Cultist","floor":2.0,"turns":4.0},{"damage":0.0,"enemies":"2 Louse","floor":3.0,"turns":3.0},{"damage":0.0,"enemies":"Small Slimes","floor":4.0,"turns":3.0},{"damage":10.0,"enemies":"Exordium Thugs","floor":6.0,"turns":6.0},{"damage":2.0,"enemies":"downfall:FleeingMerchant","floor":8.0,"turns":4.0},{"damage":0.0,"enemies":"Large Slime","floor":9.0,"turns":6.0},{"damage":12.0,"enemies":"Gremlin Nob","floor":10.0,"turns":4.0},{"damage":4.0,"enemies":"3 Louse","floor":12.0,"turns":3.0},{"damage":0.0,"enemies":"2 Fungi Beasts","floor":15.0,"turns":2.0},{"damage":39.0,"enemies":"DF_ARCHETYPE_STREAMLINE","floor":16.0,"turns":9.0},{"damage":0,"enemies":"3 Byrds","floor":19,"turns":4},{"damage":47,"enemies":"Sentry and Sphere","floor":20,"turns":7}],"seed_played":"-4075445950782104971","potions_obtained":[{"floor":4.0,"key":"bronze:CleanCodePotion"},{"floor":9.0,"key":"LiquidBronze"},{"floor":15.0,"key":"FairyPotion"},{"floor":16,"key":"Swift Potion"},{"floor":19,"key":"bronze:BurnAndBuffPotion"}],"is_trial":false,"path_per_floor":["R","M","M","M","?","M","T","$","M","E","R","M","R","?","M","B",null,"R","M","M"],"character_chosen":"THE_AUTOMATON","items_purchased":["Membership Card"],"campfire_rested":0,"item_purchase_floors":[8],"current_hp_per_floor":[70,69,69,69,69,59,59,57,57,45,45,41,41,41,41,2,70,70,70,23,23,23],"gold":137,"neow_bonus":"RANDOM_COMMON_RELIC","is_daily":false,"chose_seed":false,"campfire_upgraded":3,"win_rate":0.0,"timestamp":1611981585,"path_taken":["R","M","M","?","?","M","T","$","M","E","R","M","R","?","M","BOSS","BOSS","R","M","?"],"items_purchased_type":["Relic"],"build_version":"2020-12-22","purchased_purges":1,"victory":false,"max_hp_per_floor":[70,70,70,70,70,70,70,70,70,70,70,70,70,70,70,70,70,70,70,70,70,70],"relic_stats":{"counters":[12,55],"CeramicFish":90,"Blue Candle":[0],"Snecko Eye":[12,18,24,23],"obtain_stats":[{"bronze:BronzeCore":0,"downfall:HeartBlessingRed":18,"CeramicFish":0,"Blue Candle":10,"Snecko Eye":17,"Membership Card":8,"InkBottle":7,"NlothsMask":14},{"bronze:BronzeCore":0,"downfall:HeartBlessingRed":10,"CeramicFish":0,"Blue Candle":7,"Snecko Eye":10,"Membership Card":5,"InkBottle":4,"NlothsMask":8},{"bronze:BronzeCore":0,"downfall:HeartBlessingRed":44,"CeramicFish":0,"Blue Candle":30,"Snecko Eye":44,"Membership Card":20,"InkBottle":16,"NlothsMask":33}],"InkBottle":[11]},"card_choices":[{"not_picked":["bronze:Frontload","bronze:ClassDefault"],"picked":"bronze:Fortify","floor":2.0},{"not_picked":["bronze:Overheat","bronze:CutThrough"],"picked":"bronze:FineTuning","floor":3.0},{"not_picked":["bronze:Branch","bronze:Shell"],"picked":"bronze:OilSpill","floor":4.0},{"not_picked":["bronze:Allocate","bronze:WhirlingStrike"],"picked":"bronze:Format","floor":6.0},{"not_picked":["bronze:ItsAFeature","bronze:BuggyMess"],"picked":"bronze:OilSpill","floor":8.0},{"not_picked":["bronze:WildBeam","bronze:BuggyMess","bronze:Backtrace"],"picked":"SKIP","floor":9.0},{"not_picked":["bronze:Fortify","bronze:Return"],"picked":"bronze:OilSpill","floor":10.0},{"not_picked":["bronze:Invalidate","bronze:ThunderWave"],"picked":"bronze:Terminator","floor":12.0},{"not_picked":["bronze:Separator","bronze:DarkDash","bronze:DelayedGuard"],"picked":"SKIP","floor":15.0},{"not_picked":["bronze:AlphaBuild","bronze:InfiniteLoop"],"picked":"bronze:HyperBeam","floor":16},{"not_picked":["bronze:Overheat","bronze:Shield"],"picked":"bronze:FineTuning","floor":19}],"player_experience":1167969,"relics_obtained":[{"floor":7.0,"key":"InkBottle"},{"floor":10.0,"key":"Blue Candle"}],"event_choices":[{"damage_healed":0.0,"max_hp_gain":0.0,"max_hp_loss":0.0,"gold_gain":0.0,"event_name":"FaceTrader","player_choice":"Trade","floor":14.0,"gold_loss":0.0,"damage_taken":0.0,"relics_obtained":["NlothsMask"]}],"is_beta":false,"boss_relics":[{"not_picked":["bronze:MakeshiftBattery","SacredBark"],"picked":"Snecko Eye"}],"items_purged_floors":[8],"is_endless":false,"potions_floor_spawned":[4,9,15,16,19],"killed_by":"Sentry and Sphere","ascension_level":0}}