{"host":"x730sfaw5rd1mxd8","time":1611977682,"event":{"mods":["BaseMod","BetterRewards","Colored Powertips","Highlight Path","Minty Spire (QoL Compilation)","Relic Sorter","Relic Stats","Replay The Spire","StSLib"],"gold_per_floor":[119,119,134,164,184,216,21,96,96,124,143,173,184,197,197,276,276,287,287,304,323,338,365,365,395,448,448,288,288,317,317,317,391,391,403,403,423,437,437,437,467,467,494,512,531,545,559,20,20,20,20,20,20,48,48],"floor_reached":56,"language":"ENG","playtime":4497,"items_purged":["Strike_G","Strike_G"],"score":2180,"play_id":"ad1b17f6-69a8-40dd-80d8-72ec1f93063c","local_time":"20210129223442","is_ascension_mode":true,"campfire_choices":[{"data":"Footwork","floor":15,"key":"SMITH"},{"data":"Noxious Fumes","floor":27,"key":"SMITH"},{"floor":32,"key":"REST"},{"floor":40,"key":"RECALL"},{"data":"A Thousand Cuts","floor":42,"key":"SMITH"},{"data":"Footwork","floor":49,"key":"SMITH"},{"data":"Calculated Gamble","floor":52,"key":"SMITH"}],"circlet_count":0,"master_deck":["AscendersBane","Strike_G+1","Defend_G+1","Defend_G+1","Defend_G+1","Defend_G+1","Defend_G+1","Neutralize+1","Bouncing Flask","Predator","Noxious Fumes","Dash","Crippling Poison","Noxious Fumes+1","m_Survivalism+1","Deadly Poison","ReplayTheSpireMod:From All Sides+1","Bouncing Flask","Footwork+1","Dash","Replay:Sssssssssshield","Backflip","Dagger Spray","Endless Agony","ReplayTheSpireMod:Scrap Shanks","Tools of the Trade","AbeCurse","Footwork+1","Tactician","ReplayTheSpireMod:Speed Training","Replay:Bag of Tricks","Dodge and Roll","Footwork+1","Calculated Gamble+1","Draining Mist","Deflect+1","A Thousand Cuts+1","Blade Dance+1","Tactician+1","Dodge and Roll","Deflect+1","Blade Dance","Deflect+1","Escape Plan","Fluid Movement","Deflect+1","ReplayTheSpireMod:Speed Training+1"],"relics":["Ring of the Snake","War Paint","Pen Nib","InkBottle","TwistedFunnel","Mango","OrangePellets","Basket Of Snakes","Replay:WaspNest","BargainBundle","Whetstone","Replay:Wax Seal","Shuriken","Abe\u0027s Treasure","Potion Belt","Bottled Flame","Replay:Bottled Flurry","Honey Jar","Replay:Bottled Snecko","Unceasing Top","Smiling Mask","Kunai","Replay:Bottled Eggs","Onion Ring"],"acts_visited":["Exordium","TheCity","TheBeyond","TheEnding"],"potions_floor_usage":[6,10,25,55,55,55,55,55],"damage_taken":[{"damage":0,"enemies":"Small Slimes","floor":1,"turns":3},{"damage":0,"enemies":"2 Louse","floor":3,"turns":2},{"damage":0,"enemies":"Jaw Worm","floor":5,"turns":2},{"damage":17,"enemies":"Gremlin Nob","floor":6,"turns":5},{"damage":1,"enemies":"3 Sentries","floor":10,"turns":6},{"damage":0,"enemies":"Exordium Wildlife","floor":11,"turns":3},{"damage":0,"enemies":"Replay:BlueRogue","floor":12,"turns":6},{"damage":0,"enemies":"Large Slime","floor":13,"turns":6},{"damage":0,"enemies":"Blue Slaver","floor":14,"turns":4},{"damage":0,"enemies":"Slime Boss","floor":16,"turns":9},{"damage":7,"enemies":"Chosen","floor":18,"turns":5},{"damage":0,"enemies":"Shell Parasite","floor":20,"turns":5},{"damage":9,"enemies":"Centurion and Healer","floor":21,"turns":5},{"damage":2,"enemies":"Snake Plant","floor":22,"turns":5},{"damage":2,"enemies":"Replay:Snechameleon","floor":23,"turns":5},{"damage":12,"enemies":"Slavers","floor":25,"turns":3},{"damage":19,"enemies":"Gremlin Leader","floor":30,"turns":7},{"damage":1,"enemies":"Champ","floor":33,"turns":8},{"damage":19,"enemies":"3 Darklings","floor":35,"turns":4},{"damage":0,"enemies":"3 Shapes","floor":37,"turns":5},{"damage":3,"enemies":"Maw","floor":38,"turns":6},{"damage":0,"enemies":"Nemesis","floor":41,"turns":7},{"damage":0,"enemies":"3 Darklings","floor":44,"turns":4},{"damage":0,"enemies":"Transient","floor":45,"turns":5},{"damage":0,"enemies":"Writhing Mass","floor":46,"turns":6},{"damage":1,"enemies":"Spire Growth","floor":47,"turns":4},{"damage":8,"enemies":"Replay:Hell Engine","floor":50,"turns":8},{"damage":14,"enemies":"Shield and Spear","floor":54,"turns":3},{"damage":0,"enemies":"The Heart","floor":55,"turns":8}],"seed_played":"-7174563793145569616","potions_obtained":[{"floor":1,"key":"SpeedPotion"},{"floor":10,"key":"Block Potion"},{"floor":14,"key":"GhostInAJar"},{"floor":16,"key":"LiquidBronze"},{"floor":33,"key":"Poison Potion"},{"floor":35,"key":"Block Potion"},{"floor":37,"key":"SpeedPotion"},{"floor":38,"key":"FearPotion"},{"floor":41,"key":"Poison Potion"},{"floor":54,"key":"Venom Potion"}],"is_trial":false,"path_per_floor":["M","?","M","?","M","E","$","?","T","E","M","E","M","M","R","B",null,"M","?","M","M","M","E","?","E","T","R","$","?","E","?","R","B",null,"M","?","M","M","T","R","E","R","T","M","M","M","M","$","R","B",null,"R","$","E","B",null],"character_chosen":"THE_SILENT","items_purchased":["Bouncing Flask","War Paint","Predator","Pen Nib","InkBottle","TwistedFunnel","Noxious Fumes","Dash","Mango","Crippling Poison","Noxious Fumes","OrangePellets","BargainBundle","Footwork","Dash","Replay:Sssssssssshield","FearPotion","SkillPotion","Footwork","Calculated Gamble","Kunai","Deflect","Replay:Bottled Eggs"],"campfire_rested":1,"item_purchase_floors":[0,0,0,0,0,0,0,0,0,0,0,0,7,7,7,7,7,7,28,28,48,48,48],"current_hp_per_floor":[77,77,77,77,77,60,60,49,49,48,48,48,48,48,48,48,75,68,68,68,59,57,55,55,43,43,43,43,43,24,8,34,33,75,56,56,56,53,53,53,53,53,53,53,53,53,52,52,52,44,78,78,78,64,64],"gold":48,"neow_bonus":"","is_daily":false,"chose_seed":false,"campfire_upgraded":5,"win_rate":0.0,"timestamp":1611977682,"path_taken":["M","?","M","?","M","E","?","?","T","E","M","E","?","M","R","BOSS","M","?","M","?","?","E","?","E","T","R","$","?","E","?","R","BOSS","M","?","M","M","?","R","E","R","T","?","M","M","M","?","R","BOSS","R","$","E","BOSS"],"items_purchased_type":["Card","Relic","Card","Relic","Relic","Relic","Card","Card","Relic","Card","Card","Relic","Relic","Card","Card","Card","Potion","Potion","Card","Card","Relic","Card","Relic"],"build_version":"2020-12-22","purchased_purges":2,"victory":true,"max_hp_per_floor":[84,84,84,84,84,84,84,84,84,84,84,84,84,84,84,84,84,84,84,84,84,84,84,84,84,84,84,84,84,84,89,89,89,89,89,89,89,89,89,89,89,89,89,89,89,89,89,89,89,89,89,89,89,89,89],"relic_stats":{"OrangePellets":[35],"counters":[248,1074],"Shuriken":[62],"Pen Nib":[32],"Whetstone":["ReplayTheSpireMod:From All Sides","Neutralize"],"Kunai":[25],"War Paint":["Survivor","Defend_G"],"Smiling Mask":200,"obtain_stats":[{"TwistedFunnel":0,"Vampiric Spirits":0,"Whetstone":55,"Bottled Tornado":54,"Boot":55,"Sling":55,"Blood Vial":20,"MealTicket":27,"Fusion Hammer":36,"Necronomicon":22,"Replay:Bottled Flurry":30,"Kunai":26,"Replay:Wax Seal":10,"Electric Blood":17,"Replay:Bottled Steam":43,"Pear":46,"Blue Candle":30,"Tingsha":0,"Eternal Feather":21,"Pen Nib":48,"Paper Crane":8,"Akabeko":43,"SlaversCollar":17,"Snecko Scales":34,"Bird Faced Urn":12,"Mark of Pain":0,"StrikeDummy":6,"Unceasing Top":27,"Abe\u0027s Treasure":17,"Regal Pillow":0,"Singing Bowl":10,"Torii":0,"Magic Flower":11,"Painkiller Herb":19,"StoneCalendar":30,"Bag of Preparation":55,"Replay:Multitool":44,"Cursed Key":34,"Smiling Mask":41,"Burning Blood":0,"Pet Ghost":23,"Replay:Rubber Ducky":55,"Matryoshka":0,"Chemical X":21,"Replay:Bottled Eggs":48,"InkBottle":0,"Ring of the Snake":0,"Potion Belt":0,"The Specimen":25,"Golden Idol":11,"Basket Of Snakes":39,"The Courier":14,"PreservedInsect":22,"Frozen Egg 2":0,"MawBank":31,"Replay:Arrowhead":9,"Busted Crown":17,"Ornamental Fan":55,"Orrery":0,"Turnip":46,"Art of War":40,"Durian":0,"ReplayTheSpireMod:Ring of Challenge":38,"ReplayTheSpireMod:Lightbulb":30,"Toy Ornithopter":26,"Ice Cream":14,"Divine Protection":45,"Gremlin Horn":9,"Nilry\u0027s Codex":23,"Vajra":28,"Centennial Puzzle":9,"DollysMirror":30,"Strawberry":28,"Honey Jar":34,"Prayer Wheel":0,"Toxic Egg 2":0,"Byrd Skull":11,"Happy Flower":55,"Oddly Smooth Stone":26,"Ring of Chaos":47,"Replay:Kaleidoscope":25,"War Paint":54,"Question Card":0,"OrangePellets":0,"Bottled Flame":15,"Replay:Baseball":0,"Shuriken":12,"Bronze Scales":12,"Simple Rune":55,"Onion Ring":54,"ReplayTheSpireMod:TigerMarble":17,"Grinning Jar":23,"Pocketwatch":0,"Meat on the Bone":38,"Darkstone Periapt":5,"ReplayFunnel":55,"Mango":6,"Snake Skull":29,"Incense Burner":45,"ClockworkSouvenir":45,"Dream Catcher":43,"Nunchaku":24,"Replay:Bandana":10,"Mummified Hand":48,"Pantograph":23,"Gambling Chip":24,"Red Mask":22,"Replay:Bottled Snecko":8,"Red Skull":6,"Gremlin Food":44,"BargainBundle":7,"ReplayTheSpireMod:Ninjato":40,"Replay:Towering Pillar of Hats":10,"Quantum Egg":46,"Guide Book":0,"Replay:WaspNest":0,"Orichalcum":56,"Medical Kit":42,"Mercury Hourglass":0,"Calling Bell":17,"Anchor":11,"CaptainsWheel":43,"Pondfish Scales":55,"ChewingGum":34,"Snack Pack":8,"Coffee Dripper":17,"Bag of Marbles":11,"Membership Card":0},{"TwistedFunnel":186,"Vampiric Spirits":61,"Whetstone":91,"Bottled Tornado":218,"Boot":91,"Sling":91,"Blood Vial":26,"MealTicket":58,"Fusion Hammer":80,"Necronomicon":168,"Replay:Bottled Flurry":236,"Kunai":142,"Replay:Wax Seal":224,"Electric Blood":51,"Replay:Bottled Steam":119,"Pear":122,"Blue Candle":30,"Tingsha":93,"Eternal Feather":200,"Pen Nib":153,"Paper Crane":66,"Akabeko":212,"SlaversCollar":24,"Snecko Scales":115,"Bird Faced Urn":22,"Mark of Pain":0,"StrikeDummy":98,"Unceasing Top":143,"Abe\u0027s Treasure":229,"Regal Pillow":93,"Singing Bowl":21,"Torii":186,"Magic Flower":49,"Painkiller Herb":72,"StoneCalendar":174,"Bag of Preparation":91,"Replay:Multitool":120,"Cursed Key":31,"Smiling Mask":211,"Burning Blood":0,"Pet Ghost":56,"Replay:Rubber Ducky":91,"Matryoshka":61,"Chemical X":200,"Replay:Bottled Eggs":245,"InkBottle":219,"Ring of the Snake":0,"Potion Belt":126,"The Specimen":76,"Golden Idol":5,"Basket Of Snakes":82,"The Courier":7,"PreservedInsect":11,"Frozen Egg 2":14,"MawBank":79,"Replay:Arrowhead":131,"Busted Crown":8,"Ornamental Fan":91,"Orrery":126,"Turnip":38,"Art of War":36,"Durian":186,"ReplayTheSpireMod:Ring of Challenge":81,"ReplayTheSpireMod:Lightbulb":205,"Toy Ornithopter":171,"Ice Cream":23,"Divine Protection":182,"Gremlin Horn":20,"Nilry\u0027s Codex":75,"Vajra":77,"Centennial Puzzle":5,"DollysMirror":144,"Strawberry":13,"Honey Jar":237,"Prayer Wheel":93,"Toxic Egg 2":156,"Byrd Skull":66,"Happy Flower":91,"Oddly Smooth Stone":57,"Ring of Chaos":122,"Replay:Kaleidoscope":204,"War Paint":185,"Question Card":186,"OrangePellets":93,"Bottled Flame":70,"Replay:Baseball":93,"Shuriken":226,"Bronze Scales":6,"Simple Rune":91,"Onion Ring":247,"ReplayTheSpireMod:TigerMarble":164,"Grinning Jar":169,"Pocketwatch":41,"Meat on the Bone":117,"Darkstone Periapt":18,"ReplayFunnel":91,"Mango":19,"Snake Skull":78,"Incense Burner":87,"ClockworkSouvenir":151,"Dream Catcher":37,"Nunchaku":75,"Replay:Bandana":100,"Mummified Hand":183,"Pantograph":12,"Gambling Chip":27,"Red Mask":140,"Replay:Bottled Snecko":161,"Red Skull":47,"Gremlin Food":87,"BargainBundle":223,"ReplayTheSpireMod:Ninjato":149,"Replay:Towering Pillar of Hats":66,"Quantum Egg":87,"Guide Book":93,"Replay:WaspNest":61,"Orichalcum":92,"Medical Kit":119,"Mercury Hourglass":61,"Calling Bell":164,"Anchor":66,"CaptainsWheel":86,"Pondfish Scales":91,"ChewingGum":176,"Snack Pack":48,"Coffee Dripper":137,"Bag of Marbles":161,"Membership Card":61},{"TwistedFunnel":766,"Vampiric Spirits":244,"Whetstone":364,"Bottled Tornado":916,"Boot":364,"Sling":364,"Blood Vial":107,"MealTicket":230,"Fusion Hammer":315,"Necronomicon":684,"Replay:Bottled Flurry":1006,"Kunai":570,"Replay:Wax Seal":943,"Electric Blood":208,"Replay:Bottled Steam":471,"Pear":484,"Blue Candle":123,"Tingsha":376,"Eternal Feather":815,"Pen Nib":627,"Paper Crane":257,"Akabeko":879,"SlaversCollar":100,"Snecko Scales":459,"Bird Faced Urn":86,"Mark of Pain":0,"StrikeDummy":392,"Unceasing Top":574,"Abe\u0027s Treasure":971,"Regal Pillow":376,"Singing Bowl":82,"Torii":766,"Magic Flower":200,"Painkiller Herb":279,"StoneCalendar":706,"Bag of Preparation":364,"Replay:Multitool":475,"Cursed Key":130,"Smiling Mask":874,"Burning Blood":0,"Pet Ghost":224,"Replay:Rubber Ducky":364,"Matryoshka":244,"Chemical X":815,"Replay:Bottled Eggs":1055,"InkBottle":925,"Ring of the Snake":0,"Potion Belt":505,"The Specimen":292,"Golden Idol":17,"Basket Of Snakes":325,"The Courier":25,"PreservedInsect":40,"Frozen Egg 2":51,"MawBank":304,"Replay:Arrowhead":520,"Busted Crown":30,"Ornamental Fan":364,"Orrery":505,"Turnip":156,"Art of War":146,"Durian":766,"ReplayTheSpireMod:Ring of Challenge":318,"ReplayTheSpireMod:Lightbulb":842,"Toy Ornithopter":696,"Ice Cream":93,"Divine Protection":740,"Gremlin Horn":78,"Nilry\u0027s Codex":288,"Vajra":296,"Centennial Puzzle":17,"DollysMirror":580,"Strawberry":48,"Honey Jar":1014,"Prayer Wheel":376,"Toxic Egg 2":649,"Byrd Skull":257,"Happy Flower":364,"Oddly Smooth Stone":226,"Ring of Chaos":484,"Replay:Kaleidoscope":837,"War Paint":758,"Question Card":766,"OrangePellets":376,"Bottled Flame":268,"Replay:Baseball":376,"Shuriken":952,"Bronze Scales":20,"Simple Rune":364,"Onion Ring":1066,"ReplayTheSpireMod:TigerMarble":674,"Grinning Jar":689,"Pocketwatch":170,"Meat on the Bone":463,"Darkstone Periapt":65,"ReplayFunnel":364,"Mango":73,"Snake Skull":300,"Incense Burner":344,"ClockworkSouvenir":618,"Dream Catcher":151,"Nunchaku":288,"Replay:Bandana":399,"Mummified Hand":745,"Pantograph":44,"Gambling Chip":111,"Red Mask":561,"Replay:Bottled Snecko":663,"Red Skull":189,"Gremlin Food":344,"BargainBundle":937,"ReplayTheSpireMod:Ninjato":609,"Replay:Towering Pillar of Hats":257,"Quantum Egg":344,"Guide Book":376,"Replay:WaspNest":244,"Orichalcum":369,"Medical Kit":471,"Mercury Hourglass":244,"Calling Bell":674,"Anchor":257,"CaptainsWheel":341,"Pondfish Scales":364,"ChewingGum":717,"Snack Pack":196,"Coffee Dripper":549,"Bag of Marbles":663,"Membership Card":244}],"InkBottle":[73],"Unceasing Top":[2],"Ring of the Snake":[375]},"card_choices":[{"not_picked":["Bane","Expertise","Blade Dance"],"picked":"SKIP","floor":1},{"not_picked":["Backstab","Outmaneuver"],"picked":"Deadly Poison","floor":3},{"not_picked":["ReplayTheSpireMod:Exploit Weakness","Backstab"],"picked":"ReplayTheSpireMod:From All Sides","floor":4},{"not_picked":["Skewer","Hidden Blade","Underhanded Strike"],"picked":"SKIP","floor":5},{"not_picked":["Grand Finale","Bane"],"picked":"Bouncing Flask","floor":6},{"not_picked":["Finisher","Flying Knee","Endless Agony"],"picked":"SKIP","floor":10},{"not_picked":["Distraction","Hidden Blade"],"picked":"Backflip","floor":11},{"not_picked":["Crippling Poison","Masterful Stab"],"picked":"Dagger Spray","floor":12},{"not_picked":["Replay:Poison Smokescreen","Deadly Poison"],"picked":"Endless Agony","floor":13},{"not_picked":["Replay:Bag of Tricks","Slice"],"picked":"ReplayTheSpireMod:Scrap Shanks","floor":14},{"not_picked":["Corpse Explosion","Grand Finale"],"picked":"Tools of the Trade","floor":16},{"not_picked":["ReplayTheSpireMod:Shiv Toss","Outmaneuver","Sucker Punch"],"picked":"SKIP","floor":18},{"not_picked":["Deflect","Outmaneuver"],"picked":"Tactician","floor":20},{"not_picked":["Quick Slash","PiercingWail"],"picked":"ReplayTheSpireMod:Speed Training","floor":21},{"not_picked":["Sucker Punch","Dash","Quick Slash+1"],"picked":"SKIP","floor":22},{"not_picked":["ReplayTheSpireMod:The Works","Poisoned Stab"],"picked":"Replay:Bag of Tricks","floor":23},{"not_picked":["Riddle With Holes","Terror"],"picked":"Dodge and Roll","floor":25},{"not_picked":["Prepared","Bane"],"picked":"Deflect","floor":30},{"not_picked":["After Image","Unload"],"picked":"A Thousand Cuts","floor":33},{"not_picked":["Flying Knee","Masterful Stab","Prepared+1"],"picked":"Blade Dance+1","floor":35},{"not_picked":["Underhanded Strike","Outmaneuver","Flying Knee"],"picked":"Tactician+1","floor":37},{"not_picked":["Dagger Throw","Prepared","Accuracy"],"picked":"Dodge and Roll","floor":38},{"not_picked":["Backflip","All Out Attack","Well Laid Plans+1"],"picked":"Deflect","floor":41},{"not_picked":["All Out Attack","Quick Slash","Slice+1"],"picked":"Blade Dance","floor":44},{"not_picked":["Unload","Sucker Punch+1","Acrobatics+1"],"picked":"Deflect","floor":45},{"not_picked":["PiercingWail+1","Blur","Poisoned Stab"],"picked":"Escape Plan","floor":46},{"not_picked":["Dagger Throw","Dash","Infinite Blades+1"],"picked":"Fluid Movement","floor":47},{"not_picked":["All Out Attack","Prepared","Underhanded Strike"],"picked":"ReplayTheSpireMod:Speed Training+1","floor":54}],"player_experience":4043950,"relics_obtained":[{"floor":4,"key":"Basket Of Snakes"},{"floor":6,"key":"Replay:WaspNest"},{"floor":9,"key":"Whetstone"},{"floor":10,"key":"Replay:Wax Seal"},{"floor":12,"key":"Shuriken"},{"floor":23,"key":"Potion Belt"},{"floor":25,"key":"Bottled Flame"},{"floor":30,"key":"Replay:Bottled Flurry"},{"floor":39,"key":"Replay:Bottled Snecko"},{"floor":41,"key":"Unceasing Top"},{"floor":43,"key":"Smiling Mask"},{"floor":54,"key":"Onion Ring"}],"event_choices":[{"damage_healed":0,"gold_gain":75,"player_choice":"Gather Gold","damage_taken":11,"max_hp_gain":0,"max_hp_loss":0,"event_name":"World of Goop","floor":8,"gold_loss":0},{"damage_healed":0,"gold_gain":0,"player_choice":"Copied","damage_taken":0,"max_hp_gain":0,"max_hp_loss":0,"event_name":"Duplicator","floor":19,"gold_loss":0,"cards_obtained":["Footwork"]},{"damage_healed":0,"gold_gain":0,"player_choice":"Simplicity","damage_taken":0,"max_hp_gain":0,"max_hp_loss":0,"event_name":"Back to Basics","floor":24,"gold_loss":0,"cards_upgraded":["Strike_G","Strike_G","Strike_G","Defend_G","Defend_G","Defend_G","Defend_G"]},{"damage_healed":0,"gold_gain":0,"cards_transformed":["Strike_G","Strike_G"],"player_choice":"Became Test Subject","damage_taken":0,"max_hp_gain":0,"max_hp_loss":0,"event_name":"Drug Dealer","floor":29,"gold_loss":0,"cards_obtained":["Die Die Die","Draining Mist"]},{"damage_healed":0,"gold_gain":0,"player_choice":"Shed Blood","damage_taken":21,"max_hp_gain":5,"max_hp_loss":0,"event_name":"Forgotten Altar","floor":31,"gold_loss":0},{"cards_removed":["Die Die Die"],"damage_healed":0,"gold_gain":0,"player_choice":"Removed Attack","damage_taken":0,"max_hp_gain":0,"max_hp_loss":0,"event_name":"Falling","floor":36,"gold_loss":0}],"is_beta":false,"boss_relics":[{"not_picked":["Ectoplasm","Black Star"],"picked":"Abe\u0027s Treasure"},{"not_picked":["Empty Cage","Runic Pyramid"],"picked":"Honey Jar"}],"items_purged_floors":[0,0],"is_endless":false,"potions_floor_spawned":[1,10,13,14,16,20,21,22,33,35,37,38,41,54],"ascension_level":13}}