{"host":"hcfgv6p6h0ubjkk0","time":1611982646,"event":{"mods":["AchievementEnabler","BaseMod","Downfall","Highlight Path","Minty Spire (QoL Compilation)","Quick Restart","StSLib"],"gold_per_floor":[99,115,125,125,141,155,155,188,188,88,73,173,173,188,203,307,307,307,327,327,327,327],"floor_reached":20,"language":"ENG","playtime":758,"items_purged":[],"score":174,"play_id":"8e5ae9c7-966d-4d67-b456-b914b123a53d","local_time":"20210130045726","is_ascension_mode":false,"campfire_choices":[{"floor":1,"key":"RECALL"},{"data":"Slimebound:Split","floor":10,"key":"SMITH"},{"data":"Slimebound:DuplicatedForm","floor":13,"key":"SMITH"},{"data":"Slimebound:MassRepurpose","floor":18,"key":"SMITH"}],"circlet_count":0,"master_deck":["Slimebound:Strike_Slimebound","Slimebound:Strike_Slimebound","Slimebound:Strike_Slimebound","Slimebound:Tackle","Slimebound:Defend_Slimebound","Slimebound:Defend_Slimebound","Slimebound:Defend_Slimebound","Slimebound:Defend_Slimebound","Slimebound:Split+1","Slimebound:CorrosiveSpit","downfall:Icky","Slimebound:MassRepurpose+1","Slimebound:HauntingLick","Slimebound:LivingWall","Slimebound:MegaLick","Slimebound:SplitMire","Slimebound:DuplicatedForm+1","Slimebound:SpikyOuterGoop","Slimebound:LeechLife"],"relics":["Slimebound:AbsorbEndCombatUpgraded","Pantograph","Meat on the Bone","Sundial","Gremlin Horn","downfall:HeartBlessingRed"],"acts_visited":["Exordium","TheCity"],"potions_floor_usage":[8],"damage_taken":[{"damage":8,"enemies":"2 Louse","floor":2,"turns":2},{"damage":8,"enemies":"Small Slimes","floor":3,"turns":4},{"damage":11,"enemies":"Jaw Worm","floor":5,"turns":2},{"damage":0,"enemies":"Large Slime","floor":6,"turns":5},{"damage":19,"enemies":"3 Sentries","floor":8,"turns":9},{"damage":23,"enemies":"downfall:FleeingMerchant","floor":11,"turns":4},{"damage":19,"enemies":"2 Fungi Beasts","floor":14,"turns":4},{"damage":26,"enemies":"3 Louse","floor":15,"turns":3},{"damage":58,"enemies":"DF_ARCHETYPE_STREAMLINE","floor":16,"turns":8},{"damage":18,"enemies":"Chosen","floor":19,"turns":6},{"damage":59,"enemies":"Cultist and Chosen","floor":20,"turns":4}],"seed_played":"5070949538574402811","potions_obtained":[{"floor":5,"key":"PowerPotion"},{"floor":14,"key":"Dexterity Potion"},{"floor":19,"key":"Guardian:BlockOnCardUsePotion"}],"is_trial":false,"path_per_floor":["R","M","M","?","M","M","T","E","?","R","$","?","R","M","M","B",null,"R","M","M"],"character_chosen":"SLIMEBOUND","items_purchased":[],"campfire_rested":0,"item_purchase_floors":[],"current_hp_per_floor":[65,59,57,54,47,55,55,44,44,44,54,54,54,56,34,36,65,65,53,0,0,0],"gold":327,"neow_bonus":"THREE_RARE_CARDS","is_daily":false,"chose_seed":false,"campfire_upgraded":3,"win_rate":0.0,"timestamp":1611982646,"path_taken":["R","M","M","?","M","M","T","E","?","R","$","?","R","M","M","BOSS","R","M","M"],"items_purchased_type":[],"build_version":"2020-12-22","purchased_purges":0,"victory":false,"max_hp_per_floor":[65,65,65,65,65,65,65,65,65,65,65,65,65,65,65,65,65,65,65,65,65,65],"card_choices":[{"not_picked":["Slimebound:PrepareCrush","Slimebound:SelfFormingGoo"],"picked":"Slimebound:MassRepurpose","floor":0},{"not_picked":["Slimebound:LeechEnergy","Slimebound:DisruptingSlam"],"picked":"Slimebound:HauntingLick","floor":2},{"not_picked":["Slimebound:GoopTackle","Slimebound:BestDefense"],"picked":"Slimebound:LivingWall","floor":3},{"not_picked":["Slimebound:FormOfPuddle","Slimebound:HauntingLick"],"picked":"Slimebound:MegaLick","floor":5},{"not_picked":["Slimebound:LeechingTouch","Slimebound:TongueLash"],"picked":"Slimebound:SplitMire","floor":6},{"not_picked":["Slimebound:LeadByExample","Slimebound:Overexert"],"picked":"Slimebound:DuplicatedForm","floor":8},{"not_picked":["Slimebound:RejuvenatingLick","Slimebound:Prepare"],"picked":"Slimebound:SpikyOuterGoop","floor":11},{"not_picked":["Slimebound:Schlurp","Slimebound:SplitLeeching","Slimebound:SamplingLick"],"picked":"SKIP","floor":14},{"not_picked":["Slimebound:TongueLash","Slimebound:Prepare","Slimebound:HauntingLick"],"picked":"SKIP","floor":15},{"not_picked":["Slimebound:MinionMaster","Slimebound:WasteNot"],"picked":"Slimebound:LeechLife","floor":16},{"not_picked":["Slimebound:LeechingTouch","Slimebound:AcidTongue","Slimebound:SplitMire"],"picked":"SKIP","floor":19}],"player_experience":170641,"relics_obtained":[{"floor":7,"key":"Meat on the Bone"},{"floor":8,"key":"Sundial"}],"event_choices":[{"damage_healed":0,"gold_gain":0,"player_choice":"Success","damage_taken":3,"relics_obtained":["Pantograph"],"max_hp_gain":0,"max_hp_loss":0,"event_name":"Scrap Ooze","floor":4,"gold_loss":0}],"is_beta":false,"boss_relics":[{"not_picked":["Snecko Eye","Runic Pyramid"],"picked":"Slimebound:AbsorbEndCombatUpgraded"}],"items_purged_floors":[],"is_endless":false,"potions_floor_spawned":[5,14,19],"killed_by":"Cultist and Chosen","ascension_level":0}}