{"host":"5dhwd44u3dydylwe","time":1611993720,"event":{"mods":["AchievementEnabler","BaseMod","BetterRewards","Dota2Spire","Hubris","Minty Spire (QoL Compilation)","Shop Mod","StSLib","Wandering Minibosses"],"gold_per_floor":[119,130,130,150,163,163,174,20,46,46,78,92,122,122,134,134,231,231,247,247,260,293,313,325,325,353,373,420,439,458,486,500,500,500,601,601,601,733,733,813,827,905,1127,1027,1062,1062,1090,1115,1115,1115,381,431,447,447,477,477,477,46,78,78],"floor_reached":61,"language":"ENG","playtime":3179,"items_purged":["Strike_P","Defend_P","Strike_P"],"score":2575,"play_id":"affce793-425c-4539-b787-19f4d1422c13","local_time":"20210130160200","is_ascension_mode":true,"campfire_choices":[{"data":"FlyingSleeves","floor":6,"key":"SMITH"},{"data":"TalkToTheHand","floor":14,"key":"SMITH"},{"data":"LikeWater","floor":16,"key":"SMITH"},{"data":"Omniscience","floor":25,"key":"SMITH"},{"data":"Alpha","floor":34,"key":"SMITH"},{"data":"Wish","floor":37,"key":"SMITH"},{"floor":46,"key":"RECALL"},{"floor":54,"key":"DIG"},{"floor":57,"key":"DIG"}],"circlet_count":0,"master_deck":["Eruption+1","Vigilance+1","Evaluate+1","FlyingSleeves+1","BowlingBash+1","TalkToTheHand+1","EmptyMind+1","FlurryOfBlows+1","Conclude+1","LessonLearned+1","TalkToTheHand+1","LikeWater+1","TalkToTheHand+1","SashWhip+1","Alpha+1","CrushJoints+1","Perseverance+1","BowlingBash+1","Omniscience+1","Wallop+1","Wish+1","DeusExMachina+1","CurseOfTheBell","ClearTheMind+1","Flash of Steel+1","Collect"],"relics":["PureWater","Bag of Preparation","Incense Burner","Nunchaku","hubris:OldNail","PreservedInsect","Dota2Spire:HeartOfTarrasque","Anchor","Blood Vial","Bag of Marbles","Coffee Dripper","hubris:Towel","Red Mask","wanderingMiniBosses:Inkheart","hubris:TenFootPole","Dota2Spire:Vanguard","Sundial","Pandora\u0027s Box","Calling Bell","Toy Ornithopter","The Courier","Shovel","Damaru","Shuriken","Strawberry","Pen Nib","Dota2Spire:MonkeyKingBar","Kunai","Lantern","FossilizedHelix","Dota2Spire:Desolator","hubris:TinFlute","Chemical X","Dota2Spire:MaskOfMadness","Dota2Spire:LotusOrb","Torii"],"acts_visited":["Exordium","TheCity","TheBeyond","TheEnding"],"potions_floor_usage":[17,17,21,22,22,60,60],"damage_taken":[{"damage":0,"enemies":"2 Louse","floor":1,"turns":8},{"damage":0,"enemies":"Jaw Worm","floor":2,"turns":5},{"damage":1,"enemies":"Small Slimes","floor":4,"turns":6},{"damage":1,"enemies":"Blue Slaver","floor":5,"turns":6},{"damage":0,"enemies":"Large Slime","floor":7,"turns":8},{"damage":0,"enemies":"Lagavulin","floor":11,"turns":3},{"damage":1,"enemies":"Looter","floor":12,"turns":4},{"damage":0,"enemies":"3 Sentries","floor":13,"turns":6},{"damage":0,"enemies":"3 Louse","floor":15,"turns":9},{"damage":29,"enemies":"The Guardian","floor":17,"turns":9},{"damage":9,"enemies":"Spheric Guardian","floor":19,"turns":5},{"damage":5,"enemies":"Chosen","floor":21,"turns":7},{"damage":58,"enemies":"Masked Bandits","floor":22,"turns":7},{"damage":0,"enemies":"Centurion and Healer","floor":23,"turns":5},{"damage":0,"enemies":"Chosen and Byrds","floor":24,"turns":4},{"damage":0,"enemies":"Slavers","floor":26,"turns":1},{"damage":0,"enemies":"Cultist and Chosen","floor":27,"turns":3},{"damage":0,"enemies":"Snecko","floor":29,"turns":7},{"damage":0,"enemies":"Shelled Parasite and Fungi","floor":30,"turns":4},{"damage":0,"enemies":"Gremlin Leader","floor":31,"turns":4},{"damage":0,"enemies":"3 Cultists","floor":32,"turns":5},{"damage":25,"enemies":"hubris:MusketHawk","floor":35,"turns":8},{"damage":19,"enemies":"hubris:MusketHawk","floor":38,"turns":7},{"damage":0,"enemies":"3 Shapes","floor":40,"turns":4},{"damage":0,"enemies":"Orb Walker","floor":41,"turns":3},{"damage":0,"enemies":"Transient","floor":42,"turns":5},{"damage":0,"enemies":"Reptomancer","floor":45,"turns":2},{"damage":0,"enemies":"Nemesis","floor":47,"turns":1},{"damage":0,"enemies":"Mind Bloom Boss Battle","floor":52,"turns":2},{"damage":0,"enemies":"Jaw Worm Horde","floor":53,"turns":1},{"damage":0,"enemies":"Awakened One","floor":55,"turns":4},{"damage":0,"enemies":"Shield and Spear","floor":59,"turns":2},{"damage":0,"enemies":"The Heart","floor":60,"turns":6}],"seed_played":"-7442976408247217526","potions_obtained":[{"floor":2,"key":"Explosive Potion"},{"floor":5,"key":"Energy Potion"},{"floor":7,"key":"PowerPotion"},{"floor":15,"key":"Fruit Juice"},{"floor":17,"key":"SteroidPotion"},{"floor":21,"key":"Block Potion"},{"floor":23,"key":"Dota2Spire:HealingSalve"},{"floor":24,"key":"Weak Potion"},{"floor":27,"key":"SpeedPotion"}],"is_trial":false,"path_per_floor":["M","M","?","M","M","R","M","$","T","T","E","M","E","R","M","R","B",null,"M","?","M","?","M","M","R","E","M","T","M","M","E","M","?","R","B",null,"R","B",null,"M","M","M","?","NS","E","R","E","T","?","?","$","?","M","R","B",null,"R","$","E","B",null],"character_chosen":"WATCHER","items_purchased":["Bag of Preparation","Incense Burner","Nunchaku","Evaluate","FlyingSleeves","hubris:OldNail","BowlingBash","PreservedInsect","Dota2Spire:HeartOfTarrasque","LessonLearned","Pen Nib","Dota2Spire:MonkeyKingBar","Kunai","Lantern","Flash of Steel","Collect","Chemical X","Dota2Spire:MaskOfMadness","Dota2Spire:LotusOrb"],"campfire_rested":0,"item_purchase_floors":[0,0,0,0,0,0,0,0,0,8,51,51,51,51,51,58,58,58,58],"current_hp_per_floor":[58,66,66,69,76,76,80,80,80,80,80,79,80,80,80,80,56,85,76,76,80,24,34,40,40,42,44,44,62,68,74,84,84,84,79,79,79,74,85,85,85,85,85,85,85,85,85,92,92,92,92,92,92,92,92,92,92,92,92,92],"gold":78,"neow_bonus":"","is_daily":false,"chose_seed":false,"campfire_upgraded":6,"win_rate":0.0,"timestamp":1611993720,"path_taken":["M","M","?","M","M","R","M","$","T","T","E","M","E","R","M","R","BOSS","M","?","M","?","M","M","R","E","M","T","M","M","E","M","?","R","BOSS","R","BOSS","M","M","M","?","NS","E","R","E","T","?","?","$","?","?","R","BOSS","R","$","E","BOSS"],"items_purchased_type":["Relic","Relic","Relic","Card","Card","Relic","Card","Relic","Relic","Card","Relic","Relic","Relic","Relic","Card","Card","Relic","Relic","Relic"],"build_version":"2020-12-22","purchased_purges":3,"victory":true,"max_hp_per_floor":[80,80,80,80,80,80,80,80,80,80,80,80,80,80,80,80,85,85,85,85,85,85,85,85,85,85,85,85,85,85,85,85,85,85,85,85,85,85,85,85,85,85,85,85,85,85,85,92,92,92,92,92,92,92,92,92,92,92,92,92],"card_choices":[{"not_picked":["WaveOfTheHand","Protect"],"picked":"TalkToTheHand","floor":1},{"not_picked":["BowlingBash","Study","Indignation"],"picked":"SKIP","floor":2},{"not_picked":["FlyingSleeves","Collect"],"picked":"EmptyMind","floor":4},{"not_picked":["Prostrate","ClearTheMind"],"picked":"FlurryOfBlows","floor":5},{"not_picked":["ThirdEye","BowlingBash"],"picked":"Conclude","floor":7},{"not_picked":["Pray","CrushJoints"],"picked":"TalkToTheHand","floor":11},{"not_picked":["Collect","FollowUp"],"picked":"LikeWater","floor":12},{"not_picked":["Pray","Weave"],"picked":"TalkToTheHand","floor":13},{"not_picked":["DeceiveReality","CutThroughFate"],"picked":"SashWhip","floor":15},{"not_picked":["ConjureBlade","Devotion"],"picked":"Alpha","floor":17},{"not_picked":["EmptyBody","Consecrate"],"picked":"PathToVictory+1","floor":19},{"not_picked":["Adaptation","FlurryOfBlows"],"picked":"CrushJoints+1","floor":21},{"not_picked":["Prostrate","SignatureMove+1"],"picked":"Perseverance+1","floor":22},{"not_picked":["ClearTheMind+1","ReachHeaven"],"picked":"BowlingBash+1","floor":23},{"not_picked":["Consecrate","PathToVictory"],"picked":"Omniscience","floor":24},{"not_picked":["DeceiveReality+1","Adaptation","WindmillStrike+1"],"picked":"SKIP","floor":26},{"not_picked":["Conclude","CrushJoints"],"picked":"LikeWater+1","floor":27},{"not_picked":["SashWhip","CrushJoints+1","ForeignInfluence"],"picked":"SKIP","floor":29},{"not_picked":["LikeWater+1","FlurryOfBlows"],"picked":"Wallop","floor":30},{"not_picked":["Halt+1","ReachHeaven+1","BowlingBash"],"picked":"SKIP","floor":31},{"not_picked":["EmptyMind","LikeWater","CrushJoints"],"picked":"SKIP","floor":32},{"not_picked":["Devotion","Scrawl"],"picked":"Wish","floor":35},{"not_picked":["Brilliance","MasterReality"],"picked":"DeusExMachina","floor":38},{"not_picked":["SandsOfTime+1","Consecrate+1"],"picked":"Meditate+1","floor":40},{"not_picked":["EmptyBody+1","Perseverance"],"picked":"ClearTheMind+1","floor":41},{"not_picked":["ThirdEye","ClearTheMind","WindmillStrike+1"],"picked":"SKIP","floor":42},{"not_picked":["FearNoEvil+1","EmptyBody+1","BattleHymn+1"],"picked":"SKIP","floor":45},{"not_picked":["Crescendo","Fasting2+1","Vengeance"],"picked":"SKIP","floor":47},{"not_picked":["EmptyFist+1","Sanctity+1","Study"],"picked":"SKIP","floor":53},{"not_picked":["DeceiveReality+1","EmptyBody","Alpha"],"picked":"SKIP","floor":59}],"player_experience":127719,"relics_obtained":[{"floor":9,"key":"Anchor"},{"floor":11,"key":"Blood Vial"},{"floor":13,"key":"Bag of Marbles"},{"floor":22,"key":"Red Mask"},{"floor":22,"key":"wanderingMiniBosses:Inkheart"},{"floor":26,"key":"hubris:TenFootPole"},{"floor":28,"key":"Dota2Spire:Vanguard"},{"floor":31,"key":"Sundial"},{"floor":39,"key":"Toy Ornithopter"},{"floor":39,"key":"The Courier"},{"floor":39,"key":"Shovel"},{"floor":45,"key":"Damaru"},{"floor":47,"key":"Shuriken"},{"floor":48,"key":"Strawberry"},{"floor":52,"key":"FossilizedHelix"},{"floor":54,"key":"Dota2Spire:Desolator"},{"floor":57,"key":"hubris:TinFlute"},{"floor":59,"key":"Torii"}],"event_choices":[{"damage_healed":0,"gold_gain":0,"player_choice":"Fought Bandits","damage_taken":0,"max_hp_gain":0,"max_hp_loss":0,"event_name":"Masked Bandits","floor":22,"gold_loss":0},{"damage_healed":0,"gold_gain":0,"player_choice":"Ignored","damage_taken":0,"max_hp_gain":0,"max_hp_loss":0,"event_name":"Vampires","floor":33,"gold_loss":0},{"damage_healed":0,"gold_gain":222,"player_choice":"Wore Mask","damage_taken":0,"max_hp_gain":0,"max_hp_loss":0,"event_name":"Tomb of Lord Red Mask","floor":43,"gold_loss":0},{"cards_removed":["Meditate"],"damage_healed":0,"gold_gain":0,"player_choice":"Removed Skill","damage_taken":0,"max_hp_gain":0,"max_hp_loss":0,"event_name":"Falling","floor":49,"gold_loss":0},{"damage_healed":0,"gold_gain":0,"player_choice":"Memory 1","damage_taken":0,"max_hp_gain":0,"max_hp_loss":0,"event_name":"SensoryStone","floor":50,"gold_loss":0},{"damage_healed":0,"gold_gain":0,"player_choice":"Fight","damage_taken":0,"max_hp_gain":0,"max_hp_loss":0,"event_name":"MindBloom","floor":52,"gold_loss":0}],"is_beta":false,"boss_relics":[{"not_picked":["VioletLotus","Tiny House"],"picked":"Coffee Dripper"},{"not_picked":["hubris:RunicObelisk","hubris:BlackHole"],"picked":"Pandora\u0027s Box"},{"not_picked":["Runic Pyramid","hubris:HollowSoul"],"picked":"Calling Bell"}],"items_purged_floors":[0,0,0],"is_endless":false,"potions_floor_spawned":[2,5,7,13,15,17,21,23,24,27,31,38,40,47,52],"ascension_level":3}}