{"host":"g5k24uqcth2ihc11","time":1611985285,"event":{"mods":["Arknights The Spire","BaseMod","Downfall","Jorbs\u0027s Wanderer Trilogy","Marisa????????","Minty Spire (QoL Compilation)","Robot Space Explorer","StSLib","The Cursed","The Dragon Tamer","The Marked","The Servant 0.9.4"],"gold_per_floor":[116,131,144,154,154,154,154,189,189,222,222,251,251,251,251,355,355,366,133,83,99,99,99,124,124,197,197,197,197,197,215,215,310,310,329,329,329,329,329,329,86,86,86,114,114,125,125,125,125,125],"floor_reached":51,"language":"ENG","playtime":3970,"items_purged":["Wraith"],"score":753,"play_id":"628cb909-db93-4937-becc-812d3b62c74d","local_time":"20210129214125","daily_mods":["SealedDeck","Flight"],"is_ascension_mode":false,"campfire_choices":[{"data":"MilkyWay","floor":6,"key":"SMITH"},{"data":"StarBarrage","floor":7,"key":"SMITH"},{"data":"MilkyWay","floor":11,"key":"SMITH"},{"data":"MilkyWay","floor":13,"key":"SMITH"},{"data":"EnergyRecoil","floor":15,"key":"SMITH"},{"data":"PowerUp","floor":23,"key":"SMITH"},{"data":"MysteriousBeam","floor":25,"key":"SMITH"},{"data":"UltimateShortwave","floor":28,"key":"SMITH"},{"data":"DoubleSpark","floor":29,"key":"SMITH"},{"data":"MysteriousBeam","floor":30,"key":"SMITH"},{"data":"OortCloud","floor":32,"key":"SMITH"},{"data":"CasketOfStar","floor":40,"key":"SMITH"},{"data":"Panache","floor":42,"key":"SMITH"},{"data":"BinaryStars","floor":45,"key":"SMITH"},{"data":"SporeBomb","floor":47,"key":"SMITH"},{"data":"Panacea","floor":49,"key":"SMITH"}],"circlet_count":0,"master_deck":["SporeBomb+1","DoubleSpark+1","GalacticHalo+1","MysteriousBeam+1","EnergyRecoil+1","PowerUp+1","StarBarrage+1","MilkyWay+1","MachineGunSpark+1","OortCloud+1","UnstableBomb+1","UltimateShortwave+1","MilkyWay+1","MilkyWay+1","BinaryStars+1","OortCloud+1","OrrerysSun+1","CasketOfStar+1","Singularity+1","Panache+1","StarBarrage+1","Blind","Panacea+1"],"relics":["MiniHakkero","Kunai","Darkstone Periapt","bronze:DecasWashers","Blood Vial","Coffee Dripper","champ:Barbells","Peace Pipe","Oddly Smooth Stone","Slimebound:PreparedRelic","ExperimentalFamiliar","Pantograph","BreadOfAWashokuLover"],"acts_visited":["Exordium","TheCity","TheBeyond"],"potions_floor_usage":[],"damage_taken":[{"damage":0,"enemies":"Small Slimes","floor":1,"turns":2},{"damage":1,"enemies":"2 Louse","floor":2,"turns":2},{"damage":0,"enemies":"Jaw Worm","floor":3,"turns":2},{"damage":8,"enemies":"Red Slaver","floor":4,"turns":2},{"damage":8,"enemies":"Gremlin Nob","floor":8,"turns":3},{"damage":0,"enemies":"Lagavulin","floor":10,"turns":3},{"damage":10,"enemies":"Gremlin Nob","floor":12,"turns":3},{"damage":6,"enemies":"The Guardian","floor":16,"turns":4},{"damage":0,"enemies":"3 Byrds","floor":18,"turns":3},{"damage":3,"enemies":"2 Thieves","floor":21,"turns":3},{"damage":4,"enemies":"Gremlin Leader","floor":24,"turns":3},{"damage":0,"enemies":"Snecko","floor":31,"turns":2},{"damage":0,"enemies":"Automaton","floor":33,"turns":4},{"damage":0,"enemies":"Orb Walker","floor":35,"turns":3},{"damage":0,"enemies":"Giant Head","floor":44,"turns":4},{"damage":0,"enemies":"3 Shapes","floor":46,"turns":3},{"damage":38,"enemies":"Time Eater","floor":50,"turns":5}],"seed_played":"-5251213205902991151","potions_obtained":[{"floor":3,"key":"SteroidPotion"},{"floor":10,"key":"SneckoOil"},{"floor":16,"key":"bronze:BurnAndBuffPotion"},{"floor":18,"key":"BottledSpark"},{"floor":21,"key":"Fire Potion"}],"is_trial":true,"path_per_floor":["M","M","M","M","?","R","R","E","T","E","R","E","R","?","R","B",null,"M","$","?","M","?","R","E","R","T","?","R","R","R","M","R","B",null,"M","?","?","?","?","R","$","R","T","E","R","M","R","?","R","B",null],"character_chosen":"MARISA","items_purchased":["champ:Barbells","OortCloud","Panache"],"campfire_rested":0,"item_purchase_floors":[19,19,41],"current_hp_per_floor":[75,74,74,66,66,66,66,58,58,58,58,48,48,33,33,29,75,75,75,75,72,72,72,70,70,70,70,70,70,70,72,72,74,75,75,71,71,77,77,77,77,77,77,77,77,77,77,67,67,39],"gold":125,"neow_bonus":"","is_daily":false,"chose_seed":false,"campfire_upgraded":16,"win_rate":0.0,"timestamp":1611985285,"path_taken":["M","M","M","M","?","R","R","E","T","E","R","E","R","?","R","BOSS","M","$","?","?","?","R","E","R","T","?","R","R","R","?","R","BOSS","M","?","?","?","?","R","$","R","T","E","R","?","R","?","R","BOSS"],"items_purchased_type":["Relic","Card","Card"],"build_version":"2020-12-22","purchased_purges":1,"victory":true,"max_hp_per_floor":[75,75,75,75,75,75,75,75,75,75,75,75,75,75,75,75,75,75,75,75,75,75,75,75,75,75,75,75,75,75,75,75,75,75,75,71,71,77,77,77,77,77,77,77,77,77,77,77,77,77],"card_choices":[{"not_picked":["ShootingEcho","MagicChant"],"picked":"MachineGunSpark","floor":1},{"not_picked":["ManaConvection","PropBag","GravityBeat"],"picked":"SKIP","floor":2},{"not_picked":["ChargeUpSpray","OrrerysSun"],"picked":"OortCloud","floor":3},{"not_picked":["GrandCross","Acceleration","GalacticHalo"],"picked":"SKIP","floor":4},{"not_picked":["RefractionSpark","StarDustReverie"],"picked":"UltimateShortwave","floor":8},{"not_picked":["SporeBomb","GravityBeat"],"picked":"MilkyWay","floor":10},{"not_picked":["GalacticHalo","CollectingQuirk"],"picked":"MilkyWay","floor":12},{"not_picked":["UltimateShortwave","SuperNova"],"picked":"BinaryStars","floor":16},{"not_picked":["NonDirectionalLaser","UnstableBomb","SporeBomb"],"picked":"SKIP","floor":18},{"not_picked":["ChargingUp","DarkSpark"],"picked":"OrrerysSun+1","floor":21},{"not_picked":["MagicAbsorber","OneTimeOff","ShootingEcho"],"picked":"SKIP","floor":24},{"not_picked":["GrandCross","6A","GravityBeat"],"picked":"SKIP","floor":31},{"not_picked":["BinaryStars","StarDustReverie"],"picked":"CasketOfStar","floor":33},{"not_picked":["EarthLightRay","6A+1"],"picked":"Singularity+1","floor":35},{"not_picked":["EscapeVelocity","NonDirectionalLaser","OortCloud"],"picked":"SKIP","floor":44},{"not_picked":["GrandCross","GravityBeat+1"],"picked":"StarBarrage+1","floor":46},{"not_picked":["The Bomb","Discovery"],"picked":"Blind","floor":48},{"not_picked":["Madness","Bandage Up"],"picked":"Panacea","floor":48}],"player_experience":68328,"relics_obtained":[{"floor":8,"key":"Kunai"},{"floor":9,"key":"Darkstone Periapt"},{"floor":10,"key":"bronze:DecasWashers"},{"floor":12,"key":"Blood Vial"},{"floor":24,"key":"Oddly Smooth Stone"},{"floor":26,"key":"Slimebound:PreparedRelic"},{"floor":43,"key":"Pantograph"},{"floor":44,"key":"BreadOfAWashokuLover"}],"event_choices":[{"damage_healed":0,"gold_gain":0,"cards_transformed":["OpenUniverse"],"player_choice":"Change","damage_taken":0,"max_hp_gain":0,"max_hp_loss":0,"event_name":"Living Wall","floor":5,"gold_loss":0,"cards_obtained":["UnstableBomb"]},{"damage_healed":0,"gold_gain":0,"player_choice":"Entered Light","damage_taken":15,"max_hp_gain":0,"max_hp_loss":0,"event_name":"Shining Light","floor":14,"gold_loss":0,"cards_upgraded":["OortCloud","MachineGunSpark"]},{"damage_healed":0,"gold_gain":0,"player_choice":"Paid Gold","damage_taken":0,"relics_obtained":["Peace Pipe"],"max_hp_gain":0,"max_hp_loss":0,"event_name":"WeMeetAgain","floor":20,"gold_loss":50},{"damage_healed":0,"gold_gain":0,"player_choice":"Ignored","damage_taken":0,"max_hp_gain":0,"max_hp_loss":0,"event_name":"Beggar","floor":22,"gold_loss":0},{"damage_healed":0,"gold_gain":0,"player_choice":"Upgraded","damage_taken":0,"max_hp_gain":0,"max_hp_loss":0,"event_name":"Upgrade Shrine","floor":27,"gold_loss":0,"cards_upgraded":["UnstableBomb"]},{"damage_healed":0,"gold_gain":0,"player_choice":"Max HP","damage_taken":0,"max_hp_gain":0,"max_hp_loss":4,"event_name":"Winding Halls","floor":36,"gold_loss":0},{"cards_removed":["MysteriousBeam"],"damage_healed":0,"gold_gain":0,"player_choice":"Removed Attack","damage_taken":0,"max_hp_gain":0,"max_hp_loss":0,"event_name":"Falling","floor":37,"gold_loss":0},{"damage_healed":0,"gold_gain":0,"player_choice":"Ignored","damage_taken":0,"max_hp_gain":0,"max_hp_loss":0,"event_name":"OrinTheCat","floor":38,"gold_loss":0},{"damage_healed":0,"gold_gain":0,"player_choice":"Ignored","damage_taken":0,"max_hp_gain":0,"max_hp_loss":0,"event_name":"NoteForYourself","floor":39,"gold_loss":0},{"damage_healed":0,"gold_gain":0,"player_choice":"Memory 3","damage_taken":10,"max_hp_gain":0,"max_hp_loss":0,"event_name":"SensoryStone","floor":48,"gold_loss":0}],"is_beta":false,"boss_relics":[{"not_picked":["SacredBark","Runic Pyramid"],"picked":"Coffee Dripper"},{"not_picked":["Velvet Choker","BewitchedHakkero"],"picked":"ExperimentalFamiliar"}],"items_purged_floors":[41],"is_endless":false,"potions_floor_spawned":[3,10,16,18,21],"ascension_level":0}}