{"host":"0iuhrgzkozzv273x","time":1611984602,"event":{"mods":["2.2 Compatiblity","BaseMod","Colored Map","Curses Come First","Downfall","Minty Spire (QoL Compilation)","Spire Arcade","StSLib","The Construct","Unceasing Turn Reminder"],"gold_per_floor":[117,35,35,45,59,84,84,84,84,94,94,108,139,165,165,264,264,280,280,280,125,125,151,163,208,244,272,383,395,436,448,460,568,580,610,622,649,288,299,299,325,325,325,325,325,358,358,237,237,237,237,237,127,159,159],"floor_reached":56,"language":"ENG","playtime":3397,"items_purged":["construct:Defend_Gold+1"],"score":1579,"play_id":"afb6166c-59b3-493b-b9cf-52caf0374d94","local_time":"20210130003002","is_ascension_mode":true,"campfire_choices":[{"data":"construct:Synchronize","floor":7.0,"key":"SMITH"},{"data":"construct:Synchronize+1","floor":8.0,"key":"SMITH"},{"data":"construct:HeavyBolt","floor":11.0,"key":"SMITH"},{"data":"construct:ModeShift","floor":15.0,"key":"SMITH"},{"data":"construct:ModeShift+1","floor":24.0,"key":"SMITH"},{"data":"construct:Analyze","floor":29.0,"key":"SMITH"},{"data":"construct:Analyze+1","floor":32.0,"key":"SMITH"},{"data":"construct:HeavyBolt+1","floor":40.0,"key":"SMITH"},{"data":"construct:VentSteam","floor":42,"key":"SMITH"},{"data":"construct:VentSteam+1","floor":47,"key":"SMITH"},{"floor":49,"key":"RECALL"},{"data":"construct:Failsafe+1","floor":52,"key":"SMITH"}],"circlet_count":0,"master_deck":["construct:Strike_Gold+2","construct:Strike_Gold+2","construct:Strike_Gold+2","construct:Defend_Gold+2","construct:Defend_Gold+1","construct:Defend_Gold+1","construct:Defend_Gold+1","construct:AttackMode","construct:DefenseMode+1","construct:HeavyBolt+2","construct:Synchronize+2","construct:Analyze+2","construct:ModeShift+2","construct:PanicFire","construct:Reserves","Necronomicurse","construct:SyphonStrike","construct:ShieldGenerator","construct:VentSteam+2","construct:Failsafe+2"],"relics":["construct:ClockworkPhoenix","NeowsBlessing","Ornamental Fan","WingedGreaves","Anchor","construct:MegaBattery","sneckomod:BlankCard","bronze:MakeshiftBattery","Necronomicon","Membership Card","MawBank","Happy Flower","Bag of Marbles","sneckomod:SneckoTalon","Singing Bowl","Mango","Sling","Pantograph","Strawberry","War Paint","Bronze Scales","Lantern","Whetstone"],"acts_visited":["Exordium","TheCity","TheBeyond","TheEnding"],"potions_floor_usage":[41,55,55,55],"damage_taken":[{"damage":0.0,"enemies":"Small Slimes","floor":1.0,"turns":1.0},{"damage":0.0,"enemies":"Cultist","floor":4.0,"turns":2.0},{"damage":0.0,"enemies":"2 Louse","floor":5.0,"turns":1.0},{"damage":32.0,"enemies":"Gremlin Nob","floor":6.0,"turns":4.0},{"damage":0.0,"enemies":"Looter","floor":10.0,"turns":3.0},{"damage":0.0,"enemies":"2 Fungi Beasts","floor":12.0,"turns":2.0},{"damage":0.0,"enemies":"3 Sentries","floor":13.0,"turns":3.0},{"damage":16.0,"enemies":"Lagavulin","floor":14.0,"turns":5.0},{"damage":36.0,"enemies":"The Guardian","floor":16.0,"turns":6.0},{"damage":0.0,"enemies":"Chosen","floor":18.0,"turns":3.0},{"damage":9.0,"enemies":"Book of Stabbing","floor":23.0,"turns":4.0},{"damage":21.0,"enemies":"Slavers","floor":25.0,"turns":4.0},{"damage":0.0,"enemies":"Spheric Guardian","floor":27.0,"turns":3.0},{"damage":14.0,"enemies":"Gremlin Leader","floor":30.0,"turns":3.0},{"damage":0.0,"enemies":"Champ","floor":33.0,"turns":7.0},{"damage":0.0,"enemies":"Orb Walker","floor":35.0,"turns":3.0},{"damage":0.0,"enemies":"3 Shapes","floor":37.0,"turns":3.0},{"damage":0.0,"enemies":"Maw","floor":39.0,"turns":6.0},{"damage":49,"enemies":"Reptomancer","floor":41,"turns":8},{"damage":5,"enemies":"Giant Head","floor":46,"turns":6},{"damage":25,"enemies":"Donu and Deca","floor":50,"turns":7},{"damage":2,"enemies":"Shield and Spear","floor":54,"turns":4},{"damage":102,"enemies":"The Heart","floor":55,"turns":8}],"seed_played":"3743104023288960068","potions_obtained":[{"floor":5.0,"key":"GamblersBrew"},{"floor":6.0,"key":"SneckoOil"},{"floor":10.0,"key":"SteroidPotion"},{"floor":14.0,"key":"Block Potion"},{"floor":18.0,"key":"Regen Potion"},{"floor":27.0,"key":"Fire Potion"},{"floor":41,"key":"Strength Potion"}],"is_trial":false,"path_per_floor":["M","?","$","M","M","E","R","R","T","M","R","M","E","E","R","B",null,"M","?","?","$","?","E","R","E","T","M","?","R","E","?","R","B",null,"M","?","M","$","M","R","E","R","T","?","?","E","R","$","R","B",null,"R","$","E","B",null],"character_chosen":"THE_CONSTRUCT_MOD","items_purchased":["Membership Card","Singing Bowl","Mango","Sling","construct:VentSteam","Bronze Scales","Weak Potion","SteroidPotion","Lantern"],"campfire_rested":0,"item_purchase_floors":[21,38,38,38,38,48,48,48,53],"current_hp_per_floor":[85,85,85,85,85,53,53,53,53,53,53,53,53,37,37,1,85,85,85,69,69,69,72,72,51,51,51,51,51,37,37,37,37,85,85,85,85,99,101,101,54,54,61,61,61,56,56,56,56,56,110,110,110,110,10],"gold":159,"neow_bonus":"THREE_ENEMY_KILL","is_daily":false,"chose_seed":false,"campfire_upgraded":11,"win_rate":0.0,"timestamp":1611984602,"path_taken":["M","?","$","?","M","E","R","R","T","M","R","M","E","E","R","BOSS","M","?","?","$","?","E","R","E","T","M","?","R","E","?","R","BOSS","M","?","M","$","M","R","E","R","T","?","?","E","R","$","R","BOSS","R","$","E","BOSS"],"items_purchased_type":["Relic","Relic","Relic","Relic","Card","Relic","Potion","Potion","Relic"],"build_version":"2020-12-22","purchased_purges":1,"victory":true,"max_hp_per_floor":[85,85,85,85,85,85,85,85,85,85,85,85,85,85,85,85,85,85,85,85,85,85,85,85,85,85,85,85,85,85,85,85,85,85,85,85,85,99,101,101,103,103,110,110,110,110,110,110,110,110,110,110,110,112,112],"card_choices":[{"not_picked":["construct:Versatility","construct:FierceBash","construct:SaveState"],"picked":"SKIP","floor":1.0},{"not_picked":["construct:VentSteam","construct:FierceBash"],"picked":"construct:HeavyBolt","floor":4.0},{"not_picked":["construct:Analyze","construct:ClusterMines"],"picked":"construct:Synchronize","floor":5.0},{"not_picked":["construct:FierceBash","construct:VentSteam","construct:Antimatter"],"picked":"SKIP","floor":6.0},{"not_picked":["construct:ReactiveShield","construct:PointDefense","construct:VentSteam"],"picked":"SKIP","floor":10.0},{"not_picked":["construct:Backup","construct:Rollout"],"picked":"construct:Analyze","floor":12.0},{"not_picked":["construct:OilSpill","construct:Accumulate"],"picked":"construct:ModeShift","floor":13.0},{"not_picked":["construct:ClusterMines","construct:Anticipate"],"picked":"construct:PanicFire","floor":14.0},{"not_picked":["construct:ShieldBurst","construct:MassProduction"],"picked":"construct:Reserves","floor":16.0},{"not_picked":["construct:Accumulate","construct:ClusterMines","construct:Autoturret"],"picked":"SKIP","floor":18.0},{"not_picked":["construct:ModeShift","construct:Rollout+1","construct:Reinforce"],"picked":"SKIP","floor":23.0},{"not_picked":["construct:Backfire","construct:Antimatter"],"picked":"construct:SyphonStrike","floor":25.0},{"not_picked":["construct:SyphonStrike","construct:Autoturret","construct:PhosphorStorm"],"picked":"SKIP","floor":27.0},{"not_picked":["construct:ScopeCore+1","construct:FierceBash","construct:ScrapCannon"],"picked":"SKIP","floor":30.0},{"not_picked":["construct:HyperBeam","construct:Meltdown"],"picked":"construct:ShieldGenerator","floor":33.0},{"not_picked":["construct:SyphonStrike","construct:Anticipate+1","construct:Analyze"],"picked":"SKIP","floor":35.0},{"not_picked":["construct:Stasis","construct:Agitation","construct:ModeShift"],"picked":"SKIP","floor":37.0},{"not_picked":["construct:Boost+1","construct:Accumulate","construct:ModeShift+1"],"picked":"Singing Bowl","floor":39.0},{"not_picked":["construct:GuardCore","construct:Tumble+1","construct:Agitation"],"picked":"Singing Bowl","floor":41},{"not_picked":["construct:Tumble+1","construct:Accumulate+1"],"picked":"construct:Failsafe+1","floor":46},{"not_picked":["construct:ScrapCannon+1","construct:Afterburners","construct:FlammableFog"],"picked":"Singing Bowl","floor":54}],"player_experience":819348,"relics_obtained":[{"floor":6.0,"key":"WingedGreaves"},{"floor":9.0,"key":"Anchor"},{"floor":13.0,"key":"construct:MegaBattery"},{"floor":14.0,"key":"sneckomod:BlankCard"},{"floor":20.0,"key":"Necronomicon"},{"floor":23.0,"key":"MawBank"},{"floor":25.0,"key":"Happy Flower"},{"floor":30.0,"key":"Bag of Marbles"},{"floor":41,"key":"Pantograph"},{"floor":43,"key":"Strawberry"},{"floor":46,"key":"War Paint"},{"floor":54,"key":"Whetstone"}],"event_choices":[{"damage_healed":0.0,"max_hp_gain":0.0,"max_hp_loss":0.0,"gold_gain":0.0,"event_name":"WeMeetAgain","player_choice":"Paid Gold","floor":2.0,"gold_loss":82.0,"damage_taken":0.0,"relics_obtained":["Ornamental Fan"]},{"damage_healed":0.0,"max_hp_gain":0.0,"max_hp_loss":0.0,"gold_gain":0.0,"event_name":"Back to Basics","player_choice":"Simplicity","floor":19.0,"gold_loss":0.0,"damage_taken":0.0,"cards_upgraded":["construct:Strike_Gold","construct:Strike_Gold","construct:Strike_Gold","construct:Strike_Gold","construct:Defend_Gold","construct:Defend_Gold","construct:Defend_Gold","construct:Defend_Gold","construct:Defend_Gold"]},{"damage_healed":0.0,"max_hp_gain":0.0,"max_hp_loss":0.0,"gold_gain":0.0,"event_name":"Cursed Tome","player_choice":"Obtained Book","floor":20.0,"gold_loss":0.0,"damage_taken":16.0},{"damage_healed":0.0,"max_hp_gain":0.0,"max_hp_loss":0.0,"gold_gain":0.0,"event_name":"Vampires","player_choice":"Ignored","floor":22.0,"gold_loss":0.0,"damage_taken":0.0},{"damage_healed":0.0,"max_hp_gain":0.0,"max_hp_loss":0.0,"gold_gain":99.0,"event_name":"Nest","player_choice":"Stole From Cult","floor":28.0,"gold_loss":0.0,"damage_taken":0.0},{"cards_removed":["construct:Strike_Gold"],"damage_healed":0.0,"max_hp_gain":0.0,"max_hp_loss":0.0,"gold_gain":0.0,"event_name":"Falling","player_choice":"Removed Attack","floor":36.0,"gold_loss":0.0,"damage_taken":0.0},{"damage_healed":0,"gold_gain":0,"player_choice":"Ignored","damage_taken":0,"max_hp_gain":0,"max_hp_loss":0,"event_name":"Tomb of Lord Red Mask","floor":44,"gold_loss":0},{"cards_removed":["construct:Strike_Gold"],"damage_healed":0,"gold_gain":0,"player_choice":"Card Removal","damage_taken":0,"max_hp_gain":0,"max_hp_loss":0,"event_name":"Wheel of Change","floor":45,"gold_loss":0}],"is_beta":false,"boss_relics":[{"not_picked":["SacredBark","Philosopher\u0027s Stone"],"picked":"bronze:MakeshiftBattery"},{"not_picked":["Fusion Hammer","Runic Pyramid"],"picked":"sneckomod:SneckoTalon"}],"items_purged_floors":[53],"is_endless":false,"potions_floor_spawned":[5,6,10,14,18,27,41],"ascension_level":3}}