{"host":"mum3ai8oz7qfp6jm","time":1611987941,"event":{"mods":["BaseMod","Minty Spire (QoL Compilation)","Reliquary","StSLib","The Bug Knight"],"gold_per_floor":[2351,2311,2326,1646,1537,1537,1562,1562,1585,1106,1106,323,334,334,334,433,433,445,458,472,116,134,166,166,166,166,181,181,1955,1966,1982,1982,2087,2087,2106,2106,2118,2118,2118,2118,2129,2129,2152,1443,1478,1506,1506,1536,1536,1552,1573,1597,1608,1620,1654,1654,1023,1048,1068,1086,1086,1086,1112,1112,1112,1112,1112,575,600,600],"floor_reached":56,"language":"ZHS","playtime":2424,"items_purged":["Madness"],"score":1763,"play_id":"f1cb324b-697d-4bc0-98cf-f7925346637d","local_time":"20210130142541","is_ascension_mode":true,"campfire_choices":[{"data":"HollowMod:MawleksShell","floor":6.0,"key":"SMITH"},{"data":"HollowMod:MothsMistake","floor":8.0,"key":"SMITH"},{"data":"HollowMod:InfectionAssault","floor":11.0,"key":"SMITH"},{"data":"HollowMod:LordofShades","floor":15.0,"key":"SMITH"},{"data":"HollowMod:BrokenVessel","floor":24.0,"key":"SMITH"},{"data":"HollowMod:InfectedCysts","floor":32.0,"key":"SMITH"},{"data":"HollowMod:NewGlowingWomb","floor":40.0,"key":"SMITH"},{"data":"HollowMod:BrokenVessel","floor":47.0,"key":"SMITH"},{"data":"HollowMod:NewInfectedGuardian","floor":49.0,"key":"SMITH"},{"data":"HollowMod:BrokenVessel","floor":41,"key":"SMITH"},{"floor":49,"key":"RECALL"},{"data":"HollowMod:InfectedAttack","floor":52,"key":"SMITH"}],"circlet_count":0,"master_deck":["HollowMod:MawleksShell+1","HollowMod:InfectionAssault+1","HollowMod:NewInfectedGuardian+1","HollowMod:BrokenVessel+1","HollowMod:NewGlowingWomb+1","HollowMod:InfectedCysts+1","HollowMod:NewInfectedGuardian","Madness","HollowMod:InfectedCysts+1","Panache","HollowMod:BrokenVessel+1","HollowMod:TaintedHusks+1","HollowMod:BrokenVessel+1","HollowMod:InfectedAttack+1","Madness","Madness","HollowMod:BrokenVessel"],"relics":["Pandora\u0027s Box","Potion Belt","reliquary:BallBearing","Orrery","Boot","Thread and Needle","Pen Nib","Akabeko","HollowMod:LumaflyLanternRelic","Omamori","Unceasing Top","Kunai","reliquary:RedCape","InkBottle","Art of War","Nilry\u0027s Codex","reliquary:JackalopeAntler","Lantern","Centennial Puzzle","reliquary:BrokenClock","Coffee Dripper","CeramicFish","HornCleat","ClockworkSouvenir","Turnip","reliquary:QuartzCube","reliquary:BoilingFlask","reliquary:ExpiredCoupon","Sundial","Nunchaku","HollowMod:JonisBlessing","Juzu Bracelet","WarpedTongs","HollowMod:MillibellesNoteRelic","Whetstone","HollowMod:IsmasTear","Medical Kit","Happy Flower"],"acts_visited":["Exordium","TheCity","TheBeyond","TheBeyond","TheEnding"],"potions_floor_usage":[55,55,55,55,55,55,55,55,55,55],"damage_taken":[{"damage":12.0,"enemies":"Small Slimes","floor":1.0,"turns":3.0},{"damage":8.0,"enemies":"Cultist","floor":3.0,"turns":4.0},{"damage":45.0,"enemies":"Gremlin Nob","floor":7.0,"turns":5.0},{"damage":10.0,"enemies":"Jaw Worm","floor":13.0,"turns":3.0},{"damage":78.0,"enemies":"Hexaghost","floor":16.0,"turns":7.0},{"damage":26.0,"enemies":"Shell Parasite","floor":18.0,"turns":4.0},{"damage":22.0,"enemies":"3 Byrds","floor":19.0,"turns":3.0},{"damage":27.0,"enemies":"Snake Plant","floor":20.0,"turns":3.0},{"damage":5.0,"enemies":"Sentry and Sphere","floor":22.0,"turns":3.0},{"damage":64.0,"enemies":"Book of Stabbing","floor":23.0,"turns":5.0},{"damage":33.0,"enemies":"Centurion and Healer","floor":27.0,"turns":5.0},{"damage":72.0,"enemies":"Shelled Parasite and Fungi","floor":30.0,"turns":4.0},{"damage":50.0,"enemies":"Snake Plant","floor":31.0,"turns":4.0},{"damage":8.0,"enemies":"Champ","floor":33.0,"turns":3.0},{"damage":20.0,"enemies":"3 Shapes","floor":35.0,"turns":2.0},{"damage":1.0,"enemies":"Orb Walker","floor":37.0,"turns":2.0},{"damage":11.0,"enemies":"Sphere and 2 Shapes","floor":41.0,"turns":2.0},{"damage":5.0,"enemies":"Nemesis","floor":45.0,"turns":2.0},{"damage":10.0,"enemies":"Writhing Mass","floor":46.0,"turns":2.0},{"damage":0.0,"enemies":"Reptomancer","floor":48.0,"turns":2.0},{"damage":11,"enemies":"Orb Walker","floor":35,"turns":2},{"damage":10,"enemies":"3 Darklings","floor":36,"turns":2},{"damage":26,"enemies":"Jaw Worm Horde","floor":37,"turns":2},{"damage":45,"enemies":"Writhing Mass","floor":38,"turns":3},{"damage":52,"enemies":"4 Shapes","floor":39,"turns":1},{"damage":34,"enemies":"Giant Head","floor":40,"turns":3},{"damage":25,"enemies":"Jaw Worm Horde","floor":44,"turns":2},{"damage":0,"enemies":"Nemesis","floor":48,"turns":2},{"damage":13,"enemies":"HollowMod:Radiance","floor":50,"turns":4},{"damage":30,"enemies":"Shield and Spear","floor":54,"turns":3},{"damage":126,"enemies":"The Heart","floor":55,"turns":3}],"seed_played":"2140992254510458072","potions_obtained":[{"floor":2.0,"key":"Block Potion"},{"floor":2.0,"key":"Ancient Potion"},{"floor":2.0,"key":"Regen Potion"},{"floor":20.0,"key":"AttackPotion"},{"floor":48.0,"key":"Fruit Juice"},{"floor":35,"key":"Fire Potion"},{"floor":44,"key":"Swift Potion"}],"is_trial":false,"path_per_floor":["M","?","M","$","?","R","E","R","T","$","R","$","M","T","R","B",null,"M","M","M","$","M","E","R","?","T","M","?","$","M","M","R","B",null,"M","?","M","?","?","R","M","?","T","$","E","M","R","E","R","M","M","M","M","M","E","R","$","T","M","?","?","?","E","R","B",null,"R","$","E","B",null],"character_chosen":"THE_BUGKNIGHT","items_purchased":["Potion Belt","reliquary:BallBearing","HollowMod:SharpenedShadows","Orrery","Fire Potion","Akabeko","HollowMod:LumaflyLanternRelic","HollowMod:AbyssShriek","Omamori","Unceasing Top","HollowMod:LordofShades","HollowMod:SiblingsShadow","EntropicBrew","HollowMod:BrokenVessel","InkBottle","HollowMod:DescendingDark","Lantern","HollowMod:NewGlowingWomb","Centennial Puzzle","reliquary:BrokenClock","HornCleat","ClockworkSouvenir","Turnip","Sundial","Nunchaku","HollowMod:JonisBlessing","Whetstone","HollowMod:IsmasTear","Medical Kit","HollowMod:BrokenVessel"],"campfire_rested":0,"item_purchase_floors":[4,4,4,4,4,10,10,10,12,12,12,12,12,21,21,21,29,29,29,29,44,44,44,42,42,42,53,53,53,53],"current_hp_per_floor":[63,63,55,55,55,55,95,95,95,95,95,95,95,95,95,95,95,95,95,95,95,95,95,95,95,95,95,95,95,95,95,95,95,95,95,95,95,95,95,95,95,95,95,95,95,95,95,100,100,100,100,100,100,100,100,100,100,100,100,100,100,100,100,100,100,100,100,100,100,100],"gold":600,"neow_bonus":"BOSS_RELIC","is_daily":false,"chose_seed":false,"campfire_upgraded":11,"win_rate":0.0,"timestamp":1611987941,"path_taken":["M","?","?","$","?","R","E","R","T","$","R","?","M","?","R","BOSS","M","?","M","$","M","E","R","?","T","M","?","$","M","M","R","BOSS","M","?","M","?","?","R","M","?","T","$","E","M","R","E","R","M","M","M","M","M","E","R","$","T","M","?","?","?","E","R","BOSS","R","$","E","BOSS"],"items_purchased_type":["Relic","Relic","Card","Relic","Potion","Relic","Relic","Card","Relic","Relic","Card","Card","Potion","Card","Relic","Card","Relic","Card","Relic","Relic","Relic","Relic","Relic","Relic","Relic","Relic","Relic","Relic","Relic","Card"],"build_version":"2020-12-22","purchased_purges":1,"victory":true,"max_hp_per_floor":[95,95,95,95,95,95,95,95,95,95,95,95,95,95,95,95,95,95,95,95,95,95,95,95,95,95,95,95,95,95,95,95,95,95,95,95,95,95,95,95,95,95,95,95,95,95,95,100,100,100,100,100,100,100,100,100,100,100,100,100,100,100,100,100,100,100,100,100,100,100],"card_choices":[{"not_picked":["HollowMod:GoodIntentions","HollowMod:MonomonsArchive"],"picked":"HollowMod:WraithStrike","floor":1.0},{"not_picked":["HollowMod:CloakDash","HollowMod:GreatSlash","HollowMod:SoulEater"],"picked":"SKIP","floor":3.0},{"not_picked":["HollowMod:CoiledNail","HollowMod:SharpenedNail"],"picked":"HollowMod:DescendingDark","floor":4.0},{"not_picked":["HollowMod:SoulVessel","HollowMod:BaldurShell"],"picked":"HollowMod:MothsMistake","floor":7.0},{"not_picked":["HollowMod:CoiledNail","HollowMod:InfectedCysts"],"picked":"HollowMod:VengefulVoid","floor":13.0},{"not_picked":["HollowMod:ElderbugsWisdom","HollowMod:VoidDash"],"picked":"HollowMod:NewInfectedGuardian","floor":16.0},{"not_picked":["HollowMod:SoulSplash+1","HollowMod:LifebloodCocoon+1","HollowMod:HowlingWraiths"],"picked":"SKIP","floor":18.0},{"not_picked":["HollowMod:ShapeofUnn+1","HollowMod:CornifersMapStart","HollowMod:PureNailStrike+1"],"picked":"SKIP","floor":19.0},{"not_picked":["HollowMod:DesolateDive","HollowMod:BlackTendrils"],"picked":"HollowMod:ShadowDash","floor":20.0},{"not_picked":["HollowMod:ShadowDash","HollowMod:DesolateDive+1","HollowMod:DashSlash"],"picked":"SKIP","floor":22.0},{"not_picked":["HollowMod:DashSlash","HollowMod:SoulVessel+1"],"picked":"HollowMod:ShadowDash+1","floor":23.0},{"not_picked":["HollowMod:NewLittleFool","HollowMod:FallenFury"],"picked":"HollowMod:BlackTendrils","floor":27.0},{"not_picked":["HollowMod:QuirrelsAssistance","HollowMod:NewJinnsSoul","HollowMod:VengefulVoid"],"picked":"SKIP","floor":30.0},{"not_picked":["HollowMod:LifebloodCocoon","HollowMod:DashSlash+1"],"picked":"HollowMod:InfectedCysts","floor":31.0},{"not_picked":["HollowMod:ZotesMagnificence","HollowMod:AwokenDreamNail"],"picked":"HollowMod:NewInfectedGuardian","floor":33.0},{"not_picked":["HollowMod:SiblingsShadow+1","HollowMod:DashSlash","HollowMod:PerfectDash+1"],"picked":"SKIP","floor":35.0},{"not_picked":["HollowMod:VengefulVoid","HollowMod:SiblingsSouls+1","HollowMod:CloakDash"],"picked":"SKIP","floor":37.0},{"not_picked":["HollowMod:MantisMark","HollowMod:NewGlowingWomb"],"picked":"HollowMod:InfectedCysts+1","floor":41.0},{"not_picked":["Forethought","Thinking Ahead"],"picked":"Panache","floor":42.0},{"not_picked":["HollowMod:SharpenedShadows+1","HollowMod:SiblingsSouls","HollowMod:SiblingsShadow"],"picked":"SKIP","floor":45.0},{"not_picked":["HollowMod:FallenFury","HollowMod:CycloneSlash"],"picked":"HollowMod:BrokenVessel","floor":46.0},{"not_picked":["HollowMod:LifebloodCocoon","HollowMod:MantisMark+1","HollowMod:PerfectDash"],"picked":"SKIP","floor":48.0},{"not_picked":["HollowMod:HowlingWraiths+1","HollowMod:CrystalDash","HollowMod:SharpenedShadows+1"],"picked":"SKIP","floor":35},{"not_picked":["HollowMod:SiblingsSouls+1","HollowMod:DungDefenderAura"],"picked":"HollowMod:TaintedHusks+1","floor":36},{"not_picked":["HollowMod:DesolateDive+1","HollowMod:SoulStrike"],"picked":"HollowMod:BrokenVessel","floor":37},{"not_picked":["HollowMod:CoiledNail+1","HollowMod:ChannelNail","HollowMod:DungDefenderAura+1"],"picked":"SKIP","floor":38},{"not_picked":["HollowMod:SoulSplash+1","HollowMod:CycloneSlash","HollowMod:DoubleDash"],"picked":"SKIP","floor":39},{"not_picked":["HollowMod:CloakDash+1","HollowMod:FallenFury+1","HollowMod:ShapeofUnn"],"picked":"SKIP","floor":40},{"not_picked":["HollowMod:DungDefenderAura","HollowMod:HowlingWraiths"],"picked":"HollowMod:InfectedAttack","floor":44},{"not_picked":["HollowMod:BlackTendrils","HollowMod:NewLittleFool","HollowMod:GreatSlash"],"picked":"SKIP","floor":48},{"not_picked":["HollowMod:TaintedHusks","HollowMod:CloakDash","HollowMod:PureNailStrike+1"],"picked":"SKIP","floor":54}],"player_experience":688127,"relics_obtained":[{"floor":7.0,"key":"Thread and Needle"},{"floor":9.0,"key":"Pen Nib"},{"floor":14.0,"key":"Kunai"},{"floor":23.0,"key":"Art of War"},{"floor":25.0,"key":"Nilry\u0027s Codex"},{"floor":26.0,"key":"reliquary:JackalopeAntler"},{"floor":43.0,"key":"CeramicFish"},{"floor":45.0,"key":"reliquary:QuartzCube"},{"floor":48.0,"key":"reliquary:BoilingFlask"},{"floor":40,"key":"reliquary:ExpiredCoupon"},{"floor":46,"key":"Juzu Bracelet"},{"floor":48,"key":"HollowMod:MillibellesNoteRelic"},{"floor":54,"key":"Happy Flower"}],"event_choices":[{"damage_healed":0.0,"max_hp_gain":0.0,"max_hp_loss":0.0,"gold_gain":0.0,"event_name":"The Woman in Blue","player_choice":"Bought 3 Potions","floor":2.0,"gold_loss":0.0,"damage_taken":0.0},{"damage_healed":0.0,"max_hp_gain":0.0,"max_hp_loss":0.0,"gold_gain":0.0,"event_name":"WeMeetAgain","player_choice":"Paid Gold","floor":5.0,"gold_loss":109.0,"damage_taken":0.0,"relics_obtained":["Boot"]},{"damage_healed":0.0,"max_hp_gain":0.0,"max_hp_loss":0.0,"gold_gain":0.0,"event_name":"Cursed Tome","player_choice":"Obtained Book","floor":25.0,"gold_loss":0.0,"damage_taken":16.0},{"cards_removed":["HollowMod:MothsMistake"],"damage_healed":0.0,"max_hp_gain":0.0,"max_hp_loss":0.0,"gold_gain":0.0,"event_name":"Falling","player_choice":"Removed Power","floor":38.0,"gold_loss":0.0,"damage_taken":0.0},{"damage_healed":0.0,"max_hp_gain":0.0,"max_hp_loss":0.0,"gold_gain":0.0,"event_name":"Winding Halls","player_choice":"Embrace Madness","floor":39.0,"gold_loss":0.0,"damage_taken":12.0,"cards_obtained":["Madness","Madness"]},{"damage_healed":0.0,"max_hp_gain":0.0,"max_hp_loss":0.0,"gold_gain":0.0,"event_name":"SensoryStone","player_choice":"Memory 3","floor":42.0,"gold_loss":0.0,"damage_taken":10.0},{"damage_healed":0,"gold_gain":0,"player_choice":"Embrace Madness","damage_taken":13,"max_hp_gain":0,"max_hp_loss":0,"event_name":"Winding Halls","floor":45,"gold_loss":0,"cards_obtained":["Madness","Madness"]},{"damage_healed":0,"gold_gain":0,"player_choice":"Relic","damage_taken":0,"max_hp_gain":0,"max_hp_loss":0,"event_name":"Wheel of Change","floor":46,"gold_loss":0},{"damage_healed":0,"gold_gain":0,"player_choice":"Rummage","damage_taken":0,"relics_obtained":["WarpedTongs"],"max_hp_gain":0,"max_hp_loss":0,"event_name":"Accursed Blacksmith","floor":47,"gold_loss":0,"cards_obtained":["Pain"]}],"is_beta":false,"boss_relics":[{"not_picked":["SacredBark","Calling Bell"],"picked":"reliquary:RedCape"},{"not_picked":["reliquary:Ember","Philosopher\u0027s Stone"],"picked":"Coffee Dripper"}],"items_purged_floors":[42],"is_endless":false,"potions_floor_spawned":[3,20,22,27,30,31,41,48,35,37,39,44,54],"ascension_level":5}}