{"host":"YagamiMirai","time":1611972610,"event":{"mods":["Act Like it!","Alarm Clock","BaseMod","Downfall","Hermit","Lobotomy","Minty Spire (QoL Compilation)","Reliquary","Replay The Spire","Robot Space Explorer","Spicy Shops","StSLib","The Dragon Tamer","The Gatherer","The Mystic","TheHeartMod","Wide Potions","¡¾ÒÅÎï¿¨ÅÆ¡¿REMEMod","óô»ðÖ¸ÄÏ"],"gold_per_floor":[0,19,19,19,32,32,32,50,50,35,35,35,35,69,87,184,184,84,103,9,9,29,55,55,55,86,341,441,171,189,216,236,340,340,240,258,258,258,275,37,62,90,90,107,107,120,20,39,53,53,53,82,21,21,21,21,21,21],"floor_reached":56,"language":"ZHS","playtime":3966,"items_purged":["bronze:ItsAFeature+1","Regret"],"score":983,"play_id":"5053f3f3-aca0-4a67-88b2-3c344c7733df","local_time":"20210130101010","is_ascension_mode":false,"campfire_choices":[{"floor":1.0,"key":"RECALL"},{"data":"bronze:ItsAFeature","floor":9.0,"key":"SMITH"},{"data":"bronze:DelayedSlice","floor":13.0,"key":"SMITH"},{"data":"bronze:Branch","floor":18.0,"key":"SMITH"},{"data":"bronze:Repulsor","floor":25.0,"key":"SMITH"},{"floor":35.0,"key":"DIG"},{"data":"bronze:SpaghettiCode","floor":43.0,"key":"SMITH"},{"data":"bronze:Assembly","floor":47.0,"key":"SMITH"},{"data":"bronze:GetLatest","floor":54.0,"key":"SMITH"}],"circlet_count":0,"master_deck":["bronze:Strike","bronze:Strike","bronze:Strike","bronze:Defend+1","bronze:Defend","bronze:Defend","bronze:Defend","bronze:Replicate","bronze:Goto+1","hexamod:Incineration","bronze:Branch+1","bronze:Iterate","bronze:Branch+1","bronze:DelayedSlice+1","downfall:Malfunctioning","bronze:DelayedGuard","bronze:Branch+1","bronze:RecursiveStrike+1","bronze:ChosenStrike+1","bronze:Repulsor+1","bronze:Separator+1","bronze:DelayedSlice+1","bronze:DigitalCarnage+1","bronze:Boost+1","bronze:Optimize","bronze:Assembly+1","bronze:DelayedSlice+1","bronze:InfiniteLoop+1","bronze:Optimize+1","bronze:SpaghettiCode+1","bronze:DigitalCarnage+1","bronze:Repulsor+1","bronze:FineTuning","bronze:Overheat+1","bronze:GetLatest+1","bronze:AlphaBuild+1"],"relics":["bronze:BronzeCore","REME_ComplimentaryCards","StoneCalendar","reliquary:SilkGlove","Mummified Hand","Molten Egg 2","WingedGreaves","reliquary:WritOfMandamus","downfall:HeartBlessingRed","REME_HandOfSuture","Dead Branch","Garlic","Replay:Bottled Snecko","reliquary:OuijaBoard","Question Card","HandDrill","PreservedInsect","Busted Crown","downfall:HeartBlessingGreen","Gremlin Food","bronze:BottledCode","Sundial","Blue Doll","downfall:HeartBlessingBlue","Replay:Bottled Steam","ReplayTheSpireMod:CursedCoin"],"acts_visited":["Exordium","TheCity","TheBeyond","TheEnding"],"potions_floor_usage":[56],"damage_taken":[{"damage":5.0,"enemies":"Small Slimes","floor":2.0,"turns":4.0},{"damage":6.0,"enemies":"Jaw Worm","floor":5.0,"turns":3.0},{"damage":3.0,"enemies":"2 Louse","floor":8.0,"turns":2.0},{"damage":0.0,"enemies":"downfall:FleeingMerchant","floor":10.0,"turns":4.0},{"damage":4.0,"enemies":"3 Sentries","floor":14.0,"turns":5.0},{"damage":3.0,"enemies":"Lots of Slimes","floor":15.0,"turns":2.0},{"damage":41.0,"enemies":"WA_ARCHETYPE_RETAIN","floor":16.0,"turns":8.0},{"damage":0.0,"enemies":"3 Byrds","floor":19.0,"turns":3.0},{"damage":6.0,"enemies":"downfall:FleeingMerchant","floor":20.0,"turns":4.0},{"damage":10.0,"enemies":"Chosen","floor":22.0,"turns":3.0},{"damage":13.0,"enemies":"Replay:Snechameleon","floor":23.0,"turns":5.0},{"damage":0.0,"enemies":"Slavers","floor":26.0,"turns":2.0},{"damage":0.0,"enemies":"downfall:FleeingMerchant","floor":27.0,"turns":4.0},{"damage":0.0,"enemies":"Colosseum Nobs","floor":28.0,"turns":3.0},{"damage":7.0,"enemies":"Snake Plant","floor":30.0,"turns":3.0},{"damage":17.0,"enemies":"Replay:Snechameleon","floor":31.0,"turns":5.0},{"damage":0.0,"enemies":"Snecko","floor":32.0,"turns":3.0},{"damage":0.0,"enemies":"DF_ARCHETYPE_CLAW","floor":33.0,"turns":5.0},{"damage":6.0,"enemies":"3 Darklings","floor":36.0,"turns":3.0},{"damage":8.0,"enemies":"Orb Walker","floor":39.0,"turns":2.0},{"damage":20.0,"enemies":"Nemesis","floor":42.0,"turns":3.0},{"damage":0.0,"enemies":"Writhing Mass","floor":44.0,"turns":3.0},{"damage":0.0,"enemies":"Sphere and 2 Shapes","floor":46.0,"turns":1.0},{"damage":12.0,"enemies":"Maw","floor":48.0,"turns":4.0},{"damage":0.0,"enemies":"Spire Growth","floor":49.0,"turns":2.0},{"damage":4.0,"enemies":"SI_POISON_ARCHETYPE","floor":50.0,"turns":5.0},{"damage":37.0,"enemies":"downfall:CharBossMerchant","floor":52.0,"turns":4.0},{"damage":33.0,"enemies":"downfall:NeowBoss","floor":55.0,"turns":9.0},{"damage":23,"enemies":"downfall:NeowBossFinal","floor":56,"turns":3}],"seed_played":"-697048200920693433","potions_obtained":[{"floor":5.0,"key":"Elixir"},{"floor":8.0,"key":"LiquidBronze"},{"floor":16.0,"key":"Fire Potion"},{"floor":22.0,"key":"REME_GoldPotion"},{"floor":26.0,"key":"LifebloodPotion"},{"floor":28.0,"key":"LiquidMemories"},{"floor":32.0,"key":"SkillPotion"},{"floor":39.0,"key":"Venom Potion"},{"floor":42.0,"key":"Guardian:BlockOnCardUsePotion"},{"floor":45.0,"key":"downfall:CursedFountainPotion"},{"floor":46.0,"key":"Fire Potion"}],"is_trial":false,"path_per_floor":["R","M","?","?","M","?","T","M","R","$","?","T","R","E","M","B",null,"R","M","$","?","M","E","T","R","E","$","?","$","M","E","M","B",null,"R","M","?","?","M","$","T","E","R","M","?","M","R","M","M","B",null,"E","$","R","B","B"],"character_chosen":"THE_AUTOMATON","items_purchased":["bronze:Repulsor","Question Card","HandDrill","Sundial","ReplayTheSpireMod:CursedCoin","bronze:AlphaBuild+1","ColorlessPotion"],"campfire_rested":0,"item_purchase_floors":[20,29,29,40,53,53,53],"current_hp_per_floor":[70,65,65,58,52,52,52,49,49,49,49,49,49,45,42,1,70,70,70,64,51,41,28,28,28,28,28,28,28,21,4,4,4,75,75,69,65,65,57,57,57,37,37,37,37,37,47,35,35,31,75,38,38,38,5,0,0,0],"gold":21,"neow_bonus":"ONE_RARE_RELIC","is_daily":false,"chose_seed":false,"campfire_upgraded":7,"win_rate":0.0,"timestamp":1611972610,"path_taken":["R","M","?","?","?","?","T","?","R","$","?","?","R","E","M","BOSS","R","M","$","?","M","E","T","R","E","$","?","?","M","E","M","BOSS","R","M","?","?","?","$","T","E","R","M","?","?","R","M","M","BOSS","E","$","R","BOSS","BOSS"],"items_purchased_type":["Card","Relic","Relic","Relic","Relic","Card","Potion"],"build_version":"2020-12-18","purchased_purges":2,"victory":false,"max_hp_per_floor":[70,70,70,70,70,70,70,70,70,70,70,70,70,70,70,70,70,70,70,70,75,75,75,75,75,75,75,75,75,75,75,75,75,75,75,75,65,65,65,65,65,65,65,65,65,65,75,75,75,75,75,75,75,75,75,75,75,75],"card_choices":[{"not_picked":["bronze:CutThrough","bronze:Refactor"],"picked":"bronze:Branch","floor":2.0},{"not_picked":["bronze:Repair","bronze:Refactor"],"picked":"bronze:Iterate","floor":5.0},{"not_picked":["bronze:Deprecate","bronze:ThunderWave"],"picked":"bronze:ItsAFeature","floor":8.0},{"not_picked":["bronze:Deprecate","bronze:Philosophize"],"picked":"bronze:DelayedSlice","floor":10.0},{"not_picked":["bronze:ThunderWave+1","bronze:Invalidate"],"picked":"bronze:DelayedGuard","floor":14.0},{"not_picked":["bronze:ChildClass","bronze:DelayedGuard"],"picked":"bronze:Branch+1","floor":15.0},{"not_picked":["bronze:Assembly","bronze:Mutator"],"picked":"bronze:RecursiveStrike+1","floor":16.0},{"not_picked":["bronze:BuggyMess","bronze:FineTuning+1"],"picked":"bronze:ChosenStrike+1","floor":19.0},{"not_picked":["bronze:GetLatest","bronze:Iterate+1"],"picked":"bronze:ClassDefault","floor":20.0},{"not_picked":["bronze:ClassDefault+1","bronze:BuggyMess+1"],"picked":"bronze:Separator+1","floor":22.0},{"not_picked":["bronze:Turbo","bronze:Shield"],"picked":"bronze:DelayedSlice+1","floor":23.0},{"not_picked":["bronze:OilSpill+1","bronze:CutThrough+1"],"picked":"bronze:DigitalCarnage+1","floor":26.0},{"not_picked":["bronze:Constructor","bronze:Frontload","bronze:BitShift+1"],"picked":"SKIP","floor":27.0},{"not_picked":["bronze:Turbo","bronze:CloningBeam+1"],"picked":"bronze:Boost+1","floor":28.0},{"not_picked":["bronze:ItsAFeature+1","bronze:ChosenStrike+1","bronze:FollowUp+1"],"picked":"bronze:Optimize","floor":30.0},{"not_picked":["bronze:ForLoop","bronze:Return","bronze:Separator+1"],"picked":"bronze:Assembly","floor":31.0},{"not_picked":["bronze:NullPointer+1","bronze:Invalidate","bronze:WildBeam+1"],"picked":"bronze:DelayedSlice+1","floor":32.0},{"not_picked":["bronze:ThunderWave+1","bronze:RecursiveStrike+1","bronze:Mutator"],"picked":"bronze:InfiniteLoop+1","floor":33.0},{"not_picked":["bronze:Return+1"],"picked":"bronze:Optimize+1","floor":36.0},{"not_picked":["bronze:NullPointer+1"],"picked":"bronze:DigitalCarnage+1","floor":39.0},{"not_picked":["bronze:Allocate+1","bronze:BitShift"],"picked":"SKIP","floor":42.0},{"not_picked":["bronze:Frontload+1"],"picked":"bronze:Repulsor+1","floor":44.0},{"not_picked":["bronze:OilSpill+1","bronze:Constructor"],"picked":"SKIP","floor":46.0},{"not_picked":["bronze:Shield+1"],"picked":"bronze:FineTuning","floor":48.0},{"not_picked":["bronze:Shield"],"picked":"bronze:Overheat+1","floor":49.0},{"not_picked":["bronze:DelayedSlice+1"],"picked":"bronze:GetLatest","floor":52.0}],"player_experience":967571,"relics_obtained":[{"floor":7.0,"key":"Mummified Hand"},{"floor":12.0,"key":"Molten Egg 2"},{"floor":14.0,"key":"WingedGreaves"},{"floor":23.0,"key":"REME_HandOfSuture"},{"floor":24.0,"key":"Dead Branch"},{"floor":26.0,"key":"Garlic"},{"floor":28.0,"key":"Replay:Bottled Snecko"},{"floor":28.0,"key":"reliquary:OuijaBoard"},{"floor":31.0,"key":"PreservedInsect"},{"floor":35.0,"key":"Gremlin Food"},{"floor":42.0,"key":"Blue Doll"},{"floor":52.0,"key":"Replay:Bottled Steam"}],"event_choices":[{"damage_healed":0.0,"max_hp_gain":0.0,"max_hp_loss":0.0,"gold_gain":0.0,"event_name":"Scrap Ooze","player_choice":"Success","floor":4.0,"gold_loss":0.0,"damage_taken":7.0,"relics_obtained":["reliquary:SilkGlove"]}],"is_beta":true,"boss_relics":[{"not_picked":["REME_ChargedStone","Snecko Eye"],"picked":"reliquary:WritOfMandamus"},{"not_picked":["Empty Cage","Honey Jar"],"picked":"Busted Crown"}],"items_purged_floors":[27,53],"is_endless":false,"potions_floor_spawned":[5,8,16,22,26,28,31,32,39,42,46,48],"killed_by":"downfall:NeowBossFinal","ascension_level":0}}