{"host":"f0gpob8hq9vgebej","time":1611977912,"event":{"mods":["AchievementEnabler","BaseMod","Minty Spire (QoL Compilation)","Quick Restart","SuperFastMode"],"gold_per_floor":[115,131,141,155,174,174,201,233,327,357,384,411,423,468,480,587,599,629,657,351,362,362,390,390,424,475,496,537,557,557,557],"floor_reached":30,"language":"KOR","playtime":964,"items_purged":["Strike_B"],"score":516,"play_id":"ad2e69b8-5f0e-4689-a62c-a97adc31ebc1","local_time":"20210130123832","is_ascension_mode":true,"campfire_choices":[{"data":"Electrodynamics","floor":6,"key":"SMITH"},{"floor":13,"key":"REST"},{"floor":15,"key":"REST"},{"data":"Echo Form","floor":24,"key":"SMITH"}],"circlet_count":0,"master_deck":["AscendersBane","Strike_B","Defend_B","Defend_B","Defend_B","Zap","Dualcast","Electrodynamics+1","Tempest","Ball Lightning","Force Field","Coolheaded","BootSequence","Seek","Loop","Conserve Battery","Amplify","Echo Form+1","Amplify+1","Static Discharge+1","Multi-Cast+1","White Noise","Barrage","Static Discharge","Thunder Strike","Seek","Auto Shields","BootSequence+1","Fission"],"relics":["Cracked Core","MawBank","Sundial","PreservedInsect","Astrolabe","Dead Branch","CeramicFish","Happy Flower","HornCleat"],"acts_visited":["Exordium","TheCity"],"potions_floor_usage":[7,14,16,19],"damage_taken":[{"damage":0,"enemies":"Cultist","floor":1,"turns":4},{"damage":0,"enemies":"2 Louse","floor":2,"turns":1},{"damage":7,"enemies":"Jaw Worm","floor":3,"turns":3},{"damage":1,"enemies":"2 Fungi Beasts","floor":4,"turns":3},{"damage":0,"enemies":"Large Slime","floor":5,"turns":3},{"damage":26,"enemies":"Lagavulin","floor":7,"turns":6},{"damage":7,"enemies":"Lots of Slimes","floor":8,"turns":2},{"damage":2,"enemies":"2 Fungi Beasts","floor":10,"turns":2},{"damage":0,"enemies":"3 Louse","floor":11,"turns":1},{"damage":2,"enemies":"Red Slaver","floor":12,"turns":3},{"damage":18,"enemies":"Gremlin Nob","floor":14,"turns":3},{"damage":29,"enemies":"Slime Boss","floor":16,"turns":7},{"damage":11,"enemies":"Spheric Guardian","floor":18,"turns":3},{"damage":0,"enemies":"2 Thieves","floor":19,"turns":3},{"damage":2,"enemies":"Chosen and Byrds","floor":21,"turns":3},{"damage":0,"enemies":"Gremlin Leader","floor":23,"turns":3},{"damage":25,"enemies":"Book of Stabbing","floor":25,"turns":3},{"damage":4,"enemies":"Centurion and Healer","floor":27,"turns":6},{"damage":29,"enemies":"Slavers","floor":28,"turns":3},{"damage":13,"enemies":"Snecko","floor":29,"turns":4},{"damage":1,"enemies":"Snake Plant","floor":30,"turns":2}],"seed_played":"-7624788148663497110","potions_obtained":[{"floor":1,"key":"Dexterity Potion"},{"floor":3,"key":"Weak Potion"},{"floor":4,"key":"FairyPotion"},{"floor":7,"key":"DuplicationPotion"},{"floor":14,"key":"Dexterity Potion"},{"floor":16,"key":"Energy Potion"},{"floor":18,"key":"DistilledChaos"},{"floor":21,"key":"PotionOfCapacity"}],"is_trial":false,"path_per_floor":["M","M","M","M","M","R","E","M","T","M","M","M","R","E","R","B",null,"M","M","$","M","?","E","R","E","T","M","E","M","M"],"character_chosen":"DEFECT","items_purchased":["Static Discharge","Thunder Strike","FocusPotion"],"campfire_rested":2,"item_purchase_floors":[20,20,20],"current_hp_per_floor":[50,50,43,42,42,42,16,9,9,7,7,5,27,9,31,2,57,46,46,46,44,44,44,44,19,19,15,17,4,3,3],"gold":557,"neow_bonus":"THREE_RARE_CARDS","is_daily":false,"chose_seed":false,"campfire_upgraded":2,"win_rate":0.0,"timestamp":1611977912,"path_taken":["M","M","M","M","M","R","E","M","T","M","?","M","R","E","R","BOSS","M","M","$","M","?","E","R","E","T","M","E","M","M"],"items_purchased_type":["Card","Card","Potion"],"build_version":"2020-12-22","purchased_purges":1,"victory":false,"max_hp_per_floor":[75,75,75,75,75,75,75,75,75,75,75,75,75,75,75,75,75,75,75,75,75,75,75,75,75,75,75,75,75,75,75],"card_choices":[{"not_picked":["Fission","Reboot"],"picked":"Electrodynamics","floor":0},{"not_picked":["Chaos","Redo"],"picked":"Tempest","floor":1},{"not_picked":["Beam Cell","Streamline","Redo"],"picked":"SKIP","floor":2},{"not_picked":["Streamline","Recycle"],"picked":"Ball Lightning","floor":3},{"not_picked":["Tempest","Go for the Eyes"],"picked":"Force Field","floor":4},{"not_picked":["Machine Learning","Sunder"],"picked":"Coolheaded","floor":5},{"not_picked":["Streamline","Steam"],"picked":"BootSequence","floor":7},{"not_picked":["Cold Snap","Steam"],"picked":"Seek","floor":8},{"not_picked":["Leap","Skim"],"picked":"Loop","floor":10},{"not_picked":["Leap","Doom and Gloom","Go for the Eyes"],"picked":"SKIP","floor":11},{"not_picked":["Coolheaded","Barrage"],"picked":"Conserve Battery","floor":12},{"not_picked":["Rip and Tear","Turbo"],"picked":"Amplify","floor":14},{"not_picked":["Core Surge","Fission"],"picked":"Echo Form","floor":16},{"not_picked":["Rebound+1","Ball Lightning+1"],"picked":"White Noise","floor":18},{"not_picked":["Cold Snap","Turbo"],"picked":"Barrage","floor":19},{"not_picked":["Leap","Turbo","Go for the Eyes+1"],"picked":"SKIP","floor":21},{"not_picked":["Consume+1","FTL","BootSequence"],"picked":"SKIP","floor":23},{"not_picked":["Doom and Gloom","Compile Driver+1","Coolheaded"],"picked":"SKIP","floor":25},{"not_picked":["Reboot","Rebound"],"picked":"Auto Shields","floor":27},{"not_picked":["Turbo","Ball Lightning"],"picked":"BootSequence+1","floor":28},{"not_picked":["Redo+1","Steam Power+1"],"picked":"Fission","floor":29}],"player_experience":289372,"relics_obtained":[{"floor":7,"key":"MawBank"},{"floor":9,"key":"Sundial"},{"floor":14,"key":"PreservedInsect"},{"floor":23,"key":"Dead Branch"},{"floor":25,"key":"CeramicFish"},{"floor":26,"key":"Happy Flower"},{"floor":28,"key":"HornCleat"}],"event_choices":[{"damage_healed":0,"gold_gain":0,"player_choice":"Copied","damage_taken":0,"max_hp_gain":0,"max_hp_loss":0,"event_name":"Duplicator","floor":22,"gold_loss":0,"cards_obtained":["Seek"]}],"is_beta":false,"boss_relics":[{"not_picked":["Black Star","Ectoplasm"],"picked":"Astrolabe"}],"items_purged_floors":[20],"is_endless":false,"potions_floor_spawned":[1,3,4,5,7,14,16,18,21,27],"killed_by":"Snake Plant","ascension_level":11}}