{"host":"juoup3p5tvzzktl5","time":1611973037,"event":{"mods":["ATMod(∞¢Ë™Mod)","Aspiration","BaseMod","Better Vampires","BetterRewards","Colored Map","Colored Powertips","Downfall","Friendly Minions","GifTheSpireLib","Hermit","Hubris","Infinite Spire","KinomotoSakuraMod(ƒæ÷Æ±æ”£)","Koishi","KomeijiMod","Marisa£®ÏF”Í°°ƒß¿Ì…≥£©","Minty Spire (QoL Compilation)","Quick Restart","Reimu£®≤©¿ˆ¡È√Œ£©","Relic Filter Mod","Reliquary","Replay The Spire","Shop Mod","StSLib","The Administrix","The Alterego","The Bug Knight","The Construct","The Cursed","The Jungle","The Mystic","The Runesmith","The Senshi","Youmu£®ªÍ∆«—˝√Œ£©","Yuyuko"],"gold_per_floor":[115,115,15,15,33,33,49,61,61,74,74,92,108,138,138,242,242,262,187,62,162,182,208,208,224,224,254,293,326,340,83,83,89,89],"floor_reached":33,"language":"ZHS","playtime":2083,"items_purged":["Defend_G","Strike_G","Strike_G"],"score":391,"play_id":"63955376-5879-41c0-b2c9-81ea24ca7c5a","local_time":"20210130111717","is_ascension_mode":false,"campfire_choices":[{"floor":15.0,"key":"REST"},{"data":"Replay:Bag of Tricks","floor":32,"key":"SMITH"}],"circlet_count":0,"master_deck":["Strike_G","Strike_G","Defend_G+1","Defend_G","Defend_G","Defend_G","Survivor","Neutralize","Noxious Fumes+1","Poisoned Stab","Poisoned Stab","Bouncing Flask","Bane","Acrobatics","Night Terror+1","Underhanded Strike","Bouncing Flask","Replay:Bag of Tricks+1","Deadly Poison","AT_ThistleTea","Backflip+1"],"relics":["Ring of the Snake","AT_ATBox","Oddly Smooth Stone","AT_TimeSand","TwistedFunnel","hubris:OldNail","Replay:WaspNest","reliquary:TatteredRug","hubris:GrandSneckoEye","ReplayTheSpireMod:Shallot","Replay:Bandana","reliquary:Buckler","Meat on the Bone"],"acts_visited":["Exordium","TheCity"],"potions_floor_usage":[30,33,33],"damage_taken":[{"damage":0.0,"enemies":"2 Louse","floor":1.0,"turns":2.0},{"damage":0.0,"enemies":"Cultist","floor":5.0,"turns":3.0},{"damage":0.0,"enemies":"Small Slimes","floor":7.0,"turns":3.0},{"damage":1.0,"enemies":"Looter","floor":8.0,"turns":3.0},{"damage":10.0,"enemies":"Gremlin Gang","floor":10.0,"turns":2.0},{"damage":0.0,"enemies":"Exordium Thugs","floor":12.0,"turns":3.0},{"damage":3.0,"enemies":"2 Fungi Beasts","floor":13.0,"turns":3.0},{"damage":17.0,"enemies":"Nightmare","floor":14.0,"turns":6.0},{"damage":17.0,"enemies":"Fading Forest","floor":16.0,"turns":11.0},{"damage":18.0,"enemies":"2 Thieves","floor":18.0,"turns":4.0},{"damage":0.0,"enemies":"Chosen","floor":22.0,"turns":3.0},{"damage":15.0,"enemies":"HollowMod:Nosk","floor":23.0,"turns":4.0},{"damage":1.0,"enemies":"Snake Plant","floor":25.0,"turns":3.0},{"damage":21.0,"enemies":"Centurion and Healer","floor":27.0,"turns":5.0},{"damage":0.0,"enemies":"Sentry and Sphere","floor":28.0,"turns":3.0},{"damage":8,"enemies":"Replay:Snechameleon","floor":29,"turns":5},{"damage":0,"enemies":"Snake Plant","floor":30,"turns":4},{"damage":37,"enemies":"Automaton","floor":33,"turns":6}],"seed_played":"4111680692312912105","potions_obtained":[{"floor":2.0,"key":"BlessingOfTheForge"},{"floor":2.0,"key":"SmokeBomb"},{"floor":2.0,"key":"ColorlessPotion"},{"floor":5.0,"key":"GhostInAJar"},{"floor":14.0,"key":"Poison Potion"},{"floor":16.0,"key":"SpeedPotion"},{"floor":18.0,"key":"Poison Potion"},{"floor":27.0,"key":"ColorlessPotion"},{"floor":29,"key":"Fire Potion"},{"floor":30,"key":"Fruit Juice"}],"is_trial":false,"path_per_floor":["M","?","$","?","M","?","M","M","T","M","?","M","M","NM","R","B",null,"M","?","$","?","M","E","?","M","T","M","M","E","M","$","R_BF","B"],"character_chosen":"THE_SILENT","items_purchased":["Oddly Smooth Stone","AT_TimeSand","Noxious Fumes","Poisoned Stab","TwistedFunnel","hubris:OldNail","Meat on the Bone"],"campfire_rested":1,"item_purchase_floors":[0,0,0,0,0,0,31],"current_hp_per_floor":[32,32,32,32,32,47,47,46,46,36,36,36,33,16,37,30,70,52,52,52,52,52,37,37,36,36,15,15,7,12,12,12,0,0],"gold":89,"neow_bonus":"","is_daily":false,"chose_seed":false,"campfire_upgraded":1,"win_rate":0.0,"timestamp":1611973037,"path_taken":["M","?","?","?","?","?","M","M","T","M","?","M","M","NM","R","BOSS","M","?","$","?","?","E","?","M","T","M","?","E","M","$","R_BF","BOSS"],"items_purchased_type":["Relic","Relic","Card","Card","Relic","Relic","Relic"],"build_version":"2020-12-22","purchased_purges":3,"victory":false,"max_hp_per_floor":[70,70,70,70,70,70,70,70,70,70,70,70,70,70,70,70,70,70,70,70,70,70,70,70,70,70,70,70,70,75,75,75,75,75],"card_choices":[{"not_picked":["Dodge and Roll","Fluid Movement"],"picked":"Bouncing Flask","floor":1.0},{"not_picked":["PiercingWail","Flying Knee"],"picked":"Bane","floor":5.0},{"not_picked":["Deflect","Leg Sweep"],"picked":"Acrobatics","floor":7.0},{"not_picked":["Flying Knee","ReplayTheSpireMod:Tripwire"],"picked":"Night Terror","floor":8.0},{"not_picked":["Cloak And Dagger","Quick Slash","Fluid Movement"],"picked":"SKIP","floor":10.0},{"not_picked":["Malaise","ReplayTheSpireMod:Scrap Shanks"],"picked":"Underhanded Strike","floor":12.0},{"not_picked":["Underhanded Strike","Dodge and Roll","Outmaneuver"],"picked":"SKIP","floor":13.0},{"not_picked":["Dodge and Roll","hubris:SlightOfHand"],"picked":"Bouncing Flask","floor":14.0},{"not_picked":["Glass Knife","Unload"],"picked":"Replay:Bag of Tricks","floor":16.0},{"not_picked":["Predator+1","Bouncing Flask"],"picked":"Deadly Poison","floor":18.0},{"not_picked":["Draining Mist","Cloak And Dagger","Underhanded Strike"],"picked":"SKIP","floor":22.0},{"not_picked":["Grand Finale","AT_WindFlip"],"picked":"AT_ThistleTea","floor":23.0},{"not_picked":["Outmaneuver","Dash+1","ReplayTheSpireMod:Tripwire"],"picked":"SKIP","floor":25.0},{"not_picked":["PiercingWail","Blade Dance","Skewer+1"],"picked":"SKIP","floor":27.0},{"not_picked":["Dagger Throw","PiercingWail"],"picked":"Backflip","floor":28.0},{"not_picked":["AT_WomanClash","hubris:SlightOfHand","PiercingWail"],"picked":"SKIP","floor":29},{"not_picked":["Backflip+1","Bane+1","Underhanded Strike+1"],"picked":"SKIP","floor":30}],"player_experience":1119537,"relics_obtained":[{"floor":9.0,"key":"Replay:WaspNest"},{"floor":14.0,"key":"reliquary:TatteredRug"},{"floor":23.0,"key":"ReplayTheSpireMod:Shallot"},{"floor":26.0,"key":"Replay:Bandana"},{"floor":29,"key":"reliquary:Buckler"}],"event_choices":[{"damage_healed":0.0,"max_hp_gain":0.0,"max_hp_loss":0.0,"gold_gain":0.0,"event_name":"Lab","player_choice":"Got Potions","floor":2.0,"gold_loss":0.0,"damage_taken":0.0},{"damage_healed":0.0,"max_hp_gain":0.0,"max_hp_loss":0.0,"gold_gain":0.0,"event_name":"Upgrade Shrine","player_choice":"Upgraded","floor":4.0,"gold_loss":0.0,"damage_taken":0.0,"cards_upgraded":["Noxious Fumes"]},{"cards_removed":["Strike_G"],"damage_healed":0.0,"max_hp_gain":0.0,"max_hp_loss":0.0,"gold_gain":0.0,"event_name":"Beggar","player_choice":"Gave Gold","floor":19.0,"gold_loss":75.0,"damage_taken":0.0},{"damage_healed":0.0,"max_hp_gain":0.0,"max_hp_loss":0.0,"gold_gain":100.0,"event_name":"Golden Shrine","player_choice":"Pray","floor":21.0,"gold_loss":0.0,"damage_taken":0.0},{"damage_healed":0.0,"max_hp_gain":0.0,"max_hp_loss":0.0,"gold_gain":0.0,"event_name":"Accursed Blacksmith","player_choice":"Forge","floor":24.0,"gold_loss":0.0,"damage_taken":0.0,"cards_upgraded":["Night Terror"]}],"is_beta":false,"boss_relics":[{"not_picked":["Replay:Fungal Core","hubris:RunicObelisk"],"picked":"hubris:GrandSneckoEye"}],"items_purged_floors":[0,3,20],"is_endless":true,"potions_floor_spawned":[5,8,10,14,16,18,27,29,30],"killed_by":"Automaton","ascension_level":0}}