{"host":"9tzam4717zt8ei1o","time":1611984155,"event":{"mods":["BaseMod","Colored Map","Keyboard Shortcuts","Minty Spire (QoL Compilation)","Quick Restart","StSLib","SuperFastMode"],"gold_per_floor":[118,118,28,28,47,47,79,79,104,104,152,152,165,178,178,256,256,275,287,164,164,183,183,183],"floor_reached":23,"language":"KOR","playtime":851,"items_purged":["Strike_G"],"score":321,"play_id":"b194647b-643d-4aa2-a3ac-ae80f2e98ce9","local_time":"20210130142235","is_ascension_mode":true,"campfire_choices":[{"data":"Underhanded Strike","floor":6,"key":"SMITH"},{"data":"Calculated Gamble","floor":10,"key":"SMITH"},{"data":"Acrobatics","floor":12,"key":"SMITH"},{"data":"Tactician","floor":15,"key":"SMITH"}],"circlet_count":0,"master_deck":["AscendersBane","Strike_G","Strike_G","Defend_G","Defend_G","Defend_G","Defend_G","Survivor","Neutralize","Poisoned Stab","Tactician+1","Acrobatics+1","Underhanded Strike+1","Calculated Gamble+1","Backstab","Underhanded Strike","Prepared"],"relics":["Ring of the Snake","Eternal Feather","Bag of Marbles","Oddly Smooth Stone","HoveringKite"],"acts_visited":["Exordium","TheCity"],"potions_floor_usage":[16,23,23,23,23],"damage_taken":[{"damage":3,"enemies":"2 Louse","floor":1,"turns":4},{"damage":5,"enemies":"Small Slimes","floor":5,"turns":3},{"damage":46,"enemies":"Gremlin Nob","floor":7,"turns":5},{"damage":0,"enemies":"Jaw Worm","floor":13,"turns":4},{"damage":5,"enemies":"Looter","floor":14,"turns":3},{"damage":18,"enemies":"Slime Boss","floor":16,"turns":5},{"damage":6,"enemies":"3 Byrds","floor":18,"turns":6},{"damage":0,"enemies":"Chosen","floor":19,"turns":3},{"damage":12,"enemies":"Snake Plant","floor":22,"turns":2},{"damage":53,"enemies":"Gremlin Leader","floor":23,"turns":7}],"seed_played":"-2267137983664975757","potions_obtained":[{"floor":13,"key":"LiquidMemories"},{"floor":14,"key":"SkillPotion"},{"floor":16,"key":"Strength Potion"},{"floor":19,"key":"EntropicBrew"}],"is_trial":false,"path_per_floor":["M","?","$","?","M","R","E","?","T","R","T","R","M","M","R","B",null,"M","M","$","?","M","E"],"character_chosen":"THE_SILENT","items_purchased":["Tactician","Acrobatics","Prepared"],"campfire_rested":0,"item_purchase_floors":[3,3,20],"current_hp_per_floor":[56,49,49,66,61,61,15,15,15,24,24,33,33,28,37,19,54,48,48,48,48,36,0,0],"gold":183,"neow_bonus":"REMOVE_CARD","is_daily":false,"chose_seed":false,"campfire_upgraded":4,"win_rate":0.0,"timestamp":1611984155,"path_taken":["M","?","$","?","M","R","E","?","T","R","?","R","?","M","R","BOSS","M","M","$","?","M","E"],"items_purchased_type":["Card","Card","Card"],"build_version":"2020-12-22","purchased_purges":1,"victory":false,"max_hp_per_floor":[66,66,66,66,66,66,66,66,66,66,66,66,66,66,66,66,66,66,66,66,66,66,66,66],"card_choices":[{"not_picked":["Bane","Crippling Poison"],"picked":"Poisoned Stab","floor":1},{"not_picked":["Dagger Spray","Setup"],"picked":"Underhanded Strike","floor":5},{"not_picked":["Bouncing Flask","Tactician"],"picked":"Calculated Gamble","floor":7},{"not_picked":["Quick Slash","PiercingWail","Bane"],"picked":"SKIP","floor":13},{"not_picked":["Sucker Punch","Infinite Blades"],"picked":"Backstab","floor":14},{"not_picked":["Outmaneuver","Deadly Poison"],"picked":"Underhanded Strike","floor":18},{"not_picked":["Cloak And Dagger+1","Heel Hook","Prepared"],"picked":"SKIP","floor":19},{"not_picked":["Masterful Stab+1","Prepared","Dagger Throw"],"picked":"SKIP","floor":22}],"player_experience":113022,"relics_obtained":[{"floor":7,"key":"Eternal Feather"},{"floor":9,"key":"Bag of Marbles"},{"floor":11,"key":"Oddly Smooth Stone"}],"event_choices":[{"cards_removed":["Defend_G"],"damage_healed":0,"gold_gain":0,"player_choice":"Card Removal","damage_taken":7,"max_hp_gain":0,"max_hp_loss":0,"event_name":"Golden Wing","floor":2,"gold_loss":0},{"damage_healed":22,"gold_gain":0,"player_choice":"Banana","damage_taken":0,"max_hp_gain":0,"max_hp_loss":0,"event_name":"Big Fish","floor":4,"gold_loss":0},{"cards_removed":["Strike_G"],"damage_healed":0,"gold_gain":0,"player_choice":"Forget","damage_taken":0,"max_hp_gain":0,"max_hp_loss":0,"event_name":"Living Wall","floor":8,"gold_loss":0},{"damage_healed":0,"gold_gain":0,"player_choice":"Ignored","damage_taken":0,"max_hp_gain":0,"max_hp_loss":0,"event_name":"Ghosts","floor":21,"gold_loss":0}],"is_beta":false,"boss_relics":[{"not_picked":["Cursed Key","Calling Bell"],"picked":"HoveringKite"}],"items_purged_floors":[20],"is_endless":false,"potions_floor_spawned":[13,14,16,19,22],"killed_by":"Gremlin Leader","ascension_level":14}}