{"host":"2qyxu97h6u4ukicb","time":1611969051,"event":{"mods":["AchievementEnabler","BaseMod","BetterRewards","Colored Map","Colored Powertips","Minty Spire (QoL Compilation)","Replay The Spire","Shop Mod","StSLib"],"gold_per_floor":[116,126,136,156,156,190,190,200,248,248,260,270,270,270,270,373,373,387,337,138,138,150,150,165,165,165],"floor_reached":25,"language":"ENG","playtime":1474,"items_purged":[],"score":230,"play_id":"ac109207-e48f-434a-ac93-7f4768657fd3","local_time":"20210129191051","is_ascension_mode":false,"campfire_choices":[{"data":"Consecrate","floor":7,"key":"SMITH"},{"floor":13,"key":"REST"},{"floor":15,"key":"REST"},{"data":"DevaForm","floor":23,"key":"SMITH"}],"circlet_count":0,"master_deck":["Strike_P","Strike_P","Strike_P","Strike_P","Defend_P","Defend_P","Defend_P","Defend_P","Eruption","Vigilance","Consecrate","Consecrate+1","FollowUp","FollowUp","Prostrate","FollowUp","Panacea","Replay:DivineShield","FollowUp","SashWhip","DevaForm+1","PathToVictory","Consecrate","WindmillStrike"],"relics":["PureWater","NeowsBlessing","Letter Opener","MerchantsRug"],"acts_visited":["Exordium","TheCity"],"potions_floor_usage":[16,16,18],"damage_taken":[{"damage":0,"enemies":"Cultist","floor":1,"turns":1},{"damage":0,"enemies":"Jaw Worm","floor":2,"turns":1},{"damage":0,"enemies":"Small Slimes","floor":3,"turns":2},{"damage":9,"enemies":"Exordium Thugs","floor":4,"turns":3},{"damage":12,"enemies":"Gremlin Nob","floor":6,"turns":3},{"damage":9,"enemies":"Gremlin Gang","floor":8,"turns":2},{"damage":5,"enemies":"Looter","floor":11,"turns":4},{"damage":10,"enemies":"Blue Slaver","floor":12,"turns":3},{"damage":83,"enemies":"The Guardian","floor":16,"turns":11},{"damage":30,"enemies":"2 Thieves","floor":18,"turns":4},{"damage":1,"enemies":"Chosen","floor":22,"turns":6},{"damage":38,"enemies":"3 Cultists","floor":24,"turns":4},{"damage":9,"enemies":"Slavers","floor":25,"turns":1}],"seed_played":"-4309971570755694000","potions_obtained":[{"floor":2,"key":"Regen Potion"},{"floor":6,"key":"Milkshake"},{"floor":8,"key":"SpeedPotion"},{"floor":16,"key":"Explosive Potion"},{"floor":18,"key":"SpeedPotion"},{"floor":24,"key":"Milkshake"}],"is_trial":false,"path_per_floor":["M","M","M","M","$","E","R","M","T","?","M","M","R","$","R","B",null,"M","?","$","$","M","R","M","E"],"character_chosen":"WATCHER","items_purchased":["MerchantsRug","PathToVictory"],"campfire_rested":2,"item_purchase_floors":[20,20],"current_hp_per_floor":[72,72,72,63,63,51,51,42,42,42,37,27,48,48,69,1,72,42,42,42,42,41,41,3,0,0],"gold":165,"neow_bonus":"THREE_ENEMY_KILL","is_daily":false,"chose_seed":false,"campfire_upgraded":2,"win_rate":0.0,"timestamp":1611969051,"path_taken":["M","?","M","M","$","E","R","M","T","?","?","M","R","$","R","BOSS","M","?","?","$","M","R","M","E"],"items_purchased_type":["Relic","Card"],"build_version":"2020-12-22","purchased_purges":0,"victory":false,"max_hp_per_floor":[72,72,72,72,72,72,72,72,72,72,72,72,72,72,72,72,72,72,72,72,72,72,72,72,72,72],"card_choices":[{"not_picked":["BowlingBash","JustLucky"],"picked":"Consecrate","floor":1},{"not_picked":["Replay:Anticipation","CrushJoints"],"picked":"Consecrate","floor":2},{"not_picked":["InnerPeace","CrushJoints"],"picked":"FollowUp","floor":3},{"not_picked":["Replay:BluntJabs","Protect","Pray"],"picked":"SKIP","floor":4},{"not_picked":["Omniscience","TalkToTheHand"],"picked":"FollowUp","floor":6},{"not_picked":["Protect","Tantrum"],"picked":"Prostrate","floor":8},{"not_picked":["Blasphemy","WaveOfTheHand"],"picked":"FollowUp","floor":11},{"not_picked":["Replay:Hum","Replay:ManipulateFuture"],"picked":"SashWhip","floor":12},{"not_picked":["Ragnarok","Blasphemy"],"picked":"DevaForm","floor":16},{"not_picked":["Crescendo","SignatureMove","Protect"],"picked":"SKIP","floor":18},{"not_picked":["Replay:Anticipation","JustLucky+1"],"picked":"Consecrate","floor":22},{"not_picked":["Replay:AtTheReady","Meditate"],"picked":"WindmillStrike","floor":24}],"player_experience":749978,"relics_obtained":[{"floor":6,"key":"Letter Opener"}],"event_choices":[{"damage_healed":0,"gold_gain":0,"player_choice":"3 cards matched","damage_taken":0,"max_hp_gain":0,"max_hp_loss":0,"event_name":"Match and Keep!","floor":10,"gold_loss":0,"cards_obtained":["FollowUp","Panacea","Replay:DivineShield"]},{"damage_healed":0,"gold_gain":0,"player_choice":"Bet on Murderer","damage_taken":0,"max_hp_gain":0,"max_hp_loss":0,"event_name":"The Joust","floor":19,"gold_loss":50}],"is_beta":false,"boss_relics":[{"not_picked":["Painkiller Herb","Replay:Drink Me","ReplayTheSpireMod:DimensionalGlitch"]}],"items_purged_floors":[],"is_endless":false,"potions_floor_spawned":[2,6,8,16,18,24],"killed_by":"Slavers","ascension_level":0}}