{"host":"2ty4h143nj8vwezc","time":1611965456,"event":{"mods":["BaseMod","Colored Map","Highlight Path","Minty Spire (QoL Compilation)","Quick Restart","StSLib"],"gold_per_floor":[115,39,4,14,164,189,189,223,291,306,306,326,12,25,25,102,102,114,127,156,170,24,24,37,68,147,97,114,134,134,146,146,146,146],"floor_reached":33,"language":"ENG","playtime":1880,"items_purged":["Doubt"],"score":557,"play_id":"873bcbf2-127c-4e6b-806f-3b13b0ec895a","local_time":"20210129191056","is_ascension_mode":true,"campfire_choices":[{"data":"Accuracy","floor":7.0,"key":"SMITH"},{"floor":15.0,"key":"REST"},{"floor":23.0,"key":"REST"},{"floor":32,"key":"REST"}],"circlet_count":0,"master_deck":["AscendersBane","Strike_G","Strike_G","Defend_G+1","Defend_G+1","Defend_G","Defend_G","Defend_G","Survivor+1","Neutralize","Skewer","Accuracy+1","Blade Dance","Backstab","Blade Dance","Predator+1","Bouncing Flask","Panache","Cloak And Dagger","Blade Dance","A Thousand Cuts","Backstab+1","Underhanded Strike+1","Glass Knife+1","Cloak And Dagger","Corpse Explosion","Well Laid Plans+1","Blade Dance","PiercingWail"],"relics":["Ring of the Snake","NeowsBlessing","Potion Belt","War Paint","Matryoshka","Astrolabe","Red Mask","Strawberry","Orichalcum","PreservedInsect","Pear"],"acts_visited":["Exordium","TheCity"],"potions_floor_usage":[29],"damage_taken":[{"damage":0.0,"enemies":"Cultist","floor":1.0,"turns":1.0},{"damage":0.0,"enemies":"Jaw Worm","floor":4.0,"turns":1.0},{"damage":0.0,"enemies":"3 Sentries","floor":6.0,"turns":1.0},{"damage":8.0,"enemies":"Gremlin Nob","floor":8.0,"turns":3.0},{"damage":0.0,"enemies":"2 Louse","floor":10.0,"turns":1.0},{"damage":0.0,"enemies":"Looter","floor":12.0,"turns":1.0},{"damage":4.0,"enemies":"Exordium Wildlife","floor":14.0,"turns":2.0},{"damage":38.0,"enemies":"The Guardian","floor":16.0,"turns":7.0},{"damage":19.0,"enemies":"2 Thieves","floor":18.0,"turns":3.0},{"damage":6.0,"enemies":"3 Byrds","floor":19.0,"turns":3.0},{"damage":12.0,"enemies":"Masked Bandits","floor":20.0,"turns":4.0},{"damage":0.0,"enemies":"Shelled Parasite and Fungi","floor":21.0,"turns":1.0},{"damage":1.0,"enemies":"Cultist and Chosen","floor":24.0,"turns":4.0},{"damage":18.0,"enemies":"Gremlin Leader","floor":25.0,"turns":5.0},{"damage":13.0,"enemies":"Snecko","floor":28.0,"turns":3.0},{"damage":13,"enemies":"Sentry and Sphere","floor":29,"turns":4},{"damage":8,"enemies":"Snake Plant","floor":31,"turns":3},{"damage":40,"enemies":"Champ","floor":33,"turns":5}],"seed_played":"5369186938534994794","potions_obtained":[{"floor":1.0,"key":"Poison Potion"},{"floor":6.0,"key":"FearPotion"},{"floor":8.0,"key":"Energy Potion"},{"floor":12.0,"key":"DuplicationPotion"},{"floor":16.0,"key":"Fire Potion"},{"floor":20.0,"key":"CunningPotion"},{"floor":21.0,"key":"Energy Potion"},{"floor":24.0,"key":"Weak Potion"},{"floor":28.0,"key":"Dexterity Potion"}],"is_trial":false,"path_per_floor":["M","$","?","M","?","E","R","E","T","M","?","M","$","M","R","B",null,"M","M","?","M","$","R","M","E","T","?","M","M","?","M","R","B"],"character_chosen":"THE_SILENT","items_purchased":["Accuracy","Panache","Cloak And Dagger","Strawberry"],"campfire_rested":3,"item_purchase_floors":[2,13,13,22],"current_hp_per_floor":[59,59,66,66,66,66,66,58,58,58,38,38,38,34,53,15,53,34,28,16,16,23,44,43,25,35,35,22,9,9,1,25,0,0],"gold":146,"neow_bonus":"THREE_ENEMY_KILL","is_daily":false,"chose_seed":false,"campfire_upgraded":1,"win_rate":0.0,"timestamp":1611965456,"path_taken":["M","?","?","M","?","E","R","E","T","M","?","M","$","M","R","BOSS","M","M","?","M","$","R","M","E","T","?","M","?","?","M","R","BOSS"],"items_purchased_type":["Card","Card","Card","Relic"],"build_version":"2020-12-22","purchased_purges":1,"victory":false,"max_hp_per_floor":[66,66,66,66,66,66,66,66,66,66,66,66,66,66,66,66,66,66,66,66,66,73,73,73,73,83,83,83,83,83,83,83,83,83],"card_choices":[{"not_picked":["Bane","Dodge and Roll"],"picked":"Skewer","floor":1.0},{"not_picked":["Predator","Finisher"],"picked":"Blade Dance","floor":4.0},{"not_picked":["Crippling Poison","Choke"],"picked":"Backstab","floor":6.0},{"not_picked":["PiercingWail","Flying Knee"],"picked":"Blade Dance","floor":8.0},{"not_picked":["All Out Attack","Sucker Punch"],"picked":"Predator","floor":10.0},{"not_picked":["Caltrops","Dagger Spray"],"picked":"Bouncing Flask","floor":12.0},{"not_picked":["Skewer","Flying Knee"],"picked":"Blade Dance","floor":14.0},{"not_picked":["Malaise","Doppelganger"],"picked":"A Thousand Cuts","floor":16.0},{"not_picked":["Expertise","Escape Plan"],"picked":"Cloak And Dagger","floor":18.0},{"not_picked":["Underhanded Strike","Concentrate","Dash"],"picked":"SKIP","floor":19.0},{"not_picked":["Outmaneuver","Blade Dance"],"picked":"Corpse Explosion","floor":21.0},{"not_picked":["Masterful Stab","Deflect"],"picked":"Well Laid Plans+1","floor":24.0},{"not_picked":["Doppelganger","Sucker Punch"],"picked":"Blade Dance","floor":25.0},{"not_picked":["Outmaneuver+1","Choke","Acrobatics+1"],"picked":"SKIP","floor":28.0},{"not_picked":["Concentrate","Outmaneuver+1"],"picked":"PiercingWail","floor":29},{"not_picked":["Quick Slash","Concentrate","Expertise"],"picked":"SKIP","floor":31}],"player_experience":301887,"relics_obtained":[{"floor":6.0,"key":"Potion Belt"},{"floor":8.0,"key":"War Paint"},{"floor":9.0,"key":"Matryoshka"},{"floor":20.0,"key":"Red Mask"},{"floor":25.0,"key":"Orichalcum"},{"floor":26.0,"key":"PreservedInsect"},{"floor":26.0,"key":"Pear"}],"event_choices":[{"damage_healed":16.0,"max_hp_gain":0.0,"max_hp_loss":0.0,"gold_gain":0.0,"event_name":"The Cleric","player_choice":"Healed","floor":3.0,"gold_loss":35.0,"damage_taken":0.0},{"damage_healed":0.0,"max_hp_gain":0.0,"max_hp_loss":0.0,"gold_gain":150.0,"event_name":"Liars Game","player_choice":"AGREE","floor":5.0,"gold_loss":0.0,"damage_taken":0.0,"cards_obtained":["Doubt"]},{"damage_healed":0.0,"max_hp_gain":0.0,"max_hp_loss":0.0,"gold_gain":0.0,"event_name":"Shining Light","player_choice":"Entered Light","floor":11.0,"gold_loss":0.0,"damage_taken":20.0,"cards_upgraded":["Survivor","Predator"]},{"damage_healed":0.0,"max_hp_gain":0.0,"max_hp_loss":0.0,"gold_gain":0.0,"event_name":"Masked Bandits","player_choice":"Fought Bandits","floor":20.0,"gold_loss":0.0,"damage_taken":0.0},{"damage_healed":0.0,"max_hp_gain":0.0,"max_hp_loss":0.0,"gold_gain":0.0,"event_name":"The Joust","player_choice":"Bet on Owner","floor":27.0,"gold_loss":50.0,"damage_taken":0.0},{"damage_healed":0,"gold_gain":0,"player_choice":"Ignored","damage_taken":0,"max_hp_gain":0,"max_hp_loss":0,"event_name":"Vampires","floor":30,"gold_loss":0}],"is_beta":false,"boss_relics":[{"not_picked":["Fusion Hammer","Runic Pyramid"],"picked":"Astrolabe"}],"items_purged_floors":[13],"is_endless":false,"potions_floor_spawned":[1,6,8,12,16,20,21,24,28],"killed_by":"Champ","ascension_level":15}}