{"host":"YagamiMirai","time":1611968174,"event":{"mods":["Act Like it!","Alarm Clock","BaseMod","Downfall","Hermit","Lobotomy","Minty Spire (QoL Compilation)","Reliquary","Replay The Spire","Robot Space Explorer","Spicy Shops","StSLib","The Dragon Tamer","The Gatherer","The Mystic","TheHeartMod","Wide Potions","¡¾ÒÅÎï¿¨ÅÆ¡¿REMEMod","óô»ðÖ¸ÄÏ"],"gold_per_floor":[99,119,119,119,294,294,294,324,338,438,438,465,465,478,498,600,600,500,513,513,527,249,399,399,60,139,206,217,280,0,73,118,274,274,274,345,389,404,404,404,404,404,483,483,483,529,429,520,556,594],"floor_reached":51,"language":"ZHS","playtime":3953,"items_purged":[],"score":1000,"play_id":"b1d695cf-002e-4231-8a7f-4625b8aca47d","local_time":"20210130085614","is_ascension_mode":false,"campfire_choices":[{"data":"bronze:Replicate","floor":1.0,"key":"SMITH"},{"data":"bronze:Iterate","floor":6.0,"key":"SMITH"},{"data":"bronze:Repulsor","floor":18.0,"key":"SMITH"},{"data":"expansioncontent:StudyTheSpire","floor":35.0,"key":"SMITH"},{"floor":45,"key":"RECALL"},{"data":"champ:GladiatorStyle","floor":47,"key":"SMITH"}],"circlet_count":0,"master_deck":["bronze:Strike","bronze:Strike","bronze:Strike","bronze:Strike","bronze:Defend","bronze:Defend","bronze:Defend","bronze:Defend","bronze:Iterate+1","bronze:Explode","bronze:DazingPulse","bronze:DelayedSlice","m_BronzeAgony+1","m_BronzeSurvivor","bronze:Branch","bronze:Overheat","bronze:GetLatest+1","bronze:Repulsor+1","bronze:Overload","bronze:Break+1","bronze:BronzeOrb","bronze:WhirlingStrike","bronze:ChildClass","ReplayTheSpireMod:IOU","bronze:Format","Wingbeat","expansioncontent:Hexaburn","expansioncontent:StudyTheSpire+1","REME_ForAll","expansioncontent:StudyTheSpire","Lamp+1","Guardian:DecasProtection+1","champ:GladiatorStyle+1","Delirium","Slimebound:Prepare+1","bronze:Overheat+1"],"relics":["bronze:BronzeCore","Centennial Puzzle","InkBottle","Ancient Tea Set","MealTicket","downfall:ShatteredFragment","Philosopher\u0027s Stone","downfall:HeartBlessingGreen","Spirit Poop","ReplayTheSpireMod:Shallot","Replay:Bandana","Singing Bowl","Prayer Wheel","PrismaticShard","Darkstone Periapt","Replay:Wax Seal","Juzu Bracelet","Guide Book","Meat on the Bone","Replay:Grab Bag","SlaversCollar","Coffee Dripper","SacredBark","bronze:BottledCode","Bird Faced Urn","Peace Pipe","Ring of Misfortune","Ring of Fangs","Quantum Egg","Kunai","downfall:HeartBlessingRed","Bottled Flame"],"acts_visited":["Exordium","TheCity","TheBeyond"],"potions_floor_usage":[50],"damage_taken":[{"damage":1.0,"enemies":"2 Louse","floor":2.0,"turns":3.0},{"damage":11.0,"floor":3.0,"turns":3.0},{"damage":23.0,"enemies":"Replay:BlueRogue","floor":8.0,"turns":4.0},{"damage":0.0,"enemies":"Small Slimes","floor":9.0,"turns":4.0},{"damage":5.0,"enemies":"3 Sentries","floor":12.0,"turns":7.0},{"damage":0.0,"enemies":"Jaw Worm","floor":14.0,"turns":2.0},{"damage":1.0,"enemies":"Lots of Slimes","floor":15.0,"turns":3.0},{"damage":39.0,"enemies":"DF_ARCHETYPE_STREAMLINE","floor":16.0,"turns":7.0},{"damage":0.0,"enemies":"Spheric Guardian","floor":19.0,"turns":3.0},{"damage":5.0,"enemies":"Chosen","floor":21.0,"turns":2.0},{"damage":0.0,"enemies":"downfall:FleeingMerchant","floor":22.0,"turns":4.0},{"damage":0.0,"enemies":"downfall:FleeingMerchant","floor":25.0,"turns":4.0},{"damage":0.0,"enemies":"Slavers","floor":26.0,"turns":5.0},{"damage":9.0,"enemies":"Centurion and Healer","floor":27.0,"turns":3.0},{"damage":23.0,"enemies":"downfall:FleeingMerchant","floor":28.0,"turns":4.0},{"damage":0.0,"enemies":"3 Cultists","floor":29.0,"turns":4.0},{"damage":5.0,"enemies":"REME_1_Revenger","floor":31.0,"turns":3.0},{"damage":0.0,"enemies":"Snecko","floor":32.0,"turns":3.0},{"damage":0.0,"enemies":"SI_MIRROR_ARCHETYPE","floor":33.0,"turns":10.0},{"damage":13.0,"enemies":"3 Darklings","floor":36.0,"turns":5.0},{"damage":0.0,"enemies":"Orb Walker","floor":37.0,"turns":2.0},{"damage":0.0,"enemies":"Jaw Worm Horde","floor":38.0,"turns":1.0},{"damage":40,"enemies":"Reptomancer","floor":43,"turns":7},{"damage":0,"enemies":"R_Hoarder","floor":48,"turns":4},{"damage":0,"enemies":"Maw","floor":49,"turns":5},{"damage":14,"enemies":"IC_BLOCK_ARCHETYPE","floor":50,"turns":6}],"seed_played":"9184341892726278519","potions_obtained":[{"floor":2.0,"key":"ColorlessPotion"},{"floor":8.0,"key":"SkillPotion"},{"floor":9.0,"key":"Regen Potion"},{"floor":21.0,"key":"LiquidBronze"},{"floor":29.0,"key":"Weak Potion"},{"floor":32.0,"key":"Milkshake"},{"floor":33.0,"key":"Explosive Potion"},{"floor":43,"key":"PowerPotion"},{"floor":48,"key":"SpeedPotion"}],"is_trial":false,"path_per_floor":["R","M","?","?","?","R","T","E","M","?","?","E","?","M","M","B",null,"R","M","?","M","$","?","T","$","E","M","$","M","$","E","M","B",null,"R","M","M","M","?","?","T","?","E","?","R","?","R","E","M","B",null],"character_chosen":"THE_AUTOMATON","items_purchased":["ReplayTheSpireMod:Shallot","Replay:Bandana","Prayer Wheel","PrismaticShard","Replay:Wax Seal","Juzu Bracelet","Guide Book","bronze:Format","expansioncontent:StudyTheSpire"],"campfire_rested":0,"item_purchase_floors":[22,22,25,25,28,28,28,28,30],"current_hp_per_floor":[70,69,58,58,58,58,58,40,40,40,37,32,11,11,10,1,70,70,70,70,65,70,70,70,72,74,69,63,63,78,73,77,77,90,90,81,81,83,83,83,83,89,60,60,60,25,25,57,65,71],"gold":594,"neow_bonus":"RANDOM_COMMON_RELIC","is_daily":false,"chose_seed":false,"campfire_upgraded":5,"win_rate":0.0,"timestamp":1611968174,"path_taken":["R","M","?","?","?","R","T","E","M","?","?","E","?","M","M","BOSS","R","M","?","?","$","?","T","$","E","M","$","M","?","E","M","BOSS","R","M","M","M","?","?","T","?","E","?","R","?","R","E","M","BOSS"],"items_purchased_type":["Relic","Relic","Relic","Relic","Relic","Relic","Relic","Card","Card"],"build_version":"2020-12-18","purchased_purges":0,"victory":true,"max_hp_per_floor":[70,70,70,70,70,70,70,70,70,70,70,70,70,70,70,70,70,70,70,70,70,70,70,70,72,74,78,86,86,86,86,90,90,90,90,94,94,96,86,86,86,92,94,94,94,96,96,98,100,100],"card_choices":[{"not_picked":["bronze:Return","bronze:Shell"],"picked":"bronze:Iterate","floor":2.0},{"not_picked":[],"picked":"bronze:Explode","floor":3.0},{"not_picked":[],"picked":"bronze:DazingPulse","floor":3.0},{"not_picked":["bronze:Frontload","bronze:Allocate"],"picked":"bronze:DelayedSlice","floor":3.0},{"not_picked":["bronze:Invalidate","bronze:BugBarrage"],"picked":"bronze:Branch","floor":8.0},{"not_picked":["bronze:Deprecate","bronze:Return"],"picked":"bronze:Overheat","floor":9.0},{"not_picked":["bronze:MaxOutput","bronze:Fortify"],"picked":"bronze:GetLatest","floor":12.0},{"not_picked":["bronze:Repair","bronze:Overheat"],"picked":"bronze:Repulsor","floor":14.0},{"not_picked":["bronze:Frontload","bronze:Branch"],"picked":"bronze:Overload","floor":15.0},{"not_picked":["bronze:CleanCode","bronze:Verify"],"picked":"bronze:Break","floor":16.0},{"not_picked":["bronze:Terminator+1","bronze:Separator"],"picked":"bronze:BronzeOrb","floor":19.0},{"not_picked":["bronze:OilSpill+1","bronze:Overload"],"picked":"bronze:WhirlingStrike","floor":21.0},{"not_picked":["bronze:OilSpill+1","bronze:ForceShield"],"picked":"bronze:ChildClass","floor":22.0},{"not_picked":["bronze:Assembly","bronze:BronzeArmor","bronze:Frontload"],"picked":"Singing Bowl","floor":25.0},{"not_picked":["sneckomod:UnknownClassTHE_CHAMP_GRAY","DTMod:CalculatedDefense","hermit:ItchyTrigger"],"picked":"Singing Bowl","floor":26.0},{"not_picked":["Sweeping Beam","Sneak Up","Gatherer:Convert"],"picked":"Singing Bowl","floor":27.0},{"not_picked":["theHeart:Omega3","hexamod:StepThrough","hexamod:FastForward"],"picked":"Singing Bowl","floor":27.0},{"not_picked":["Twin Strike+1","hexamod:SkipABeat","RobotSpaceExplorer:MiniDrones"],"picked":"Singing Bowl","floor":28.0},{"not_picked":["hermit:Dive","sneckomod:UnknownClassGREEN"],"picked":"Wingbeat","floor":29.0},{"not_picked":["Dagger Spray","hermit:HoleUp"],"picked":"expansioncontent:Hexaburn","floor":29.0},{"not_picked":["DTMod:Dissolve","sneckomod:UnknownClassTHE_HEART_CYAN_COLOR"],"picked":"REME_ForAll","floor":31.0},{"not_picked":["hermit:LowProfile","DTMod:Cover","champ:Backstep"],"picked":"Singing Bowl","floor":32.0},{"not_picked":["Guardian:WalkerClaw","theHeart:MyocardialRupture","champ:BladeFlurry"],"picked":"Singing Bowl","floor":32.0},{"not_picked":["ReplayUltimateDefense","hermit:Reprieve"],"picked":"expansioncontent:StudyTheSpire","floor":33.0},{"not_picked":["theHeart:GrayPlatelets+1","bronze:Iterate","Calculated Gamble"],"picked":"Singing Bowl","floor":36.0},{"not_picked":["DTMod:FlameSlash+1","Gatherer:Herbalism+1","bronze:Invalidate+1"],"picked":"Singing Bowl","floor":36.0},{"not_picked":["Guardian:TimeCapacitor","Concentrate"],"picked":"Lamp","floor":37.0},{"not_picked":["Gatherer:Duplicator+1","mysticmod:PowerSlash"],"picked":"Guardian:DecasProtection+1","floor":37.0},{"not_picked":["hermit:Coalescence+1","PiercingWail","Panic Button"],"picked":"Singing Bowl","floor":38.0},{"not_picked":["champ:FocusedDefense","theHeart:AntiCoagulant"],"picked":"champ:GladiatorStyle","floor":38.0},{"not_picked":["mysticmod:KeenEdge+1","DTMod:ShadowImage","DTMod:RunningTactic+1"],"picked":"Singing Bowl","floor":43},{"not_picked":["Slimebound:ComboTackle+1","Slimebound:GoopSpray+1"],"picked":"Slimebound:Prepare+1","floor":46},{"not_picked":["bronze:ClassDefault","bronze:OilSpill","RobotSpaceExplorer:ShovelStrike"],"picked":"Singing Bowl","floor":46},{"not_picked":["Guardian:FuturePlans","RobotSpaceExplorer:ImprovisedAttack+1","Gatherer:TreeGrowth"],"picked":"Singing Bowl","floor":48},{"not_picked":["Rebound+1","sneckomod:UnknownClassGREEN+1"],"picked":"bronze:Overheat+1","floor":49},{"not_picked":["hermit:Malice+1","mysticmod:EbbAndFlow+1","sneckomod:Unknown1Cost"],"picked":"Singing Bowl","floor":49}],"player_experience":963618,"relics_obtained":[{"floor":7.0,"key":"Centennial Puzzle"},{"floor":8.0,"key":"InkBottle"},{"floor":12.0,"key":"MealTicket"},{"floor":24.0,"key":"Singing Bowl"},{"floor":26.0,"key":"Darkstone Periapt"},{"floor":31.0,"key":"Meat on the Bone"},{"floor":40.0,"key":"Bird Faced Urn"},{"floor":41.0,"key":"Peace Pipe"},{"floor":42.0,"key":"Ring of Misfortune"},{"floor":42.0,"key":"Ring of Fangs"},{"floor":43,"key":"Quantum Egg"},{"floor":46,"key":"Kunai"},{"floor":48,"key":"Bottled Flame"}],"event_choices":[{"damage_healed":0.0,"max_hp_gain":0.0,"max_hp_loss":0.0,"gold_gain":0.0,"event_name":"Scrap Ooze","player_choice":"Success","floor":11.0,"gold_loss":0.0,"damage_taken":3.0,"relics_obtained":["Ancient Tea Set"]},{"cards_removed":["Doubt"],"damage_healed":0.0,"max_hp_gain":0.0,"max_hp_loss":0.0,"gold_gain":0.0,"event_name":"Bonfire Elementals","player_choice":"Offered Curse","floor":20.0,"gold_loss":0.0,"damage_taken":0.0,"relics_obtained":["Spirit Poop"]},{"damage_healed":0,"gold_gain":0,"player_choice":"Ignored","damage_taken":0,"max_hp_gain":0,"max_hp_loss":0,"event_name":"NoteForYourself","floor":44,"gold_loss":0}],"is_beta":true,"boss_relics":[{"not_picked":["Sozu","Replay:Wanted Poster"],"picked":"Philosopher\u0027s Stone"},{"not_picked":["bronze:PlatinumCore","Fusion Hammer"],"picked":"Replay:Grab Bag"},{"not_picked":["ChewingGum","Cursed Key"],"picked":"SlaversCollar"},{"not_picked":["Runic Dome","Velvet Choker"],"picked":"Coffee Dripper"},{"not_picked":["Snecko Eye","Tiny House"],"picked":"SacredBark"}],"items_purged_floors":[],"is_endless":false,"potions_floor_spawned":[2,8,9,21,29,32,33,43,48],"ascension_level":0}}