{"host":"x039aayur7qovk2d","time":1611984112,"event":{"mods":["AchievementEnabler","BaseMod","Block Reminder","Colored Map","Colored Powertips","DeckTracker","Googly Eyes","Highlight Path","Minty Spire (QoL Compilation)","Permanent Neow","Quick Restart","Rare Cards Sparkle","Relic Sorter","Relic Stats"],"gold_per_floor":[18,36,49,61,61,90,90,90,90,123,143,143,162,202,202,330,330,350,350,120,134,134,134,175,194,248,267,282,323,323,357,357,488,488,512,113,134,134,134,134,168,184,184,28,61,79,79,7,7,7],"floor_reached":51,"language":"ENG","playtime":3732,"items_purged":["Defend_R","Defend_G"],"score":835,"play_id":"cedb8434-914e-4e30-9d5f-5c35ddeab27c","local_time":"20210129212152","is_ascension_mode":false,"campfire_choices":[{"data":"Dagger Spray","floor":8.0,"key":"SMITH"},{"data":"Poisoned Stab","floor":12,"key":"SMITH"},{"data":"Dash","floor":15,"key":"SMITH"},{"data":"Cloak And Dagger","floor":23,"key":"SMITH"},{"data":"Deadly Poison","floor":32,"key":"SMITH"},{"data":"Mind Blast","floor":40,"key":"SMITH"},{"data":"Endless Agony","floor":47,"key":"SMITH"},{"data":"Poisoned Stab","floor":49,"key":"SMITH"}],"circlet_count":0,"master_deck":["Strike_G","Strike_G","Strike_G","Strike_G","Strike_G+1","Defend_G","Defend_G","Defend_G","Defend_G","Survivor","Neutralize","Cloak And Dagger+1","Backflip","Blade Dance","Dagger Spray+1","Outmaneuver","Poisoned Stab+1","Dagger Throw+1","Dash+1","Deadly Poison+1","Die Die Die","Dodge and Roll","Endless Agony+1","Dagger Throw","Dash+1","Footwork+1","Setup+1","Dodge and Roll+1","Leg Sweep+1","Phantasmal Killer","Bouncing Flask+1","Poisoned Stab+1","Writhe","Mind Blast+1","Swift Strike","Secret Weapon","Poisoned Stab+1","Dash","Sucker Punch+1"],"relics":["Ring of the Snake","Unceasing Top","Happy Flower","Shuriken","SlaversCollar","Bottled Lightning","PreservedInsect","Sling","Meat on the Bone","Golden Idol","Art of War","Lizard Tail","Ancient Tea Set","Strawberry","Whetstone","Coffee Dripper","StoneCalendar","Pear","Lee\u0027s Waffle","Lantern"],"acts_visited":["Exordium","TheCity","TheBeyond"],"potions_floor_usage":[14,16,18,24,29,33,45,50,50,50],"damage_taken":[{"damage":2.0,"enemies":"Jaw Worm","floor":1.0,"turns":6.0},{"damage":0.0,"enemies":"Small Slimes","floor":2.0,"turns":5.0},{"damage":0.0,"enemies":"Cultist","floor":3.0,"turns":4.0},{"damage":0.0,"enemies":"Exordium Wildlife","floor":4.0,"turns":3.0},{"damage":9.0,"enemies":"3 Sentries","floor":6.0,"turns":3.0},{"damage":26.0,"enemies":"Gremlin Nob","floor":10.0,"turns":4.0},{"damage":0,"enemies":"Gremlin Gang","floor":11,"turns":1},{"damage":8,"enemies":"Exordium Thugs","floor":13,"turns":5},{"damage":18,"enemies":"Lagavulin","floor":14,"turns":5},{"damage":9,"enemies":"Hexaghost","floor":16,"turns":9},{"damage":0,"enemies":"Chosen","floor":18,"turns":3},{"damage":10,"enemies":"Spheric Guardian","floor":21,"turns":3},{"damage":0,"enemies":"Slavers","floor":24,"turns":2},{"damage":23,"enemies":"Snake Plant","floor":25,"turns":4},{"damage":9,"enemies":"Centurion and Healer","floor":27,"turns":5},{"damage":4,"enemies":"Chosen and Byrds","floor":28,"turns":4},{"damage":3,"enemies":"Book of Stabbing","floor":29,"turns":4},{"damage":7,"enemies":"Slavers","floor":31,"turns":3},{"damage":62,"enemies":"Champ","floor":33,"turns":12},{"damage":6,"enemies":"3 Shapes","floor":35,"turns":5},{"damage":12,"enemies":"3 Darklings","floor":37,"turns":4},{"damage":14,"enemies":"Reptomancer","floor":41,"turns":4},{"damage":14,"enemies":"Transient","floor":42,"turns":5},{"damage":8,"enemies":"Nemesis","floor":45,"turns":3},{"damage":18,"enemies":"Maw","floor":46,"turns":6},{"damage":42,"enemies":"Awakened One","floor":50,"turns":11}],"seed_played":"-6830558908597804110","potions_obtained":[{"floor":2.0,"key":"ColorlessPotion"},{"floor":4.0,"key":"SteroidPotion"},{"floor":11,"key":"Fire Potion"},{"floor":13,"key":"ColorlessPotion"},{"floor":16,"key":"AttackPotion"},{"floor":21,"key":"PowerPotion"},{"floor":25,"key":"Dexterity Potion"},{"floor":28,"key":"FairyPotion"},{"floor":31,"key":"Block Potion"},{"floor":37,"key":"LiquidMemories"},{"floor":42,"key":"Swift Potion"},{"floor":46,"key":"CunningPotion"}],"is_trial":false,"path_per_floor":["M","M","M","M","$","E","?","R","T","E","M","R","M","E","R","B",null,"M","?","$","M","T","R","E","M","T","M","M","E","T","E","R","B",null,"M","$","M","?","?","R","E","M","T","$","E","M","R","$","R","B",null],"character_chosen":"THE_SILENT","items_purchased":["Sling","StoneCalendar","Lee\u0027s Waffle","EssenceOfSteel"],"campfire_rested":0,"item_purchase_floors":[20,36,44,48],"current_hp_per_floor":[82,82,82,82,82,73,73,73,73,47,47,47,51,45,45,48,84,84,84,84,74,74,74,74,51,51,54,50,54,54,47,47,39,91,85,85,73,91,81,81,67,53,63,108,100,82,82,82,82,52],"gold":7,"neow_bonus":"TWENTY_PERCENT_HP_BONUS","is_daily":false,"chose_seed":false,"campfire_upgraded":8,"win_rate":0.0,"timestamp":1611984112,"path_taken":["M","M","M","M","$","E","?","R","T","E","M","R","M","E","R","BOSS","M","?","?","M","?","R","E","M","T","?","M","E","?","E","R","BOSS","M","$","M","?","?","R","E","M","T","$","E","M","R","$","R","BOSS"],"items_purchased_type":["Relic","Relic","Relic","Potion"],"build_version":"2020-12-22","purchased_purges":2,"victory":true,"max_hp_per_floor":[84,84,84,84,84,84,84,84,84,84,84,84,84,84,84,84,84,84,84,84,84,84,84,84,84,84,84,84,91,91,91,91,91,91,91,91,91,91,91,91,91,91,101,108,108,108,108,108,108,108],"relic_stats":{"Lee\u0027s Waffle":45,"Happy Flower":[32],"counters":[26,123],"Golden Idol":170,"StoneCalendar":[52],"PreservedInsect":145,"Whetstone":["Dagger Throw","Strike_G"],"Lizard Tail":0,"Shuriken":[71],"Art of War":[1],"obtain_stats":[{"Lee\u0027s Waffle":44,"Lantern":45,"Pear":43,"Happy Flower":10,"Golden Idol":7,"StoneCalendar":36,"PreservedInsect":30,"Whetstone":31,"Sling":20,"Ancient Tea Set":26,"SlaversCollar":17,"Lizard Tail":22,"Shuriken":9,"Strawberry":29,"Art of War":14,"Coffee Dripper":34,"Bottled Lightning":24,"Unceasing Top":41,"Ring of the Snake":0,"Meat on the Bone":6},{"Lee\u0027s Waffle":23,"Lantern":24,"Pear":23,"Happy Flower":6,"Golden Idol":5,"StoneCalendar":20,"PreservedInsect":17,"Whetstone":18,"Sling":11,"Ancient Tea Set":14,"SlaversCollar":10,"Lizard Tail":12,"Shuriken":5,"Strawberry":17,"Art of War":9,"Coffee Dripper":19,"Bottled Lightning":13,"Unceasing Top":22,"Ring of the Snake":0,"Meat on the Bone":5},{"Lee\u0027s Waffle":103,"Lantern":106,"Pear":103,"Happy Flower":25,"Golden Idol":21,"StoneCalendar":90,"PreservedInsect":70,"Whetstone":73,"Sling":48,"Ancient Tea Set":57,"SlaversCollar":45,"Lizard Tail":51,"Shuriken":21,"Strawberry":70,"Art of War":36,"Coffee Dripper":85,"Bottled Lightning":53,"Unceasing Top":98,"Ring of the Snake":0,"Meat on the Bone":21}],"Unceasing Top":[25],"Ring of the Snake":[54],"Meat on the Bone":72},"card_choices":[{"not_picked":["Catalyst","All Out Attack"],"picked":"Cloak And Dagger","floor":1.0},{"not_picked":["Blur","Flying Knee"],"picked":"Backflip","floor":2.0},{"not_picked":["Footwork","Dagger Throw"],"picked":"Blade Dance","floor":3.0},{"not_picked":["Backflip","Underhanded Strike"],"picked":"Dagger Spray","floor":4.0},{"not_picked":["Backflip","Skewer"],"picked":"Outmaneuver","floor":6.0},{"not_picked":["Catalyst","Phantasmal Killer"],"picked":"Poisoned Stab","floor":10.0},{"not_picked":["Prepared","Masterful Stab"],"picked":"Dagger Throw","floor":11},{"not_picked":["Outmaneuver","Masterful Stab"],"picked":"Dash","floor":13},{"not_picked":["Dagger Spray","Endless Agony"],"picked":"Deadly Poison","floor":14},{"not_picked":["Storm of Steel","Unload"],"picked":"Die Die Die","floor":16},{"not_picked":["Skewer","Underhanded Strike"],"picked":"Dodge and Roll","floor":18},{"not_picked":["Acrobatics","Bane"],"picked":"Endless Agony","floor":21},{"not_picked":["Die Die Die","Terror"],"picked":"Dagger Throw","floor":24},{"not_picked":["Backflip","Blade Dance"],"picked":"Dash+1","floor":25},{"not_picked":["Blade Dance","Acrobatics"],"picked":"Footwork+1","floor":27},{"not_picked":["Dagger Spray","Acrobatics"],"picked":"Setup+1","floor":28},{"not_picked":["Deadly Poison","All Out Attack"],"picked":"Dodge and Roll+1","floor":29},{"not_picked":["Masterful Stab+1","Cloak And Dagger"],"picked":"Leg Sweep+1","floor":31},{"not_picked":["Grand Finale","Storm of Steel"],"picked":"Phantasmal Killer","floor":33},{"not_picked":["Dash+1","Poisoned Stab"],"picked":"Bouncing Flask+1","floor":35},{"not_picked":["Deflect+1","Blur+1"],"picked":"Poisoned Stab","floor":37},{"not_picked":["Metamorphosis","Deep Breath"],"picked":"Mind Blast","floor":39},{"not_picked":["Dark Shackles","Good Instincts"],"picked":"Swift Strike","floor":39},{"not_picked":["Jack Of All Trades","Madness"],"picked":"Secret Weapon","floor":39},{"not_picked":["Dodge and Roll","Backflip"],"picked":"Poisoned Stab+1","floor":41},{"not_picked":["Cloak And Dagger","Dagger Spray"],"picked":"Dash","floor":42},{"not_picked":["Deflect","Prepared","PiercingWail"],"picked":"SKIP","floor":45},{"not_picked":["Choke","Tactician"],"picked":"Sucker Punch+1","floor":46}],"player_experience":103685,"relics_obtained":[{"floor":6.0,"key":"Meat on the Bone"},{"floor":9.0,"key":"Shuriken"},{"floor":10.0,"key":"Happy Flower"},{"floor":14,"key":"Art of War"},{"floor":22,"key":"Lizard Tail"},{"floor":24,"key":"Bottled Lightning"},{"floor":26,"key":"Ancient Tea Set"},{"floor":29,"key":"Strawberry"},{"floor":30,"key":"PreservedInsect"},{"floor":31,"key":"Whetstone"},{"floor":41,"key":"Unceasing Top"},{"floor":43,"key":"Pear"},{"floor":45,"key":"Lantern"}],"event_choices":[{"damage_healed":0.0,"max_hp_gain":0.0,"max_hp_loss":0.0,"gold_gain":0.0,"event_name":"Golden Idol","player_choice":"Take Wound","floor":7.0,"gold_loss":0.0,"damage_taken":0.0,"relics_obtained":["Golden Idol"],"cards_obtained":["Injury"]},{"cards_removed":["Injury"],"damage_healed":0,"gold_gain":0,"player_choice":"Took Card","damage_taken":0,"max_hp_gain":0,"max_hp_loss":0,"event_name":"NoteForYourself","floor":19,"gold_loss":0,"cards_obtained":["Defend_R"]},{"damage_healed":23,"gold_gain":0,"player_choice":"Writhe","damage_taken":0,"max_hp_gain":0,"max_hp_loss":0,"event_name":"Winding Halls","floor":38,"gold_loss":0,"cards_obtained":["Writhe"]},{"damage_healed":0,"gold_gain":0,"player_choice":"Memory 3","damage_taken":10,"max_hp_gain":0,"max_hp_loss":0,"event_name":"SensoryStone","floor":39,"gold_loss":0}],"is_beta":false,"boss_relics":[{"not_picked":["Empty Cage","Tiny House"],"picked":"SlaversCollar"},{"not_picked":["Black Star","HoveringKite"],"picked":"Coffee Dripper"}],"items_purged_floors":[20,36],"is_endless":false,"potions_floor_spawned":[2,4,11,13,16,21,25,28,31,37,42,46],"ascension_level":0}}