{"host":"5ezk7t18wcb10u1o","time":1611977477,"event":{"mods":["BaseMod","Bestiary","Colored Powertips","Minty Spire (QoL Compilation)","Relic Sorter"],"gold_per_floor":[109,127,77,89,89,116,132,152,152,168,168,182,182,196,196,299,299,309,269,269,280,296,328,328,328,381,381,397,322,333,348,348,445,445,456,456,311,311,327,14,25,56,111,111,127,127,0,14,14,14],"floor_reached":51,"language":"ENG","playtime":3841,"items_purged":["Bash","Writhe"],"score":1067,"play_id":"00e465d9-3d2b-4375-a543-1197e3753a7e","local_time":"20210130033117","is_ascension_mode":true,"campfire_choices":[{"floor":11.0,"key":"REST"},{"data":"Whirlwind","floor":13.0,"key":"SMITH"},{"data":"Metallicize","floor":15.0,"key":"SMITH"},{"floor":24.0,"key":"REST"},{"data":"Body Slam","floor":27.0,"key":"SMITH"},{"floor":32.0,"key":"REST"},{"floor":44,"key":"REST"},{"floor":49,"key":"REST"}],"circlet_count":0,"master_deck":["AscendersBane","Strike_R","Strike_R","Strike_R","Strike_R","Defend_R","Defend_R","Defend_R","Defend_R","Cleave","Body Slam+1","Rage+1","Immolate","Shockwave","Whirlwind+1","Shockwave","Metallicize+1","Offering","Twin Strike+1","Body Slam+1","Flex+1","Pommel Strike","Twin Strike+1","Berserk","Armaments","Blood for Blood","Armaments","Shrug It Off","Armaments","Iron Wave","Rage+1","Armaments"],"relics":["Burning Blood","Ice Cream","Blue Candle","Juzu Bracelet","Runic Cube","Regal Pillow","StrikeDummy","Odd Mushroom","Self Forming Clay","SlaversCollar","Kunai","Pen Nib"],"acts_visited":["Exordium","TheCity","TheBeyond"],"potions_floor_usage":[42,45,50,50],"damage_taken":[{"damage":11.0,"enemies":"Small Slimes","floor":1.0,"turns":4.0},{"damage":4.0,"enemies":"Jaw Worm","floor":2.0,"turns":4.0},{"damage":9.0,"enemies":"Cultist","floor":4.0,"turns":5.0},{"damage":29.0,"enemies":"Gremlin Nob","floor":6.0,"turns":5.0},{"damage":9.0,"enemies":"3 Louse","floor":7.0,"turns":3.0},{"damage":8.0,"enemies":"The Mushroom Lair","floor":8.0,"turns":3.0},{"damage":3.0,"enemies":"Lots of Slimes","floor":10.0,"turns":2.0},{"damage":23.0,"enemies":"Exordium Thugs","floor":12.0,"turns":4.0},{"damage":5.0,"enemies":"Blue Slaver","floor":14.0,"turns":3.0},{"damage":57.0,"enemies":"Hexaghost","floor":16.0,"turns":15.0},{"damage":6.0,"enemies":"Spheric Guardian","floor":18.0,"turns":3.0},{"damage":17.0,"enemies":"3 Byrds","floor":21.0,"turns":5.0},{"damage":19.0,"enemies":"Sentry and Sphere","floor":22.0,"turns":5.0},{"damage":13.0,"enemies":"Slavers","floor":23.0,"turns":3.0},{"damage":23.0,"enemies":"Snecko","floor":28.0,"turns":4.0},{"damage":16.0,"enemies":"3 Cultists","floor":30.0,"turns":4.0},{"damage":15.0,"enemies":"Snake Plant","floor":31.0,"turns":3.0},{"damage":57.0,"enemies":"Champ","floor":33.0,"turns":10.0},{"damage":13.0,"enemies":"3 Darklings","floor":35.0,"turns":3.0},{"damage":6,"enemies":"3 Shapes","floor":39,"turns":2},{"damage":38,"enemies":"Sphere and 2 Shapes","floor":41,"turns":7},{"damage":50,"enemies":"Giant Head","floor":42,"turns":8},{"damage":21,"enemies":"Writhing Mass","floor":45,"turns":4},{"damage":0,"enemies":"4 Shapes","floor":48,"turns":4},{"damage":79,"enemies":"Time Eater","floor":50,"turns":11}],"seed_played":"-5773446172441914800","potions_obtained":[{"floor":2.0,"key":"HeartOfIron"},{"floor":4.0,"key":"LiquidMemories"},{"floor":12.0,"key":"SpeedPotion"},{"floor":16.0,"key":"SpeedPotion"},{"floor":21.0,"key":"Dexterity Potion"},{"floor":22.0,"key":"GamblersBrew"},{"floor":23.0,"key":"PowerPotion"},{"floor":31.0,"key":"LiquidMemories"},{"floor":35.0,"key":"BloodPotion"},{"floor":42,"key":"AttackPotion"}],"is_trial":false,"path_per_floor":["M","M","?","M","?","E","M","?","T","M","R","M","R","M","R","B",null,"M","?","$","M","M","E","R","?","T","R","M","$","M","M","R","B",null,"M","?","$","?","M","$","M","E","T","R","M","?","$","M","R","B",null],"character_chosen":"IRONCLAD","items_purchased":["Armaments","Ice Cream","Armaments","Block Potion","BlessingOfTheForge","Armaments"],"campfire_rested":5,"item_purchase_floors":[37,40,40,47,47,47],"current_hp_per_floor":[67,69,69,66,66,43,40,38,38,41,80,63,63,64,64,13,63,63,63,63,52,39,32,71,71,71,71,54,54,44,35,74,23,66,59,79,79,79,79,79,47,19,19,58,43,43,43,49,80,7],"gold":14,"neow_bonus":"RANDOM_COMMON_RELIC","is_daily":false,"chose_seed":false,"campfire_upgraded":3,"win_rate":0.0,"timestamp":1611977477,"path_taken":["M","M","?","M","?","E","M","?","T","?","R","M","R","M","R","BOSS","M","?","$","M","?","E","R","?","T","R","?","$","M","M","R","BOSS","M","?","$","?","M","$","?","E","T","R","M","?","?","M","R","BOSS"],"items_purchased_type":["Card","Relic","Card","Potion","Potion","Card"],"build_version":"2020-12-22","purchased_purges":2,"victory":true,"max_hp_per_floor":[80,80,80,80,80,80,80,80,80,80,80,80,80,80,80,80,80,80,80,80,80,80,80,80,80,80,80,80,80,80,80,80,80,80,80,80,80,80,80,80,80,80,80,80,80,80,80,80,80,80],"card_choices":[{"not_picked":["True Grit","Rampage"],"picked":"Cleave","floor":1.0},{"not_picked":["Clash","Havoc"],"picked":"Body Slam","floor":2.0},{"not_picked":["Havoc","Evolve"],"picked":"Rage","floor":4.0},{"not_picked":["Armaments","Clothesline"],"picked":"Immolate","floor":6.0},{"not_picked":["Havoc","Headbutt"],"picked":"Shockwave","floor":7.0},{"not_picked":["Fire Breathing","Pommel Strike"],"picked":"Whirlwind","floor":8.0},{"not_picked":["Warcry","Body Slam"],"picked":"Shockwave","floor":10.0},{"not_picked":["Clothesline","Battle Trance"],"picked":"Metallicize","floor":12.0},{"not_picked":["Heavy Blade","Anger"],"picked":"Thunderclap","floor":14.0},{"not_picked":["Corruption","Demon Form"],"picked":"Offering","floor":16.0},{"not_picked":["Body Slam","Perfected Strike"],"picked":"Twin Strike","floor":18.0},{"not_picked":["Sever Soul","True Grit"],"picked":"Body Slam+1","floor":21.0},{"not_picked":["Bloodletting","Feel No Pain","Rampage"],"picked":"SKIP","floor":22.0},{"not_picked":["Searing Blow","Dual Wield"],"picked":"Flex+1","floor":23.0},{"not_picked":["Battle Trance","Wild Strike"],"picked":"Pommel Strike","floor":28.0},{"not_picked":["Perfected Strike","Sword Boomerang"],"picked":"Twin Strike+1","floor":30.0},{"not_picked":["Dual Wield","Headbutt","Sword Boomerang"],"picked":"SKIP","floor":31.0},{"not_picked":["Juggernaut","Barricade"],"picked":"Berserk","floor":33.0},{"not_picked":["Sword Boomerang","Seeing Red","Heavy Blade"],"picked":"SKIP","floor":35.0},{"not_picked":["Rampage","Carnage"],"picked":"Blood for Blood","floor":39},{"not_picked":["Rage","True Grit"],"picked":"Shrug It Off","floor":41},{"not_picked":["Perfected Strike","Clash"],"picked":"Armaments","floor":42},{"not_picked":["Perfected Strike","Ghostly Armor"],"picked":"Iron Wave","floor":45},{"not_picked":["Sentinel","Thunderclap","Cleave"],"picked":"SKIP","floor":48}],"player_experience":1182924,"relics_obtained":[{"floor":6.0,"key":"StrikeDummy"},{"floor":8.0,"key":"Odd Mushroom"},{"floor":9.0,"key":"Self Forming Clay"},{"floor":23.0,"key":"Kunai"},{"floor":26.0,"key":"Pen Nib"},{"floor":42,"key":"Blue Candle"},{"floor":43,"key":"Juzu Bracelet"}],"event_choices":[{"cards_removed":["Strike_R"],"damage_healed":0.0,"max_hp_gain":0.0,"max_hp_loss":0.0,"gold_gain":0.0,"event_name":"The Cleric","player_choice":"Card Removal","floor":3.0,"gold_loss":50.0,"damage_taken":0.0},{"damage_healed":0.0,"max_hp_gain":0.0,"max_hp_loss":0.0,"gold_gain":0.0,"event_name":"Living Wall","player_choice":"Grow","floor":5.0,"gold_loss":0.0,"damage_taken":0.0,"cards_upgraded":["Rage"]},{"damage_healed":0.0,"max_hp_gain":0.0,"max_hp_loss":0.0,"gold_gain":0.0,"event_name":"Mushrooms","player_choice":"Fought Mushrooms","floor":8.0,"gold_loss":0.0,"damage_taken":0.0},{"damage_healed":0.0,"max_hp_gain":0.0,"max_hp_loss":0.0,"gold_gain":0.0,"event_name":"Designer","player_choice":"Upgrade","floor":19.0,"gold_loss":40.0,"damage_taken":0.0,"cards_upgraded":["Twin Strike"]},{"damage_healed":0.0,"max_hp_gain":0.0,"max_hp_loss":0.0,"gold_gain":0.0,"event_name":"N\u0027loth","player_choice":"Ignored","floor":25.0,"gold_loss":0.0,"damage_taken":0.0},{"damage_healed":20.0,"max_hp_gain":0.0,"max_hp_loss":0.0,"gold_gain":0.0,"event_name":"Winding Halls","player_choice":"Writhe","floor":36.0,"gold_loss":0.0,"damage_taken":0.0,"cards_obtained":["Writhe"]},{"cards_removed":["Thunderclap"],"damage_healed":0.0,"max_hp_gain":0.0,"max_hp_loss":0.0,"gold_gain":0.0,"event_name":"Wheel of Change","player_choice":"Card Removal","floor":38.0,"gold_loss":0.0,"damage_taken":0.0},{"damage_healed":0,"gold_gain":0,"player_choice":"Copied","damage_taken":0,"max_hp_gain":0,"max_hp_loss":0,"event_name":"Duplicator","floor":46,"gold_loss":0,"cards_obtained":["Rage"]}],"is_beta":false,"boss_relics":[{"not_picked":["Snecko Eye","Black Blood"],"picked":"SlaversCollar"},{"not_picked":["Cursed Key","Busted Crown"],"picked":"Runic Cube"}],"items_purged_floors":[29,37],"is_endless":false,"potions_floor_spawned":[2,4,12,16,21,22,23,31,35,42],"ascension_level":12}}