{"host":"rolltorest","time":1611968339,"event":{"mods":["BaseMod","Gremlin Mod","Jorbs\u0027s Wanderer Trilogy","Koishi","Minty Spire (QoL Compilation)","Relic Stats","Robot Space Explorer","Slay the Relics Exporter","StSLib","The Servant 0.9.4"],"gold_per_floor":[115,61,80,80,80,80,80,80],"floor_reached":7,"language":"ENG","playtime":124,"items_purged":[],"score":78,"play_id":"4a581cb8-b1df-4b65-9fed-a0fa4389dbee","local_time":"20210129165859","is_ascension_mode":true,"campfire_choices":[{"data":"Koishi:StingingMind","floor":6,"key":"SMITH"}],"circlet_count":0,"master_deck":["AscendersBane","Koishi:BasicStrike+1","Koishi:BasicStrike+1","Koishi:BasicStrike","Koishi:BasicStrike","Koishi:BasicDefend","Koishi:BasicDefend","Koishi:BasicDefend","Koishi:BasicDefend","Koishi:Provoke","Koishi:HauntingSlash","Koishi:SubconsciousSweep","Koishi:StingingMind","Koishi:StingingMind+1"],"relics":["Koishi:ImaginaryFriend","Koishi:AHoleWhereASisterShouldBe","Ornamental Fan"],"acts_visited":["Exordium"],"potions_floor_usage":[7],"damage_taken":[{"damage":2,"enemies":"Jaw Worm","floor":1,"turns":5},{"damage":4,"enemies":"2 Louse","floor":3,"turns":2},{"damage":22,"enemies":"Lagavulin","floor":7,"turns":5}],"seed_played":"828306511626014734","potions_obtained":[{"floor":1,"key":"Ancient Potion"}],"is_trial":false,"path_per_floor":["M","$","M","?","?","R","E"],"character_chosen":"KOISHI","items_purchased":["Koishi:StingingMind"],"campfire_rested":0,"item_purchase_floors":[2],"current_hp_per_floor":[52,52,48,31,26,26,4,4],"gold":80,"neow_bonus":"RANDOM_COMMON_RELIC","is_daily":false,"chose_seed":false,"campfire_upgraded":1,"win_rate":0.0,"timestamp":1611968339,"path_taken":["M","$","M","?","?","R","E"],"items_purchased_type":["Card"],"build_version":"2020-12-18","purchased_purges":0,"victory":false,"max_hp_per_floor":[57,57,57,57,57,57,57,57],"relic_stats":{"counters":[3,12],"Ornamental Fan":[4],"obtain_stats":[{"Ornamental Fan":5,"Koishi:AHoleWhereASisterShouldBe":0,"Koishi:ImaginaryFriend":0},{"Ornamental Fan":2,"Koishi:AHoleWhereASisterShouldBe":0,"Koishi:ImaginaryFriend":0},{"Ornamental Fan":7,"Koishi:AHoleWhereASisterShouldBe":0,"Koishi:ImaginaryFriend":0}]},"card_choices":[{"not_picked":["Koishi:TraumaticStroke","Koishi:ParalyzingFear"],"picked":"Koishi:SubconsciousSweep","floor":1},{"not_picked":["Koishi:SubconsciousSweep","Koishi:FleetingPhantom"],"picked":"Koishi:StingingMind","floor":3}],"player_experience":2354418,"relics_obtained":[],"event_choices":[{"damage_healed":0,"gold_gain":0,"player_choice":"Entered Light","damage_taken":17,"max_hp_gain":0,"max_hp_loss":0,"event_name":"Shining Light","floor":4,"gold_loss":0,"cards_upgraded":["Koishi:BasicStrike","Koishi:BasicStrike"]},{"damage_healed":0,"gold_gain":0,"player_choice":"Success","damage_taken":5,"relics_obtained":["Ornamental Fan"],"max_hp_gain":0,"max_hp_loss":0,"event_name":"Scrap Ooze","floor":5,"gold_loss":0}],"is_beta":true,"boss_relics":[],"items_purged_floors":[],"is_endless":false,"potions_floor_spawned":[1],"killed_by":"Lagavulin","ascension_level":20}}