{"host":"8srk5r1dwtmjotwd","time":1611974420,"event":{"mods":["AchievementEnabler","Act Like it!","BaseMod","Beaked The Cultist","Bestiary","Better Note","Better Third Choice","Colored Map","Colored Powertips","Friendly Minions","GifTheSpireLib","Halation","Hallownest","Hermit","Hubris","Minty Spire (QoL Compilation)","Quick Restart","Rare Cards Sparkle","Replay The Spire","Shop Mod","StSLib","SuperFastMode","Synergy Search","The Bug Knight","The Construct","The Cursed","The Jungle","Thieving Mod","Yohane!","everything is the same but u backflip on backflip","slay the spire mod where everything is the same but ironclad has a cowboy hat"],"gold_per_floor":[119,129,3,17,17,17,30,30,84,84,84,114,129,129,129,234,234,248,248,260,260,260],"floor_reached":21,"language":"ENG","playtime":1187,"items_purged":[],"score":229,"play_id":"3c787a5c-bdfb-4961-b89b-50d27cd370fc","local_time":"20210129214020","is_ascension_mode":false,"campfire_choices":[{"data":"hubris:Counter","floor":6,"key":"SMITH"},{"data":"Skewer","floor":8,"key":"SMITH"},{"data":"Underhanded Strike","floor":10,"key":"SMITH"}],"circlet_count":0,"master_deck":["Strike_G","Strike_G","Strike_G","Strike_G","Strike_G","Defend_G","Defend_G","Defend_G","Defend_G","Defend_G","Survivor","Neutralize","Underhanded Strike+1","Skewer+1","hubris:Counter+1","Dagger Spray","hubris:Sniper","Fluid Movement","Phantasmal Killer","hubris:SlightOfHand+1","Endless Agony"],"relics":["Ring of the Snake","NeowsBlessing","Replay:Wax Seal","Boot","halation:KoshaPiece","HollowMod:LifeEnderRelic","SacredBark"],"acts_visited":["Exordium","Exordium"],"potions_floor_usage":[7,12,12,16,16,16,21],"damage_taken":[{"damage":0,"enemies":"Cultist","floor":1,"turns":1},{"damage":0,"enemies":"Small Slimes","floor":2,"turns":1},{"damage":0,"enemies":"Jaw Worm","floor":4,"turns":1},{"damage":10,"enemies":"Looter","floor":7,"turns":3},{"damage":0,"enemies":"HollowMod:MossKnight","floor":12,"turns":2},{"damage":0,"enemies":"3 Louse","floor":13,"turns":3},{"damage":27,"enemies":"Fading Forest","floor":16,"turns":11},{"damage":40,"enemies":"theJungle:GiantWrat","floor":18,"turns":6},{"damage":28,"enemies":"theJungle:Flameango_and_Byrd","floor":20,"turns":5},{"damage":5,"enemies":"theJungle:2_Flameangoes","floor":21,"turns":2}],"seed_played":"5445386825727284120","potions_obtained":[{"floor":1,"key":"Regen Potion"},{"floor":4,"key":"SkillPotion"},{"floor":7,"key":"BlessingOfTheForge"},{"floor":11,"key":"Doom Potion"},{"floor":15,"key":"DuplicationPotion"},{"floor":15,"key":"Energy Potion"},{"floor":20,"key":"Reflective Coating"}],"is_trial":false,"path_per_floor":["M","M","$","M","$","R","M","R","T","R","?","E","M","T","R_BF","B",null,"M","?","M","M"],"character_chosen":"THE_SILENT","items_purchased":["Replay:Wax Seal","Explosive Potion"],"campfire_rested":0,"item_purchase_floors":[3,3],"current_hp_per_floor":[70,70,70,70,70,70,60,60,60,60,60,65,65,65,65,43,70,30,30,2,0,0],"gold":260,"neow_bonus":"THREE_ENEMY_KILL","is_daily":false,"chose_seed":false,"campfire_upgraded":3,"win_rate":0.0,"timestamp":1611974420,"path_taken":["M","M","$","M","?","R","M","R","T","R","?","E","?","?","R_BF","BOSS","M","?","?","M"],"items_purchased_type":["Relic","Potion"],"build_version":"2020-12-22","purchased_purges":0,"victory":false,"max_hp_per_floor":[70,70,70,70,70,70,70,70,70,70,70,70,70,70,70,70,70,70,70,70,70,70],"card_choices":[{"not_picked":["Masterful Stab","Poisoned Stab"],"picked":"Underhanded Strike","floor":1},{"not_picked":["Dagger Throw","Dash"],"picked":"Skewer","floor":2},{"not_picked":["Sucker Punch","Crippling Poison"],"picked":"hubris:Counter","floor":4},{"not_picked":["Slice","Quick Slash"],"picked":"Dagger Spray","floor":7},{"not_picked":["Malaise","Dagger Throw"],"picked":"hubris:Sniper","floor":12},{"not_picked":["Slice","Dodge and Roll"],"picked":"Fluid Movement","floor":13},{"not_picked":["After Image","ReplayTheSpireMod:From All Sides"],"picked":"Phantasmal Killer","floor":16},{"not_picked":["ReplayTheSpireMod:The Works+1","Bane"],"picked":"hubris:SlightOfHand","floor":18},{"not_picked":["Prepared+1","Outmaneuver"],"picked":"Endless Agony","floor":20}],"player_experience":79990,"relics_obtained":[{"floor":9,"key":"Boot"},{"floor":12,"key":"halation:KoshaPiece"},{"floor":14,"key":"HollowMod:LifeEnderRelic"}],"event_choices":[{"damage_healed":0,"gold_gain":0,"player_choice":"Got Potions","damage_taken":0,"max_hp_gain":0,"max_hp_loss":0,"event_name":"Lab","floor":11,"gold_loss":0},{"damage_healed":0,"gold_gain":0,"player_choice":"Forge","damage_taken":0,"max_hp_gain":0,"max_hp_loss":0,"event_name":"Accursed Blacksmith","floor":19,"gold_loss":0,"cards_upgraded":["hubris:SlightOfHand"]}],"is_beta":false,"boss_relics":[{"not_picked":["hubris:BlackHole","Busted Crown"],"picked":"SacredBark"}],"items_purged_floors":[],"is_endless":false,"potions_floor_spawned":[1,4,7,20],"killed_by":"theJungle:2_Flameangoes","ascension_level":0}}