{"host":"9kesdg97wkrx2bva","time":1611994539,"event":{"mods":["AchievementEnabler","BaseMod","Colored Map","GifTheSpireLib","Infinite Spire","Minty Spire (QoL Compilation)","Replay The Spire","StSLib"],"gold_per_floor":[363,143,154,168,168,195,195,223,274,274,33,33,43,60,60,136,136,146,146,126,1,11,41,41,51,103,103,128,198,198,198,198],"floor_reached":31,"language":"ENG","playtime":1103,"items_purged":["Defend_B","Strike_B","Strike_B","Strike_B"],"score":606,"play_id":"436a6b30-5e62-49ac-ad80-d82ee48fd107","local_time":"20210130021539","is_ascension_mode":true,"campfire_choices":[{"data":"Zap","floor":7,"key":"SMITH"},{"floor":10,"key":"REST"},{"floor":12,"key":"REST"},{"data":"Static Discharge","floor":15,"key":"SMITH"},{"data":"Blizzard","floor":24,"key":"SMITH"},{"data":"infinitespire:Collect","floor":27,"key":"SMITH"},{"floor":30,"key":"REST"}],"circlet_count":0,"master_deck":["AscendersBane","Defend_B","Defend_B","Defend_B","Zap+1","Dualcast","Glacier","Ball Lightning","Capacitor","BasicCrystalCard","Cold Snap+1","Rebound","Static Discharge+1","Gash","Capacitor","Coolheaded","Hologram","Echo Form","Gash+1","infinitespire:Collect+1","Capacitor+1","Blizzard+1","BasicCrystalCard","Gash"],"relics":["Cracked Core","Replay:Ringing Soul","infinitespire:Freezer","Vajra","Nuclear Battery","StoneCalendar","Centennial Puzzle","Whetstone","FossilizedHelix","Mummified Hand"],"acts_visited":["Exordium","TheCity"],"potions_floor_usage":[4,8,16,16,23,25,28,31],"damage_taken":[{"damage":1,"enemies":"Cultist","floor":1,"turns":3},{"damage":9,"enemies":"2 Louse","floor":3,"turns":3},{"damage":0,"enemies":"Small Slimes","floor":4,"turns":2},{"damage":23,"enemies":"3 Sentries","floor":6,"turns":10},{"damage":31,"enemies":"Gremlin Nob","floor":8,"turns":4},{"damage":1,"enemies":"Exordium Thugs","floor":13,"turns":5},{"damage":22,"enemies":"Gremlin Gang","floor":14,"turns":4},{"damage":19,"enemies":"Hexaghost","floor":16,"turns":7},{"damage":15,"enemies":"Shell Parasite","floor":18,"turns":5},{"damage":0,"enemies":"Chosen","floor":22,"turns":6},{"damage":0,"enemies":"Slavers","floor":23,"turns":1},{"damage":2,"enemies":"Centurion and Healer","floor":25,"turns":6},{"damage":32,"enemies":"Replay:Snechameleon","floor":28,"turns":6},{"damage":14,"enemies":"Colosseum Slavers","floor":31,"turns":3},{"damage":53,"enemies":"Colosseum Nobs","floor":31,"turns":3}],"seed_played":"76365966606019257","potions_obtained":[{"floor":3,"key":"Toxic Potion"},{"floor":6,"key":"Languid Potion"},{"floor":13,"key":"Dexterity Potion"},{"floor":14,"key":"GamblersBrew"},{"floor":18,"key":"infinitespire:BlackPotion"},{"floor":20,"key":"EssenceOfDarkness"},{"floor":23,"key":"SkillPotion"},{"floor":28,"key":"BlessingOfTheForge"}],"is_trial":false,"path_per_floor":["M","$","M","M","?","E","R","E","T","R","$","R","M","M","R","B",null,"M","AVR","?","$","M","E","R","M","T","R","E","T","R","?"],"character_chosen":"DEFECT","items_purchased":["Ball Lightning","Capacitor","Gash","Capacitor"],"campfire_rested":3,"item_purchase_floors":[2,2,11,11],"current_hp_per_floor":[63,63,54,54,54,34,34,6,6,27,30,51,53,34,34,18,66,54,57,57,57,60,63,63,64,64,64,35,35,65,0,0],"gold":198,"neow_bonus":"TWO_FIFTY_GOLD","is_daily":false,"chose_seed":false,"campfire_upgraded":4,"win_rate":0.0,"timestamp":1611994539,"path_taken":["M","$","?","M","?","E","R","E","T","R","$","R","M","M","R","BOSS","M","AVR","?","?","?","E","R","M","T","R","E","?","R","?"],"items_purchased_type":["Card","Card","Card","Card"],"build_version":"2020-12-22","purchased_purges":4,"victory":false,"max_hp_per_floor":[64,64,64,64,64,67,67,70,70,70,73,73,76,79,79,82,82,85,88,88,88,91,94,94,97,97,97,100,100,100,100,100],"card_choices":[{"not_picked":["Hologram","BasicCrystalCard"],"picked":"Glacier","floor":1},{"not_picked":["Beam Cell","Leap"],"picked":"BasicCrystalCard","floor":3},{"not_picked":["Recycle","Leap"],"picked":"Cold Snap","floor":4},{"not_picked":["Amplify","Sweeping Beam"],"picked":"Rebound","floor":6},{"not_picked":["Beam Cell","Streamline"],"picked":"Static Discharge","floor":8},{"not_picked":["Melter","Conserve Battery"],"picked":"Coolheaded","floor":13},{"not_picked":["Steam","FIFO Queue"],"picked":"Hologram","floor":14},{"not_picked":["Creative AI","Fission"],"picked":"Echo Form","floor":16},{"not_picked":["BootSequence","Ball Lightning"],"picked":"Gash","floor":18},{"not_picked":["Steam","Beam Cell"],"picked":"Capacitor+1","floor":22},{"not_picked":["Barrage+1","Consume"],"picked":"Blizzard","floor":23},{"not_picked":["Leap+1","Rebound"],"picked":"BasicCrystalCard","floor":25},{"not_picked":["Reinforced Body","Steam"],"picked":"Gash","floor":28}],"player_experience":987290,"relics_obtained":[{"floor":6,"key":"Replay:Ringing Soul"},{"floor":8,"key":"infinitespire:Freezer"},{"floor":9,"key":"Vajra"},{"floor":23,"key":"Centennial Puzzle"},{"floor":26,"key":"Whetstone"},{"floor":28,"key":"FossilizedHelix"},{"floor":29,"key":"Mummified Hand"}],"event_choices":[{"cards_removed":["Strike_B"],"damage_healed":0,"gold_gain":0,"player_choice":"Forget","damage_taken":0,"max_hp_gain":0,"max_hp_loss":0,"event_name":"Living Wall","floor":5,"gold_loss":0},{"damage_healed":0,"gold_gain":0,"player_choice":"Bought 1 Potion","damage_taken":0,"max_hp_gain":0,"max_hp_loss":0,"event_name":"The Woman in Blue","floor":20,"gold_loss":0},{"damage_healed":0,"gold_gain":0,"player_choice":"Fight","damage_taken":0,"max_hp_gain":0,"max_hp_loss":0,"event_name":"Colosseum","floor":31,"gold_loss":0},{"damage_healed":0,"gold_gain":0,"player_choice":"Fought Nobs","damage_taken":0,"max_hp_gain":0,"max_hp_loss":0,"event_name":"Colosseum","floor":31,"gold_loss":0}],"is_beta":false,"boss_relics":[{"not_picked":["Inserter","Coffee Dripper"],"picked":"Nuclear Battery"}],"items_purged_floors":[2,11,19,21],"is_endless":false,"potions_floor_spawned":[3,6,13,14,18,23,28],"killed_by":"Colosseum Nobs","ascension_level":18}}