{"host":"5fpb1gzflhq9886n","time":1611976161,"event":{"mods":["AchievementEnabler","BaseMod","Colored Map","Colored Powertips","Minty Spire (QoL Compilation)","Permanent Neow"],"gold_per_floor":[115,115,133,133,146,174,189,223,296,316,331,345,345,373,373,473,473,492,492,78,96,96,96,126,194,219,219,245,245,255,274,274,274,274],"floor_reached":33,"language":"ENG","playtime":1712,"items_purged":[],"score":409,"play_id":"1ea53eb7-3221-4b05-8f1c-7e0ea2d7e304","local_time":"20210129220921","is_ascension_mode":true,"campfire_choices":[{"data":"Biased Cognition","floor":13.0,"key":"SMITH"},{"data":"Hello World","floor":15.0,"key":"SMITH"},{"data":"Electrodynamics","floor":23,"key":"SMITH"},{"data":"RitualDagger","floor":27,"key":"SMITH"},{"floor":29,"key":"RECALL"},{"data":"Self Repair","floor":32,"key":"SMITH"}],"circlet_count":0,"master_deck":["Defend_B","Defend_B","Defend_B","Defend_B","Zap","Dualcast","Chill+1","Sweeping Beam","Biased Cognition+1","Redo","Beam Cell","Barrage","Cold Snap","Conserve Battery","Self Repair+1","FTL","Hello World+1","Electrodynamics+1","Rebound","RitualDagger+1","Double Energy","Bite","Bite","Bite","Bite","Bite","Melter","Leap","Cold Snap"],"relics":["Cracked Core","Emotion Chip","Mummified Hand","FossilizedHelix","Meat on the Bone","Boot","Nuclear Battery","Mercury Hourglass","Toolbox","The Courier","Kunai","Happy Flower","Bag of Marbles"],"acts_visited":["Exordium","TheCity"],"potions_floor_usage":[33],"damage_taken":[{"damage":0.0,"enemies":"Small Slimes","floor":1.0,"turns":3.0},{"damage":5.0,"enemies":"Jaw Worm","floor":3.0,"turns":3.0},{"damage":1.0,"enemies":"Cultist","floor":5.0,"turns":3.0},{"damage":11.0,"enemies":"Lagavulin","floor":6.0,"turns":4.0},{"damage":11.0,"enemies":"Large Slime","floor":7.0,"turns":5.0},{"damage":4.0,"enemies":"3 Sentries","floor":8.0,"turns":7.0},{"damage":0.0,"enemies":"Blue Slaver","floor":10.0,"turns":4.0},{"damage":0.0,"enemies":"Lots of Slimes","floor":11.0,"turns":3.0},{"damage":0.0,"enemies":"Large Slime","floor":12.0,"turns":4.0},{"damage":7.0,"enemies":"Gremlin Nob","floor":14.0,"turns":4.0},{"damage":20.0,"enemies":"The Guardian","floor":16.0,"turns":10.0},{"damage":11.0,"enemies":"2 Thieves","floor":18.0,"turns":4.0},{"damage":0,"enemies":"Shell Parasite","floor":21,"turns":3},{"damage":9,"enemies":"Book of Stabbing","floor":24,"turns":4},{"damage":14,"enemies":"Slavers","floor":28,"turns":4},{"damage":0,"enemies":"3 Cultists","floor":30,"turns":1},{"damage":7,"enemies":"Centurion and Healer","floor":31,"turns":4},{"damage":53,"enemies":"Champ","floor":33,"turns":10}],"seed_played":"-4955160806374162762","potions_obtained":[{"floor":1.0,"key":"CultistPotion"},{"floor":6.0,"key":"Ancient Potion"},{"floor":8.0,"key":"SmokeBomb"},{"floor":14.0,"key":"PowerPotion"},{"floor":28,"key":"Explosive Potion"}],"is_trial":false,"path_per_floor":["M","?","M","?","M","E","M","E","T","M","M","M","R","E","R","B",null,"M","?","$","M","?","R","E","T","T","R","E","R","M","M","R","B"],"character_chosen":"DEFECT","items_purchased":["Mercury Hourglass","Toolbox"],"campfire_rested":0,"item_purchase_floors":[20,20],"current_hp_per_floor":[68,68,63,63,62,51,40,36,36,36,36,43,43,43,43,42,62,58,52,52,52,47,47,45,45,45,45,46,46,47,47,47,0,0],"gold":274,"neow_bonus":"ONE_RARE_RELIC","is_daily":false,"chose_seed":false,"campfire_upgraded":5,"win_rate":0.0,"timestamp":1611976161,"path_taken":["M","?","M","?","M","E","M","E","T","M","M","?","R","E","R","BOSS","M","?","$","M","?","R","E","?","T","R","E","R","?","M","R","BOSS"],"items_purchased_type":["Relic","Relic"],"build_version":"2020-12-22","purchased_purges":0,"victory":false,"max_hp_per_floor":[68,68,68,68,68,68,68,68,68,68,68,68,68,68,68,68,68,68,68,68,68,47,47,47,47,47,47,47,47,47,47,47,47,47],"card_choices":[{"not_picked":["White Noise","Streamline"],"picked":"Chill","floor":1.0},{"not_picked":["Static Discharge","Hologram"],"picked":"Sweeping Beam","floor":3.0},{"not_picked":["Blizzard","Sweeping Beam"],"picked":"Redo","floor":5.0},{"not_picked":["Leap","Redo"],"picked":"Beam Cell","floor":6.0},{"not_picked":["Beam Cell","Gash"],"picked":"Barrage","floor":7.0},{"not_picked":["Conserve Battery","Steam Power"],"picked":"Cold Snap","floor":8.0},{"not_picked":["Beam Cell","Meteor Strike"],"picked":"Conserve Battery","floor":10.0},{"not_picked":["Reprogram","Defragment"],"picked":"Self Repair","floor":11.0},{"not_picked":["Steam","Storm"],"picked":"FTL","floor":12.0},{"not_picked":["Barrage","Hologram"],"picked":"Hello World","floor":14.0},{"not_picked":["Thunder Strike","Multi-Cast"],"picked":"Electrodynamics","floor":16.0},{"not_picked":["Reprogram+1","Steam"],"picked":"Rebound","floor":18.0},{"not_picked":["Chaos+1","Conserve Battery"],"picked":"Double Energy","floor":21},{"not_picked":["Barrage+1","Defragment"],"picked":"Melter","floor":24},{"not_picked":["Recycle+1","Barrage+1","Compile Driver"],"picked":"SKIP","floor":28},{"not_picked":["Biased Cognition","Gash"],"picked":"Leap","floor":30},{"not_picked":["Go for the Eyes","Conserve Battery"],"picked":"Cold Snap","floor":31}],"player_experience":778276,"relics_obtained":[{"floor":6.0,"key":"Mummified Hand"},{"floor":8.0,"key":"FossilizedHelix"},{"floor":9.0,"key":"Meat on the Bone"},{"floor":14.0,"key":"Boot"},{"floor":24,"key":"The Courier"},{"floor":25,"key":"Kunai"},{"floor":26,"key":"Happy Flower"},{"floor":28,"key":"Bag of Marbles"}],"event_choices":[{"damage_healed":0.0,"max_hp_gain":0.0,"max_hp_loss":0.0,"gold_gain":0.0,"event_name":"Living Wall","player_choice":"Grow","floor":2.0,"gold_loss":0.0,"damage_taken":0.0,"cards_upgraded":["Chill"]},{"damage_healed":0.0,"max_hp_gain":0.0,"max_hp_loss":0.0,"gold_gain":0.0,"cards_transformed":["Strike_B"],"event_name":"Transmorgrifier","player_choice":"Transformed","floor":4.0,"gold_loss":0.0,"damage_taken":0.0,"cards_obtained":["Biased Cognition"]},{"damage_healed":0.0,"max_hp_gain":0.0,"max_hp_loss":0.0,"gold_gain":0.0,"event_name":"Nest","player_choice":"Joined the Cult","floor":19.0,"gold_loss":0.0,"damage_taken":6.0,"cards_obtained":["RitualDagger"]},{"damage_healed":0,"gold_gain":0,"player_choice":"Became a vampire","damage_taken":0,"max_hp_gain":0,"max_hp_loss":21,"event_name":"Vampires","floor":22,"gold_loss":0,"cards_obtained":["Bite","Bite","Bite","Bite","Bite"]}],"is_beta":false,"boss_relics":[{"not_picked":["Calling Bell","Astrolabe"],"picked":"Nuclear Battery"}],"items_purged_floors":[],"is_endless":false,"potions_floor_spawned":[1,6,8,11,14,24,28,30],"killed_by":"Champ","ascension_level":5}}