{"host":"sygfylmorsvdndbx","time":1611985211,"event":{"mods":["AchievementEnabler","BaseMod","Highlight Path","Minty Spire (QoL Compilation)","Permanent Neow","Quick Restart","Relic Stats"],"gold_per_floor":[109,109,127,75,91,91,124,124,124,124,152,170,41,57,57,158,158,169,188,188,188,113,113,144,144,197,229,256,256,272,272,272,369,369,387,387,402,417,430,441,468,487,569,581,581,592,626,626,626,626,626,626,58,93,93],"floor_reached":56,"language":"ENG","playtime":4215,"items_purged":["Strike_R","Clothesline"],"score":1730,"play_id":"96c48d06-3070-46fc-99f7-e21bb7ecb3f9","local_time":"20210130004011","is_ascension_mode":true,"campfire_choices":[{"data":"Whirlwind","floor":6,"key":"SMITH"},{"data":"Bash","floor":8,"key":"SMITH"},{"data":"Shockwave","floor":10,"key":"SMITH"},{"floor":15,"key":"REST"},{"data":"Demon Form","floor":23,"key":"SMITH"},{"data":"Immolate","floor":25,"key":"SMITH"},{"data":"True Grit","floor":29,"key":"SMITH"},{"data":"Impervious","floor":32,"key":"SMITH"},{"floor":49,"key":"RECALL"},{"floor":52,"key":"REST"}],"circlet_count":0,"master_deck":["Bash+1","Shockwave+1","Feel No Pain","Whirlwind+1","True Grit+1","Flame Barrier","Demon Form+1","Power Through","Dark Embrace","Uppercut","Immolate+1","Twin Strike","Ghostly Armor","Impervious+1","Barricade","Clothesline+1","Pommel Strike","Second Wind","Ghostly Armor","Second Wind+1","Pummel","Heavy Blade+1","Evolve","Impervious"],"relics":["Snecko Eye","Charon\u0027s Ashes","Bottled Lightning","Tiny Chest","Pandora\u0027s Box","MutagenicStrength","Ancient Tea Set","Akabeko","Omamori","Sozu","Calipers","White Beast Statue","Pen Nib","Turnip","HornCleat","TheAbacus","Bag of Marbles"],"acts_visited":["Exordium","TheCity","TheBeyond","TheEnding"],"potions_floor_usage":[16,24,50,54,55],"damage_taken":[{"damage":3,"enemies":"Small Slimes","floor":1,"turns":4},{"damage":2,"enemies":"Cultist","floor":3,"turns":4},{"damage":12,"enemies":"2 Louse","floor":5,"turns":4},{"damage":13,"enemies":"Gremlin Nob","floor":7,"turns":3},{"damage":5,"enemies":"3 Sentries","floor":11,"turns":3},{"damage":3,"enemies":"Looter","floor":12,"turns":2},{"damage":7,"enemies":"3 Louse","floor":14,"turns":2},{"damage":4,"enemies":"Slime Boss","floor":16,"turns":5},{"damage":7,"enemies":"2 Thieves","floor":18,"turns":2},{"damage":1,"enemies":"Chosen","floor":19,"turns":3},{"damage":22,"enemies":"Slavers","floor":24,"turns":2},{"damage":0,"enemies":"Gremlin Leader","floor":27,"turns":2},{"damage":0,"enemies":"3 Cultists","floor":30,"turns":1},{"damage":16,"enemies":"Automaton","floor":33,"turns":6},{"damage":0,"enemies":"3 Darklings","floor":35,"turns":1},{"damage":20,"enemies":"3 Shapes","floor":37,"turns":4},{"damage":0,"enemies":"Transient","floor":38,"turns":5},{"damage":9,"enemies":"Spire Growth","floor":39,"turns":4},{"damage":22,"enemies":"Jaw Worm Horde","floor":40,"turns":2},{"damage":0,"enemies":"Nemesis","floor":41,"turns":5},{"damage":0,"enemies":"4 Shapes","floor":42,"turns":3},{"damage":0,"enemies":"Sphere and 2 Shapes","floor":44,"turns":2},{"damage":0,"enemies":"Spire Growth","floor":46,"turns":2},{"damage":14,"enemies":"Giant Head","floor":47,"turns":7},{"damage":0,"enemies":"Donu and Deca","floor":50,"turns":5},{"damage":7,"enemies":"Shield and Spear","floor":54,"turns":4},{"damage":43,"enemies":"The Heart","floor":55,"turns":8}],"seed_played":"-1336761530069772707","potions_obtained":[{"floor":3,"key":"Strength Potion"},{"floor":5,"key":"LiquidMemories"},{"floor":16,"key":"LiquidBronze"},{"floor":27,"key":"Weak Potion"}],"is_trial":false,"path_per_floor":["M","?","M","$","M","R","E","R","T","R","E","M","$","M","R","B",null,"M","M","?","?","?","R","E","R","T","E","T","R","M","?","R","B",null,"M","?","M","M","M","M","E","M","T","M","T","M","E","?","R","B",null,"R","$","E","B",null],"character_chosen":"IRONCLAD","items_purchased":["Fire Potion","True Grit","HornCleat","Evolve","TheAbacus"],"campfire_rested":2,"item_purchase_floors":[4,13,53,53,53],"current_hp_per_floor":[69,61,59,59,47,47,34,34,34,34,29,26,26,19,43,39,70,63,62,62,62,62,62,40,40,40,40,40,40,40,40,40,24,66,66,66,46,46,37,15,15,15,15,15,15,15,1,1,1,1,60,80,80,73,30],"gold":93,"neow_bonus":"BOSS_RELIC","is_daily":false,"chose_seed":false,"campfire_upgraded":7,"win_rate":0.0,"timestamp":1611985211,"path_taken":["M","?","M","?","?","R","E","R","T","R","E","M","$","M","R","BOSS","M","M","?","?","?","R","E","R","T","E","?","R","M","?","R","BOSS","M","?","M","?","M","M","E","M","T","M","?","M","E","?","R","BOSS","R","$","E","BOSS"],"items_purchased_type":["Potion","Card","Relic","Card","Relic"],"build_version":"2020-12-22","purchased_purges":2,"victory":true,"max_hp_per_floor":[80,80,80,80,80,80,80,80,80,80,80,80,80,80,80,80,80,80,80,80,80,80,80,80,80,80,80,80,80,80,80,80,80,80,80,80,80,80,80,80,80,80,80,80,80,80,80,80,80,80,80,80,80,80,80],"relic_stats":{"Sozu":2,"TheAbacus":[18],"counters":[27,95],"Snecko Eye":[171,133,154,177],"Tiny Chest":2,"Pandora\u0027s Box":["Power Through","Dark Embrace","Uppercut","Fire Breathing","Headbutt","Immolate","Power Through","Twin Strike"],"Charon\u0027s Ashes":[375],"Pen Nib":[5],"Turnip":[2],"obtain_stats":[{"Calipers":41,"Charon\u0027s Ashes":7,"Pen Nib":45,"Omamori":28,"Ancient Tea Set":24,"Burning Blood":0,"Akabeko":27,"White Beast Statue":43,"Sozu":34,"HornCleat":53,"TheAbacus":53,"MutagenicStrength":21,"Snecko Eye":0,"Tiny Chest":11,"Pandora\u0027s Box":17,"Turnip":47,"Bag of Marbles":54,"Bottled Lightning":9},{"Calipers":20,"Charon\u0027s Ashes":4,"Pen Nib":22,"Omamori":12,"Ancient Tea Set":11,"Burning Blood":0,"Akabeko":12,"White Beast Statue":21,"Sozu":14,"HornCleat":25,"TheAbacus":25,"MutagenicStrength":10,"Snecko Eye":0,"Tiny Chest":5,"Pandora\u0027s Box":8,"Turnip":24,"Bag of Marbles":26,"Bottled Lightning":4},{"Calipers":64,"Charon\u0027s Ashes":15,"Pen Nib":69,"Omamori":36,"Ancient Tea Set":34,"Burning Blood":0,"Akabeko":36,"White Beast Statue":67,"Sozu":43,"HornCleat":83,"TheAbacus":83,"MutagenicStrength":32,"Snecko Eye":0,"Tiny Chest":18,"Pandora\u0027s Box":27,"Turnip":78,"Bag of Marbles":87,"Bottled Lightning":15}]},"card_choices":[{"not_picked":["Headbutt","Cleave"],"picked":"Shockwave","floor":1},{"not_picked":["Sword Boomerang","Brutality"],"picked":"Feel No Pain","floor":3},{"not_picked":["Intimidate","Rage"],"picked":"Whirlwind","floor":5},{"not_picked":["Rage","Sword Boomerang"],"picked":"Clothesline","floor":7},{"not_picked":["Anger","Blood for Blood","Rampage"],"picked":"SKIP","floor":11},{"not_picked":["Searing Blow","Anger","Warcry"],"picked":"SKIP","floor":12},{"not_picked":["Pommel Strike","Heavy Blade"],"picked":"Flame Barrier","floor":14},{"not_picked":["Juggernaut","Berserk"],"picked":"Demon Form","floor":16},{"not_picked":["Inflame","Twin Strike"],"picked":"Ghostly Armor","floor":18},{"not_picked":["True Grit","Flex","Warcry+1"],"picked":"SKIP","floor":19},{"not_picked":["Thunderclap+1","Flex","Havoc"],"picked":"SKIP","floor":24},{"not_picked":["Flex","Uppercut","Armaments"],"picked":"SKIP","floor":27},{"not_picked":["Shrug It Off","Uppercut"],"picked":"Impervious","floor":30},{"not_picked":["Bludgeon","Berserk"],"picked":"Barricade","floor":33},{"not_picked":["Armaments","Heavy Blade"],"picked":"Clothesline+1","floor":35},{"not_picked":["Havoc+1","Thunderclap+1"],"picked":"Second Wind","floor":37},{"not_picked":["Inflame","Havoc+1"],"picked":"Ghostly Armor","floor":38},{"not_picked":["Wild Strike","Thunderclap"],"picked":"Second Wind+1","floor":39},{"not_picked":["Fire Breathing","Combust+1"],"picked":"Pummel","floor":40},{"not_picked":["Barricade","Thunderclap","Pummel"],"picked":"SKIP","floor":41},{"not_picked":["Perfected Strike","Shockwave+1","Clash"],"picked":"SKIP","floor":42},{"not_picked":["Carnage","Flex"],"picked":"Heavy Blade+1","floor":44},{"not_picked":["Battle Trance+1","Infernal Blade","Armaments+1"],"picked":"SKIP","floor":46},{"not_picked":["Headbutt","Warcry+1","Sever Soul"],"picked":"SKIP","floor":47},{"not_picked":["Perfected Strike","Sever Soul+1"],"picked":"Impervious","floor":54}],"player_experience":346241,"relics_obtained":[{"floor":7,"key":"Charon\u0027s Ashes"},{"floor":9,"key":"Bottled Lightning"},{"floor":11,"key":"Tiny Chest"},{"floor":24,"key":"Ancient Tea Set"},{"floor":27,"key":"Akabeko"},{"floor":28,"key":"Omamori"},{"floor":41,"key":"Calipers"},{"floor":43,"key":"White Beast Statue"},{"floor":45,"key":"Pen Nib"},{"floor":47,"key":"Turnip"},{"floor":54,"key":"Bag of Marbles"}],"event_choices":[{"damage_healed":0,"gold_gain":0,"player_choice":"Damaged","damage_taken":8,"max_hp_gain":0,"max_hp_loss":0,"event_name":"Wheel of Change","floor":2,"gold_loss":0},{"cards_removed":["Fire Breathing"],"damage_healed":0,"gold_gain":0,"player_choice":"Elegance","damage_taken":0,"max_hp_gain":0,"max_hp_loss":0,"event_name":"Back to Basics","floor":20,"gold_loss":0},{"damage_healed":0,"gold_gain":0,"player_choice":"Inject Mutagens","damage_taken":0,"relics_obtained":["MutagenicStrength"],"max_hp_gain":0,"max_hp_loss":0,"event_name":"Drug Dealer","floor":21,"gold_loss":0},{"cards_removed":["Power Through"],"damage_healed":0,"gold_gain":0,"player_choice":"Gave Gold","damage_taken":0,"max_hp_gain":0,"max_hp_loss":0,"event_name":"Beggar","floor":22,"gold_loss":75},{"damage_healed":0,"gold_gain":0,"player_choice":"Ignored","damage_taken":0,"max_hp_gain":0,"max_hp_loss":0,"event_name":"Ghosts","floor":31,"gold_loss":0},{"damage_healed":0,"gold_gain":0,"cards_transformed":["Headbutt"],"player_choice":"Transformed","damage_taken":0,"max_hp_gain":0,"max_hp_loss":0,"event_name":"Transmorgrifier","floor":36,"gold_loss":0,"cards_obtained":["Pommel Strike"]},{"damage_healed":0,"gold_gain":0,"player_choice":"Ignored","damage_taken":0,"max_hp_gain":0,"max_hp_loss":0,"event_name":"Mysterious Sphere","floor":48,"gold_loss":0}],"is_beta":false,"boss_relics":[{"not_picked":["Runic Cube","Runic Pyramid"],"picked":"Pandora\u0027s Box"},{"not_picked":["SlaversCollar","Calling Bell"],"picked":"Sozu"}],"items_purged_floors":[13,53],"is_endless":false,"potions_floor_spawned":[3,5,11,14,16,19,27,35,37,39,40,42,44,46,47,54],"ascension_level":8}}