{"host":"94aus4jnk6thj94q","time":1611992059,"event":{"mods":["BaseMod","Minty Spire (QoL Compilation)","Quick Restart","StSLib"],"gold_per_floor":[19,19,34,46,221,249,249,264,264,277,289,309,31,31,31,127,127,141,176,176],"floor_reached":19,"language":"ENG","playtime":1042,"items_purged":[],"score":171,"play_id":"46103507-30b7-476c-bd2c-85b32471d493","local_time":"20210130093419","is_ascension_mode":false,"campfire_choices":[{"floor":7.0,"key":"REST"},{"floor":15.0,"key":"REST"}],"circlet_count":0,"master_deck":["Strike_G","Strike_G","Strike_G","Strike_G","Strike_G","Defend_G","Defend_G","Defend_G","Defend_G","Defend_G","Survivor","Neutralize+1","Deadly Poison","Predator","Bane","Doubt","Noxious Fumes","Bane","Predator","Deadly Poison","Bane","Outmaneuver","A Thousand Cuts","Deflect","Parasite","Venomology"],"relics":["Ring of the Snake","White Beast Statue","Prayer Wheel","Blood Vial","Busted Crown","Red Mask"],"acts_visited":["Exordium","TheCity"],"potions_floor_usage":[18,19],"damage_taken":[{"damage":5.0,"enemies":"Small Slimes","floor":1.0,"turns":4.0},{"damage":3.0,"enemies":"Jaw Worm","floor":3.0,"turns":4.0},{"damage":4.0,"enemies":"2 Louse","floor":4.0,"turns":3.0},{"damage":45.0,"enemies":"3 Sentries","floor":6.0,"turns":11.0},{"damage":5.0,"enemies":"2 Fungi Beasts","floor":8.0,"turns":4.0},{"damage":3.0,"enemies":"Blue Slaver","floor":10.0,"turns":4.0},{"damage":0.0,"enemies":"3 Louse","floor":11.0,"turns":3.0},{"damage":9.0,"enemies":"Exordium Thugs","floor":12.0,"turns":4.0},{"damage":43.0,"enemies":"Hexaghost","floor":16.0,"turns":9.0},{"damage":2,"enemies":"Chosen","floor":18,"turns":4},{"damage":75,"enemies":"Masked Bandits","floor":19,"turns":6}],"seed_played":"8098201439623071700","potions_obtained":[{"floor":8.0,"key":"EssenceOfSteel"},{"floor":10.0,"key":"GamblersBrew"},{"floor":11.0,"key":"Fire Potion"},{"floor":12.0,"key":"Swift Potion"},{"floor":16.0,"key":"Weak Potion"},{"floor":18,"key":"SkillPotion"}],"is_trial":false,"path_per_floor":["M","?","M","M","?","E","R","M","T","M","M","M","$","?","R","B",null,"M","?"],"character_chosen":"THE_SILENT","items_purchased":["Blood Vial","A Thousand Cuts","Deflect"],"campfire_rested":2,"item_purchase_floors":[13,13,13],"current_hp_per_floor":[79,79,76,72,72,27,52,47,47,44,44,35,35,56,81,40,84,82,9,9],"gold":176,"neow_bonus":"TWENTY_PERCENT_HP_BONUS","is_daily":false,"chose_seed":false,"campfire_upgraded":0,"win_rate":0.0,"timestamp":1611992059,"path_taken":["M","?","M","M","?","E","R","M","T","M","M","M","$","?","R","BOSS","M","?"],"items_purchased_type":["Relic","Card","Card"],"build_version":"2020-12-22","purchased_purges":0,"victory":false,"max_hp_per_floor":[84,84,84,84,84,84,84,84,84,84,84,84,84,84,84,84,84,84,84,84],"card_choices":[{"not_picked":["Prepared","Outmaneuver"],"picked":"Deadly Poison","floor":1.0},{"not_picked":["Acrobatics","Dagger Throw"],"picked":"Predator","floor":3.0},{"not_picked":["Flechettes","Skewer"],"picked":"Bane","floor":4.0},{"not_picked":["Finisher","Underhanded Strike"],"picked":"Noxious Fumes","floor":6.0},{"not_picked":["Accuracy","Concentrate"],"picked":"Bane","floor":8.0},{"not_picked":["PiercingWail","Dodge and Roll"],"picked":"Predator","floor":10.0},{"not_picked":["Infinite Blades","Predator"],"picked":"Deadly Poison","floor":10.0},{"not_picked":["Eviscerate","Night Terror"],"picked":"Bane","floor":11.0},{"not_picked":["Riddle With Holes","Blade Dance","Footwork"],"picked":"SKIP","floor":11.0},{"not_picked":["Acrobatics","Endless Agony"],"picked":"Outmaneuver","floor":12.0},{"not_picked":["Eviscerate","Skewer","Underhanded Strike"],"picked":"SKIP","floor":12.0},{"not_picked":["A Thousand Cuts","Grand Finale"],"picked":"Venomology","floor":16.0},{"not_picked":["Quick Slash"],"picked":"SKIP","floor":18},{"not_picked":["Underhanded Strike+1"],"picked":"SKIP","floor":18}],"player_experience":6015063,"relics_obtained":[{"floor":6.0,"key":"White Beast Statue"},{"floor":9.0,"key":"Prayer Wheel"},{"floor":19,"key":"Red Mask"}],"event_choices":[{"damage_healed":0.0,"max_hp_gain":0.0,"max_hp_loss":0.0,"gold_gain":0.0,"event_name":"Living Wall","player_choice":"Grow","floor":2.0,"gold_loss":0.0,"damage_taken":0.0,"cards_upgraded":["Neutralize"]},{"damage_healed":0.0,"max_hp_gain":0.0,"max_hp_loss":0.0,"gold_gain":175.0,"event_name":"Liars Game","player_choice":"AGREE","floor":5.0,"gold_loss":0.0,"damage_taken":0.0,"cards_obtained":["Doubt"]},{"damage_healed":21.0,"max_hp_gain":0.0,"max_hp_loss":0.0,"gold_gain":0.0,"event_name":"Mushrooms","player_choice":"Healed and dodged fight","floor":14.0,"gold_loss":0.0,"damage_taken":0.0,"cards_obtained":["Parasite"]},{"damage_healed":0,"gold_gain":0,"player_choice":"Fought Bandits","damage_taken":0,"max_hp_gain":0,"max_hp_loss":0,"event_name":"Masked Bandits","floor":19,"gold_loss":0}],"is_beta":false,"boss_relics":[{"not_picked":["Ectoplasm","HoveringKite"],"picked":"Busted Crown"}],"items_purged_floors":[],"is_endless":false,"potions_floor_spawned":[8,10,11,12,16,18,19],"killed_by":"Masked Bandits","ascension_level":0}}