{"host":"2se5dq1do2gp0x9k","time":1611976318,"event":{"mods":["AchievementEnabler","BaseMod","Block Reminder","Colored Map","Colored Powertips","Minty Spire (QoL Compilation)","Relic Stats","StSLib","SuperFastMode"],"gold_per_floor":[117,136,5,15,27,27,56,56,111,74,86,118,118,131,131,131,131],"floor_reached":16,"language":"ENG","playtime":1100,"items_purged":[],"score":224,"play_id":"386adabf-64b5-4286-9959-180a0930b8c2","local_time":"20210129191158","is_ascension_mode":true,"campfire_choices":[{"data":"Sweeping Beam","floor":6,"key":"SMITH"},{"data":"Chill","floor":8,"key":"SMITH"},{"data":"Go for the Eyes","floor":13,"key":"SMITH"},{"data":"Zap","floor":15,"key":"SMITH"}],"circlet_count":0,"master_deck":["AscendersBane","Strike_B","Strike_B","Strike_B","Strike_B","Defend_B","Defend_B","Defend_B","Defend_B","Zap+1","Dualcast","Steam","Sweeping Beam+1","Gash","Go for the Eyes+1","Coolheaded","Leap","Chill+1","Gash","BootSequence","Coolheaded"],"relics":["Cracked Core","NeowsBlessing","Bottled Flame","Happy Flower","Dream Catcher"],"acts_visited":["Exordium"],"potions_floor_usage":[12,16,16],"damage_taken":[{"damage":0,"enemies":"Cultist","floor":1,"turns":1},{"damage":0,"enemies":"2 Louse","floor":2,"turns":1},{"damage":0,"enemies":"Small Slimes","floor":4,"turns":1},{"damage":0,"enemies":"3 Louse","floor":5,"turns":3},{"damage":8,"enemies":"Lagavulin","floor":7,"turns":9},{"damage":9,"enemies":"Exordium Wildlife","floor":11,"turns":4},{"damage":26,"enemies":"Gremlin Nob","floor":12,"turns":4},{"damage":5,"enemies":"2 Fungi Beasts","floor":14,"turns":4},{"damage":22,"enemies":"Hexaghost","floor":16,"turns":14}],"seed_played":"-476714699562122273","potions_obtained":[{"floor":4,"key":"AttackPotion"},{"floor":11,"key":"Swift Potion"},{"floor":14,"key":"Block Potion"}],"is_trial":false,"path_per_floor":["M","M","$","M","M","R","E","R","T","$","M","E","R","M","R","B"],"character_chosen":"DEFECT","items_purchased":["Gash","Go for the Eyes","Coolheaded","BootSequence"],"campfire_rested":0,"item_purchase_floors":[3,3,3,10],"current_hp_per_floor":[64,64,64,64,64,64,56,56,56,56,47,21,21,16,16,0,0],"gold":131,"neow_bonus":"THREE_ENEMY_KILL","is_daily":false,"chose_seed":false,"campfire_upgraded":4,"win_rate":0.0,"timestamp":1611976318,"path_taken":["M","M","$","?","M","R","E","R","T","?","M","E","R","M","R","BOSS"],"items_purchased_type":["Card","Card","Card","Card"],"build_version":"2020-12-22","purchased_purges":0,"victory":false,"max_hp_per_floor":[71,71,71,71,71,71,71,71,71,71,71,71,71,71,71,71,71],"relic_stats":{"Dream Catcher":0,"Happy Flower":[8],"counters":[9,41],"obtain_stats":[{"Bottled Flame":7,"Dream Catcher":12,"NeowsBlessing":0,"Happy Flower":9,"Cracked Core":0},{"Bottled Flame":5,"Dream Catcher":7,"NeowsBlessing":0,"Happy Flower":5,"Cracked Core":0},{"Bottled Flame":15,"Dream Catcher":23,"NeowsBlessing":0,"Happy Flower":15,"Cracked Core":0}]},"card_choices":[{"not_picked":["Steam Power","Turbo"],"picked":"Steam","floor":1},{"not_picked":["Leap","Scrape"],"picked":"Sweeping Beam","floor":2},{"not_picked":["Double Energy","Redo"],"picked":"Leap","floor":4},{"not_picked":["Consume","Rebound"],"picked":"Chill","floor":5},{"not_picked":["Hyperbeam","Go for the Eyes"],"picked":"Gash","floor":7},{"not_picked":["Force Field","Rebound","Turbo"],"picked":"SKIP","floor":11},{"not_picked":["Streamline","Turbo","Storm"],"picked":"SKIP","floor":12},{"not_picked":["Meteor Strike","BootSequence"],"picked":"Coolheaded","floor":14}],"player_experience":3970449,"relics_obtained":[{"floor":7,"key":"Bottled Flame"},{"floor":9,"key":"Happy Flower"},{"floor":12,"key":"Dream Catcher"}],"event_choices":[],"is_beta":false,"boss_relics":[],"items_purged_floors":[],"is_endless":false,"potions_floor_spawned":[4,11,14],"killed_by":"Hexaghost","ascension_level":20}}