{"host":"q0qnzbgdx8oqogg9","time":1611965038,"event":{"mods":["BaseMod","Minty Spire (QoL Compilation)","StSLib"],"gold_per_floor":[116,127,142,142,153,188,188,205,205,224,5,24,24,55,55,130,130,145,145,162,179,179,206,206,51,78,104,114,149,165,165,165,242,242,261,261,10,24,40,75,75,102,102,114,114,124,124,137,137,137,137,137,99,127,127,127],"floor_reached":55,"language":"ENG","playtime":4244,"items_purged":["Strike_G","Strike_G"],"score":1445,"play_id":"34b7c14c-f64e-490a-bd88-b4bad828431f","local_time":"20210129190358","is_ascension_mode":true,"campfire_choices":[{"data":"Cloak And Dagger","floor":7.0,"key":"SMITH"},{"data":"Blade Dance","floor":13.0,"key":"SMITH"},{"data":"Dagger Throw","floor":15.0,"key":"SMITH"},{"data":"Adrenaline","floor":24.0,"key":"SMITH"},{"data":"Terror","floor":32.0,"key":"SMITH"},{"floor":41.0,"key":"DIG"},{"floor":45.0,"key":"DIG"},{"floor":49,"key":"RECALL"},{"floor":52,"key":"DIG"}],"circlet_count":0,"master_deck":["AscendersBane","Strike_G","Defend_G","Defend_G+1","Defend_G+1","Defend_G","Survivor","Neutralize+1","Doppelganger+1","Endless Agony+1","Finisher+1","Cloak And Dagger+1","Riddle With Holes","Blade Dance+1","Dagger Throw+1","Backflip","Well Laid Plans","Die Die Die","Adrenaline+1","CurseOfTheBell","Terror+1","Adrenaline","Dodge and Roll","Footwork","Expertise+1","Dagger Throw+1","Adrenaline+1","PiercingWail+1","Leg Sweep+1"],"relics":["Astrolabe","StrikeDummy","Bottled Lightning","Oddly Smooth Stone","White Beast Statue","Calling Bell","Strawberry","Kunai","Gambling Chip","Letter Opener","War Paint","MealTicket","Darkstone Periapt","Philosopher\u0027s Stone","Shovel","PreservedInsect","Frozen Egg 2","Vajra","Eternal Feather","Toy Ornithopter","Toxic Egg 2","HornCleat","Lantern"],"acts_visited":["Exordium","TheCity","TheBeyond","TheEnding"],"potions_floor_usage":[50,54,55],"damage_taken":[{"damage":0.0,"enemies":"Small Slimes","floor":1.0,"turns":3.0},{"damage":2.0,"enemies":"2 Louse","floor":2.0,"turns":2.0},{"damage":1.0,"enemies":"Jaw Worm","floor":3.0,"turns":2.0},{"damage":0.0,"enemies":"Gremlin Gang","floor":5.0,"turns":5.0},{"damage":0.0,"enemies":"Lagavulin","floor":6.0,"turns":4.0},{"damage":3.0,"enemies":"Looter","floor":8.0,"turns":2.0},{"damage":6.0,"enemies":"Lots of Slimes","floor":10.0,"turns":3.0},{"damage":6.0,"enemies":"3 Louse","floor":12.0,"turns":4.0},{"damage":9.0,"enemies":"Gremlin Nob","floor":14.0,"turns":3.0},{"damage":0.0,"enemies":"Slime Boss","floor":16.0,"turns":3.0},{"damage":2.0,"enemies":"Shell Parasite","floor":18.0,"turns":3.0},{"damage":0.0,"enemies":"3 Byrds","floor":20.0,"turns":4.0},{"damage":7.0,"enemies":"Snake Plant","floor":21.0,"turns":5.0},{"damage":8.0,"enemies":"Slavers","floor":23.0,"turns":3.0},{"damage":9.0,"enemies":"Book of Stabbing","floor":27.0,"turns":5.0},{"damage":0.0,"enemies":"Centurion and Healer","floor":28.0,"turns":4.0},{"damage":9.0,"enemies":"Slavers","floor":29.0,"turns":4.0},{"damage":0.0,"enemies":"Sentry and Sphere","floor":30.0,"turns":3.0},{"damage":15.0,"enemies":"Champ","floor":33.0,"turns":13.0},{"damage":11.0,"enemies":"3 Darklings","floor":35.0,"turns":13.0},{"damage":0.0,"enemies":"Orb Walker","floor":38.0,"turns":3.0},{"damage":4.0,"enemies":"Transient","floor":39.0,"turns":5.0},{"damage":7.0,"enemies":"Nemesis","floor":40.0,"turns":5.0},{"damage":0.0,"enemies":"Reptomancer","floor":42.0,"turns":2.0},{"damage":5.0,"enemies":"Writhing Mass","floor":44.0,"turns":6.0},{"damage":4.0,"enemies":"Maw","floor":46.0,"turns":7.0},{"damage":3.0,"enemies":"4 Shapes","floor":48.0,"turns":4.0},{"damage":12,"enemies":"Awakened One","floor":50,"turns":19},{"damage":38,"enemies":"Shield and Spear","floor":54,"turns":7},{"damage":46,"enemies":"The Heart","floor":55,"turns":5}],"seed_played":"-7198958116303770567","potions_obtained":[{"floor":3.0,"key":"Fire Potion"},{"floor":8.0,"key":"DuplicationPotion"},{"floor":10.0,"key":"FearPotion"},{"floor":14.0,"key":"Energy Potion"},{"floor":16.0,"key":"LiquidBronze"},{"floor":18.0,"key":"EssenceOfSteel"},{"floor":23.0,"key":"GhostInAJar"},{"floor":27.0,"key":"BlessingOfTheForge"},{"floor":28.0,"key":"Energy Potion"},{"floor":29.0,"key":"Energy Potion"},{"floor":33.0,"key":"Strength Potion"},{"floor":35.0,"key":"Block Potion"},{"floor":38.0,"key":"FearPotion"},{"floor":40.0,"key":"Energy Potion"},{"floor":42.0,"key":"Block Potion"},{"floor":44.0,"key":"CunningPotion"},{"floor":46.0,"key":"ColorlessPotion"},{"floor":48.0,"key":"ColorlessPotion"},{"floor":54,"key":"DistilledChaos"}],"is_trial":false,"path_per_floor":["M","M","M","?","M","E","R","M","T","M","$","M","R","E","R","B",null,"M","?","M","M","?","E","R","$","T","E","M","E","M","?","R","B",null,"M","?","$","M","M","E","R","E","T","M","R","M","?","M","R","B",null,"R","$","E","B"],"character_chosen":"THE_SILENT","items_purchased":["Oddly Smooth Stone","War Paint","PreservedInsect","Leg Sweep+1"],"campfire_rested":0,"item_purchase_floors":[11,25,37,53],"current_hp_per_floor":[63,61,60,60,60,60,60,57,57,51,51,45,45,36,36,36,69,67,67,67,60,60,52,52,52,52,43,43,34,34,34,34,19,63,52,52,67,67,63,56,56,56,56,51,66,67,67,69,77,65,74,77,77,39,0,0],"gold":127,"neow_bonus":"BOSS_RELIC","is_daily":false,"chose_seed":false,"campfire_upgraded":5,"win_rate":0.0,"timestamp":1611965038,"path_taken":["M","M","M","?","M","E","R","M","T","M","$","M","R","E","R","BOSS","M","?","M","M","?","E","R","$","T","E","M","E","M","?","R","BOSS","M","?","$","M","?","E","R","E","T","M","R","M","?","?","R","BOSS","R","$","E","BOSS"],"items_purchased_type":["Relic","Relic","Relic","Card"],"build_version":"2020-12-22","purchased_purges":2,"victory":false,"max_hp_per_floor":[70,70,70,70,70,70,70,70,70,70,70,70,70,70,70,70,77,77,77,77,77,77,77,77,77,77,77,77,77,77,77,77,77,77,77,77,77,77,77,77,77,77,77,77,77,77,77,77,77,77,77,77,77,77,77,77],"card_choices":[{"not_picked":["Slice","Prepared"],"picked":"Cloak And Dagger","floor":1.0},{"not_picked":["Underhanded Strike","Bane","Heel Hook"],"picked":"SKIP","floor":2.0},{"not_picked":["Outmaneuver","Bane"],"picked":"Riddle With Holes","floor":3.0},{"not_picked":["Dodge and Roll","Tactician"],"picked":"Blade Dance","floor":5.0},{"not_picked":["Phantasmal Killer","Quick Slash"],"picked":"Dagger Throw","floor":6.0},{"not_picked":["Flying Knee","Dagger Spray","Cloak And Dagger"],"picked":"SKIP","floor":8.0},{"not_picked":["Acrobatics","Sucker Punch"],"picked":"Backflip","floor":10.0},{"not_picked":["Reflex","Dagger Throw"],"picked":"Well Laid Plans","floor":12.0},{"not_picked":["Flying Knee","Sucker Punch"],"picked":"Die Die Die","floor":14.0},{"not_picked":["Storm of Steel","Tools of the Trade"],"picked":"Adrenaline","floor":16.0},{"not_picked":["PiercingWail+1","Blade Dance"],"picked":"Terror","floor":18.0},{"not_picked":["Terror","Deflect+1","Slice"],"picked":"SKIP","floor":20.0},{"not_picked":["Distraction","Acrobatics","Underhanded Strike"],"picked":"SKIP","floor":21.0},{"not_picked":["Distraction","Crippling Poison","Backflip+1"],"picked":"SKIP","floor":23.0},{"not_picked":["Acrobatics","Bane"],"picked":"Adrenaline","floor":27.0},{"not_picked":["Accuracy","PiercingWail","Outmaneuver"],"picked":"SKIP","floor":28.0},{"not_picked":["Bullet Time","Venomology"],"picked":"Dodge and Roll","floor":29.0},{"not_picked":["Reflex+1","Bane+1"],"picked":"Footwork","floor":30.0},{"not_picked":["Setup","Dodge and Roll","Poisoned Stab"],"picked":"SKIP","floor":35.0},{"not_picked":["Terror","Flying Knee","Outmaneuver"],"picked":"SKIP","floor":38.0},{"not_picked":["Bane","Acrobatics+1"],"picked":"Expertise+1","floor":39.0},{"not_picked":["Bane","Acrobatics","Poisoned Stab"],"picked":"SKIP","floor":40.0},{"not_picked":["Quick Slash","Deadly Poison","Storm of Steel"],"picked":"SKIP","floor":42.0},{"not_picked":["Acrobatics+1","Prepared+1","Dodge and Roll"],"picked":"SKIP","floor":44.0},{"not_picked":["Poisoned Stab+1","Acrobatics+1"],"picked":"Dagger Throw+1","floor":46.0},{"not_picked":["Leg Sweep+1","Sucker Punch"],"picked":"PiercingWail+1","floor":48.0},{"not_picked":["Outmaneuver+1","Flying Knee","Dagger Spray"],"picked":"SKIP","floor":54}],"player_experience":317547,"relics_obtained":[{"floor":6.0,"key":"StrikeDummy"},{"floor":9.0,"key":"Bottled Lightning"},{"floor":14.0,"key":"White Beast Statue"},{"floor":17.0,"key":"Strawberry"},{"floor":17.0,"key":"Kunai"},{"floor":17.0,"key":"Gambling Chip"},{"floor":23.0,"key":"Letter Opener"},{"floor":27.0,"key":"MealTicket"},{"floor":29.0,"key":"Darkstone Periapt"},{"floor":40.0,"key":"Frozen Egg 2"},{"floor":41.0,"key":"Vajra"},{"floor":42.0,"key":"Eternal Feather"},{"floor":43.0,"key":"Toy Ornithopter"},{"floor":45.0,"key":"Toxic Egg 2"},{"floor":52,"key":"HornCleat"},{"floor":54,"key":"Lantern"}],"event_choices":[{"damage_healed":0.0,"max_hp_gain":0.0,"max_hp_loss":0.0,"gold_gain":0.0,"event_name":"Living Wall","player_choice":"Grow","floor":4.0,"gold_loss":0.0,"damage_taken":0.0,"cards_upgraded":["Neutralize"]},{"damage_healed":0.0,"max_hp_gain":0.0,"max_hp_loss":0.0,"gold_gain":0.0,"event_name":"The Mausoleum","player_choice":"Ignored","floor":19.0,"gold_loss":0.0,"damage_taken":0.0},{"damage_healed":0.0,"max_hp_gain":0.0,"max_hp_loss":0.0,"gold_gain":0.0,"event_name":"Vampires","player_choice":"Ignored","floor":22.0,"gold_loss":0.0,"damage_taken":0.0},{"damage_healed":0.0,"max_hp_gain":0.0,"max_hp_loss":0.0,"gold_gain":0.0,"event_name":"Ghosts","player_choice":"Ignored","floor":31.0,"gold_loss":0.0,"damage_taken":0.0},{"damage_healed":0.0,"max_hp_gain":0.0,"max_hp_loss":0.0,"gold_gain":0.0,"event_name":"WeMeetAgain","player_choice":"Gave Potion","floor":36.0,"gold_loss":0.0,"damage_taken":0.0,"relics_obtained":["Shovel"]},{"damage_healed":0.0,"max_hp_gain":0.0,"max_hp_loss":0.0,"gold_gain":0.0,"event_name":"Duplicator","player_choice":"Copied","floor":47.0,"gold_loss":0.0,"damage_taken":0.0,"cards_obtained":["Adrenaline"]}],"is_beta":false,"boss_relics":[{"not_picked":["HoveringKite","Sozu"],"picked":"Calling Bell"},{"not_picked":["Runic Dome","Runic Pyramid"],"picked":"Philosopher\u0027s Stone"}],"items_purged_floors":[11,37],"is_endless":false,"potions_floor_spawned":[3,8,10,14,16,18,20,21,23,27,28,29,30,33,35,38,39,40,42,44,46,48,54],"killed_by":"The Heart","ascension_level":13}}