{"host":"Zandorum","time":1611998038,"event":{"mods":["100% Spire Juice","2.2 Compatiblity","Act Like it!","Bard","BaseMod","Downfall","Hermit","Hubris","Jorbs\u0027s Wanderer Trilogy","Mimic Mod","Minty Spire (QoL Compilation)","Quick Restart","Rare Cards Sparkle","Reorder Act Four","Somnambulant","StSLib","The Cursed","The Disciple","The Hierophant","The Jungle","The Runesmith"],"gold_per_floor":[99,114,126,5,5,39,90,0,0,20,20,44,6,6,16,118,118,118,138,23,36,36,36,36,36],"floor_reached":23,"language":"ENG","playtime":1276,"items_purged":["Slimebound:Strike_Slimebound","downfall:Malfunctioning"],"score":187,"play_id":"cca6238b-bbb5-4fae-a146-f965d17f4731","local_time":"20210130011358","is_ascension_mode":false,"campfire_choices":[{"data":"Slimebound:Split","floor":1,"key":"SMITH"},{"floor":9,"key":"REST"},{"data":"Slimebound:Replication","floor":18,"key":"SMITH"}],"circlet_count":0,"master_deck":["Slimebound:Strike_Slimebound","Slimebound:Strike_Slimebound","Slimebound:Tackle","Slimebound:Defend_Slimebound+1","Slimebound:Defend_Slimebound","Slimebound:Defend_Slimebound","Slimebound:Defend_Slimebound+1","Slimebound:Split+1","Slimebound:CorrosiveSpit","Slimebound:SlimeTap","Slimebound:Chomp+1","Slimebound:HauntingLick","Slimebound:Equalize","Slimebound:WasteNot","Slimebound:Dissolve","Slimebound:LevelUp+1","Slimebound:Replication+1","Slimebound:SplitLeeching","Slimebound:RollThrough","Slimebound:PressTheAttack","Slimebound:OozeBath","Slimebound:HauntingLick","Slimebound:ComboTackle"],"relics":["Slimebound:AbsorbEndCombat","Runesmith:AutoHammer","Odd Mushroom","hubris:Towel","Nloth\u0027s Gift"],"acts_visited":["Exordium","TheCity"],"potions_floor_usage":[13,15,16,19,20,23],"damage_taken":[{"damage":9,"enemies":"Cultist","floor":2,"turns":3},{"damage":14,"enemies":"Small Slimes","floor":3,"turns":3},{"damage":3,"enemies":"downfall:FleeingMerchant","floor":4,"turns":4},{"damage":40,"enemies":"3 Sentries","floor":6,"turns":6},{"damage":16,"enemies":"downfall:FleeingMerchant","floor":8,"turns":4},{"damage":9,"enemies":"Jaw Worm","floor":10,"turns":2},{"damage":34,"enemies":"The Mushroom Lair","floor":12,"turns":4},{"damage":6,"enemies":"downfall:FleeingMerchant","floor":13,"turns":4},{"damage":1,"enemies":"2 Fungi Beasts","floor":15,"turns":3},{"damage":46,"enemies":"SI_SHIV_ARCHETYPE","floor":16,"turns":6},{"damage":28,"enemies":"Shell Parasite","floor":19,"turns":5},{"damage":15,"enemies":"downfall:FleeingMerchant","floor":20,"turns":4},{"damage":24,"enemies":"Spheric Guardian","floor":21,"turns":4},{"damage":51,"enemies":"Cultist and Chosen","floor":23,"turns":6}],"seed_played":"-7111402161838573616","potions_obtained":[{"floor":6,"key":"Swift Potion"},{"floor":10,"key":"Slimebound:SlimyTonguePotion"},{"floor":12,"key":"Block Potion"},{"floor":15,"key":"AttackPotion"},{"floor":19,"key":"Weak Potion"},{"floor":21,"key":"SkillPotion"}],"is_trial":false,"path_per_floor":["R","M","M","$","?","E","T","$","R","M","?","?","$","?","M","B",null,"R","M","$","M","?","M"],"character_chosen":"SLIMEBOUND","items_purchased":["Slimebound:HauntingLick","Slimebound:Equalize","Slimebound:RollThrough"],"campfire_rested":1,"item_purchase_floors":[4,4,13],"current_hp_per_floor":[71,64,52,53,53,25,25,19,40,41,41,21,31,31,36,8,71,71,51,46,36,36,0,0,0],"gold":36,"neow_bonus":"TEN_PERCENT_HP_BONUS","is_daily":false,"chose_seed":false,"campfire_upgraded":2,"win_rate":0.0,"timestamp":1611998038,"path_taken":["R","M","?","$","?","E","T","$","R","M","?","?","$","?","M","BOSS","R","M","$","M","?","?"],"items_purchased_type":["Card","Card","Card"],"build_version":"2020-12-18","purchased_purges":2,"victory":false,"max_hp_per_floor":[71,71,71,71,71,71,71,71,71,71,71,71,71,71,71,71,71,71,71,71,71,71,71,71,71],"card_choices":[{"not_picked":["Slimebound:PressTheAttack","Slimebound:LeechEnergy"],"picked":"Slimebound:SlimeTap","floor":2},{"not_picked":["Slimebound:SpikyOuterGoop","Slimebound:ComboTackle"],"picked":"Slimebound:Chomp","floor":3},{"not_picked":["Slimebound:LeechingTouch","Slimebound:FormOfPuddle","Slimebound:Prepare"],"picked":"SKIP","floor":4},{"not_picked":["Slimebound:SplitAcid","Slimebound:LivingWall"],"picked":"Slimebound:WasteNot","floor":6},{"not_picked":["Slimebound:SlimeSpikes","Slimebound:SplitMire"],"picked":"Slimebound:Dissolve","floor":8},{"not_picked":["Slimebound:GoopSpray","Slimebound:DisruptingSlam"],"picked":"Slimebound:LevelUp","floor":10},{"not_picked":["Slimebound:ViciousTackle","Slimebound:OneTwoCombo"],"picked":"Slimebound:Replication","floor":12},{"not_picked":["Slimebound:ComboTackle","Slimebound:LevelUp"],"picked":"Slimebound:SplitLeeching","floor":13},{"not_picked":["Slimebound:LevelUp","Slimebound:GoopTackle"],"picked":"Slimebound:PressTheAttack","floor":15},{"not_picked":["Slimebound:MassFeed","Slimebound:Overexert"],"picked":"Slimebound:OozeBath","floor":16},{"not_picked":["Slimebound:Dissolve","Slimebound:FormOfPuddle"],"picked":"Slimebound:HauntingLick","floor":19},{"not_picked":["Slimebound:HauntingLick","Slimebound:SplitMire","Slimebound:FlameTackle"],"picked":"SKIP","floor":20},{"not_picked":["Slimebound:FinishingTackle","Slimebound:SplitMire"],"picked":"Slimebound:ComboTackle","floor":21}],"player_experience":167246,"relics_obtained":[{"floor":6,"key":"Runesmith:AutoHammer"},{"floor":7,"key":"Blood Vial"},{"floor":12,"key":"Odd Mushroom"}],"event_choices":[{"damage_healed":0,"gold_gain":0,"player_choice":"Fought Mushrooms","damage_taken":0,"max_hp_gain":0,"max_hp_loss":0,"event_name":"Mushrooms","floor":12,"gold_loss":0}],"is_beta":true,"boss_relics":[{"not_picked":["hubris:RunicObelisk","Velvet Choker","Cursed Key"]}],"items_purged_floors":[8,20],"is_endless":false,"potions_floor_spawned":[6,10,12,15,19,21],"killed_by":"Cultist and Chosen","ascension_level":0}}