{"host":"3l94tha3a4jgu0q4","time":1611975213,"event":{"mods":["2.2 Compatiblity","AchievementEnabler","BaseMod","Colored Map","Colored Powertips","Highlight Path","Minty Spire (QoL Compilation)","Permanent Neow","StSLib","SuperFastMode","The IronCluck","slay the spire mod where everything is the same but ironclad has a cowboy hat"],"gold_per_floor":[109,125,137,23,23,57,57,4,4,4,38,52,52,71,71,175,175,155,155,171,171,182,13,13,13,13,25,43,43,63,63,63,164,164,183,19,69,84,94,119,134,150,203,203,234,234,234,248,248,248,248,248,20,53,53,53],"floor_reached":55,"language":"ENG","playtime":2819,"items_purged":["Strike_P","Strike_P","Pain","Doubt"],"score":789,"play_id":"c9ad8647-be1f-4ce0-9050-829afa9ac27b","local_time":"20210129185333","is_ascension_mode":false,"campfire_choices":[{"data":"Eruption","floor":7.0,"key":"SMITH"},{"data":"MentalFortress","floor":13.0,"key":"SMITH"},{"data":"Evaluate","floor":15.0,"key":"SMITH"},{"floor":25.0,"key":"RECALL"},{"floor":29.0,"key":"REST"},{"floor":32.0,"key":"REST"},{"floor":47.0,"key":"REST"},{"floor":49.0,"key":"REST"},{"floor":52,"key":"REST"}],"circlet_count":0,"master_deck":["Eruption+1","Vigilance","EmptyFist","Evaluate+1","Halt","MentalFortress+1","EmptyBody","FlurryOfBlows","WaveOfTheHand+1","InnerPeace+1","Scrawl+1","FearNoEvil","Protect+1","FlurryOfBlows","Crescendo+1","MentalFortress","EmptyMind+1","TalkToTheHand","EmptyBody+1","Judgement+1","Halt+1","SashWhip","SignatureMove","CrushJoints","Indignation+1","Adaptation","FlyingSleeves+1","MentalFortress","MentalFortress+1","EmptyBody+1","Vault+1","ClearTheMind+1","Evaluate+1","ClearTheMind+1","Dark Shackles+1","Crescendo+1","TalkToTheHand","Scrawl+1"],"relics":["Cursed Key","Ornamental Fan","War Paint","Toxic Egg 2","Mummified Hand","Fusion Hammer","Happy Flower","Pandora\u0027s Box","GoldenEye","Incense Burner","CloakClasp","Lizard Tail"],"acts_visited":["Exordium","TheCity","TheBeyond","TheEnding"],"potions_floor_usage":[55,55],"damage_taken":[{"damage":0.0,"enemies":"2 Louse","floor":1.0,"turns":2.0},{"damage":10.0,"enemies":"Jaw Worm","floor":2.0,"turns":4.0},{"damage":0.0,"enemies":"Small Slimes","floor":3.0,"turns":2.0},{"damage":4.0,"enemies":"3 Sentries","floor":6.0,"turns":12.0},{"damage":4.0,"enemies":"Lagavulin","floor":11.0,"turns":11.0},{"damage":0.0,"enemies":"Blue Slaver","floor":12.0,"turns":4.0},{"damage":3.0,"enemies":"3 Louse","floor":14.0,"turns":4.0},{"damage":9.0,"enemies":"The Guardian","floor":16.0,"turns":9.0},{"damage":0.0,"enemies":"2 Thieves","floor":18.0,"turns":4.0},{"damage":0.0,"enemies":"Chosen","floor":20.0,"turns":4.0},{"damage":0.0,"enemies":"Snake Plant","floor":22.0,"turns":7.0},{"damage":9.0,"enemies":"Snecko","floor":27.0,"turns":8.0},{"damage":20.0,"enemies":"Centurion and Healer","floor":28.0,"turns":11.0},{"damage":22.0,"enemies":"Snake Plant","floor":30.0,"turns":6.0},{"damage":51.0,"enemies":"Automaton","floor":33.0,"turns":15.0},{"damage":22.0,"enemies":"3 Shapes","floor":35.0,"turns":4.0},{"damage":5.0,"enemies":"Mind Bloom Boss Battle","floor":37.0,"turns":4.0},{"damage":0.0,"enemies":"3 Darklings","floor":38.0,"turns":5.0},{"damage":0.0,"enemies":"Transient","floor":39.0,"turns":5.0},{"damage":0.0,"enemies":"Reptomancer","floor":40.0,"turns":5.0},{"damage":0.0,"enemies":"Spire Growth","floor":41.0,"turns":2.0},{"damage":0.0,"enemies":"Sphere and 2 Shapes","floor":42.0,"turns":4.0},{"damage":9.0,"enemies":"Nemesis","floor":45.0,"turns":9.0},{"damage":3.0,"enemies":"4 Shapes","floor":48.0,"turns":4.0},{"damage":28.0,"enemies":"Awakened One","floor":50.0,"turns":19.0},{"damage":45,"enemies":"Shield and Spear","floor":54,"turns":13},{"damage":155,"enemies":"The Heart","floor":55,"turns":13}],"seed_played":"410236148895766158","potions_obtained":[{"floor":1.0,"key":"Swift Potion"},{"floor":11.0,"key":"ColorlessPotion"},{"floor":14.0,"key":"AttackPotion"},{"floor":27.0,"key":"PowerPotion"},{"floor":30.0,"key":"Strength Potion"},{"floor":33.0,"key":"LiquidBronze"},{"floor":37.0,"key":"SkillPotion"},{"floor":40.0,"key":"SmokeBomb"},{"floor":42.0,"key":"SpeedPotion"},{"floor":46.0,"key":"Swift Potion"},{"floor":48.0,"key":"Regen Potion"}],"is_trial":false,"path_per_floor":["M","M","M","$","?","E","R","$","T","?","E","M","R","M","R","B",null,"M","?","M","?","M","$","?","R","T","M","M","R","M","$","R","B",null,"M","$","?","M","M","E","M","M","T","?","E","?","R","M","R","B",null,"R","$","E","B"],"character_chosen":"WATCHER","items_purchased":["MentalFortress","EmptyBody","MentalFortress","MentalFortress","TalkToTheHand"],"campfire_rested":5,"item_purchase_floors":[4,8,23,36,53],"current_hp_per_floor":[72,62,62,62,55,51,51,51,51,44,40,40,40,37,37,28,72,72,72,72,72,72,72,59,59,59,50,30,53,31,31,54,3,77,55,55,50,50,50,50,50,50,50,50,41,41,64,61,77,49,77,77,77,32,0,0],"gold":53,"neow_bonus":"BOSS_RELIC","is_daily":false,"chose_seed":false,"campfire_upgraded":3,"win_rate":0.0,"timestamp":1611975213,"path_taken":["M","M","M","$","?","E","R","$","T","?","E","M","R","M","R","BOSS","M","?","M","?","M","$","?","R","T","M","M","R","M","?","R","BOSS","M","$","?","M","M","E","M","M","T","?","E","?","R","M","R","BOSS","R","$","E","BOSS"],"items_purchased_type":["Card","Card","Card","Card","Card"],"build_version":"2020-12-22","purchased_purges":4,"victory":false,"max_hp_per_floor":[72,72,72,72,72,72,72,72,72,72,72,72,72,72,72,72,72,72,72,72,72,72,72,77,77,77,77,77,77,77,77,77,77,77,77,77,77,77,77,77,77,77,77,77,77,77,77,77,77,77,77,77,77,77,77,77],"card_choices":[{"not_picked":["WaveOfTheHand","PathToVictory"],"picked":"EmptyFist","floor":1.0},{"not_picked":["CutThroughFate","FollowUp"],"picked":"Evaluate","floor":2.0},{"not_picked":["ThirdEye","CutThroughFate"],"picked":"Halt","floor":3.0},{"not_picked":["Prostrate","ThirdEye","Wireheading"],"picked":"SKIP","floor":6.0},{"not_picked":["Tantrum","Wish+1"],"picked":"FlurryOfBlows","floor":11.0},{"not_picked":["Evaluate+1","PathToVictory+1"],"picked":"WaveOfTheHand+1","floor":12.0},{"not_picked":["Weave","CrushJoints"],"picked":"InnerPeace+1","floor":14.0},{"not_picked":["Omniscience+1","DeusExMachina+1"],"picked":"Scrawl+1","floor":16.0},{"not_picked":["Protect+1","BowlingBash"],"picked":"FearNoEvil","floor":18.0},{"not_picked":["Swivel+1","ReachHeaven"],"picked":"Protect+1","floor":20.0},{"not_picked":["EmptyBody+1","MasterReality"],"picked":"Crescendo+1","floor":22.0},{"not_picked":["Halt+1","Fasting2"],"picked":"EmptyMind+1","floor":27.0},{"not_picked":["Consecrate+1","ThirdEye+1"],"picked":"TalkToTheHand","floor":28.0},{"not_picked":["EmptyFist","CutThroughFate"],"picked":"EmptyBody+1","floor":30.0},{"not_picked":["ConjureBlade+1","Scrawl+1"],"picked":"Judgement+1","floor":33.0},{"not_picked":["ThirdEye+1","Indignation+1"],"picked":"FlyingSleeves+1","floor":35.0},{"not_picked":["Perseverance+1","EmptyFist"],"picked":"MentalFortress+1","floor":37.0},{"not_picked":["CarveReality","Prostrate+1"],"picked":"EmptyBody+1","floor":38.0},{"not_picked":["FlyingSleeves+1","TalkToTheHand+1"],"picked":"Vault+1","floor":39.0},{"not_picked":["SignatureMove+1","Devotion"],"picked":"ClearTheMind+1","floor":40.0},{"not_picked":["CutThroughFate","Halt+1"],"picked":"Evaluate+1","floor":41.0},{"not_picked":["WaveOfTheHand+1","Prostrate+1"],"picked":"ClearTheMind+1","floor":42.0},{"not_picked":["Trip+1","Chrysalis+1"],"picked":"Dark Shackles+1","floor":44.0},{"not_picked":["CrushJoints","Nirvana+1"],"picked":"Crescendo+1","floor":45.0},{"not_picked":["BowlingBash","Conclude","CutThroughFate"],"picked":"SKIP","floor":48.0},{"not_picked":["Blasphemy+1","Consecrate"],"picked":"Scrawl+1","floor":54}],"player_experience":1956956,"relics_obtained":[{"floor":6.0,"key":"War Paint"},{"floor":9.0,"key":"Toxic Egg 2"},{"floor":11.0,"key":"Mummified Hand"},{"floor":26.0,"key":"Happy Flower"},{"floor":37.0,"key":"GoldenEye"},{"floor":40.0,"key":"Incense Burner"},{"floor":45.0,"key":"CloakClasp"},{"floor":54,"key":"Lizard Tail"}],"event_choices":[{"damage_healed":0.0,"max_hp_gain":0.0,"max_hp_loss":0.0,"gold_gain":0.0,"event_name":"Scrap Ooze","player_choice":"Success","floor":5.0,"gold_loss":0.0,"damage_taken":7.0,"relics_obtained":["Ornamental Fan"]},{"cards_removed":["Injury"],"damage_healed":0.0,"max_hp_gain":0.0,"max_hp_loss":0.0,"gold_gain":0.0,"event_name":"Golden Wing","player_choice":"Card Removal","floor":10.0,"gold_loss":0.0,"damage_taken":7.0},{"damage_healed":0.0,"max_hp_gain":0.0,"max_hp_loss":0.0,"gold_gain":0.0,"event_name":"Ghosts","player_choice":"Ignored","floor":19.0,"gold_loss":0.0,"damage_taken":0.0},{"damage_healed":0.0,"max_hp_gain":0.0,"max_hp_loss":0.0,"gold_gain":0.0,"event_name":"The Library","player_choice":"Read","floor":21.0,"gold_loss":0.0,"damage_taken":0.0,"cards_obtained":["FlurryOfBlows"]},{"damage_healed":0.0,"max_hp_gain":5.0,"max_hp_loss":0.0,"gold_gain":0.0,"event_name":"Forgotten Altar","player_choice":"Shed Blood","floor":24.0,"gold_loss":0.0,"damage_taken":18.0},{"damage_healed":0.0,"max_hp_gain":0.0,"max_hp_loss":0.0,"gold_gain":0.0,"event_name":"MindBloom","player_choice":"Fight","floor":37.0,"gold_loss":0.0,"damage_taken":0.0},{"damage_healed":0.0,"max_hp_gain":0.0,"max_hp_loss":0.0,"gold_gain":0.0,"event_name":"SensoryStone","player_choice":"Memory 1","floor":44.0,"gold_loss":0.0,"damage_taken":0.0},{"damage_healed":0.0,"max_hp_gain":0.0,"max_hp_loss":0.0,"gold_gain":0.0,"event_name":"Lab","player_choice":"Got Potions","floor":46.0,"gold_loss":0.0,"damage_taken":0.0}],"is_beta":false,"boss_relics":[{"not_picked":["Tiny House","Velvet Choker"],"picked":"Fusion Hammer"},{"not_picked":["Snecko Eye","Coffee Dripper"],"picked":"Pandora\u0027s Box"}],"items_purged_floors":[4,23,36,53],"is_endless":false,"potions_floor_spawned":[1,11,14,27,30,33,37,40,42,48],"killed_by":"The Heart","ascension_level":0}}