{"host":"twbuyd87gsx4w7po","time":1611966103,"event":{"mods":["BaseMod","Downfall","Minty Spire (QoL Compilation)","StSLib"],"gold_per_floor":[99,110,125,125,275,32,32,32,61,76,103,103,3,0,13,112,112,112,125,137,22,32,32,80,80,113,113,138,156,56,56,67,162,162,62,82,213,227,227,238,238,269,269,279,129,129,139,189,200,200,200,227,52,52,52,52,52,52],"floor_reached":56,"language":"ENG","playtime":3820,"items_purged":["downfall:Icky","champ:Strike","Writhe","champ:Defend","champ:Defend"],"score":865,"play_id":"9d8d58e1-e372-46dd-86d2-bed20e71b270","local_time":"20210129162143","is_ascension_mode":true,"campfire_choices":[{"data":"champ:Taunt","floor":1,"key":"SMITH"},{"data":"champ:FlashCut","floor":8,"key":"SMITH"},{"data":"champ:DefensiveShout","floor":13,"key":"SMITH"},{"data":"champ:UltimateStance","floor":18,"key":"SMITH"},{"floor":23,"key":"RECALL"},{"data":"champ:FalseCounter","floor":30,"key":"SMITH"},{"floor":35,"key":"REST"},{"floor":46,"key":"REST"},{"floor":54,"key":"REST"}],"circlet_count":0,"master_deck":["champ:Strike","champ:Strike","champ:Strike","champ:Defend","champ:Defend","champ:Execute","champ:Taunt+1","champ:FlashCut+1","champ:DefensiveShout+1","champ:PreciseThrust","champ:FocusedDefense","champ:FalseCounter+1","champ:DeathBlow","champ:SetATrap","champ:UltimateStance+1","champ:PreemptiveStrike+1","champ:Circumvent+1","champ:FocusedDefense+1","champ:RageSigil+1","champ:Duel+1","champ:ShieldThrow","champ:SwordSigil+1","champ:DefensiveStyle","champ:FlashCut+1","champ:Lariat","champ:EnGarde+1","champ:Haymaker+1"],"relics":["champ:ChampionCrown","Toy Ornithopter","champ:LiftRelic","Guardian:PocketSentry","Centennial Puzzle","Eternal Feather","downfall:ShatteredFragment","downfall:HeartBlessingGreen","Runic Dome","Juzu Bracelet","champ:FightingForDummies","Art of War","Mercury Hourglass","downfall:HeartBlessingRed","Unceasing Top","Fusion Hammer","downfall:HeartBlessingBlue","StrikeDummy","champ:DefensiveTrainingManual","Torii","Ornamental Fan"],"acts_visited":["Exordium","TheCity","TheBeyond","TheEnding"],"potions_floor_usage":[11,37,48,56,56],"damage_taken":[{"damage":10,"enemies":"Small Slimes","floor":2,"turns":3},{"damage":16,"enemies":"Jaw Worm","floor":3,"turns":4},{"damage":10,"enemies":"downfall:FleeingMerchant","floor":6,"turns":4},{"damage":12,"enemies":"Lagavulin","floor":9,"turns":6},{"damage":0,"enemies":"2 Louse","floor":10,"turns":2},{"damage":32,"enemies":"Gremlin Nob","floor":11,"turns":3},{"damage":30,"enemies":"downfall:FleeingMerchant","floor":14,"turns":4},{"damage":10,"enemies":"Blue Slaver","floor":15,"turns":2},{"damage":33,"enemies":"IC_STATUS_ARCHETYPE","floor":16,"turns":6},{"damage":10,"enemies":"Spheric Guardian","floor":19,"turns":3},{"damage":12,"enemies":"Shelled Parasite and Fungi","floor":20,"turns":3},{"damage":20,"enemies":"downfall:FleeingMerchant","floor":21,"turns":4},{"damage":25,"enemies":"Snecko","floor":22,"turns":4},{"damage":39,"enemies":"Slavers","floor":26,"turns":5},{"damage":40,"enemies":"Gremlin Leader","floor":28,"turns":6},{"damage":35,"enemies":"Centurion and Healer","floor":29,"turns":4},{"damage":5,"enemies":"Snake Plant","floor":32,"turns":2},{"damage":56,"enemies":"WA_ARCHETYPE_CALM","floor":33,"turns":7},{"damage":17,"enemies":"3 Darklings","floor":36,"turns":3},{"damage":53,"enemies":"downfall:FleeingMerchant","floor":37,"turns":2},{"damage":10,"enemies":"Orb Walker","floor":38,"turns":2},{"damage":10,"enemies":"Sphere and 2 Shapes","floor":40,"turns":2},{"damage":74,"enemies":"Nemesis","floor":42,"turns":5},{"damage":4,"enemies":"Writhing Mass","floor":44,"turns":3},{"damage":10,"enemies":"4 Shapes","floor":47,"turns":2},{"damage":15,"enemies":"4 Shapes","floor":48,"turns":4},{"damage":10,"enemies":"Spire Growth","floor":49,"turns":2},{"damage":50,"enemies":"DF_ARCHETYPE_ORBS","floor":50,"turns":6},{"damage":106,"enemies":"downfall:CharBossMerchant","floor":52,"turns":7},{"damage":140,"enemies":"downfall:NeowBoss","floor":55,"turns":15},{"damage":194,"enemies":"downfall:NeowBossFinal","floor":56,"turns":11}],"seed_played":"725355937505950846","potions_obtained":[{"floor":2,"key":"LiquidBronze"},{"floor":10,"key":"sneckomod:MuddlingPotion"},{"floor":11,"key":"Weak Potion"},{"floor":16,"key":"FairyPotion"},{"floor":36,"key":"hexamod:SoulburnPotion"},{"floor":38,"key":"hexamod:SoulburnPotion"},{"floor":48,"key":"AttackPotion"}],"is_trial":false,"path_per_floor":["R","M","M","?","?","$","T","R","E","M","E","?","R","$","M","B",null,"R","M","M","$","M","R","T","?","E","?","E","M","R","?","M","B",null,"R","M","$","M","?","M","T","E","?","M","$","R","M","?","M","B",null,"E","$","R","B","B"],"character_chosen":"THE_CHAMP","items_purchased":["Guardian:PocketSentry","champ:DefensiveStyle"],"campfire_rested":3,"item_purchase_floors":[6,37],"current_hp_per_floor":[90,90,84,84,84,84,84,84,82,82,75,48,57,57,57,54,90,90,90,88,88,78,90,90,90,76,76,76,76,88,88,88,72,90,100,93,95,95,95,95,95,86,86,82,82,100,100,100,100,100,100,89,89,100,95,0,0,0],"gold":52,"neow_bonus":"RANDOM_COMMON_RELIC","is_daily":false,"chose_seed":false,"campfire_upgraded":5,"win_rate":0.0,"timestamp":1611966103,"path_taken":["R","M","M","?","?","$","T","R","E","M","E","?","R","$","M","BOSS","R","M","M","$","M","R","T","?","E","?","E","M","R","?","M","BOSS","R","M","$","M","?","M","T","E","?","M","$","R","M","?","M","BOSS","E","$","R","BOSS","BOSS"],"items_purchased_type":["Relic","Card"],"build_version":"2020-12-22","purchased_purges":5,"victory":false,"max_hp_per_floor":[90,90,90,90,90,90,90,90,90,90,90,90,90,90,90,90,90,90,90,90,90,90,90,90,90,90,90,90,90,90,90,90,90,90,100,100,100,100,100,100,100,100,100,100,100,100,100,100,100,100,100,100,100,100,100,100,100,100],"card_choices":[{"not_picked":["champ:ShieldSigil","champ:AdrenalArmor"],"picked":"champ:FlashCut","floor":2},{"not_picked":["champ:Haymaker","champ:StanceDance"],"picked":"champ:DefensiveShout","floor":3},{"not_picked":["champ:Lariat","champ:PerfectedStrike"],"picked":"champ:PreciseThrust","floor":6},{"not_picked":["champ:TornadoPunch","champ:Shatter"],"picked":"champ:FocusedDefense","floor":9},{"not_picked":["champ:TripleStrike","champ:BringItOn"],"picked":"champ:FalseCounter","floor":10},{"not_picked":["champ:BerserkersShout","champ:Backstep"],"picked":"champ:DeathBlow","floor":11},{"not_picked":["champ:ShieldSigil","champ:FanOfKnives","champ:FocusedBerserking"],"picked":"SKIP","floor":14},{"not_picked":["champ:Haymaker","champ:AdrenalArmor"],"picked":"champ:SetATrap","floor":15},{"not_picked":["champ:SteelEdge","champ:DancingMaster"],"picked":"champ:UltimateStance","floor":16},{"not_picked":["champ:EnGarde+1","champ:SwordSigil"],"picked":"champ:PreemptiveStrike+1","floor":19},{"not_picked":["champ:CrownThrow","champ:DeathBlow"],"picked":"champ:Circumvent+1","floor":20},{"not_picked":["champ:EnragedBash+1","champ:Haymaker"],"picked":"champ:RageSigil","floor":21},{"not_picked":["champ:PreciseThrust+1","champ:FocusedBerserking"],"picked":"champ:FocusedDefense+1","floor":22},{"not_picked":["champ:CrownThrow+1","champ:EndlessRage"],"picked":"champ:RageSigil+1","floor":26},{"not_picked":["champ:BladeFlurry","champ:Endure","champ:RapidStrikes"],"picked":"SKIP","floor":28},{"not_picked":["champ:Shatter","champ:Circumvent"],"picked":"champ:Duel+1","floor":29},{"not_picked":["champ:ShieldSigil","champ:HeartStrike","champ:Shatter+1"],"picked":"SKIP","floor":32},{"not_picked":["champ:TripleStrike","champ:SteelEdge"],"picked":"champ:ShieldThrow","floor":33},{"not_picked":["champ:Shatter+1","champ:CrownThrow+1"],"picked":"champ:SwordSigil+1","floor":36},{"not_picked":["champ:Backstep+1","champ:AdrenalArmor+1","champ:SwordSigil+1"],"picked":"SKIP","floor":37},{"not_picked":["champ:IronFortress+1","champ:PreciseThrust+1"],"picked":"champ:FlashCut+1","floor":38},{"not_picked":["champ:AdrenalArmor+1","champ:ShieldThrow","champ:BladeFlurry+1"],"picked":"SKIP","floor":40},{"not_picked":["champ:FlashCut+1","champ:FaceSlap+1","champ:Endure+1"],"picked":"SKIP","floor":42},{"not_picked":["champ:TornadoPunch","champ:BladeFlurry+1"],"picked":"champ:Lariat","floor":44},{"not_picked":["champ:Shatter","champ:Lariat+1","champ:DeathBlow+1"],"picked":"SKIP","floor":47},{"not_picked":["champ:AdrenalArmor","champ:RisingSlash+1"],"picked":"champ:EnGarde+1","floor":48},{"not_picked":["champ:FalseCounter","champ:Parry+1","champ:FaceSlap"],"picked":"SKIP","floor":49},{"not_picked":["champ:ArenaPreparation+1","champ:PreciseThrust"],"picked":"champ:Haymaker+1","floor":52}],"player_experience":386603,"relics_obtained":[{"floor":9,"key":"Centennial Puzzle"},{"floor":11,"key":"Eternal Feather"},{"floor":24,"key":"Juzu Bracelet"},{"floor":26,"key":"Art of War"},{"floor":28,"key":"Mercury Hourglass"},{"floor":41,"key":"StrikeDummy"},{"floor":42,"key":"champ:DefensiveTrainingManual"},{"floor":48,"key":"Torii"},{"floor":52,"key":"Ornamental Fan"}],"event_choices":[{"damage_healed":0,"gold_gain":0,"player_choice":"Ignored","damage_taken":0,"max_hp_gain":0,"max_hp_loss":0,"event_name":"Ghosts","floor":27,"gold_loss":0},{"cards_removed":["champ:RageSigil"],"damage_healed":0,"gold_gain":0,"player_choice":"Removed Skill","damage_taken":0,"max_hp_gain":0,"max_hp_loss":0,"event_name":"Falling","floor":43,"gold_loss":0}],"is_beta":false,"boss_relics":[{"not_picked":["Tiny House","Snecko Eye"],"picked":"Runic Dome"},{"not_picked":["champ:ChampionCrownUpgraded","bronze:MakeshiftBattery"],"picked":"Fusion Hammer"}],"items_purged_floors":[6,21,37,45,53],"is_endless":false,"potions_floor_spawned":[2,10,11,16,19,22,36,38,48],"killed_by":"downfall:NeowBossFinal","ascension_level":1}}