{"host":"xm0tf1maiknh0fp9","time":1611975839,"event":{"mods":["BaseMod","Colored Map","Colored Powertips","Googly Eyes","Minty Spire (QoL Compilation)","Replay The Spire","StSLib"],"gold_per_floor":[109,109,120,134,59,89,89,89,89,106,106,137,201,229,229,229,229],"floor_reached":16,"language":"ENG","playtime":634,"items_purged":["Strike_P"],"score":130,"play_id":"2bff9115-dd74-4026-8e81-4a3f07dccdd3","local_time":"20210129220359","is_ascension_mode":true,"campfire_choices":[{"data":"Doppelganger","floor":7,"key":"SMITH"},{"floor":11,"key":"REST"},{"floor":15,"key":"REST"}],"circlet_count":0,"master_deck":["Strike_P+1","Strike_P","Defend_P","Defend_P","Defend_P","Defend_P","Eruption+1","Vigilance","Judgement","CutThroughFate","Doppelganger+1"],"relics":["Replay:M_StaffOfTheSnake","Bag of Preparation","ReplayTheSpireMod:Shallot","Whetstone","TungstenRod","Replay:Towering Pillar of Hats"],"acts_visited":["Exordium"],"potions_floor_usage":[6,12,16],"damage_taken":[{"damage":7,"enemies":"2 Louse","floor":1,"turns":2},{"damage":1,"enemies":"Small Slimes","floor":3,"turns":2},{"damage":0,"enemies":"Jaw Worm","floor":4,"turns":1},{"damage":36,"enemies":"Lagavulin","floor":6,"turns":3},{"damage":0,"enemies":"2 Fungi Beasts","floor":10,"turns":2},{"damage":5,"enemies":"Replay:BlueRogue","floor":12,"turns":4},{"damage":12,"enemies":"3 Sentries","floor":13,"turns":5},{"damage":26,"enemies":"Lagavulin","floor":14,"turns":3},{"damage":29,"enemies":"Hexaghost","floor":16,"turns":9}],"seed_played":"-5466756919490735921","potions_obtained":[{"floor":4,"key":"ColorlessPotion"},{"floor":10,"key":"Block Potion"},{"floor":13,"key":"Elixir"}],"is_trial":false,"path_per_floor":["M","?","M","M","$","E","R","?","T","M","R","E","?","E","R","B"],"character_chosen":"WATCHER","items_purchased":[],"campfire_rested":2,"item_purchase_floors":[],"current_hp_per_floor":[65,65,64,64,64,28,28,28,28,28,49,44,32,6,27,0,0],"gold":229,"neow_bonus":"ONE_RANDOM_RARE_CARD","is_daily":false,"chose_seed":false,"campfire_upgraded":1,"win_rate":0.0,"timestamp":1611975839,"path_taken":["M","?","M","M","$","E","R","?","T","M","R","E","?","E","R","BOSS"],"items_purchased_type":[],"build_version":"2020-12-22","purchased_purges":1,"victory":false,"max_hp_per_floor":[72,72,72,72,72,72,72,72,72,72,72,72,72,72,72,72,72],"card_choices":[{"not_picked":["Protect","Consecrate"],"picked":"CutThroughFate","floor":1},{"not_picked":["Replay:AtTheReady","Crescendo","Replay:Anticipation"],"picked":"SKIP","floor":3},{"not_picked":["WaveOfTheHand","Prostrate"],"picked":"Doppelganger","floor":4},{"not_picked":["BowlingBash","FollowUp","Bullet Time"],"picked":"SKIP","floor":6},{"not_picked":["Masterful Stab","Adaptation","DeceiveReality"],"picked":"SKIP","floor":10},{"not_picked":["Consecrate","EmptyBody","Perseverance"],"picked":"SKIP","floor":12},{"not_picked":["Fasting2","Replay:ManipulateFuture","SandsOfTime"],"picked":"SKIP","floor":14}],"player_experience":156226,"relics_obtained":[{"floor":6,"key":"Bag of Preparation"},{"floor":9,"key":"ReplayTheSpireMod:Shallot"},{"floor":12,"key":"Whetstone"},{"floor":14,"key":"Replay:Towering Pillar of Hats"}],"event_choices":[{"cards_removed":["Strike_P"],"damage_healed":0,"gold_gain":0,"player_choice":"Forget","damage_taken":0,"max_hp_gain":0,"max_hp_loss":0,"event_name":"Living Wall","floor":8,"gold_loss":0},{"damage_healed":0,"gold_gain":0,"player_choice":"Searched \u00272\u0027 times","damage_taken":0,"relics_obtained":["TungstenRod"],"max_hp_gain":0,"max_hp_loss":0,"event_name":"Dead Adventurer","floor":13,"gold_loss":0}],"is_beta":false,"boss_relics":[],"items_purged_floors":[5],"is_endless":false,"potions_floor_spawned":[4,10,13],"killed_by":"Hexaghost","ascension_level":2}}