{"host":"on28rdd1hf7jp8jt","time":1611974784,"event":{"mods":["2.2 Compatiblity","Act Like it!","Aspiration","BaseMod","Best Route Mod","Better Third Choice","BetterRewards","Card Forge","Colored Map","Defuse TimeMaze Blight","Downfall","Energized Spire","Friendly Minions","Googly Eyes","Halation","Hermit","Highlight Path","Hubris","Infinite Spire","Jedi Mod","Minty Spire (QoL Compilation)","Shop Mod","StSLib","The Bug Knight"],"gold_per_floor":[99,109,109,109,120,20,20,20,20,40,55,70,100,126,154,265,277,289,320,317,329,341,385,449,472,569,608,520,847,859,883,912,1027,1039,1051,1075,1087,1117,1145,516,516,416,429,441,473,473,473,522,534,637,637,637,650,750,925,936,970,996,1014,1025,1045,1065,755,755,855,872,967,967,967,982,1082,1097,1116,1132,1163,1163,1163,1175,1190,1190,1190,1224,1244,1346,1346,1346,1365,1365,1382,1232,1251,1286,1286,1286,1305,433,433,453,503,516,614,614,614,628,639,639,350,350,383,383,403,428,428,183,201,228,243,243,243,243],"floor_reached":118,"language":"ENG","playtime":4492,"items_purged":[],"score":2010,"play_id":"918530ef-70c9-48a7-9f31-1b76e8390b39","local_time":"20210130034624","is_ascension_mode":false,"campfire_choices":[{"floor":1,"key":"RECALL"},{"data":"champ:FocusedBerserking","floor":6,"key":"SMITH"},{"data":"infinitespire:Execution","floor":18,"key":"SMITH"},{"data":"champ:UltimateStance","floor":28,"key":"SMITH"},{"data":"champ:Improvising","floor":30,"key":"SMITH"},{"data":"champ:BerserkersShout","floor":35,"key":"SMITH"},{"data":"champ:RapidStrikes","floor":42,"key":"SMITH"},{"data":"champ:FanOfKnives","floor":46,"key":"SMITH"},{"data":"champ:GladiatorForm","floor":52,"key":"SMITH"},{"data":"champ:UltimateStance","floor":69,"key":"SMITH"},{"data":"hubris:Fate","floor":77,"key":"SMITH"},{"data":"J.A.X.","floor":81,"key":"SMITH"},{"data":"champ:HeavySlash","floor":86,"key":"SMITH"},{"data":"champ:IronFortress","floor":94,"key":"SMITH"},{"data":"champ:VampiricStrike","floor":103,"key":"SMITH"},{"data":"expansioncontent:QuickStudy","floor":108,"key":"SMITH"}],"circlet_count":0,"master_deck":["champ:Strike+1","champ:Strike+1","champ:Defend+1","champ:Defend+1","champ:Execute+1","champ:Taunt+1","champ:FocusedBerserking+1","champ:AdrenalArmor+1","infinitespire:Execution+1","champ:FanOfKnives+1","champ:CrownThrow+1","champ:UltimateStance+1","champ:PreciseThrust+1","champ:Improvising+1","champ:CrookedStrike+1","champ:Parry+1","champ:GutPunch+1","champ:IronFortress+1","champ:Devastate+1","champ:RapidStrikes+1","champ:BerserkersShout+1","hubris:NaturalOne","champ:TripleStrike+1","champ:FlashCut+1","champ:Execute+1","champ:Lariat+1","champ:BladeFlurry+1","champ:CalledShot","champ:IronFortress+1","champ:ShieldWall","infinitespire:Menacing+1","champ:CrownThrow+1","champ:FocusedBerserking","champ:GladiatorForm+1","champ:TornadoPunch+1","Doubt","champ:FaceSlap+1","champ:IronFortress+1","champ:EnragedBash+1","champ:UltimateStance+1","J.A.X.+1","hubris:Fate+1","infinitespire:Menacing+1","champ:HeavySlash+1","champ:Shatter+1","expansioncontent:QuickStudy+1","champ:FocusedBerserking","champ:VampiricStrike+1"],"relics":["champ:ChampionCrownUpgraded","Hammer of Thor","Seething Fire","Anvil of the Gods","champ:LiftRelic","hubris:Icosahedron","downfall:HeartBlessingRed","hubris:Potato","hubris:TenFootPole","hubris:EvacipatedBox","Bag of Marbles","Velvet Choker","Lantern","jedi:crownofsimplicity","downfall:HeartBlessingGreen","halation:Trompette","MerchantsRug","downfall:HeartBlessingBlue","halation:KoshaPiece","aspiration:FaultyCoupler","FossilizedHelix","Pen Nib","Odd Mushroom","Blood Vial","Busted Crown","MutagenicStrength","halation:RedSoulGem","SlaversCollar","Toolbox","Bottled Flame","hubris:Zylophone","Meat on the Bone","Tiny House","hubris:Backtick","Shuriken","hubris:OldNail","PreservedInsect","halation:EternalFortune","infinitespire:WardingShard"],"acts_visited":["Exordium","TheCity","TheBeyond","Exordium","TheCity","TheBeyond","Exordium"],"potions_floor_usage":[16,27,33,93,118],"damage_taken":[{"damage":20,"enemies":"Cultist","floor":2,"turns":3},{"damage":16,"enemies":"2 Louse","floor":5,"turns":3},{"damage":0,"enemies":"Jaw Worm","floor":10,"turns":3},{"damage":12,"enemies":"Exordium Thugs","floor":11,"turns":3},{"damage":0,"enemies":"3 Louse","floor":12,"turns":2},{"damage":31,"enemies":"3 Sentries","floor":13,"turns":5},{"damage":5,"enemies":"Blue Slaver","floor":15,"turns":2},{"damage":27,"enemies":"DF_ARCHETYPE_STREAMLINE","floor":16,"turns":6},{"damage":2,"enemies":"Spheric Guardian","floor":19,"turns":3},{"damage":0,"enemies":"downfall:FleeingMerchant","floor":20,"turns":4},{"damage":20,"enemies":"Book of Stabbing","floor":23,"turns":4},{"damage":10,"enemies":"Chosen","floor":25,"turns":3},{"damage":53,"enemies":"Nightmare","floor":27,"turns":7},{"damage":0,"enemies":"downfall:FleeingMerchant","floor":29,"turns":3},{"damage":8,"enemies":"Snecko","floor":31,"turns":4},{"damage":0,"enemies":"Shelled Parasite and Fungi","floor":32,"turns":2},{"damage":14,"enemies":"IC_MUSHROOM_ARCHETYPE","floor":33,"turns":4},{"damage":9,"enemies":"3 Darklings","floor":36,"turns":4},{"damage":6,"enemies":"Orb Walker","floor":38,"turns":2},{"damage":0,"enemies":"Maw","floor":39,"turns":4},{"damage":23,"enemies":"3 Darklings","floor":43,"turns":5},{"damage":0,"enemies":"Writhing Mass","floor":44,"turns":3},{"damage":11,"enemies":"Nemesis","floor":45,"turns":5},{"damage":0,"enemies":"2 Orb Walkers","floor":48,"turns":2},{"damage":0,"enemies":"4 Shapes","floor":49,"turns":3},{"damage":44,"enemies":"WA_ARCHETYPE_DIVINITY","floor":50,"turns":7},{"damage":0,"enemies":"Small Slimes","floor":53,"turns":1},{"damage":18,"enemies":"downfall:Heads","floor":54,"turns":4},{"damage":0,"enemies":"2 Louse","floor":56,"turns":2},{"damage":14,"enemies":"Gremlin Nob","floor":57,"turns":3},{"damage":0,"enemies":"Jaw Worm","floor":59,"turns":2},{"damage":0,"enemies":"3 Louse","floor":60,"turns":2},{"damage":35,"enemies":"Red Slaver","floor":61,"turns":3},{"damage":0,"enemies":"The Mushroom Lair","floor":62,"turns":2},{"damage":0,"enemies":"Exordium Wildlife","floor":66,"turns":2},{"damage":119,"enemies":"Hexaghost","floor":67,"turns":6},{"damage":3,"enemies":"3 Byrds","floor":70,"turns":3},{"damage":56,"enemies":"downfall:Augmenter","floor":71,"turns":4},{"damage":0,"enemies":"Shell Parasite","floor":72,"turns":2},{"damage":24,"enemies":"Snecko","floor":73,"turns":3},{"damage":28,"enemies":"Centurion and Healer","floor":74,"turns":4},{"damage":0,"enemies":"Gremlin Leader","floor":75,"turns":2},{"damage":0,"enemies":"Snake Plant","floor":78,"turns":1},{"damage":38,"enemies":"3 Cultists","floor":79,"turns":4},{"damage":0,"enemies":"Book of Stabbing","floor":82,"turns":2},{"damage":2,"enemies":"Sentry and Sphere","floor":83,"turns":3},{"damage":42,"enemies":"hubris:MusketHawk","floor":84,"turns":7},{"damage":0,"enemies":"Orb Walker","floor":87,"turns":1},{"damage":0,"enemies":"3 Shapes","floor":89,"turns":3},{"damage":0,"enemies":"Writhing Mass","floor":91,"turns":1},{"damage":40,"enemies":"Giant Head","floor":92,"turns":7},{"damage":54,"enemies":"3 Darklings","floor":95,"turns":8},{"damage":0,"enemies":"Sphere and 2 Shapes","floor":98,"turns":4},{"damage":0,"enemies":"Spire Growth","floor":100,"turns":3},{"damage":109,"enemies":"Time Eater","floor":101,"turns":6},{"damage":0,"enemies":"Cultist","floor":104,"turns":1},{"damage":0,"enemies":"Small Slimes","floor":105,"turns":1},{"damage":24,"enemies":"3 Sentries","floor":109,"turns":3},{"damage":0,"enemies":"Jaw Worm","floor":111,"turns":1},{"damage":0,"enemies":"Lagavulin","floor":112,"turns":2},{"damage":0,"enemies":"Large Slime","floor":115,"turns":1},{"damage":0,"enemies":"Gremlin Nob","floor":116,"turns":3},{"damage":0,"enemies":"2 Fungi Beasts","floor":117,"turns":1},{"damage":136,"enemies":"Hexaghost","floor":118,"turns":2}],"seed_played":"-6708567588563162460","potions_obtained":[{"floor":10,"key":"LiquidBronze"},{"floor":11,"key":"Weak Potion"},{"floor":16,"key":"CultistPotion"},{"floor":19,"key":"Ancient Potion"},{"floor":31,"key":"champ:OpenerPotion"},{"floor":32,"key":"Strength Potion"},{"floor":33,"key":"Block Potion"},{"floor":39,"key":"EssenceOfSteel"},{"floor":93,"key":"Fruit Juice"},{"floor":93,"key":"champ:TechniquePotion"}],"is_trial":false,"path_per_floor":["R","M","?","?","M","R","T","?","$","M","M","M","E","T","M","B",null,"R","M","$","?","?","E","T","M","?","NM","R","$","R","M","M","B",null,"R","M","?","M","M","$","T","R","M","M","E","R","AVR","?","M","B",null,"R","M","?","?","M","E","T","M","M","M","?","$","?","?","M","B",null,"R","M","?","M","M","M","E","?","R","M","M","?","R","E","M","B",null,"R","M","?","M","?","M","E","?","R","M","$","?","M","AVR","M","B",null,"R","M","M","?","$","R","E","?","M","E","?","$","M","E","M","B"],"character_chosen":"THE_CHAMP","items_purchased":["hubris:TenFootPole","hubris:EvacipatedBox","War Paint","champ:CalledShot","champ:GladiatorStyle","halation:Trompette","MerchantsRug","Whetstone","Blood Vial","Toolbox","Bottled Flame","hubris:Zylophone","expansioncontent:QuickStudy","hubris:OldNail","PreservedInsect","infinitespire:WardingShard"],"campfire_rested":0,"item_purchase_floors":[9,9,40,40,40,40,40,63,63,96,96,96,96,107,107,114],"current_hp_per_floor":[99,99,99,99,93,93,93,70,41,66,74,74,78,78,88,86,99,99,99,99,99,99,94,94,99,90,62,62,99,99,99,99,99,99,99,99,99,99,99,99,99,109,106,109,109,109,109,109,109,100,109,109,109,106,106,106,106,106,106,106,76,106,106,106,106,106,27,106,106,106,95,106,106,106,106,106,106,106,103,103,103,106,106,104,106,106,106,89,106,116,116,95,100,100,113,113,113,121,126,126,74,126,126,126,126,126,126,126,122,125,129,129,129,129,132,132,132,0,0,0],"gold":243,"neow_bonus":"TEN_PERCENT_HP_BONUS","is_daily":false,"chose_seed":false,"campfire_upgraded":15,"win_rate":0.0,"timestamp":1611974784,"path_taken":["R","M","?","?","M","R","T","?","?","M","?","M","E","?","M","BOSS","R","M","$","?","?","E","T","M","?","NM","R","?","R","M","M","BOSS","R","M","?","?","M","$","T","R","?","M","E","R","AVR","?","M","BOSS","R","M","?","?","M","E","T","M","M","M","?","$","?","?","M","BOSS","R","M","?","M","M","M","E","?","R","M","?","?","R","E","M","BOSS","R","M","?","?","?","?","E","?","R","?","$","?","M","AVR","M","BOSS","R","M","M","?","$","R","E","?","M","E","?","?","M","E","M","BOSS"],"items_purchased_type":["Relic","Relic","Relic","Card","Card","Relic","Relic","Relic","Relic","Relic","Relic","Relic","Card","Relic","Relic","Relic"],"build_version":"2020-12-22","purchased_purges":0,"victory":false,"max_hp_per_floor":[99,99,99,99,99,99,99,99,99,99,99,99,99,99,99,99,99,99,99,99,99,99,99,99,99,99,99,99,99,99,99,99,99,99,99,99,99,99,99,99,99,109,109,109,109,109,109,109,109,109,109,109,109,106,106,106,106,106,106,106,106,106,106,106,106,106,106,106,106,106,106,106,106,106,106,106,106,106,106,106,106,106,106,106,106,106,106,106,106,116,116,116,121,121,121,121,121,121,126,126,126,126,126,126,126,126,126,126,126,129,129,129,129,129,132,132,132,132,132,132],"card_choices":[{"not_picked":["champ:PerfectedStrike","champ:FocusedDefense"],"picked":"champ:FocusedBerserking","floor":2},{"not_picked":["champ:CrookedStrike","champ:BringItOn"],"picked":"champ:AdrenalArmor","floor":5},{"not_picked":["infinitespire:NeuralNetwork","infinitespire:Collect"],"picked":"infinitespire:Execution","floor":8},{"not_picked":["champ:RisingSlash","champ:FancyFootwork"],"picked":"champ:FanOfKnives","floor":10},{"not_picked":["champ:ShieldWall","champ:Backstep"],"picked":"champ:CrownThrow","floor":11},{"not_picked":["champ:RisingSlash","champ:CrownThrow","champ:EndlessRage"],"picked":"SKIP","floor":12},{"not_picked":["champ:RisingSlash","champ:CrownThrow","champ:EndlessRage"],"picked":"SKIP","floor":12},{"not_picked":["champ:TornadoPunch","champ:Haymaker"],"picked":"champ:UltimateStance","floor":13},{"not_picked":["champ:FanOfKnives","champ:Endure"],"picked":"champ:PreciseThrust","floor":15},{"not_picked":["champ:StrikeOfGenius","champ:MurderStrike"],"picked":"champ:Improvising","floor":16},{"not_picked":["champ:FancyFootwork+1","champ:Shatter"],"picked":"champ:CrookedStrike","floor":19},{"not_picked":["champ:Backstep","champ:BladeFlurry"],"picked":"champ:Parry","floor":20},{"not_picked":["champ:AdrenalArmor","champ:Haymaker"],"picked":"champ:GutPunch+1","floor":23},{"not_picked":["champ:GutPunch+1","champ:ArenaPreparation"],"picked":"champ:IronFortress+1","floor":25},{"not_picked":["champ:GladiatorStyle","champ:Parry"],"picked":"champ:Devastate","floor":27},{"not_picked":["champ:BladeFlurry+1","champ:GutPunch","champ:TornadoPunch"],"picked":"SKIP","floor":29},{"not_picked":["champ:ArenaPreparation+1","champ:Lariat+1"],"picked":"champ:RapidStrikes","floor":31},{"not_picked":["champ:FanOfKnives","champ:GutPunch"],"picked":"champ:BerserkersShout","floor":32},{"not_picked":["champ:ShieldThrow","champ:HeavySlash"],"picked":"champ:TripleStrike","floor":33},{"not_picked":["champ:Shatter","champ:CrownThrow"],"picked":"champ:FlashCut","floor":36},{"not_picked":["champ:TornadoPunch","champ:GutPunch"],"picked":"champ:Lariat","floor":38},{"not_picked":["champ:Haymaker","champ:RapidStrikes"],"picked":"champ:BladeFlurry+1","floor":39},{"not_picked":["champ:FancyFootwork+1","champ:CrownThrow"],"picked":"champ:IronFortress+1","floor":43},{"not_picked":["champ:SetATrap","champ:GladiatorStyle","champ:EndlessRage+1"],"picked":"SKIP","floor":44},{"not_picked":["champ:SetATrap","champ:GladiatorStyle","champ:EndlessRage+1"],"picked":"SKIP","floor":44},{"not_picked":["champ:IgnorePain","champ:CalledShot"],"picked":"champ:ShieldWall","floor":45},{"not_picked":["champ:TornadoPunch","champ:Endure"],"picked":"champ:CrownThrow","floor":48},{"not_picked":["champ:Shatter","champ:EnGarde"],"picked":"champ:FocusedBerserking","floor":49},{"not_picked":["champ:DancingMaster","champ:CheapShot"],"picked":"champ:GladiatorForm","floor":50},{"not_picked":["champ:PreciseThrust","champ:TornadoPunch","champ:DefensiveShout"],"picked":"SKIP","floor":53},{"not_picked":["champ:Shatter","champ:BerserkersShout"],"picked":"champ:FaceSlap","floor":56},{"not_picked":["champ:BladeFlurry","champ:FalseCounter"],"picked":"champ:IronFortress","floor":57},{"not_picked":["champ:SkillfulDodge","champ:Circumvent","champ:PerfectedStrike"],"picked":"SKIP","floor":59},{"not_picked":["champ:GutPunch","champ:Haymaker","champ:BladeFlurry"],"picked":"SKIP","floor":60},{"not_picked":["champ:IgnorePain","champ:GutPunch","champ:FaceSlap"],"picked":"SKIP","floor":61},{"not_picked":["champ:Lariat","champ:Shatter"],"picked":"champ:EnragedBash","floor":66},{"not_picked":["champ:HeavySlash","champ:ShieldThrow"],"picked":"champ:UltimateStance","floor":67},{"not_picked":["champ:BringItOn+1"],"picked":"SKIP","floor":70},{"not_picked":[],"picked":"J.A.X.","floor":71},{"not_picked":["infinitespire:TheBestDefense","infinitespire:Oblivion"],"picked":"hubris:Fate","floor":72},{"not_picked":["champ:Shatter"],"picked":"SKIP","floor":72},{"not_picked":["champ:GutPunch"],"picked":"SKIP","floor":73},{"not_picked":["champ:Improvising"],"picked":"SKIP","floor":74},{"not_picked":["champ:AdrenalArmor"],"picked":"SKIP","floor":75},{"not_picked":["champ:Circumvent"],"picked":"SKIP","floor":78},{"not_picked":["champ:Shatter+1"],"picked":"SKIP","floor":79},{"not_picked":[],"picked":"champ:HeavySlash","floor":82},{"not_picked":["champ:PerfectedStrike"],"picked":"SKIP","floor":83},{"not_picked":["champ:FaceSlap"],"picked":"SKIP","floor":87},{"not_picked":["champ:BladeFlurry+1"],"picked":"SKIP","floor":89},{"not_picked":["champ:ShieldWall+1"],"picked":"SKIP","floor":91},{"not_picked":["champ:PerfectedStrike+1"],"picked":"SKIP","floor":92},{"not_picked":[],"picked":"champ:Shatter+1","floor":95},{"not_picked":["champ:GladiatorStyle+1"],"picked":"SKIP","floor":98},{"not_picked":[],"picked":"champ:FocusedBerserking","floor":100},{"not_picked":[],"picked":"champ:VampiricStrike","floor":101},{"not_picked":["champ:Circumvent"],"picked":"SKIP","floor":104},{"not_picked":["champ:CrownThrow"],"picked":"SKIP","floor":105},{"not_picked":["champ:RisingSlash"],"picked":"SKIP","floor":109},{"not_picked":["champ:BringItOn"],"picked":"SKIP","floor":111},{"not_picked":["champ:Backstep"],"picked":"SKIP","floor":112},{"not_picked":["champ:FancyFootwork"],"picked":"SKIP","floor":115},{"not_picked":["champ:Backstep"],"picked":"SKIP","floor":116},{"not_picked":["champ:SetATrap"],"picked":"SKIP","floor":117}],"player_experience":353278,"relics_obtained":[{"floor":7,"key":"hubris:Potato"},{"floor":13,"key":"Bag of Marbles"},{"floor":14,"key":"MawBank"},{"floor":23,"key":"Unceasing Top"},{"floor":24,"key":"Lantern"},{"floor":27,"key":"jedi:crownofsimplicity"},{"floor":45,"key":"halation:KoshaPiece"},{"floor":48,"key":"FossilizedHelix"},{"floor":58,"key":"Pen Nib"},{"floor":62,"key":"Odd Mushroom"},{"floor":71,"key":"MutagenicStrength"},{"floor":115,"key":"halation:EternalFortune"}],"event_choices":[{"damage_healed":0,"gold_gain":0,"player_choice":"Fight","damage_taken":0,"max_hp_gain":0,"max_hp_loss":0,"event_name":"Mysterious Sphere","floor":48,"gold_loss":0},{"damage_healed":0,"gold_gain":0,"player_choice":"Fought Mushrooms","damage_taken":0,"max_hp_gain":0,"max_hp_loss":0,"event_name":"Mushrooms","floor":62,"gold_loss":0},{"damage_healed":0,"gold_gain":0,"player_choice":"Got Potions","damage_taken":0,"max_hp_gain":0,"max_hp_loss":0,"event_name":"Lab","floor":93,"gold_loss":0}],"is_beta":false,"boss_relics":[{"not_picked":["Sozu","Astrolabe","aspiration:RunicSpoon"],"picked":"Velvet Choker"},{"not_picked":["jedi:battlestandard","aspiration:RitualDagger","hubris:CrackedHourglass"],"picked":"champ:ChampionCrownUpgraded"},{"not_picked":["Fusion Hammer","energizedSpire:HugeHouse","Snecko Eye","bronze:MakeshiftBattery"]},{"not_picked":["halation:PinkAlligatorPlush","hubris:CrackedHourglass","halation:HeavySnake"],"picked":"Busted Crown"},{"not_picked":["Snecko Eye","energizedSpire:HugeHouse","aspiration:RunicSpoon"],"picked":"SlaversCollar"},{"not_picked":["hubris:GrandSneckoEye","halation:MonkeysPaw","hubris:RunicObelisk"],"picked":"hubris:Backtick"}],"items_purged_floors":[],"is_endless":true,"potions_floor_spawned":[10,11,16,19,25,31,32,33,39,43,48,54,56,61,62,66,73,74,75,78,82,87,95,98,105,115],"killed_by":"Hexaghost","ascension_level":0}}