{"host":"ncocfkoislda923u","time":1611973971,"event":{"mods":["BaseMod","Downfall","Googly Eyes","Minty Spire (QoL Compilation)","Spire Arcade","StSLib"],"gold_per_floor":[99,99,109,125,143,43,43,55,55,74,59,59,77,110,121,121,121,121],"floor_reached":16,"language":"ENG","playtime":906,"items_purged":[],"score":109,"play_id":"58aca8e1-64d1-438b-a61b-a91014478c4f","local_time":"20210130033251","is_ascension_mode":true,"campfire_choices":[{"floor":1,"key":"RECALL"},{"data":"bronze:Return","floor":6,"key":"SMITH"},{"data":"bronze:Shield","floor":9,"key":"SMITH"},{"data":"bronze:Shield","floor":12,"key":"SMITH"}],"circlet_count":0,"master_deck":["bronze:Strike","bronze:Strike","bronze:Strike","bronze:Strike","bronze:Defend","bronze:Defend","bronze:Defend","bronze:Defend","bronze:Replicate","bronze:Goto","bronze:Shield+1","bronze:Backtrace","bronze:Return+1","bronze:Shield+1","bronze:Repulsor","bronze:Flail","bronze:WildBeam"],"relics":["bronze:BronzeCore","Oddly Smooth Stone","downfall:HeartBlessingRed","Unceasing Top","Anchor"],"acts_visited":["Exordium"],"potions_floor_usage":[16],"damage_taken":[{"damage":0,"enemies":"Jaw Worm","floor":3,"turns":4},{"damage":0,"enemies":"Small Slimes","floor":4,"turns":3},{"damage":0,"enemies":"Cultist","floor":5,"turns":4},{"damage":0,"enemies":"Exordium Thugs","floor":8,"turns":3},{"damage":2,"enemies":"Gremlin Gang","floor":10,"turns":7},{"damage":0,"enemies":"downfall:FleeingMerchant","floor":11,"turns":4},{"damage":6,"enemies":"Large Slime","floor":13,"turns":8},{"damage":3,"enemies":"Lagavulin","floor":14,"turns":7},{"damage":0,"enemies":"3 Louse","floor":15,"turns":1},{"damage":59,"enemies":"IC_STATUS_ARCHETYPE","floor":16,"turns":15}],"seed_played":"4777168767932226360","potions_obtained":[{"floor":13,"key":"Energy Potion"},{"floor":14,"key":"DistilledChaos"},{"floor":15,"key":"Energy Potion"}],"is_trial":false,"path_per_floor":["R","?","M","M","M","R","T","M","R","M","$","R","M","E","M","B"],"character_chosen":"THE_AUTOMATON","items_purchased":[],"campfire_rested":0,"item_purchase_floors":[],"current_hp_per_floor":[70,70,70,70,70,70,70,70,70,68,68,68,62,59,59,0,0,0],"gold":121,"neow_bonus":"RANDOM_COMMON_RELIC","is_daily":false,"chose_seed":false,"campfire_upgraded":3,"win_rate":0.0,"timestamp":1611973971,"path_taken":["R","?","M","M","M","R","T","M","R","M","$","R","M","E","M","BOSS"],"items_purchased_type":[],"build_version":"2020-12-22","purchased_purges":0,"victory":false,"max_hp_per_floor":[70,70,70,70,70,70,70,70,70,70,70,70,70,70,70,70,70,70],"card_choices":[{"not_picked":["bronze:Frontload","bronze:Constructor"],"picked":"bronze:Shield","floor":3},{"not_picked":["bronze:Constructor","bronze:Invalidate"],"picked":"bronze:Backtrace","floor":4},{"not_picked":["bronze:FineTuning","bronze:BitShift"],"picked":"bronze:Return","floor":5},{"not_picked":["bronze:BuggyMess","bronze:CutThrough","bronze:Refactor"],"picked":"SKIP","floor":8},{"not_picked":["bronze:ChosenStrike","bronze:CutThrough"],"picked":"bronze:Shield","floor":10},{"not_picked":["bronze:ChosenStrike","bronze:Optimize","bronze:CutThrough"],"picked":"SKIP","floor":11},{"not_picked":["bronze:Overload","bronze:Turbo"],"picked":"bronze:Repulsor","floor":13},{"not_picked":["bronze:Safeguard","bronze:Separator"],"picked":"bronze:Flail","floor":14},{"not_picked":["bronze:DelayedSlice","bronze:WhirlingStrike"],"picked":"bronze:WildBeam","floor":15}],"player_experience":1527319,"relics_obtained":[{"floor":7,"key":"Unceasing Top"},{"floor":14,"key":"Anchor"}],"event_choices":[],"is_beta":false,"boss_relics":[],"items_purged_floors":[],"is_endless":false,"potions_floor_spawned":[13,14,15],"killed_by":"IC_STATUS_ARCHETYPE","ascension_level":1}}