{"host":"kw4o7b3ro2ktmmbe","time":1611983316,"event":{"mods":["BaseMod","Evolution","Minty Spire (QoL Compilation)","StSLib","The Runesmith"],"gold_per_floor":[116,116,134,134,234,262,262,281,281,307,307,118,130,141,141,141,141],"floor_reached":16,"language":"ENG","playtime":1472,"items_purged":[],"score":146,"play_id":"6ddc5f57-0e03-4f20-a5ca-901b0e48042c","local_time":"20210130180836","is_ascension_mode":true,"campfire_choices":[{"data":"Runesmith:Grindstone","floor":7.0,"key":"SMITH"},{"data":"Runesmith:Attraction","floor":11.0,"key":"SMITH"},{"data":"Runesmith:LithiumIon","floor":15.0,"key":"SMITH"}],"circlet_count":0,"master_deck":["Runesmith:Strike_RS","Runesmith:Strike_RS","Runesmith:Strike_RS","Runesmith:Strike_RS","Runesmith:Defend_RS","Runesmith:Defend_RS","Runesmith:Defend_RS","Runesmith:Defend_RS","Runesmith:CraftFirestone","Runesmith:Fortify","Runesmith:CraftIncendium+1","Runesmith:Grindstone+1","Runesmith:Attraction+1","Runesmith:Refine","Runesmith:LithiumIon+1","Runesmith:CraftObretio"],"relics":["Runesmith:BrokenRuby","EVO:Axolotl","Ornamental Fan","Pear","Mummified Hand","HandDrill"],"acts_visited":["Exordium"],"potions_floor_usage":[16],"damage_taken":[{"damage":0.0,"enemies":"Jaw Worm","floor":1.0,"turns":6.0},{"damage":2.0,"enemies":"Small Slimes","floor":3.0,"turns":3.0},{"damage":30.0,"enemies":"3 Sentries","floor":6.0,"turns":7.0},{"damage":0.0,"enemies":"Cultist","floor":8.0,"turns":4.0},{"damage":7.0,"enemies":"Lagavulin","floor":10.0,"turns":7.0},{"damage":0.0,"enemies":"Exordium Wildlife","floor":13.0,"turns":5.0},{"damage":25.0,"enemies":"Gremlin Gang","floor":14.0,"turns":4.0},{"damage":30,"enemies":"The Guardian","floor":16,"turns":6}],"seed_played":"3046986668944322100","potions_obtained":[{"floor":13.0,"key":"Dexterity Potion"},{"floor":14.0,"key":"FearPotion"}],"is_trial":false,"path_per_floor":["M","?","M","?","?","E","R","M","T","E","R","$","M","M","R","B"],"character_chosen":"RUNESMITH_CLASS","items_purchased":["HandDrill","Runesmith:LithiumIon"],"campfire_rested":0,"item_purchase_floors":[12,12],"current_hp_per_floor":[77,77,75,75,75,45,45,45,55,48,48,48,48,23,23,0,0],"gold":141,"neow_bonus":"TEN_PERCENT_HP_BONUS","is_daily":false,"chose_seed":false,"campfire_upgraded":3,"win_rate":0.0,"timestamp":1611983316,"path_taken":["M","?","M","?","?","E","R","M","T","E","R","$","?","M","R","BOSS"],"items_purchased_type":["Relic","Card"],"build_version":"2020-12-22","purchased_purges":0,"victory":false,"max_hp_per_floor":[77,77,77,77,77,77,77,77,87,87,87,87,87,87,87,87,87],"card_choices":[{"not_picked":["Runesmith:BackupBattery","Runesmith:Overpower","Runesmith:CraftProtectio"],"picked":"SKIP","floor":1.0},{"not_picked":["Runesmith:HammerThrow","Runesmith:StaticCage"],"picked":"Runesmith:CraftIncendium","floor":3.0},{"not_picked":["Runesmith:Retool","Runesmith:Accelerate"],"picked":"Runesmith:Grindstone","floor":6.0},{"not_picked":["Runesmith:NegativeSpace","Runesmith:FieryHammer"],"picked":"Runesmith:Attraction","floor":8.0},{"not_picked":["Runesmith:ChiselStab","Runesmith:Augment"],"picked":"Runesmith:Refine","floor":10.0},{"not_picked":["Runesmith:HeatedChisel","Runesmith:RuneHurl"],"picked":"Runesmith:CraftObretio","floor":13.0},{"not_picked":["Runesmith:Empowerment","Runesmith:HammerThrow","Runesmith:ShiftingStrike"],"picked":"SKIP","floor":14.0}],"player_experience":1868105,"relics_obtained":[{"floor":6.0,"key":"Ornamental Fan"},{"floor":9.0,"key":"Pear"},{"floor":10.0,"key":"Mummified Hand"}],"event_choices":[{"damage_healed":0.0,"max_hp_gain":0.0,"max_hp_loss":0.0,"gold_gain":0.0,"event_name":"Liars Game","player_choice":"Ignored","floor":2.0,"gold_loss":0.0,"damage_taken":0.0},{"damage_healed":0.0,"max_hp_gain":0.0,"max_hp_loss":0.0,"gold_gain":0.0,"event_name":"Living Wall","player_choice":"Grow","floor":4.0,"gold_loss":0.0,"damage_taken":0.0,"cards_upgraded":["Runesmith:CraftIncendium"]},{"damage_healed":0.0,"max_hp_gain":0.0,"max_hp_loss":0.0,"gold_gain":100.0,"event_name":"Golden Shrine","player_choice":"Pray","floor":5.0,"gold_loss":0.0,"damage_taken":0.0}],"is_beta":false,"boss_relics":[],"items_purged_floors":[],"is_endless":false,"potions_floor_spawned":[13,14],"killed_by":"The Guardian","ascension_level":2}}