{"host":"c3lc60y5x60jlt1y","time":1611987874,"event":{"mods":["AchievementEnabler","BaseMod","Bestiary","Colored Map","Minty Spire (QoL Compilation)","Quick Restart","StSLib","ojb\u0027s Info Mod"],"gold_per_floor":[113,113,113,125,136,136,148,165,165,165,165,165,165,14,14,112,112,123,42,52,63,63,63,78,78,78,89,89,89,89,89],"floor_reached":30,"language":"ENG","playtime":32462,"items_purged":["Strike_P"],"score":220,"play_id":"e7b845e9-5a54-4cef-ac98-a36abba9d794","local_time":"20210130082434","is_ascension_mode":false,"campfire_choices":[{"data":"CutThroughFate","floor":6.0,"key":"SMITH"},{"data":"Eruption","floor":11.0,"key":"SMITH"},{"data":"WindmillStrike","floor":15.0,"key":"SMITH"},{"data":"Devotion","floor":23.0,"key":"SMITH"},{"floor":25.0,"key":"REST"}],"circlet_count":0,"master_deck":["Strike_P","Strike_P","Defend_P","Defend_P","Eruption+1","Vigilance","CutThroughFate+1","EmptyFist","Adaptation","DevaForm","WindmillStrike+1","Devotion+1","WaveOfTheHand","FearNoEvil","InnerPeace+1","WindmillStrike+1","Indignation","Vengeance","Decay"],"relics":["Velvet Choker"],"acts_visited":["Exordium","TheCity"],"potions_floor_usage":[],"damage_taken":[{"damage":1.0,"enemies":"2 Louse","floor":1.0,"turns":2.0},{"damage":0.0,"enemies":"Cultist","floor":4.0,"turns":2.0},{"damage":0.0,"enemies":"Jaw Worm","floor":5.0,"turns":2.0},{"damage":0.0,"enemies":"Blue Slaver","floor":7.0,"turns":2.0},{"damage":1.0,"enemies":"2 Fungi Beasts","floor":8.0,"turns":3.0},{"damage":31.0,"enemies":"Hexaghost","floor":16.0,"turns":7.0},{"damage":5.0,"enemies":"Chosen","floor":18.0,"turns":4.0},{"damage":16.0,"enemies":"Shell Parasite","floor":20.0,"turns":5.0},{"damage":23.0,"enemies":"Chosen and Byrds","floor":21.0,"turns":6.0},{"damage":19.0,"enemies":"Centurion and Healer","floor":24.0,"turns":6.0},{"damage":28,"enemies":"Snake Plant","floor":27,"turns":3},{"damage":0,"enemies":"Sentry and Sphere","floor":30,"turns":2}],"seed_played":"-5358242387541097520","potions_obtained":[{"floor":1.0,"key":"DuplicationPotion"},{"floor":8.0,"key":"FearPotion"},{"floor":16.0,"key":"FearPotion"},{"floor":18.0,"key":"Swift Potion"},{"floor":21.0,"key":"SteroidPotion"}],"is_trial":false,"path_per_floor":["M","?","?","M","M","R","M","M","T","T","R","?","?","$","R","B",null,"M","$","M","M","?","R","M","R","T","M","?","?","M"],"character_chosen":"WATCHER","items_purchased":["WindmillStrike","FearNoEvil"],"campfire_rested":1,"item_purchase_floors":[14,19],"current_hp_per_floor":[71,64,64,64,64,64,64,63,63,63,63,63,63,63,63,32,72,67,67,51,28,28,28,9,30,30,2,2,2,2,2],"gold":89,"neow_bonus":"BOSS_RELIC","is_daily":false,"chose_seed":false,"campfire_upgraded":4,"win_rate":0.0,"timestamp":1611987874,"path_taken":["M","?","?","?","M","R","M","M","T","?","R","?","?","$","R","BOSS","M","$","M","M","?","R","?","R","T","M","?","?","M"],"items_purchased_type":["Card","Card"],"build_version":"2020-12-22","purchased_purges":1,"victory":false,"max_hp_per_floor":[72,72,72,72,72,72,72,72,72,72,72,72,72,72,72,72,72,72,72,72,72,72,72,72,72,72,72,72,72,72,72],"card_choices":[{"not_picked":["Fasting2","Prostrate"],"picked":"CutThroughFate","floor":1.0},{"not_picked":["JustLucky","ClearTheMind"],"picked":"EmptyFist","floor":4.0},{"not_picked":["Consecrate","FlyingSleeves","Halt"],"picked":"SKIP","floor":5.0},{"not_picked":["SandsOfTime","Study"],"picked":"Adaptation","floor":7.0},{"not_picked":["Tantrum","Wireheading"],"picked":"DevaForm","floor":8.0},{"not_picked":["Wish","ConjureBlade"],"picked":"Devotion","floor":16.0},{"not_picked":["Fasting2","JustLucky+1"],"picked":"WaveOfTheHand","floor":18.0},{"not_picked":["EmptyFist+1","ThirdEye","ClearTheMind"],"picked":"SKIP","floor":20.0},{"not_picked":["CrushJoints+1","FlyingSleeves"],"picked":"InnerPeace+1","floor":21.0},{"not_picked":["ForeignInfluence","CutThroughFate"],"picked":"Indignation","floor":24.0},{"not_picked":["FlurryOfBlows","CutThroughFate"],"picked":"Vengeance","floor":27}],"player_experience":8775707,"relics_obtained":[],"event_choices":[{"cards_removed":["Defend_P"],"damage_healed":0.0,"max_hp_gain":0.0,"max_hp_loss":0.0,"gold_gain":0.0,"event_name":"Golden Wing","player_choice":"Card Removal","floor":2.0,"gold_loss":0.0,"damage_taken":7.0},{"cards_removed":["Strike_P"],"damage_healed":0.0,"max_hp_gain":0.0,"max_hp_loss":0.0,"gold_gain":0.0,"event_name":"Bonfire Elementals","player_choice":"Offered Basic","floor":3.0,"gold_loss":0.0,"damage_taken":0.0},{"damage_healed":0.0,"max_hp_gain":0.0,"max_hp_loss":0.0,"gold_gain":0.0,"event_name":"Liars Game","player_choice":"Ignored","floor":12.0,"gold_loss":0.0,"damage_taken":0.0},{"damage_healed":0.0,"max_hp_gain":0.0,"max_hp_loss":0.0,"gold_gain":0.0,"event_name":"Golden Idol","player_choice":"Ignored","floor":13.0,"gold_loss":0.0,"damage_taken":0.0},{"damage_healed":0.0,"max_hp_gain":0.0,"max_hp_loss":0.0,"gold_gain":0.0,"event_name":"Duplicator","player_choice":"Copied","floor":22.0,"gold_loss":0.0,"damage_taken":0.0,"cards_obtained":["WindmillStrike"]},{"cards_removed":["Defend_P"],"damage_healed":0,"gold_gain":0,"player_choice":"Elegance","damage_taken":0,"max_hp_gain":0,"max_hp_loss":0,"event_name":"Back to Basics","floor":28,"gold_loss":0},{"damage_healed":0,"gold_gain":0,"player_choice":"Smashed Altar","damage_taken":0,"max_hp_gain":0,"max_hp_loss":0,"event_name":"Forgotten Altar","floor":29,"gold_loss":0,"cards_obtained":["Decay"]}],"is_beta":false,"boss_relics":[{"not_picked":["SlaversCollar","Empty Cage","Busted Crown"]}],"items_purged_floors":[14],"is_endless":false,"potions_floor_spawned":[1,8,16,18,20,21],"killed_by":"Sentry and Sphere","ascension_level":0}}