{"host":"ypphcgdomtfqpc2w","time":1611999479,"event":{"mods":["BaseMod","DeckTracker","Minty Spire (QoL Compilation)","Relic Stats","StSLib"],"gold_per_floor":[116,133,58,73,73,73,53,87,87,87,87,98,115,140,140,211,211,227,142,67,86,99,99,99,0,0,30,30,42,62,62,62],"floor_reached":31,"language":"ENG","playtime":1503,"items_purged":["Strike_R"],"score":530,"play_id":"0f7d64de-fbe7-4153-b65b-264473924ebd","local_time":"20210130183759","is_ascension_mode":true,"campfire_choices":[{"data":"Thunderclap","floor":6,"key":"SMITH"},{"data":"Searing Blow","floor":10,"key":"SMITH"},{"data":"Searing Blow+1","floor":11,"key":"SMITH"},{"data":"Searing Blow+2","floor":15,"key":"SMITH"},{"data":"Rupture","floor":23,"key":"SMITH"},{"data":"Brutality","floor":24,"key":"SMITH"},{"floor":28,"key":"REST"}],"circlet_count":0,"master_deck":["AscendersBane","Strike_R","Strike_R","Strike_R","Strike_R","Defend_R","Defend_R","Defend_R","Defend_R","Dropkick","True Grit+1","Thunderclap+1","Searing Blow+3","Dropkick","Fiend Fire","Pommel Strike","Brutality+1","CurseOfTheBell","Shockwave","Rupture+1","Deep Breath","Warcry+1","Ghostly Armor"],"relics":["Runic Pyramid","WingedGreaves","Gremlin Horn","Peace Pipe","Calling Bell","Potion Belt","Sundial","Magic Flower","Red Skull","Smiling Mask","Boot"],"acts_visited":["Exordium","TheCity"],"potions_floor_usage":[8,12,14,18,27,27,27,27,29,30],"damage_taken":[{"damage":15,"enemies":"Small Slimes","floor":1,"turns":5},{"damage":1,"enemies":"Cultist","floor":2,"turns":3},{"damage":0,"enemies":"2 Louse","floor":4,"turns":5},{"damage":15,"enemies":"Lagavulin","floor":8,"turns":9},{"damage":1,"enemies":"Exordium Thugs","floor":12,"turns":4},{"damage":9,"enemies":"Large Slime","floor":13,"turns":5},{"damage":7,"enemies":"3 Sentries","floor":14,"turns":5},{"damage":3,"enemies":"Slime Boss","floor":16,"turns":6},{"damage":8,"enemies":"3 Byrds","floor":18,"turns":9},{"damage":1,"enemies":"Chosen","floor":21,"turns":2},{"damage":17,"enemies":"Snake Plant","floor":22,"turns":4},{"damage":34,"enemies":"Slavers","floor":27,"turns":5},{"damage":16,"enemies":"Shelled Parasite and Fungi","floor":29,"turns":2},{"damage":7,"enemies":"Snecko","floor":30,"turns":4},{"damage":5,"enemies":"Book of Stabbing","floor":31,"turns":1}],"seed_played":"6484195628497925196","potions_obtained":[{"floor":1,"key":"Ancient Potion"},{"floor":2,"key":"ElixirPotion"},{"floor":7,"key":"EntropicBrew"},{"floor":8,"key":"BloodPotion"},{"floor":12,"key":"PowerPotion"},{"floor":16,"key":"SneckoOil"},{"floor":22,"key":"EssenceOfSteel"},{"floor":29,"key":"Explosive Potion"}],"is_trial":false,"path_per_floor":["M","M","$","M","?","R","?","E","T","R","R","M","M","E","R","B",null,"M","?","?","M","M","R","R","$","T","E","R","M","M","E"],"character_chosen":"IRONCLAD","items_purchased":["Deep Breath"],"campfire_rested":1,"item_purchase_floors":[25],"current_hp_per_floor":[53,52,52,52,52,52,52,37,37,37,37,51,42,35,35,32,64,56,56,56,55,38,38,38,38,38,4,26,10,3,0,0],"gold":62,"neow_bonus":"BOSS_RELIC","is_daily":false,"chose_seed":false,"campfire_upgraded":6,"win_rate":0.0,"timestamp":1611999479,"path_taken":["M","M","$","M","?","R","?","E","T","R","R","M","?","E","R","BOSS","M","?","?","M","?","R","R","$","T","E","R","M","M","E"],"items_purchased_type":["Card"],"build_version":"2020-12-22","purchased_purges":1,"victory":false,"max_hp_per_floor":[75,75,75,75,75,75,75,75,75,75,75,75,75,75,75,75,75,75,75,75,75,75,75,75,75,75,75,75,75,75,75,75],"relic_stats":{"Peace Pipe":0,"Gremlin Horn":[11,11],"counters":[15,69],"Sundial":[8],"Magic Flower":[0],"Smiling Mask":0,"Boot":[0],"obtain_stats":[{"Peace Pipe":14,"Calling Bell":17,"Potion Belt":17,"Gremlin Horn":9,"Sundial":17,"Magic Flower":17,"WingedGreaves":8,"Smiling Mask":26,"Boot":27,"Burning Blood":0,"Red Skull":19,"Runic Pyramid":0},{"Peace Pipe":7,"Calling Bell":8,"Potion Belt":8,"Gremlin Horn":4,"Sundial":8,"Magic Flower":8,"WingedGreaves":4,"Smiling Mask":11,"Boot":12,"Burning Blood":0,"Red Skull":9,"Runic Pyramid":0},{"Peace Pipe":36,"Calling Bell":42,"Potion Belt":42,"Gremlin Horn":22,"Sundial":42,"Magic Flower":42,"WingedGreaves":22,"Smiling Mask":57,"Boot":62,"Burning Blood":0,"Red Skull":51,"Runic Pyramid":0}]},"card_choices":[{"not_picked":["Entrench","Twin Strike"],"picked":"Dropkick","floor":1},{"not_picked":["Flame Barrier","Seeing Red"],"picked":"True Grit","floor":2},{"not_picked":["True Grit","Iron Wave"],"picked":"Thunderclap","floor":4},{"not_picked":["Burning Pact","Twin Strike"],"picked":"Searing Blow","floor":8},{"not_picked":["Cleave","Warcry"],"picked":"Dropkick","floor":12},{"not_picked":["Clothesline","Hemokinesis"],"picked":"Fiend Fire","floor":13},{"not_picked":["Rupture","Heavy Blade"],"picked":"Pommel Strike","floor":14},{"not_picked":["Bludgeon","Exhume"],"picked":"Brutality","floor":16},{"not_picked":["Shrug It Off","Pommel Strike"],"picked":"Shockwave","floor":18},{"not_picked":["Twin Strike","Sword Boomerang","Entrench"],"picked":"SKIP","floor":21},{"not_picked":["Shrug It Off","Pummel"],"picked":"Rupture","floor":22},{"not_picked":["True Grit","Ghostly Armor"],"picked":"Warcry+1","floor":27},{"not_picked":["Anger+1","Sword Boomerang"],"picked":"Ghostly Armor","floor":29},{"not_picked":["Shockwave","Searing Blow","Warcry"],"picked":"SKIP","floor":30}],"player_experience":2123303,"relics_obtained":[{"floor":8,"key":"WingedGreaves"},{"floor":9,"key":"Gremlin Horn"},{"floor":14,"key":"Peace Pipe"},{"floor":17,"key":"Potion Belt"},{"floor":17,"key":"Sundial"},{"floor":17,"key":"Magic Flower"},{"floor":26,"key":"Smiling Mask"},{"floor":27,"key":"Boot"}],"event_choices":[{"damage_healed":0,"gold_gain":0,"player_choice":"Grow","damage_taken":0,"max_hp_gain":0,"max_hp_loss":0,"event_name":"Living Wall","floor":5,"gold_loss":0,"cards_upgraded":["True Grit"]},{"damage_healed":0,"gold_gain":0,"player_choice":"Bought 1 Potion","damage_taken":0,"max_hp_gain":0,"max_hp_loss":0,"event_name":"The Woman in Blue","floor":7,"gold_loss":0},{"damage_healed":0,"gold_gain":0,"player_choice":"Obtained Relic","damage_taken":0,"relics_obtained":["Red Skull"],"max_hp_gain":0,"max_hp_loss":0,"event_name":"Addict","floor":19,"gold_loss":85},{"cards_removed":["Bash"],"damage_healed":0,"gold_gain":0,"player_choice":"Gave Gold","damage_taken":0,"max_hp_gain":0,"max_hp_loss":0,"event_name":"Beggar","floor":20,"gold_loss":75}],"is_beta":false,"boss_relics":[{"not_picked":["SlaversCollar","Snecko Eye"],"picked":"Calling Bell"}],"items_purged_floors":[3],"is_endless":false,"potions_floor_spawned":[1,2,8,12,16,22,29],"killed_by":"Book of Stabbing","ascension_level":20}}