{"host":"pe7ycb8t2t906so2","time":1611975157,"event":{"mods":["BaseMod","Colored Map","Highlight Path","Minty Spire (QoL Compilation)"],"gold_per_floor":[19,32,32,42,62,62,81,107,107,107,140,140,152,152,152],"floor_reached":14,"language":"FRA","playtime":1269,"items_purged":[],"score":153,"play_id":"33045811-171a-4d84-ae1b-82152318403b","local_time":"20210129215237","is_ascension_mode":true,"campfire_choices":[{"data":"Dodge and Roll","floor":6,"key":"SMITH"},{"floor":10,"key":"REST"}],"circlet_count":0,"master_deck":["AscendersBane","Strike_G","Strike_G","Strike_G","Strike_G","Strike_G","Defend_G","Defend_G","Defend_G","Defend_G","Defend_G","Survivor","Neutralize","Leg Sweep","Acrobatics","Blade Dance","Backflip","Dodge and Roll+1","Crippling Poison","Blade Dance"],"relics":["Ring of the Snake","Ginger","White Beast Statue","Gremlin Horn","Kunai","Pantograph"],"acts_visited":["Exordium"],"potions_floor_usage":[8,11,11,14],"damage_taken":[{"damage":1,"enemies":"Jaw Worm","floor":1,"turns":6},{"damage":0,"enemies":"Cultist","floor":2,"turns":5},{"damage":3,"enemies":"Small Slimes","floor":4,"turns":4},{"damage":11,"enemies":"Exordium Thugs","floor":5,"turns":9},{"damage":2,"enemies":"Blue Slaver","floor":7,"turns":6},{"damage":16,"enemies":"Gremlin Nob","floor":8,"turns":5},{"damage":29,"enemies":"3 Sentries","floor":11,"turns":12},{"damage":2,"enemies":"Exordium Wildlife","floor":13,"turns":5},{"damage":17,"enemies":"Gremlin Nob","floor":14,"turns":5}],"seed_played":"-7521094185984921905","potions_obtained":[{"floor":1,"key":"GamblersBrew"},{"floor":4,"key":"LiquidBronze"},{"floor":7,"key":"FearPotion"},{"floor":11,"key":"Fruit Juice"},{"floor":13,"key":"PowerPotion"}],"is_trial":false,"path_per_floor":["M","M","?","M","M","R","M","E","T","R","E","?","M","E"],"character_chosen":"THE_SILENT","items_purchased":[],"campfire_rested":1,"item_purchase_floors":[],"current_hp_per_floor":[62,62,62,59,48,48,46,30,30,51,27,27,25,8,8],"gold":152,"neow_bonus":"ONE_RARE_RELIC","is_daily":false,"chose_seed":false,"campfire_upgraded":1,"win_rate":0.0,"timestamp":1611975157,"path_taken":["M","M","?","M","?","R","M","E","T","R","E","?","?","E"],"items_purchased_type":[],"build_version":"2020-12-22","purchased_purges":0,"victory":false,"max_hp_per_floor":[70,70,70,70,70,70,70,70,70,70,75,75,75,75,75],"card_choices":[{"not_picked":["Concentrate","Outmaneuver"],"picked":"Leg Sweep","floor":1},{"not_picked":["Dash","Prepared"],"picked":"Acrobatics","floor":2},{"not_picked":["Dagger Spray","Deflect"],"picked":"Backflip","floor":4},{"not_picked":["Quick Slash","Endless Agony"],"picked":"Dodge and Roll","floor":5},{"not_picked":["Bane","Riddle With Holes"],"picked":"Crippling Poison","floor":7},{"not_picked":["Reflex","Quick Slash","Sucker Punch"],"picked":"SKIP","floor":8},{"not_picked":["Acrobatics","Bane"],"picked":"Blade Dance","floor":11},{"not_picked":["Endless Agony","Predator","Night Terror"],"picked":"SKIP","floor":13}],"player_experience":974475,"relics_obtained":[{"floor":8,"key":"White Beast Statue"},{"floor":9,"key":"Gremlin Horn"},{"floor":11,"key":"Kunai"}],"event_choices":[{"damage_healed":0,"gold_gain":0,"player_choice":"1 cards matched","damage_taken":0,"max_hp_gain":0,"max_hp_loss":0,"event_name":"Match and Keep!","floor":3,"gold_loss":0,"cards_obtained":["Blade Dance"]},{"damage_healed":0,"gold_gain":0,"player_choice":"Gave Potion","damage_taken":0,"relics_obtained":["Pantograph"],"max_hp_gain":0,"max_hp_loss":0,"event_name":"WeMeetAgain","floor":12,"gold_loss":0}],"is_beta":false,"boss_relics":[],"items_purged_floors":[],"is_endless":false,"potions_floor_spawned":[1,4,7,11,13],"killed_by":"Gremlin Nob","ascension_level":10}}