{"host":"eaiphzh066bwqdh7","time":1611965425,"event":{"mods":["BaseMod","Better Note","Halation","Hubris","Minty Spire (QoL Compilation)","Reliquary","Replay The Spire","StSLib"],"gold_per_floor":[114,39,50,65,77,77,110,110,110,110,125,125,125,125,125,228,228,242,257,273,273,273],"floor_reached":21,"language":"ENG","playtime":908,"items_purged":["Strike_G"],"score":208,"play_id":"ef3a8dbf-f258-4e66-be08-6646fbc5eaf2","local_time":"20210129191025","is_ascension_mode":true,"campfire_choices":[{"data":"Caltrops","floor":6,"key":"SMITH"},{"floor":8,"key":"REST"},{"floor":10,"key":"REST"},{"floor":13,"key":"REST"},{"data":"Neutralize","floor":15,"key":"SMITH"}],"circlet_count":0,"master_deck":["Strike_G","Strike_G","Defend_G","Defend_G","Defend_G","Defend_G","Defend_G","Survivor","Neutralize+1","Caltrops+1","Backflip","Dagger Throw","Slice","Deadly Poison+1","Corpse Explosion","CurseOfTheBell","PiercingWail","Prepared","Catalyst+1"],"relics":["Ring of the Snake","NeowsBlessing","hubris:TinFlute","Paper Crane","Calling Bell","Bag of Preparation","hubris:BottledRain","Tough Bandages"],"acts_visited":["Exordium","TheCity"],"potions_floor_usage":[5,18,20,20],"damage_taken":[{"damage":0,"enemies":"Jaw Worm","floor":1,"turns":1},{"damage":0,"enemies":"2 Louse","floor":3,"turns":1},{"damage":0,"enemies":"Cultist","floor":4,"turns":1},{"damage":5,"enemies":"2 Fungi Beasts","floor":5,"turns":4},{"damage":49,"enemies":"Lagavulin","floor":7,"turns":9},{"damage":0,"enemies":"Large Slime","floor":11,"turns":7},{"damage":17,"enemies":"The Guardian","floor":16,"turns":9},{"damage":7,"enemies":"Shell Parasite","floor":18,"turns":4},{"damage":17,"enemies":"2 Thieves","floor":19,"turns":3},{"damage":40,"enemies":"Sentry and Sphere","floor":20,"turns":7},{"damage":6,"enemies":"Centurion and Healer","floor":21,"turns":2}],"seed_played":"962056456705981937","potions_obtained":[{"floor":3,"key":"Adrenaline Potion"},{"floor":4,"key":"SneckoOil"},{"floor":7,"key":"Elixir"},{"floor":16,"key":"DuplicationPotion"},{"floor":18,"key":"FearPotion"}],"is_trial":false,"path_per_floor":["M","$","M","M","M","R","E","R","T","R","M","?","R","?","R","B",null,"M","M","M","M"],"character_chosen":"THE_SILENT","items_purchased":[],"campfire_rested":3,"item_purchase_floors":[],"current_hp_per_floor":[70,70,70,70,65,65,16,37,37,58,58,58,70,70,70,53,70,63,46,6,0,0],"gold":273,"neow_bonus":"THREE_ENEMY_KILL","is_daily":false,"chose_seed":false,"campfire_upgraded":2,"win_rate":0.0,"timestamp":1611965425,"path_taken":["M","$","M","M","M","R","E","R","T","R","M","?","R","?","R","BOSS","M","M","?","M"],"items_purchased_type":[],"build_version":"2020-12-22","purchased_purges":1,"victory":false,"max_hp_per_floor":[70,70,70,70,70,70,70,70,70,70,70,70,70,70,70,70,70,70,70,70,70,70],"card_choices":[{"not_picked":["Hidden Blade","hubris:SlightOfHand"],"picked":"Caltrops","floor":1},{"not_picked":["Deflect","Poisoned Stab"],"picked":"Backflip","floor":3},{"not_picked":["Acrobatics","Bane"],"picked":"Dagger Throw","floor":4},{"not_picked":["Hidden Blade","Dagger Spray"],"picked":"Slice","floor":5},{"not_picked":["ReplayTheSpireMod:From All Sides","ReplayTheSpireMod:Shiv Toss","Flying Knee"],"picked":"SKIP","floor":7},{"not_picked":["Dagger Spray","Flechettes","Sneak Up"],"picked":"SKIP","floor":11},{"not_picked":["Storm of Steel","Tools of the Trade"],"picked":"Corpse Explosion","floor":16},{"not_picked":["hubris:SlightOfHand","Heel Hook"],"picked":"PiercingWail","floor":18},{"not_picked":["Poisoned Stab+1","Outmaneuver"],"picked":"Prepared","floor":19},{"not_picked":["Flying Knee","Skewer"],"picked":"Catalyst+1","floor":20}],"player_experience":209696,"relics_obtained":[{"floor":7,"key":"hubris:TinFlute"},{"floor":9,"key":"Paper Crane"},{"floor":17,"key":"Bag of Preparation"},{"floor":17,"key":"hubris:BottledRain"},{"floor":17,"key":"Tough Bandages"}],"event_choices":[{"cards_removed":["Strike_G"],"damage_healed":0,"gold_gain":0,"player_choice":"Purged","damage_taken":0,"max_hp_gain":0,"max_hp_loss":0,"event_name":"Purifier","floor":14,"gold_loss":0}],"is_beta":false,"boss_relics":[{"not_picked":["Replay:Wanted Poster","Pandora\u0027s Box"],"picked":"Calling Bell"}],"items_purged_floors":[2],"is_endless":false,"potions_floor_spawned":[3,4,7,16,18],"killed_by":"Centurion and Healer","ascension_level":3}}