{"host":"vumwfieg2b2mnrfl","time":1611978816,"event":{"mods":["AchievementEnabler","BaseMod","Minty Spire (QoL Compilation)","Rare Cards Sparkle","Relic Stats"],"gold_per_floor":[16,16,16,16,40,40,61,61,111,145,170,145,70,12,12,103,103,81,81,81,105,105,105],"floor_reached":22,"language":"ENG","playtime":628,"items_purged":["Pain"],"score":368,"play_id":"1e7954ad-af30-4e76-a60a-ac48fcbf9518","local_time":"20210129215336","is_ascension_mode":true,"campfire_choices":[{"data":"Neutralize","floor":6.0,"key":"SMITH"},{"floor":8.0,"key":"REST"},{"floor":15.0,"key":"REST"}],"circlet_count":0,"master_deck":["AscendersBane","Strike_G","Strike_G","Strike_G","Strike_G","Defend_G","Defend_G","Defend_G","Defend_G","Survivor","Neutralize+1","Chrysalis","Deadly Poison","Injury","Deadly Poison","Leg Sweep","Burst","Backstab","All Out Attack","Catalyst"],"relics":["Ring of the Snake","Golden Idol","WarpedTongs","Nunchaku","Vajra","Question Card","SlaversCollar"],"acts_visited":["Exordium","TheCity"],"potions_floor_usage":[16,18,22],"damage_taken":[{"damage":4.0,"enemies":"Small Slimes","floor":1.0,"turns":4.0},{"damage":7.0,"enemies":"2 Louse","floor":5.0,"turns":3.0},{"damage":21.0,"enemies":"Cultist","floor":7.0,"turns":7.0},{"damage":21.0,"enemies":"Lagavulin","floor":10.0,"turns":8.0},{"damage":1.0,"enemies":"Looter","floor":11.0,"turns":3.0},{"damage":10.0,"enemies":"Exordium Thugs","floor":12.0,"turns":4.0},{"damage":2,"enemies":"The Guardian","floor":16,"turns":9},{"damage":42,"enemies":"2 Thieves","floor":18,"turns":5},{"damage":11,"enemies":"Chosen","floor":21,"turns":5},{"damage":12,"enemies":"Shelled Parasite and Fungi","floor":22,"turns":2}],"seed_played":"3931466869296215056","potions_obtained":[{"floor":5.0,"key":"Ancient Potion"},{"floor":10.0,"key":"PowerPotion"},{"floor":11.0,"key":"Fire Potion"},{"floor":16,"key":"Weak Potion"}],"is_trial":false,"path_per_floor":["M","?","?","$","M","R","M","R","T","E","M","M","$","?","R","B",null,"M","?","?","M","M"],"character_chosen":"THE_SILENT","items_purchased":[],"campfire_rested":2,"item_purchase_floors":[],"current_hp_per_floor":[55,55,55,55,48,48,27,46,46,25,24,14,14,14,33,31,57,15,15,15,4,0,0],"gold":105,"neow_bonus":"RANDOM_COLORLESS_2","is_daily":false,"chose_seed":false,"campfire_upgraded":1,"win_rate":0.0,"timestamp":1611978816,"path_taken":["M","?","?","$","M","R","?","R","T","E","M","M","$","?","R","BOSS","M","?","?","M","?"],"items_purchased_type":[],"build_version":"2020-12-22","purchased_purges":1,"victory":false,"max_hp_per_floor":[66,66,66,66,66,66,66,66,66,66,66,66,66,66,66,66,66,66,66,66,66,66,66],"relic_stats":{"Nunchaku":[4],"counters":[10,50],"Golden Idol":51,"Question Card":3,"obtain_stats":[{"SlaversCollar":17,"Nunchaku":9,"Golden Idol":2,"Vajra":10,"Question Card":14,"Ring of the Snake":0,"WarpedTongs":3},{"SlaversCollar":7,"Nunchaku":3,"Golden Idol":1,"Vajra":4,"Question Card":6,"Ring of the Snake":0,"WarpedTongs":1},{"SlaversCollar":38,"Nunchaku":14,"Golden Idol":4,"Vajra":22,"Question Card":29,"Ring of the Snake":0,"WarpedTongs":4}],"Ring of the Snake":[20],"WarpedTongs":[45]},"card_choices":[{"not_picked":["Thinking Ahead","Transmutation"],"picked":"Chrysalis","floor":0.0},{"not_picked":["Escape Plan","Blur"],"picked":"Deadly Poison","floor":1.0},{"not_picked":["Infinite Blades","Dodge and Roll","Outmaneuver"],"picked":"SKIP","floor":5.0},{"not_picked":["Sucker Punch","Distraction","Cloak And Dagger"],"picked":"SKIP","floor":7.0},{"not_picked":["Reflex","Tactician","Finisher"],"picked":"SKIP","floor":10.0},{"not_picked":["Eviscerate","Underhanded Strike"],"picked":"Deadly Poison","floor":11.0},{"not_picked":["Flying Knee","Underhanded Strike"],"picked":"Leg Sweep","floor":12.0},{"not_picked":["Venomology","After Image","Envenom"],"picked":"Burst","floor":16},{"not_picked":["Slice","All Out Attack+1","Riddle With Holes","Expertise+1"],"picked":"SKIP","floor":18},{"not_picked":["Heel Hook","Dodge and Roll+1","All Out Attack"],"picked":"Catalyst","floor":21}],"player_experience":498183,"relics_obtained":[{"floor":9.0,"key":"Nunchaku"},{"floor":10.0,"key":"Vajra"}],"event_choices":[{"damage_healed":0.0,"max_hp_gain":0.0,"max_hp_loss":0.0,"gold_gain":0.0,"event_name":"Golden Idol","player_choice":"Take Wound","floor":2.0,"gold_loss":0.0,"damage_taken":0.0,"relics_obtained":["Golden Idol"],"cards_obtained":["Injury"]},{"damage_healed":0.0,"max_hp_gain":0.0,"max_hp_loss":0.0,"gold_gain":0.0,"event_name":"Accursed Blacksmith","player_choice":"Rummage","floor":3.0,"gold_loss":0.0,"damage_taken":0.0,"relics_obtained":["WarpedTongs"],"cards_obtained":["Pain"]},{"damage_healed":0.0,"max_hp_gain":0.0,"max_hp_loss":0.0,"gold_gain":0.0,"event_name":"WeMeetAgain","player_choice":"Paid Gold","floor":14.0,"gold_loss":58.0,"damage_taken":0.0,"relics_obtained":["Question Card"]},{"damage_healed":0,"gold_gain":0,"cards_transformed":["Strike_G","Defend_G"],"player_choice":"Became Test Subject","damage_taken":0,"max_hp_gain":0,"max_hp_loss":0,"event_name":"Drug Dealer","floor":19,"gold_loss":0,"cards_obtained":["Backstab","All Out Attack"]},{"damage_healed":0,"gold_gain":0,"player_choice":"Ignored","damage_taken":0,"max_hp_gain":0,"max_hp_loss":0,"event_name":"Vampires","floor":20,"gold_loss":0}],"is_beta":false,"boss_relics":[{"not_picked":["Tiny House","Snecko Eye"],"picked":"SlaversCollar"}],"items_purged_floors":[13],"is_endless":false,"potions_floor_spawned":[5,10,11,12,16],"killed_by":"Shelled Parasite and Fungi","ascension_level":20}}