{"host":"yqa5il53nhlo2jdd","time":1611982131,"event":{"mods":["AchievementEnabler","BaseMod","BetterRewards","Minty Spire (QoL Compilation)","SIMod","StSLib","[IsaacMod]ÒÔÈö¼âËþ"],"gold_per_floor":[110,120,120,120,120,120,163,186,210,231,264,285,285,53,53,183,183,204,204,204,129,148,148,167,167,167,67,81,97,97,112,112,242,242,261,324,344,219,234,234,234,234,234,234,259,275,308,328,328,328],"floor_reached":51,"language":"ZHS","playtime":4838,"items_purged":["Strike_TS","Defend_AJ","Strike_RR","Strike_AJ+1"],"score":764,"play_id":"8bf226b3-dc56-4352-8944-27a8e6dea9ea","local_time":"20210130124851","is_ascension_mode":false,"campfire_choices":[{"data":"TakeTheLead","floor":6.0,"key":"SMITH"},{"data":"GemstoneDetection","floor":15.0,"key":"SMITH"},{"data":"FarmExpert","floor":23,"key":"SMITH"},{"data":"CheerUp","floor":25,"key":"SMITH"},{"data":"Winterwrapup","floor":30,"key":"SMITH"},{"data":"AllByMyself","floor":32,"key":"SMITH"},{"data":"TakeTheLead","floor":40,"key":"SMITH"},{"data":"Sisterhood","floor":42,"key":"SMITH"},{"floor":44,"key":"REST"},{"data":"DynamicVision","floor":49,"key":"SMITH"}],"circlet_count":0,"master_deck":["Strike_RD+1","ConcertedEfforts","HarmonyShield","ThunderCloud+1","RunningOfTheLeaves+1","TakeTheLead+1","GemstoneDetection+1","PartyTime","Harmanyblast","FarmExpert+1","Celebrities","PartyTime","CheerUp+1","Winterwrapup+1","Stare","AllByMyself+1","TakeTheLead+1","Sisterhood+1","GemstoneDetection+1","Winterwrapup+1","DynamicVision+1"],"relics":["The_element_of_harmony","HushsDoor","DeathBook","NeowsBlessing","Golden Idol","Whetstone","Omamori","Question Card","BelialBook","Philosopher\u0027s Stone","Ancient Tea Set","SharpPlug","Sozu","Sozu","Anchor","Art of War","Ginger"],"acts_visited":["Exordium","TheCity","TheBeyond"],"potions_floor_usage":[50,50],"damage_taken":[{"damage":0.0,"enemies":"2 Louse","floor":1.0,"turns":1.0},{"damage":0.0,"enemies":"Jaw Worm","floor":2.0,"turns":1.0},{"damage":0.0,"enemies":"Gremlin Nob","floor":7.0,"turns":1.0},{"damage":0.0,"enemies":"Cultist","floor":8.0,"turns":2.0},{"damage":0.0,"enemies":"Looter","floor":10.0,"turns":2.0},{"damage":0.0,"enemies":"3 Sentries","floor":11.0,"turns":1.0},{"damage":0.0,"enemies":"Large Slime","floor":12.0,"turns":4.0},{"damage":30.0,"enemies":"The Guardian","floor":16.0,"turns":12.0},{"damage":0.0,"enemies":"3 Byrds","floor":18.0,"turns":3.0},{"damage":0,"enemies":"Spheric Guardian","floor":22,"turns":3},{"damage":0,"enemies":"Snake Plant","floor":24,"turns":4},{"damage":0,"enemies":"Sentry and Sphere","floor":28,"turns":1},{"damage":6,"enemies":"3 Cultists","floor":29,"turns":4},{"damage":0,"enemies":"Centurion and Healer","floor":31,"turns":5},{"damage":0,"enemies":"Collector","floor":33,"turns":5},{"damage":24,"enemies":"Orb Walker","floor":35,"turns":5},{"damage":0,"enemies":"Mind Bloom Boss Battle","floor":36,"turns":3},{"damage":0,"enemies":"3 Shapes","floor":37,"turns":2},{"damage":0,"enemies":"Sphere and 2 Shapes","floor":39,"turns":2},{"damage":0,"enemies":"4 Shapes","floor":45,"turns":2},{"damage":0,"enemies":"3 Darklings","floor":46,"turns":2},{"damage":0,"enemies":"Nemesis","floor":47,"turns":5},{"damage":0,"enemies":"Sphere and 2 Shapes","floor":48,"turns":2},{"damage":45,"enemies":"Time Eater","floor":50,"turns":3}],"seed_played":"-4890842956614078115","potions_obtained":[{"floor":1.0,"key":"Fruit Juice"},{"floor":7.0,"key":"PowerPotion"},{"floor":12.0,"key":"DuplicationPotion"},{"floor":16.0,"key":"ColorlessPotion"},{"floor":24,"key":"Dexterity Potion"}],"is_trial":false,"path_per_floor":["M","M","?","?","?","R","E","M","T","M","E","M","?","$","R","B",null,"M","?","?","?","M","R","M","R","T","$","M","M","R","M","R","B",null,"M","?","M","$","M","R","?","R","T","R","M","M","E","M","R","B",null],"character_chosen":"TWI_CLASS","items_purchased":["BelialBook"],"campfire_rested":1,"item_purchase_floors":[14],"current_hp_per_floor":[87,87,81,81,81,81,81,81,81,81,81,81,65,65,65,35,81,81,81,81,81,81,81,81,81,81,81,81,75,75,75,75,75,76,52,52,52,52,52,52,37,37,37,59,59,59,59,59,59,14],"gold":328,"neow_bonus":"THREE_ENEMY_KILL","is_daily":false,"chose_seed":false,"campfire_upgraded":9,"win_rate":0.0,"timestamp":1611982131,"path_taken":["M","M","?","?","?","R","E","M","T","?","E","M","?","$","R","BOSS","BOSS","M","?","?","?","M","R","M","R","T","$","M","?","R","M","R","BOSS","M","?","M","$","?","R","?","R","T","R","M","M","E","M","R","BOSS"],"items_purchased_type":["Relic"],"build_version":"2020-12-22","purchased_purges":4,"victory":true,"max_hp_per_floor":[87,87,81,81,81,81,81,81,81,81,81,81,81,81,81,81,81,81,81,81,81,81,81,81,81,81,81,81,81,81,81,81,81,76,76,76,76,76,76,76,76,76,76,76,76,76,76,76,76,76],"card_choices":[{"not_picked":["Bomb"],"picked":"ThunderCloud","floor":1.0},{"not_picked":["Tornado"],"picked":"AllByMyself","floor":1.0},{"not_picked":["Bomb"],"picked":"RunningOfTheLeaves","floor":2.0},{"not_picked":["AlloutStrike"],"picked":"TakeTheLead","floor":2.0},{"not_picked":["BehindTheScene"],"picked":"GemstoneDetection","floor":7.0},{"not_picked":["ServeMeal","BigDeal"],"picked":"SKIP","floor":7.0},{"not_picked":["ServeMeal","Lasso"],"picked":"SKIP","floor":8.0},{"not_picked":["BatchProduction","Louder"],"picked":"SKIP","floor":8.0},{"not_picked":["BehindTheScene"],"picked":"PartyTime","floor":10.0},{"not_picked":["Batlization","Return_To_Past"],"picked":"SKIP","floor":10.0},{"not_picked":["HideCarefully","CowboySkills"],"picked":"SKIP","floor":11.0},{"not_picked":["Lasso","RunningOfTheLeaves"],"picked":"SKIP","floor":11.0},{"not_picked":["FollowTherRainbow","PartyTime","Return_To_Past"],"picked":"SKIP","floor":12.0},{"not_picked":["Magic_Beam","CowboySkills","HideCarefully"],"picked":"SKIP","floor":12.0},{"not_picked":["InspirationRecovery","Overwhelming"],"picked":"Harmanyblast","floor":16.0},{"not_picked":["Anxiousness","BigDeal"],"picked":"FarmExpert","floor":18.0},{"not_picked":["Batlization+1","Anxiousness","PinkiePromise"],"picked":"SKIP","floor":18.0},{"not_picked":["Perfectionism","FollowTherRainbow","Mischief"],"picked":"SKIP","floor":22},{"not_picked":["TasteRainbow+1","ServeMeal","FollowTherRainbow"],"picked":"SKIP","floor":22},{"not_picked":["AppleFeast","KillingWithKindness"],"picked":"CheerUp","floor":24},{"not_picked":["Whining","FollowTherRainbow"],"picked":"Winterwrapup","floor":24},{"not_picked":["Yay+1","ThunderCloud","RushToSky"],"picked":"SKIP","floor":28},{"not_picked":["Anxiousness","FriendOfNature+1","HideCarefully"],"picked":"SKIP","floor":28},{"not_picked":["Whining","FriendOfNature"],"picked":"Stare","floor":29},{"not_picked":["CleanLibrary","Return_To_Past","KillingWithKindness"],"picked":"SKIP","floor":29},{"not_picked":["Boundary","Dear_Princess"],"picked":"AllByMyself","floor":31},{"not_picked":["HideCarefully+1","TasteRainbow","FollowTherRainbow+1"],"picked":"SKIP","floor":31},{"not_picked":["SonicRainbow","PartyCana"],"picked":"TakeTheLead","floor":33},{"not_picked":["PartyCana","Stare"],"picked":"Sisterhood","floor":33},{"not_picked":["Perfectionism","Return_To_Past+1"],"picked":"GemstoneDetection+1","floor":35},{"not_picked":["RushToSky","Return_To_Past","FollowTherRainbow"],"picked":"SKIP","floor":35},{"not_picked":["Batlization+1","Boundary+1"],"picked":"Winterwrapup+1","floor":37},{"not_picked":["AllByMyself","RashStunts","Mischief"],"picked":"SKIP","floor":37},{"not_picked":["Return_To_Past","Charge","ThrowingApples"],"picked":"SKIP","floor":39},{"not_picked":["KillingWithKindness+1","Yay+1","Boundary+1"],"picked":"SKIP","floor":39},{"not_picked":["Tornado","PinkiePromise+1","GemstoneDetection"],"picked":"SKIP","floor":45},{"not_picked":["ServeMeal","Winterwrapup","Celebrities+1"],"picked":"SKIP","floor":45},{"not_picked":["Mischief+1","Lasso","ServeMeal+1"],"picked":"SKIP","floor":46},{"not_picked":["Perfectionism+1","Celebrities","ISayNo+1"],"picked":"SKIP","floor":46},{"not_picked":["Laughter+1","Louder"],"picked":"DynamicVision","floor":47},{"not_picked":["PartyCana","Charge+1","Anxiousness"],"picked":"SKIP","floor":47},{"not_picked":["Boundary","ThunderCloud","AllByMyself"],"picked":"SKIP","floor":48},{"not_picked":["Magictrain+1","Louder+1","ISayNo"],"picked":"SKIP","floor":48}],"player_experience":649510,"relics_obtained":[{"floor":7.0,"key":"Whetstone"},{"floor":9.0,"key":"Omamori"},{"floor":11.0,"key":"Question Card"},{"floor":26,"key":"SharpPlug"},{"floor":36,"key":"Diplopia"},{"floor":43,"key":"Art of War"},{"floor":47,"key":"Ginger"}],"event_choices":[{"damage_healed":0.0,"max_hp_gain":0.0,"max_hp_loss":6.0,"gold_gain":0.0,"event_name":"Golden Idol","player_choice":"Lose Max HP","floor":3.0,"gold_loss":0.0,"damage_taken":0.0,"relics_obtained":["Golden Idol"]},{"damage_healed":0.0,"max_hp_gain":0.0,"max_hp_loss":0.0,"gold_gain":0.0,"event_name":"Liars Game","player_choice":"Ignored","floor":4.0,"gold_loss":0.0,"damage_taken":0.0},{"cards_removed":["AllByMyself"],"damage_healed":0.0,"max_hp_gain":0.0,"max_hp_loss":0.0,"gold_gain":0.0,"event_name":"Living Wall","player_choice":"Forget","floor":5.0,"gold_loss":0.0,"damage_taken":0.0},{"damage_healed":0.0,"max_hp_gain":0.0,"max_hp_loss":0.0,"gold_gain":0.0,"event_name":"Shining Light","player_choice":"Entered Light","floor":13.0,"gold_loss":0.0,"damage_taken":16.0,"cards_upgraded":["ThunderCloud","RunningOfTheLeaves"]},{"damage_healed":0,"gold_gain":0,"player_choice":"Stole Relic","damage_taken":0,"relics_obtained":["Ancient Tea Set"],"max_hp_gain":0,"max_hp_loss":0,"event_name":"Addict","floor":19,"gold_loss":0,"cards_obtained":["Shame"]},{"damage_healed":0,"gold_gain":0,"cards_transformed":["Defend_FS","Defend_TS"],"player_choice":"Became Test Subject","damage_taken":0,"max_hp_gain":0,"max_hp_loss":0,"event_name":"Drug Dealer","floor":20,"gold_loss":0,"cards_obtained":["Celebrities","PartyTime"]},{"cards_removed":["Defend_PP"],"damage_healed":0,"gold_gain":0,"player_choice":"Gave Gold","damage_taken":0,"max_hp_gain":0,"max_hp_loss":0,"event_name":"Beggar","floor":21,"gold_loss":75},{"damage_healed":0,"gold_gain":0,"player_choice":"Fight","damage_taken":0,"max_hp_gain":0,"max_hp_loss":0,"event_name":"MindBloom","floor":36,"gold_loss":0}],"is_beta":false,"boss_relics":[{"not_picked":["Snecko Eye","SacredBark"],"picked":"Philosopher\u0027s Stone"},{"not_picked":[]},{"not_picked":["Velvet Choker","Tiny House"],"picked":"Sozu"},{"not_picked":[]}],"items_purged_floors":[14,27,34,38],"is_endless":false,"potions_floor_spawned":[1,7,12,16,24,28,33,36,37,39],"ascension_level":0}}