{"host":"zpgqcfwzjt3ivxzp","time":1611985589,"event":{"mods":["BaseMod","Better Altar","Better Match","Better Note","Better Sensory Stone","Better Skull","Better Third Choice","BetterRewards","Card Forge","Colored Map","Colored Powertips","Custom Start","Highlight Path","Infinite Spire","Minty Spire (QoL Compilation)","Quick Restart","Replay The Spire","StSLib","The Senshi"],"gold_per_floor":[114,126,145,156,156,156,182,282,307,353,383,426,426,474,474,587,587,613,613,643,667,468,468,510,510,510,510,254,298,327,364,364,493,493,525,566,248,283,283,335,335,385,385,385,411,459,494,122,122,146,146,146,24,92,102],"floor_reached":56,"language":"ENG","playtime":5520,"items_purged":["Strike_P","Defend_P","Strike_P","Defend_P","Strike_P+1"],"score":1916,"play_id":"8bf6fdbe-bddc-4e66-a658-0bd30c4c1b6d","local_time":"20210129234629","is_ascension_mode":true,"campfire_choices":[{"floor":6.0,"key":"REST"},{"floor":13.0,"key":"REST"},{"floor":15.0,"key":"REST"},{"floor":23.0,"key":"REST"},{"floor":25.0,"key":"REST"},{"data":"Devotion","floor":27.0,"key":"SMITH"},{"floor":32.0,"key":"REST"},{"floor":44.0,"key":"RECALL"},{"floor":49.0,"key":"REST"},{"floor":52.0,"key":"REST"}],"circlet_count":0,"master_deck":["Strike_P+1","Defend_P+1","Eruption+1","Vigilance+1","Prostrate","FlurryOfBlows+1","EmptyBody","Madness+1","LikeWater+1","Panacea+1","SandsOfTime+1","Prostrate","Survey Options","Indignation+1","EmptyFist+1","FearNoEvil+1","EmptyBody","Consecrate+1","Prostrate+1","FlurryOfBlows+1","SandsOfTime","Adaptation+1","FollowUp+1","Alpha+1","ClearTheMind+1","FlurryOfBlows","Devotion+1","MentalFortress","EmptyFist","EmptyBody","Establishment","MentalFortress","Crescendo","Pot Of Greed+1","Pot Of Greed+1","Pot Of Greed+1","Prostrate+1","Replay:Dark Deal+1","Pot Of Greed+1","Alpha","FlurryOfBlows+1"],"relics":["HolyWater","Hammer of Thor","Seething Fire","Anvil of the Gods","Blood Vial","Whetstone","infinitespire:Satchel","Membership Card","Blue Candle","Replay:WaspNest","Gremlin Food","Replay:Bandana","Regal Pillow","Oddly Smooth Stone","Omamori","Replay:Baseball","Vajra","Guide Book","Replay:Ringing Soul","Bottled Flame","PreservedInsect","ClockworkSouvenir","theSenshi:FeatherClipsRelic","Busted Crown","Replay:Rubber Ducky","Grinning Jar","Toy Ornithopter","Pocketwatch","infinitespire:Beetle Shell","Singing Bowl","Bronze Scales","Snack Pack","ReplayFunnel"],"acts_visited":["Exordium","TheCity","TheBeyond","TheEnding"],"potions_floor_usage":[55,55],"damage_taken":[{"damage":0.0,"enemies":"Jaw Worm","floor":1.0,"turns":2.0},{"damage":0.0,"enemies":"Small Slimes","floor":2.0,"turns":3.0},{"damage":7.0,"enemies":"Cultist","floor":3.0,"turns":3.0},{"damage":0.0,"enemies":"Exordium Wildlife","floor":4.0,"turns":2.0},{"damage":22.0,"enemies":"Replay:BlueRogue","floor":7.0,"turns":4.0},{"damage":0.0,"enemies":"Gremlin Nob","floor":10.0,"turns":2.0},{"damage":9.0,"enemies":"Gremlin Gang","floor":11.0,"turns":3.0},{"damage":0.0,"enemies":"Large Slime","floor":12.0,"turns":4.0},{"damage":5.0,"enemies":"Replay:BlueRogue","floor":14.0,"turns":3.0},{"damage":5.0,"enemies":"The Guardian","floor":16.0,"turns":6.0},{"damage":4.0,"enemies":"Shell Parasite","floor":18.0,"turns":3.0},{"damage":7.0,"enemies":"Spheric Guardian","floor":20.0,"turns":4.0},{"damage":15.0,"enemies":"Snecko","floor":21.0,"turns":4.0},{"damage":24.0,"enemies":"Slavers","floor":24.0,"turns":3.0},{"damage":0.0,"enemies":"Gremlin Leader","floor":29.0,"turns":4.0},{"damage":0.0,"enemies":"Cultist and Chosen","floor":30.0,"turns":3.0},{"damage":18.0,"enemies":"Snake Plant","floor":31.0,"turns":4.0},{"damage":13.0,"enemies":"Champ","floor":33.0,"turns":6.0},{"damage":22.0,"enemies":"3 Darklings","floor":35.0,"turns":6.0},{"damage":3.0,"enemies":"3 Shapes","floor":36.0,"turns":3.0},{"damage":46.0,"enemies":"Transient","floor":38.0,"turns":5.0},{"damage":2.0,"enemies":"Giant Head","floor":40.0,"turns":6.0},{"damage":1.0,"enemies":"R_Hoarder","floor":42.0,"turns":5.0},{"damage":10.0,"enemies":"4 Shapes","floor":45.0,"turns":4.0},{"damage":36.0,"enemies":"Reptomancer","floor":46.0,"turns":4.0},{"damage":0.0,"enemies":"Maw","floor":47.0,"turns":4.0},{"damage":93.0,"enemies":"Replay:Hell Engine","floor":50.0,"turns":6.0},{"damage":35.0,"enemies":"Shield and Spear","floor":54.0,"turns":3.0},{"damage":70,"enemies":"The Heart","floor":55,"turns":6}],"seed_played":"2210776768398847707","potions_obtained":[{"floor":7.0,"key":"PowerPotion"},{"floor":11.0,"key":"Strength Potion"},{"floor":21.0,"key":"SteroidPotion"},{"floor":24.0,"key":"Explosive Potion"},{"floor":30.0,"key":"Dexterity Potion"},{"floor":35.0,"key":"SpeedPotion"},{"floor":45.0,"key":"Toxic Potion"},{"floor":47.0,"key":"Doom Potion"},{"floor":54.0,"key":"Languid Potion"}],"is_trial":false,"path_per_floor":["M","M","M","M","?","R","E","?","T","E","M","M","R","E","R","B",null,"M","?","M","M","$","R","E","R","T","R","$","E","M","M","R","B",null,"M","M","$","M","?","E","?","E","T","R","M","E","M","$","R_BF","B",null,"R","$","E","B",null],"character_chosen":"WATCHER","items_purchased":["Prostrate","Blood Vial","FlurryOfBlows","EmptyBody","Madness","Whetstone","LikeWater","Panacea","SandsOfTime","Prostrate","Survey Options","infinitespire:Satchel","Indignation","Membership Card","Blue Candle","Replay:WaspNest","LifebloodPotion","PowerPotion","Gremlin Food","EmptyFist","Energy Potion","Vajra","Guide Book","FlurryOfBlows","Block Potion","PreservedInsect","ClockworkSouvenir","MentalFortress","Adrenaline Potion","Replay:Rubber Ducky","MentalFortress","Crescendo","Weak Potion","Grinning Jar","Singing Bowl","Bronze Scales","FlurryOfBlows","Strength Potion","Weak Potion","Snack Pack"],"campfire_rested":8,"item_purchase_floors":[0,0,0,0,0,0,0,0,0,0,0,0,0,0,0,0,0,0,0,0,0,22,22,22,22,28,28,28,28,37,37,37,37,37,48,48,48,48,48,53],"current_hp_per_floor":[67,69,64,66,66,72,50,32,32,34,27,29,65,62,72,67,71,68,68,63,50,50,72,51,75,75,75,78,81,81,72,84,80,85,71,76,79,44,44,50,53,60,60,60,58,53,61,64,97,21,78,97,97,76,38],"gold":102,"neow_bonus":"","is_daily":false,"chose_seed":false,"campfire_upgraded":1,"win_rate":0.0,"timestamp":1611985589,"path_taken":["M","M","M","M","?","R","E","?","T","E","M","?","R","E","R","BOSS","M","?","M","?","$","R","E","R","T","R","$","E","M","M","R","BOSS","M","M","$","M","?","E","?","E","T","R","M","E","M","?","R_BF","BOSS","R","$","E","BOSS"],"items_purchased_type":["Card","Relic","Card","Card","Card","Relic","Card","Card","Card","Card","Card","Relic","Card","Relic","Relic","Relic","Potion","Potion","Relic","Card","Potion","Relic","Relic","Card","Potion","Relic","Relic","Card","Potion","Relic","Card","Card","Potion","Relic","Relic","Relic","Card","Potion","Potion","Relic"],"build_version":"2020-12-22","purchased_purges":5,"victory":true,"max_hp_per_floor":[72,72,72,72,72,72,72,72,72,72,72,72,72,72,72,72,72,72,72,72,72,72,72,75,75,75,75,78,81,81,84,84,87,87,87,87,90,93,88,88,91,91,91,91,91,94,94,97,97,97,97,97,97,99,99],"card_choices":[{"not_picked":["WreathOfFlame","DeceiveReality"],"picked":"FearNoEvil","floor":1.0},{"not_picked":["JustLucky","Replay:AtTheReady","Sanctity"],"picked":"SKIP","floor":2.0},{"not_picked":["PathToVictory","Nirvana","Meditate"],"picked":"SKIP","floor":3.0},{"not_picked":["ClearTheMind","Wish","Collect"],"picked":"SKIP","floor":4.0},{"not_picked":["Weave","WaveOfTheHand"],"picked":"EmptyBody","floor":7.0},{"not_picked":["Protect","FlyingSleeves"],"picked":"Consecrate","floor":8.0},{"not_picked":["Judgement","EmptyFist"],"picked":"Prostrate","floor":8.0},{"not_picked":["EmptyMind","CarveReality"],"picked":"FlurryOfBlows","floor":10.0},{"not_picked":["SashWhip","DeceiveReality"],"picked":"SandsOfTime","floor":11.0},{"not_picked":["FlyingSleeves","CutThroughFate"],"picked":"Adaptation","floor":12.0},{"not_picked":["DeusExMachina","CarveReality"],"picked":"FollowUp","floor":14.0},{"not_picked":["Omniscience","Brilliance"],"picked":"Alpha","floor":16.0},{"not_picked":["CutThroughFate","SandsOfTime","CarveReality+1"],"picked":"SKIP","floor":18.0},{"not_picked":["PathToVictory","SashWhip+1"],"picked":"ClearTheMind+1","floor":20.0},{"not_picked":["FollowUp","WindmillStrike+1","Replay:Cycle"],"picked":"SKIP","floor":21.0},{"not_picked":["SandsOfTime","Consecrate+1"],"picked":"Devotion","floor":24.0},{"not_picked":["ClearTheMind","Evaluate"],"picked":"EmptyFist","floor":29.0},{"not_picked":["JustLucky+1","Conclude+1","Sanctity+1"],"picked":"SKIP","floor":30.0},{"not_picked":["Pray","LikeWater+1"],"picked":"EmptyBody","floor":31.0},{"not_picked":["Omniscience","Judgement"],"picked":"Establishment","floor":33.0},{"not_picked":["Pray+1"],"picked":"SKIP","floor":35.0},{"not_picked":["CutThroughFate"],"picked":"SKIP","floor":36.0},{"not_picked":[],"picked":"Prostrate+1","floor":38.0},{"not_picked":["Protect+1"],"picked":"SKIP","floor":40.0},{"not_picked":["Protect+1"],"picked":"SKIP","floor":40.0},{"not_picked":[],"picked":"Replay:Dark Deal","floor":41.0},{"not_picked":["Swivel+1"],"picked":"SKIP","floor":42.0},{"not_picked":["Replay:AtTheReady"],"picked":"SKIP","floor":45.0},{"not_picked":[],"picked":"Alpha","floor":46.0},{"not_picked":["ThirdEye"],"picked":"SKIP","floor":47.0},{"not_picked":["Halt+1"],"picked":"Singing Bowl","floor":54.0}],"player_experience":1141336,"relics_obtained":[{"floor":7.0,"key":"Replay:Bandana"},{"floor":8.0,"key":"Regal Pillow"},{"floor":9.0,"key":"Oddly Smooth Stone"},{"floor":10.0,"key":"Omamori"},{"floor":14.0,"key":"Replay:Baseball"},{"floor":24.0,"key":"Replay:Ringing Soul"},{"floor":26.0,"key":"Bottled Flame"},{"floor":29.0,"key":"theSenshi:FeatherClipsRelic"},{"floor":40.0,"key":"Toy Ornithopter"},{"floor":42.0,"key":"Pocketwatch"},{"floor":46.0,"key":"infinitespire:Beetle Shell"},{"floor":54.0,"key":"ReplayFunnel"}],"event_choices":[{"damage_healed":0.0,"max_hp_gain":0.0,"max_hp_loss":0.0,"gold_gain":0.0,"event_name":"Upgrade Shrine","player_choice":"Upgraded","floor":19.0,"gold_loss":0.0,"damage_taken":0.0,"cards_upgraded":["Prostrate"]},{"damage_healed":0.0,"max_hp_gain":0.0,"max_hp_loss":5.0,"gold_gain":0.0,"event_name":"Winding Halls","player_choice":"Max HP","floor":39.0,"gold_loss":0.0,"damage_taken":0.0},{"damage_healed":0.0,"max_hp_gain":0.0,"max_hp_loss":0.0,"gold_gain":3.0,"event_name":"betterStone:BetterStone","player_choice":"1","floor":41.0,"gold_loss":0.0,"damage_taken":0.0}],"is_beta":false,"boss_relics":[{"not_picked":["Calling Bell","Replay:Drink Me"],"picked":"HolyWater"},{"not_picked":["Runic Pyramid","SacredBark"],"picked":"Busted Crown"}],"items_purged_floors":[0,0,28,37,48],"is_endless":false,"potions_floor_spawned":[1,3,7,11,21,24,30,35,45,47,54],"ascension_level":8}}