{"host":"7j2n82b2zha9fuyn","time":1611977300,"event":{"mods":["BaseMod","Block Reminder","Minty Spire (QoL Compilation)","Replay The Spire","StSLib"],"gold_per_floor":[369,385,401,401,22,22,37,65,146,146,157,232,267,267,267,344,344,356,220,220,261,303,303,341,400,400,430,467,477,477,514,514,588,588,633,674,717,440,400,400,426,426,451,451,491,541,572,621,621,621,621,621,621,178,208,208,208],"floor_reached":56,"language":"ENG","playtime":5915,"items_purged":["Defend_P","Strike_P","Strike_P","Replay:Cycle"],"score":1697,"play_id":"1adac760-6dd7-4abb-85ba-9f3515194f97","local_time":"20210129202820","is_ascension_mode":true,"campfire_choices":[{"data":"ReachHeaven","floor":6.0,"key":"SMITH"},{"data":"Eruption","floor":10.0,"key":"SMITH"},{"data":"FlurryOfBlows","floor":15.0,"key":"SMITH"},{"data":"Replay:ManipulateFuture","floor":23.0,"key":"SMITH"},{"data":"MentalFortress","floor":32.0,"key":"SMITH"},{"data":"Meditate","floor":40.0,"key":"SMITH"},{"floor":42.0,"key":"RECALL"},{"data":"Vigilance","floor":44.0,"key":"SMITH"},{"data":"Halt","floor":49.0,"key":"SMITH"},{"data":"ThirdEye","floor":53.0,"key":"SMITH"}],"circlet_count":0,"master_deck":["AscendersBane","Defend_P","Defend_P","Defend_P","Eruption+1","Vigilance+1","FollowUp","ThirdEye+1","ReachHeaven+1","Weave","Replay:ManipulateFuture+1","Crescendo","FlurryOfBlows+1","FearNoEvil","Wish+1","BowlingBash","FlurryOfBlows","Halt+1","Tantrum","ThirdEye","EmptyFist+1","MentalFortress+1","DeusExMachina+1","Meditate+1","Halt+1","JustLucky","Nirvana"],"relics":["PureWater","Membership Card","ReplayTheSpireMod:Ninjato","Peace Pipe","Snack Pack","Boot","Replay:Grab Bag","Coffee Dripper","Painkiller Herb","SacredBark","ClockworkSouvenir","Tiny Chest","ReplayTheSpireMod:Shallot","Bottled Lightning","SlaversCollar","Replay:Wax Seal","Guide Book","Letter Opener","Replay:PocketPolymizer","Centennial Puzzle","Lizard Tail","Frozen Eye","Bottled Tornado"],"acts_visited":["Exordium","TheCity","TheBeyond","TheEnding"],"potions_floor_usage":[56,56],"damage_taken":[{"damage":0.0,"enemies":"Cultist","floor":1.0,"turns":2.0},{"damage":0.0,"enemies":"Small Slimes","floor":2.0,"turns":2.0},{"damage":0.0,"enemies":"Jaw Worm","floor":3.0,"turns":4.0},{"damage":0.0,"enemies":"Large Slime","floor":7.0,"turns":2.0},{"damage":6.0,"enemies":"Replay:BlueRogue","floor":8.0,"turns":4.0},{"damage":13.0,"enemies":"Lots of Slimes","floor":11.0,"turns":3.0},{"damage":5.0,"enemies":"Lagavulin","floor":13.0,"turns":3.0},{"damage":10.0,"enemies":"Hexaghost","floor":16.0,"turns":6.0},{"damage":6.0,"enemies":"2 Thieves","floor":18.0,"turns":2.0},{"damage":5.0,"enemies":"3 Byrds","floor":21.0,"turns":1.0},{"damage":0.0,"enemies":"Centurion and Healer","floor":22.0,"turns":3.0},{"damage":14.0,"enemies":"Snecko","floor":24.0,"turns":4.0},{"damage":6.0,"enemies":"Replay:Snechameleon","floor":25.0,"turns":4.0},{"damage":31.0,"enemies":"Gremlin Leader","floor":27.0,"turns":4.0},{"damage":0.0,"enemies":"Sentry and Sphere","floor":28.0,"turns":2.0},{"damage":3.0,"enemies":"Snake Plant","floor":29.0,"turns":3.0},{"damage":0.0,"enemies":"3 Cultists","floor":31.0,"turns":3.0},{"damage":0.0,"enemies":"Automaton","floor":33.0,"turns":4.0},{"damage":11.0,"enemies":"3 Shapes","floor":35.0,"turns":6.0},{"damage":0.0,"enemies":"3 Darklings","floor":36.0,"turns":3.0},{"damage":15.0,"enemies":"Maw","floor":37.0,"turns":4.0},{"damage":9.0,"enemies":"R_Hoarder","floor":41.0,"turns":4.0},{"damage":0.0,"enemies":"Spire Growth","floor":45.0,"turns":2.0},{"damage":12.0,"enemies":"3 Darklings","floor":46.0,"turns":3.0},{"damage":10.0,"enemies":"Nemesis","floor":47.0,"turns":3.0},{"damage":0.0,"enemies":"Writhing Mass","floor":48.0,"turns":4.0},{"damage":8.0,"enemies":"Replay:Hell Engine","floor":50.0,"turns":3.0},{"damage":16.0,"enemies":"Time Eater","floor":51.0,"turns":6.0},{"damage":0.0,"enemies":"Shield and Spear","floor":55.0,"turns":2.0},{"damage":121,"enemies":"The Heart","floor":56,"turns":5}],"seed_played":"-1429940743169406865","potions_obtained":[{"floor":2.0,"key":"DistilledChaos"},{"floor":7.0,"key":"LiquidBronze"},{"floor":21.0,"key":"Toxic Potion"},{"floor":25.0,"key":"SteroidPotion"},{"floor":35.0,"key":"BlessingOfTheForge"},{"floor":39.0,"key":"PowerPotion"}],"is_trial":false,"path_per_floor":["M","M","M","?","$","R","M","E","T","R","M","?","E","T","R","B",null,"?","T","?","?","?","T","?","E","T","E","?","?","?","?","T","B",null,"?","?","?","T","?","T","E","T","T","T","?","?","E","?","T","B","B",null,"T","T","E","B"],"character_chosen":"WATCHER","items_purchased":["Membership Card","ReplayTheSpireMod:Ninjato","Weave","ClockworkSouvenir","Replay:Wax Seal","Guide Book","Letter Opener","Lizard Tail","Nirvana","Frozen Eye","Languid Potion","Ancient Potion"],"campfire_rested":0,"item_purchase_floors":[5,5,5,19,38,38,38,54,54,54,54,54],"current_hp_per_floor":[43,43,43,43,43,43,43,37,37,37,28,17,18,18,18,18,56,54,54,54,49,55,55,49,51,51,28,38,39,39,45,45,63,67,58,68,65,65,65,65,64,64,64,64,68,66,66,68,68,68,63,67,67,67,68,0,0],"gold":208,"neow_bonus":"TWO_FIFTY_GOLD","is_daily":false,"chose_seed":false,"campfire_upgraded":9,"win_rate":0.0,"timestamp":1611977300,"path_taken":["M","M","?","?","$","R","M","E","T","R","M","?","E","?","R","BOSS","?","T","?","?","?","T","?","E","T","E","?","?","?","?","T","BOSS","?","?","?","T","?","T","E","T","T","T","?","?","E","?","T","BOSS","BOSS","T","T","E","BOSS"],"items_purchased_type":["Relic","Relic","Card","Relic","Relic","Relic","Relic","Relic","Card","Relic","Potion","Potion"],"build_version":"2020-12-22","purchased_purges":4,"victory":false,"max_hp_per_floor":[68,68,68,68,68,68,68,68,68,68,68,68,68,68,68,68,68,68,68,68,68,68,68,68,68,68,68,68,68,68,68,68,68,68,68,68,68,68,68,68,68,68,68,68,68,68,68,68,68,68,68,68,68,68,68,68,68],"card_choices":[{"not_picked":["EmptyBody","Weave"],"picked":"FollowUp","floor":1.0},{"not_picked":["Halt","PathToVictory"],"picked":"ThirdEye","floor":2.0},{"not_picked":["EmptyBody","Indignation"],"picked":"ReachHeaven","floor":3.0},{"not_picked":["Halt","DeceiveReality"],"picked":"Replay:ManipulateFuture","floor":7.0},{"not_picked":["Scrawl","Prostrate"],"picked":"Crescendo","floor":8.0},{"not_picked":["Replay:Hum","Prostrate"],"picked":"FlurryOfBlows","floor":11.0},{"not_picked":["Protect","Conclude"],"picked":"FearNoEvil","floor":13.0},{"not_picked":["Blasphemy","Scrawl"],"picked":"Wish","floor":16.0},{"not_picked":["EmptyFist","SashWhip","FollowUp"],"picked":"SKIP","floor":18.0},{"not_picked":["ReachHeaven","Prostrate"],"picked":"FlurryOfBlows","floor":21.0},{"not_picked":["Replay:Anticipation","Conclude"],"picked":"Halt","floor":22.0},{"not_picked":["ConjureBlade","Swivel","Sanctity"],"picked":"SKIP","floor":24.0},{"not_picked":["Replay:AtTheReady","Perseverance","Replay:BluntJabs"],"picked":"SKIP","floor":25.0},{"not_picked":["FlyingSleeves","Evaluate"],"picked":"Tantrum","floor":27.0},{"not_picked":["FearNoEvil","Perseverance"],"picked":"ThirdEye","floor":28.0},{"not_picked":["FlyingSleeves","WindmillStrike+1"],"picked":"EmptyFist+1","floor":29.0},{"not_picked":["Replay:Cycle","JustLucky"],"picked":"MentalFortress","floor":31.0},{"not_picked":["DevaForm","Blasphemy"],"picked":"DeusExMachina","floor":33.0},{"not_picked":["WindmillStrike","SashWhip+1"],"picked":"Replay:Cycle","floor":35.0},{"not_picked":["CrushJoints","Replay:AtTheReady","BattleHymn"],"picked":"SKIP","floor":36.0},{"not_picked":["ThirdEye","Replay:BluntJabs"],"picked":"Meditate","floor":37.0},{"not_picked":["WaveOfTheHand","Replay:BluntJabs","FlyingSleeves"],"picked":"SKIP","floor":41.0},{"not_picked":["EmptyFist","FlurryOfBlows+1","Vault"],"picked":"SKIP","floor":45.0},{"not_picked":["Fasting2+1","Consecrate+1"],"picked":"Halt+1","floor":46.0},{"not_picked":["DeusExMachina","Swivel"],"picked":"JustLucky","floor":47.0},{"not_picked":["WheelKick","Fasting2+1","Replay:Vibes"],"picked":"SKIP","floor":48.0},{"not_picked":["Meditate","Consecrate","Evaluate"],"picked":"SKIP","floor":55.0}],"player_experience":1944641,"relics_obtained":[{"floor":8.0,"key":"Peace Pipe"},{"floor":9.0,"key":"Snack Pack"},{"floor":13.0,"key":"Boot"},{"floor":25.0,"key":"Tiny Chest"},{"floor":26.0,"key":"ReplayTheSpireMod:Shallot"},{"floor":27.0,"key":"Bottled Lightning"},{"floor":41.0,"key":"Replay:PocketPolymizer"},{"floor":43.0,"key":"Centennial Puzzle"},{"floor":55.0,"key":"Bottled Tornado"}],"event_choices":[{"cards_removed":["Strike_P"],"damage_healed":0.0,"max_hp_gain":0.0,"max_hp_loss":0.0,"gold_gain":0.0,"event_name":"Living Wall","player_choice":"Forget","floor":4.0,"gold_loss":0.0,"damage_taken":0.0},{"damage_healed":0.0,"max_hp_gain":0.0,"max_hp_loss":0.0,"gold_gain":75.0,"event_name":"World of Goop","player_choice":"Gather Gold","floor":12.0,"gold_loss":0.0,"damage_taken":11.0},{"damage_healed":0.0,"max_hp_gain":0.0,"max_hp_loss":0.0,"gold_gain":0.0,"cards_transformed":["Strike_P"],"event_name":"Transmorgrifier","player_choice":"Transformed","floor":20.0,"gold_loss":0.0,"damage_taken":0.0,"cards_obtained":["BowlingBash"]},{"damage_healed":0.0,"max_hp_gain":0.0,"max_hp_loss":0.0,"gold_gain":0.0,"event_name":"Vampires","player_choice":"Ignored","floor":30.0,"gold_loss":0.0,"damage_taken":0.0},{"damage_healed":0.0,"max_hp_gain":0.0,"max_hp_loss":0.0,"gold_gain":0.0,"event_name":"The Woman in Blue","player_choice":"Bought 3 Potions","floor":39.0,"gold_loss":0.0,"damage_taken":0.0}],"is_beta":false,"boss_relics":[{"not_picked":["Pandora\u0027s Box","Ring of Chaos"],"picked":"Replay:Grab Bag"},{"not_picked":["Runic Dome","Velvet Choker"],"picked":"Coffee Dripper"},{"not_picked":["Replay:Wanted Poster","Philosopher\u0027s Stone"],"picked":"Painkiller Herb"},{"not_picked":["Kintsugi","HolyWater"],"picked":"SacredBark"},{"not_picked":["Replay:Ancient Bell","Empty Cage"],"picked":"SlaversCollar"}],"items_purged_floors":[5,19,38,54],"is_endless":false,"potions_floor_spawned":[2,7,13,16,21,25,31,35,45,46,47],"killed_by":"The Heart","ascension_level":20}}