{"host":"3ghcx3e93lhog3cp","time":1611967050,"event":{"mods":["AchievementEnabler","BaseMod","Downfall","Infinite Spire","Minty Spire (QoL Compilation)","Replay The Spire","StSLib"],"gold_per_floor":[115,115,70,70,2,31,31,46,46,58,58,58,58,89,89,190,190,208,208,227,227,57,84,84,113,186,515,546,598,69,69,69,168,168,184,184,184,0,14,51,51,74,74,74,98,119,119,138,138,302,302,337,337,374,374,374,374,411,411,462,499,550,580,37,91,91,204,204,230,251,166,91,111,142,175,230,254,275,302,69,69,71,80,186,186,223,245,442,469,520,529,579,604,604,670,736,754,307,331,349,444,444,491,491,491,103,120,147,156,186,239,248,248,292,106,122,131,242,242,263,263,292,354,453,392,392,434,434,463,463,499,508,546,555,672,672,726,726,783,818,878,887,887,896,896,941,1031,1040,1040,1117,1126,1112,1212,1221,517,554,621],"floor_reached":158,"language":"ENG","playtime":13423,"items_purged":["Strike_P","Doubt","Defend_P+1"],"score":4901,"play_id":"820b82df-4f34-4c07-8bca-6ca5c292f5b2","local_time":"20210129163730","is_ascension_mode":true,"campfire_choices":[{"data":"Vault","floor":7.0,"key":"SMITH"},{"data":"Crescendo","floor":11.0,"key":"SMITH"},{"data":"Ragnarok","floor":15.0,"key":"SMITH"},{"floor":32.0,"key":"DIG"},{"floor":41.0,"key":"RECALL"},{"floor":66.0,"key":"DIG"}],"circlet_count":1,"master_deck":["Vigilance","EmptyFist+1","Vault+1","Trip","Crescendo+1","FearNoEvil","Ragnarok+1","CutThroughFate","Protect","CarveReality","Omniscience+1","FlyingSleeves+1","infinitespire:Fortify","Wish+1","HandOfGreed","Replay:LoomingThreat","Pot Of Greed+1","Pot Of Greed+1","Crescendo+1","BattleHymn+1","JustLucky+1","Vault+1","infinitespire:UltimateForm+1","Judgement+1","DeceiveReality+1","ThirdEye+1","Scrawl","Study+1","ReplayTheSpireMod:Brewmster","Pot Of Greed+1","infinitespire:FutureSight","LessonLearned+1","WheelKick+1","Perseverance+1","RitualDagger","Replay:Cycle+1","infinitespire:Gouge+1","ClearTheMind+1","Pot Of Greed","MasterReality+1","Vault+1","Thinking Ahead","Good Instincts"],"relics":["HolyWater","Anchor","Snack Pack","Bronze Scales","Replay:Grab Bag","Fusion Hammer","Coffee Dripper","StoneCalendar","Grinning Jar","Akabeko","Gremlin Horn","Old Coin","Replay:Mystery Machine","Ginger","DollysMirror","Replay:Rubber Ducky","Mango","SacredBark","Ring of Fury","Red Mask","CeramicFish","infinitespire:EvilPickle","Divine Protection","bronze:MakeshiftBattery","infinitespire:Lucky Rock","ReplayFunnel","Singing Bowl","Centennial Puzzle","ReplayTheSpireMod:TigerMarble","Medical Kit","infinitespire:PuzzleCube","Bag of Marbles","ChewingGum","Circlet","Tiny Chest","Sundial","Du-Vu Doll","MawBank","Quantum Egg","Smiling Mask","Replay:PocketPolymizer","Painkiller Herb","GoldenEye","Pen Nib","Iron Hammer","Frozen Egg 2","Blue Doll","Black Star","Ancient Tea Set","infinitespire:WardingShard","ReplayTheSpireMod:Shallot","Replay:Bottled Steam","Blood Vial","Boot","infinitespire:Satchel","Dream Catcher","Replay:Wax Seal","Strange Spoon","Vajra","SlaversCollar","War Paint","Oddly Smooth Stone","Potion Belt","Replay:Bottled Eggs","Letter Opener","Omamori","Nunchaku","Pantograph","Replay:Bottled Flurry","HornCleat","Juzu Bracelet","Replay:Wanted Poster","PreservedInsect","PrismaticShard","Replay:Ringing Soul","Replay:Multitool","Eternal Feather"],"acts_visited":["Exordium","TheCity","TheBeyond","Exordium","TheCity","TheBeyond","Exordium","TheCity","TheBeyond","TheEnding"],"potions_floor_usage":[90,90,92,101,101,101,101,118,118,131,135,137,140,140,140,152,152,152,152,152,152,152,152,152,152,152,152,152,152,152,157,157,157,157,157],"damage_taken":[{"damage":5.0,"enemies":"Small Slimes","floor":1.0,"turns":4.0},{"damage":31.0,"enemies":"3 Sentries","floor":6.0,"turns":8.0},{"damage":0.0,"enemies":"Cultist","floor":8.0,"turns":2.0},{"damage":0.0,"enemies":"2 Louse","floor":10.0,"turns":2.0},{"damage":1.0,"enemies":"Lagavulin","floor":14.0,"turns":4.0},{"damage":24.0,"enemies":"The Guardian","floor":16.0,"turns":5.0},{"damage":0.0,"enemies":"Chosen","floor":18.0,"turns":2.0},{"damage":0.0,"enemies":"2 Thieves","floor":20.0,"turns":2.0},{"damage":25.0,"enemies":"Nightmare","floor":23.0,"turns":7.0},{"damage":1.0,"enemies":"Book of Stabbing","floor":25.0,"turns":3.0},{"damage":0.0,"enemies":"Replay:Snechameleon","floor":27.0,"turns":1.0},{"damage":0.0,"enemies":"Cultist and Chosen","floor":28.0,"turns":2.0},{"damage":11.0,"enemies":"Book of Stabbing","floor":29.0,"turns":3.0},{"damage":5.0,"enemies":"Pondfish","floor":33.0,"turns":6.0},{"damage":0.0,"enemies":"Orb Walker","floor":35.0,"turns":2.0},{"damage":2.0,"enemies":"3 Darklings","floor":39.0,"turns":3.0},{"damage":0.0,"enemies":"Nemesis","floor":40.0,"turns":1.0},{"damage":0.0,"enemies":"Transient","floor":42.0,"turns":5.0},{"damage":0.0,"enemies":"Jaw Worm Horde","floor":45.0,"turns":1.0},{"damage":20.0,"enemies":"Maw","floor":46.0,"turns":5.0},{"damage":0.0,"enemies":"Writhing Mass","floor":48.0,"turns":4.0},{"damage":0.0,"enemies":"Donu and Deca","floor":50.0,"turns":7.0},{"damage":0.0,"enemies":"2 Louse","floor":52.0,"turns":2.0},{"damage":0.0,"enemies":"Cultist","floor":54.0,"turns":1.0},{"damage":0.0,"enemies":"Jaw Worm","floor":58.0,"turns":1.0},{"damage":0.0,"enemies":"2 Fungi Beasts","floor":61.0,"turns":1.0},{"damage":0.0,"enemies":"Gremlin Nob","floor":62.0,"turns":3.0},{"damage":0.0,"enemies":"Slime Boss","floor":67.0,"turns":1.0},{"damage":0.0,"enemies":"2 Thieves","floor":69.0,"turns":1.0},{"damage":0.0,"enemies":"Masked Bandits","floor":70.0,"turns":3.0},{"damage":0.0,"enemies":"Spheric Guardian","floor":73.0,"turns":1.0},{"damage":0.0,"enemies":"Slavers","floor":74.0,"turns":1.0},{"damage":0.0,"enemies":"Shelled Parasite and Fungi","floor":75.0,"turns":3.0},{"damage":0.0,"enemies":"Book of Stabbing","floor":76.0,"turns":2.0},{"damage":0.0,"enemies":"3 Cultists","floor":79.0,"turns":3.0},{"damage":0.0,"enemies":"Nightmare","floor":82.0,"turns":4.0},{"damage":0.0,"enemies":"Champ","floor":84.0,"turns":1.0},{"damage":0.0,"enemies":"3 Darklings","floor":86.0,"turns":2.0},{"damage":0.0,"enemies":"Orb Walker","floor":87.0,"turns":2.0},{"damage":0.0,"enemies":"infinitespire:Three Voidlings","floor":88.0,"turns":2.0},{"damage":21.0,"enemies":"Nightmare_Alpha","floor":88.0,"turns":8.0},{"damage":0,"enemies":"Maw","floor":90,"turns":3},{"damage":0,"enemies":"Transient","floor":92,"turns":5},{"damage":0,"enemies":"Writhing Mass","floor":93,"turns":5},{"damage":0,"enemies":"4 Shapes","floor":95,"turns":1},{"damage":0,"enemies":"3 Darklings","floor":96,"turns":2},{"damage":0,"enemies":"Sphere and 2 Shapes","floor":99,"turns":1},{"damage":0,"enemies":"Awakened One","floor":101,"turns":3},{"damage":0,"enemies":"infinitespire:Voidling","floor":103,"turns":1},{"damage":0,"enemies":"Small Slimes","floor":107,"turns":1},{"damage":0,"enemies":"3 Sentries","floor":108,"turns":1},{"damage":0,"enemies":"Replay:BlueRogue","floor":110,"turns":1},{"damage":0,"enemies":"3 Sentries","floor":114,"turns":2},{"damage":0,"enemies":"Cultist","floor":116,"turns":1},{"damage":50,"enemies":"Hexaghost","floor":118,"turns":3},{"damage":0,"enemies":"Spheric Guardian","floor":120,"turns":1},{"damage":0,"enemies":"Chosen","floor":122,"turns":1},{"damage":0,"enemies":"Snake Plant","floor":123,"turns":1},{"damage":0,"enemies":"Book of Stabbing","floor":125,"turns":2},{"damage":0,"enemies":"Slavers","floor":127,"turns":1},{"damage":0,"enemies":"Centurion and Healer","floor":129,"turns":1},{"damage":0,"enemies":"Chosen and Byrds","floor":131,"turns":1},{"damage":0,"enemies":"Snake Plant","floor":133,"turns":1},{"damage":0,"enemies":"Automaton","floor":135,"turns":2},{"damage":0,"enemies":"3 Shapes","floor":137,"turns":1},{"damage":0,"enemies":"Orb Walker","floor":139,"turns":1},{"damage":0,"enemies":"Transient","floor":140,"turns":5},{"damage":0,"enemies":"Jaw Worm Horde","floor":141,"turns":2},{"damage":0,"enemies":"Maw","floor":146,"turns":3},{"damage":0,"enemies":"R_Hoarder","floor":147,"turns":2},{"damage":0,"enemies":"Spire Growth","floor":150,"turns":2},{"damage":295,"enemies":"infinitespire:LordOfFortification","floor":152,"turns":17},{"damage":0,"enemies":"Shield and Spear","floor":156,"turns":4},{"damage":55,"enemies":"The Heart","floor":157,"turns":9}],"seed_played":"6928437373732160910","potions_obtained":[{"floor":1.0,"key":"sneckomod:MuddlingPotion"},{"floor":6.0,"key":"Fire Potion"},{"floor":10.0,"key":"Adrenaline Potion"},{"floor":20.0,"key":"SteroidPotion"},{"floor":27.0,"key":"SpeedPotion"},{"floor":28.0,"key":"FearPotion"},{"floor":29.0,"key":"Fire Potion"},{"floor":42.0,"key":"BlessingOfTheForge"},{"floor":46.0,"key":"sneckomod:MuddlingPotion"},{"floor":48.0,"key":"AttackPotion"},{"floor":50.0,"key":"Weak Potion"},{"floor":52.0,"key":"Ancient Potion"},{"floor":54.0,"key":"AttackPotion"},{"floor":65.0,"key":"LifebloodPotion"},{"floor":74.0,"key":"PowerPotion"},{"floor":75.0,"key":"BlessingOfTheForge"},{"floor":84.0,"key":"BottledMiracle"},{"floor":87.0,"key":"DuplicationPotion"},{"floor":101,"key":"GamblersBrew"},{"floor":103,"key":"Ancient Potion"},{"floor":110,"key":"hexamod:SoulburnPotion"},{"floor":118,"key":"LiquidMemories"},{"floor":127,"key":"champ:CounterPotion"},{"floor":129,"key":"Ambrosia"},{"floor":135,"key":"AttackPotion"},{"floor":137,"key":"FairyPotion"},{"floor":156,"key":"DuplicationPotion"}],"is_trial":false,"path_per_floor":["M","?","$","?","$","E","R","M","T","M","R","?","?","E","R","B",null,"M","?","M","?","$","NM","T","E","T","E","M","E","$","AVR","R","B",null,"M","?","?","?","M","E","R","M","T","$","M","M","R","M","R","B",null,"M","?","M","?","?","R","M","?","T","M","E","?","$","?","R","B",null,"M","?","?","?","M","E","M","E","T","?","M","$","T","NM","R","B",null,"?","?","?","T","?","T","?","?","T","?","?","?","T","?","T","B",null,"?","?","T","T","?","E","T","E","T","T","?","E","T","?","T","B",null,"?","T","?","?","?","E","T","E","T","?","?","?","T","?","T","B",null,"?","?","?","?","?","T","T","T","T","?","E","T","?","?","T","B",null,"T","T","E","B",null],"character_chosen":"WATCHER","items_purchased":["EmptyFist","FearNoEvil","HandOfGreed","Ginger","DollysMirror","ReplayTheSpireMod:Brewmster","ReplayTheSpireMod:TigerMarble","Medical Kit","Quantum Egg","Frozen Egg 2","Blue Doll","Ancient Tea Set","infinitespire:WardingShard","Strange Spoon","Vajra","PreservedInsect","PrismaticShard","Replay:Ringing Soul","bronze:BurnAndBuffPotion","LiquidBronze"],"campfire_rested":0,"item_purchase_floors":[3,5,22,30,30,64,64,64,80,98,98,106,106,115,115,155,155,155,155,155],"current_hp_per_floor":[74,74,74,74,74,43,43,43,43,43,43,43,43,44,44,22,79,79,60,62,62,62,41,41,42,42,42,42,33,33,33,47,46,93,93,93,93,93,93,93,93,93,93,93,93,75,75,75,75,81,93,93,93,93,93,93,93,93,90,90,90,94,94,94,75,75,75,99,101,101,101,101,103,105,107,107,107,101,103,103,103,107,107,109,113,115,117,98,98,100,100,106,108,108,114,118,102,102,106,106,114,131,133,126,126,126,130,134,134,139,139,139,139,141,141,143,143,99,145,147,147,149,151,151,153,153,155,155,157,157,159,159,161,161,163,163,165,165,167,169,171,171,171,171,171,173,175,175,175,177,177,154,179,179,179,181,136],"gold":621,"neow_bonus":"TEN_PERCENT_HP_BONUS","is_daily":false,"chose_seed":false,"campfire_upgraded":3,"win_rate":0.0,"timestamp":1611967050,"path_taken":["M","?","?","?","$","E","R","?","T","M","R","?","?","E","R","BOSS","M","?","M","?","?","NM","?","E","T","E","M","E","?","AVR","R","BOSS","M","?","?","?","M","E","R","M","T","?","?","M","R","M","R","BOSS","M","?","?","?","?","R","M","?","T","M","E","?","?","?","R","BOSS","M","?","?","?","M","E","M","E","T","?","M","?","?","NM","R","BOSS","?","?","?","?","?","T","?","?","T","?","?","?","T","?","T","BOSS","?","?","?","T","?","E","T","E","T","T","?","E","T","?","T","BOSS","?","?","?","?","?","E","?","E","T","?","?","?","T","?","T","BOSS","?","?","?","?","?","T","?","T","T","?","E","T","?","?","T","BOSS","T","T","E","BOSS"],"items_purchased_type":["Card","Card","Card","Relic","Relic","Card","Relic","Relic","Relic","Relic","Relic","Relic","Relic","Relic","Relic","Relic","Relic","Relic","Potion","Potion"],"build_version":"2020-12-22","purchased_purges":3,"victory":true,"max_hp_per_floor":[79,79,79,79,79,79,79,79,79,79,79,79,79,79,79,79,79,79,79,79,79,79,79,79,79,79,79,79,79,79,79,93,93,93,93,93,93,93,93,93,93,93,93,93,93,93,93,93,93,93,93,93,93,93,93,93,93,93,93,93,93,95,95,95,99,99,99,99,101,101,101,101,103,105,107,107,107,107,109,109,109,111,111,113,113,115,117,119,119,119,119,121,123,123,125,127,127,127,129,129,131,131,133,133,133,133,135,137,137,139,139,139,139,141,141,143,143,145,145,147,147,149,151,151,153,153,155,155,157,157,159,159,161,161,163,163,165,165,167,169,171,171,171,171,171,173,175,175,175,177,177,179,179,179,179,181,183],"card_choices":[{"not_picked":["Replay:AtTheReady","Sanctity"],"picked":"FollowUp","floor":1.0},{"not_picked":["CrushJoints","FlyingSleeves"],"picked":"Ragnarok","floor":6.0},{"not_picked":["Replay:ManipulateFuture","InnerPeace"],"picked":"CutThroughFate","floor":8.0},{"not_picked":["Replay:BluntJabs","FollowUp"],"picked":"Protect","floor":10.0},{"not_picked":["Devotion","Nirvana"],"picked":"CarveReality","floor":14.0},{"not_picked":["Alpha","Establishment"],"picked":"Omniscience","floor":16.0},{"not_picked":["Crescendo","Prostrate+1"],"picked":"FlyingSleeves","floor":18.0},{"not_picked":["infinitespire:SealOfDarkness+","ReplayTheSpireMod:Black Plague"],"picked":"infinitespire:Fortify","floor":19.0},{"not_picked":["WaveOfTheHand","FlyingSleeves","EmptyMind"],"picked":"SKIP","floor":20.0},{"not_picked":["CarveReality+1","Replay:Hum"],"picked":"Replay:LoomingThreat","floor":23.0},{"not_picked":["ConjureBlade","Pray"],"picked":"Crescendo+1","floor":25.0},{"not_picked":["MentalFortress","FlurryOfBlows+1"],"picked":"BattleHymn","floor":27.0},{"not_picked":["InnerPeace+1","CrushJoints","Vengeance+1"],"picked":"SKIP","floor":28.0},{"not_picked":["CrushJoints+1","Replay:DivineShield"],"picked":"JustLucky+1","floor":29.0},{"not_picked":["Brilliance","Wish"],"picked":"Judgement","floor":33.0},{"not_picked":["CarveReality","EmptyBody"],"picked":"DeceiveReality","floor":35.0},{"not_picked":["Vengeance+1","CrushJoints","EmptyFist"],"picked":"SKIP","floor":39.0},{"not_picked":["Replay:AtTheReady+1","Prostrate"],"picked":"ThirdEye+1","floor":40.0},{"not_picked":["Prostrate+1","Replay:DivineShield","Replay:ManipulateFuture+1"],"picked":"SKIP","floor":42.0},{"not_picked":["Replay:BluntJabs","Replay:ManipulateFuture+1","Evaluate"],"picked":"SKIP","floor":45.0},{"not_picked":["Protect","Worship+1","WreathOfFlame+1"],"picked":"SKIP","floor":46.0},{"not_picked":["BowlingBash+1","EmptyFist","ThirdEye+1"],"picked":"SKIP","floor":48.0},{"not_picked":["Wish","Vault"],"picked":"Scrawl","floor":50.0},{"not_picked":["Evaluate","WreathOfFlame"],"picked":"Study","floor":52.0},{"not_picked":["BowlingBash","FlurryOfBlows","Vengeance"],"picked":"SKIP","floor":54.0},{"not_picked":["EmptyFist","FollowUp","WaveOfTheHand"],"picked":"SKIP","floor":58.0},{"not_picked":["BattleHymn","Replay:ManipulateFuture","PathToVictory"],"picked":"SKIP","floor":61.0},{"not_picked":["WheelKick","FearNoEvil","Replay:AtTheReady"],"picked":"Singing Bowl","floor":62.0},{"not_picked":["Replay:Vibes","Replay:BluntJabs","EmptyFist"],"picked":"Singing Bowl","floor":65.0},{"not_picked":["BowlingBash","Replay:Anticipation","Replay:ManipulateFuture"],"picked":"Singing Bowl","floor":65.0},{"not_picked":["infinitespire:SealOfDarkness+","infinitespire:TheBestDefense"],"picked":"infinitespire:FutureSight","floor":67.0},{"not_picked":["DeusExMachina","DevaForm"],"picked":"LessonLearned","floor":67.0},{"not_picked":["BowlingBash","EmptyMind+1","Replay:AtTheReady"],"picked":"Singing Bowl","floor":69.0},{"not_picked":["CrushJoints","Replay:AtTheReady"],"picked":"WheelKick+1","floor":70.0},{"not_picked":["FlurryOfBlows","EmptyBody","Conclude"],"picked":"Singing Bowl","floor":73.0},{"not_picked":["Consecrate","EmptyMind+1","Blasphemy"],"picked":"Singing Bowl","floor":74.0},{"not_picked":["FearNoEvil+1","BowlingBash","Halt"],"picked":"Singing Bowl","floor":75.0},{"not_picked":["Evaluate","Replay:AtTheReady"],"picked":"Perseverance+1","floor":76.0},{"not_picked":["Worship","PathToVictory","Crescendo"],"picked":"Singing Bowl","floor":79.0},{"not_picked":["SignatureMove","Indignation","CutThroughFate"],"picked":"Singing Bowl","floor":82.0},{"not_picked":["SpiritShield","Omniscience","Vault"],"picked":"Singing Bowl","floor":84.0},{"not_picked":["ClearTheMind","Consecrate+1","PathToVictory"],"picked":"Singing Bowl","floor":86.0},{"not_picked":["CutThroughFate","Collect","Protect+1"],"picked":"Singing Bowl","floor":87.0},{"not_picked":["FollowUp","Replay:BluntJabs","Halt+1"],"picked":"Singing Bowl","floor":88},{"not_picked":["infinitespire:Oblivion","ReplayTheSpireMod:??????????????????????"],"picked":"infinitespire:Gouge","floor":88},{"not_picked":["Replay:Vibes+1","WreathOfFlame+1"],"picked":"ClearTheMind+1","floor":90},{"not_picked":["SashWhip+1","Indignation","Worship+1"],"picked":"Singing Bowl","floor":92},{"not_picked":["Replay:LoomingThreat","Replay:Hum","Crescendo+1"],"picked":"Singing Bowl","floor":93},{"not_picked":["WaveOfTheHand","Perseverance","FlurryOfBlows"],"picked":"Singing Bowl","floor":95},{"not_picked":["FollowUp","SashWhip","FearNoEvil"],"picked":"Singing Bowl","floor":96},{"not_picked":["Evaluate","CutThroughFate+1","WreathOfFlame"],"picked":"Singing Bowl","floor":99},{"not_picked":["Vault","MasterReality+1","Devotion+1"],"picked":"Singing Bowl","floor":101},{"not_picked":["FlyingSleeves","Prostrate","Replay:AtTheReady"],"picked":"Singing Bowl","floor":103},{"not_picked":["JustLucky","EmptyMind","Adaptation+1"],"picked":"Singing Bowl","floor":107},{"not_picked":["Replay:Hum","CutThroughFate","ThirdEye"],"picked":"Singing Bowl","floor":108},{"not_picked":["Wallop","MentalFortress+1","EmptyBody"],"picked":"Singing Bowl","floor":110},{"not_picked":["EmptyBody","MentalFortress+1","Perseverance"],"picked":"Singing Bowl","floor":114},{"not_picked":["WaveOfTheHand","Replay:ManipulateFuture","FlyingSleeves"],"picked":"Singing Bowl","floor":116},{"not_picked":["Judgement","Devotion+1","LessonLearned"],"picked":"Singing Bowl","floor":118},{"not_picked":["CrushJoints","Halt+1","EmptyBody"],"picked":"Singing Bowl","floor":120},{"not_picked":["CrushJoints","Sanctity","Replay:Anticipation+1"],"picked":"Singing Bowl","floor":122},{"not_picked":["WaveOfTheHand","Replay:AtTheReady","FollowUp"],"picked":"Singing Bowl","floor":123},{"not_picked":["Fasting2+1","Evaluate","Weave"],"picked":"Singing Bowl","floor":125},{"not_picked":["Consecrate","CutThroughFate+1","Prostrate"],"picked":"Singing Bowl","floor":127},{"not_picked":["Tantrum+1","Replay:DivineShield","Judgement"],"picked":"Singing Bowl","floor":129},{"not_picked":["Replay:Cycle+1","ClearTheMind","JustLucky+1"],"picked":"Singing Bowl","floor":131},{"not_picked":["FlyingSleeves","ClearTheMind","BowlingBash"],"picked":"Singing Bowl","floor":133},{"not_picked":["Alpha","Judgement","Replay:LoomingThreat+1"],"picked":"Singing Bowl","floor":135},{"not_picked":["CutThroughFate+1","Wallop+1","FlyingSleeves+1"],"picked":"Singing Bowl","floor":137},{"not_picked":["Indignation+1","Replay:DivineShield+1","WreathOfFlame"],"picked":"Singing Bowl","floor":139},{"not_picked":["WaveOfTheHand","Adaptation+1","Wireheading+1"],"picked":"Singing Bowl","floor":140},{"not_picked":["Fasting2+1","EmptyBody+1","MentalFortress+1"],"picked":"Singing Bowl","floor":141},{"not_picked":["SashWhip+1","LikeWater+1","Prostrate+1"],"picked":"Singing Bowl","floor":146},{"not_picked":["Judgement","Replay:ManipulateFuture+1","SashWhip+1"],"picked":"Singing Bowl","floor":147},{"not_picked":["Replay:BluntJabs+1","DeceiveReality","Meditate+1"],"picked":"Singing Bowl","floor":150},{"not_picked":["Vault","Devotion+1","Wish"],"picked":"Singing Bowl","floor":152},{"not_picked":["Guardian:Gem_Blue","hexamod:StepThrough+1","Halt"],"picked":"Singing Bowl","floor":156},{"not_picked":["bronze:Virus","hexamod:TurnItUp","HandOfGreed"],"picked":"Singing Bowl","floor":157}],"player_experience":223489,"relics_obtained":[{"floor":6.0,"key":"Anchor"},{"floor":9.0,"key":"Snack Pack"},{"floor":14.0,"key":"Bronze Scales"},{"floor":23.0,"key":"StoneCalendar"},{"floor":24.0,"key":"Grinning Jar"},{"floor":25.0,"key":"Akabeko"},{"floor":26.0,"key":"Gremlin Horn"},{"floor":27.0,"key":"Old Coin"},{"floor":29.0,"key":"Replay:Mystery Machine"},{"floor":32.0,"key":"Mango"},{"floor":36.0,"key":"Ring of Fury"},{"floor":40.0,"key":"CeramicFish"},{"floor":43.0,"key":"Divine Protection"},{"floor":60.0,"key":"ReplayFunnel"},{"floor":62.0,"key":"Singing Bowl"},{"floor":65.0,"key":"infinitespire:PuzzleCube"},{"floor":66.0,"key":"Bag of Marbles"},{"floor":70.0,"key":"Circlet"},{"floor":74.0,"key":"Sundial"},{"floor":76.0,"key":"Du-Vu Doll"},{"floor":77.0,"key":"MawBank"},{"floor":81.0,"key":"Smiling Mask"},{"floor":82.0,"key":"Replay:PocketPolymizer"},{"floor":88,"key":"GoldenEye"},{"floor":89,"key":"Pen Nib"},{"floor":94,"key":"Iron Hammer"},{"floor":108,"key":"ReplayTheSpireMod:Shallot"},{"floor":108,"key":"Replay:Bottled Steam"},{"floor":110,"key":"Blood Vial"},{"floor":110,"key":"Boot"},{"floor":111,"key":"infinitespire:Satchel"},{"floor":114,"key":"Dream Catcher"},{"floor":114,"key":"Replay:Wax Seal"},{"floor":121,"key":"War Paint"},{"floor":125,"key":"Oddly Smooth Stone"},{"floor":125,"key":"Potion Belt"},{"floor":126,"key":"Replay:Bottled Eggs"},{"floor":127,"key":"Letter Opener"},{"floor":127,"key":"Omamori"},{"floor":128,"key":"Nunchaku"},{"floor":143,"key":"Pantograph"},{"floor":145,"key":"Replay:Bottled Flurry"},{"floor":147,"key":"HornCleat"},{"floor":147,"key":"Juzu Bracelet"},{"floor":156,"key":"Replay:Multitool"},{"floor":156,"key":"Eternal Feather"}],"event_choices":[{"cards_removed":["Defend_P"],"damage_healed":0.0,"max_hp_gain":0.0,"max_hp_loss":0.0,"gold_gain":0.0,"event_name":"Purifier","player_choice":"Purged","floor":2.0,"gold_loss":0.0,"damage_taken":0.0},{"damage_healed":0.0,"max_hp_gain":0.0,"max_hp_loss":0.0,"gold_gain":0.0,"event_name":"Match and Keep!","player_choice":"3 cards matched","floor":4.0,"gold_loss":0.0,"damage_taken":0.0,"cards_obtained":["Vault","Trip","Crescendo"]},{"cards_removed":["Strike_P"],"damage_healed":0.0,"max_hp_gain":0.0,"max_hp_loss":0.0,"gold_gain":0.0,"event_name":"Living Wall","player_choice":"Forget","floor":12.0,"gold_loss":0.0,"damage_taken":0.0},{"damage_healed":0.0,"max_hp_gain":0.0,"max_hp_loss":0.0,"gold_gain":0.0,"event_name":"The Library","player_choice":"Read","floor":21.0,"gold_loss":0.0,"damage_taken":0.0,"cards_obtained":["Wish"]},{"cards_removed":["Pot Of Greed"],"damage_healed":0.0,"max_hp_gain":0.0,"max_hp_loss":0.0,"gold_gain":0.0,"event_name":"Falling","player_choice":"Removed Skill","floor":37.0,"gold_loss":0.0,"damage_taken":0.0},{"damage_healed":0.0,"max_hp_gain":0.0,"max_hp_loss":0.0,"gold_gain":0.0,"event_name":"Tomb of Lord Red Mask","player_choice":"Paid","floor":38.0,"gold_loss":184.0,"damage_taken":0.0,"relics_obtained":["Red Mask"]},{"damage_healed":0.0,"max_hp_gain":0.0,"max_hp_loss":0.0,"gold_gain":0.0,"event_name":"The Woman in Blue","player_choice":"Bought 0 Potions","floor":53.0,"gold_loss":0.0,"damage_taken":0.0},{"damage_healed":0.0,"max_hp_gain":0.0,"max_hp_loss":0.0,"gold_gain":0.0,"event_name":"Living Wall","player_choice":"Grow","floor":56.0,"gold_loss":0.0,"damage_taken":0.0,"cards_upgraded":["Omniscience"]},{"damage_healed":0.0,"max_hp_gain":0.0,"max_hp_loss":0.0,"gold_gain":0.0,"event_name":"Scrap Ooze","player_choice":"Success","floor":59.0,"gold_loss":0.0,"damage_taken":3.0,"relics_obtained":["infinitespire:Lucky Rock"]},{"damage_healed":0.0,"max_hp_gain":0.0,"max_hp_loss":0.0,"gold_gain":30.0,"event_name":"Dead Adventurer","player_choice":"Searched \u00273\u0027 times","floor":63.0,"gold_loss":0.0,"damage_taken":0.0,"relics_obtained":["Centennial Puzzle"]},{"damage_healed":0.0,"max_hp_gain":0.0,"max_hp_loss":0.0,"gold_gain":0.0,"event_name":"Masked Bandits","player_choice":"Fought Bandits","floor":70.0,"gold_loss":0.0,"damage_taken":0.0},{"damage_healed":0.0,"max_hp_gain":0.0,"max_hp_loss":0.0,"gold_gain":0.0,"event_name":"Addict","player_choice":"Obtained Relic","floor":71.0,"gold_loss":85.0,"damage_taken":0.0,"relics_obtained":["Tiny Chest"]},{"cards_removed":["Strike_P"],"damage_healed":0.0,"max_hp_gain":0.0,"max_hp_loss":0.0,"gold_gain":0.0,"event_name":"Beggar","player_choice":"Gave Gold","floor":72.0,"gold_loss":75.0,"damage_taken":0.0},{"damage_healed":0.0,"max_hp_gain":0.0,"max_hp_loss":0.0,"gold_gain":0.0,"event_name":"Nest","player_choice":"Joined the Cult","floor":78.0,"gold_loss":0.0,"damage_taken":6.0,"cards_obtained":["RitualDagger"]},{"damage_healed":0,"gold_gain":99,"player_choice":"Stole From Cult","damage_taken":0,"max_hp_gain":0,"max_hp_loss":0,"event_name":"Nest","floor":88,"gold_loss":0},{"damage_healed":0,"gold_gain":0,"player_choice":"Embrace Madness","damage_taken":16,"max_hp_gain":0,"max_hp_loss":0,"event_name":"Winding Halls","floor":97,"gold_loss":0,"cards_obtained":["Madness","Madness"]},{"cards_removed":["Strike_P"],"damage_healed":0,"gold_gain":0,"player_choice":"Card Removal","damage_taken":7,"max_hp_gain":0,"max_hp_loss":0,"event_name":"Golden Wing","floor":104,"gold_loss":0},{"damage_healed":0,"gold_gain":0,"player_choice":"Bought 0 Potions","damage_taken":0,"max_hp_gain":0,"max_hp_loss":0,"event_name":"The Woman in Blue","floor":113,"gold_loss":0},{"damage_healed":0,"gold_gain":99,"player_choice":"Stole From Cult","damage_taken":0,"max_hp_gain":0,"max_hp_loss":0,"event_name":"Nest","floor":124,"gold_loss":0},{"cards_removed":["CutThroughFate"],"damage_healed":5,"gold_gain":0,"player_choice":"Offered Common","damage_taken":0,"max_hp_gain":0,"max_hp_loss":0,"event_name":"Bonfire Elementals","floor":130,"gold_loss":0},{"cards_removed":["CutThroughFate"],"damage_healed":5,"gold_gain":0,"player_choice":"Offered Special","damage_taken":0,"max_hp_gain":0,"max_hp_loss":0,"event_name":"Bonfire Elementals","floor":130,"gold_loss":0},{"damage_healed":0,"gold_gain":0,"player_choice":"0 cards matched","damage_taken":0,"max_hp_gain":0,"max_hp_loss":0,"event_name":"Match and Keep!","floor":138,"gold_loss":0,"cards_obtained":[]},{"damage_healed":0,"gold_gain":0,"player_choice":"Upgraded","damage_taken":0,"max_hp_gain":0,"max_hp_loss":0,"event_name":"Upgrade Shrine","floor":149,"gold_loss":0,"cards_upgraded":["Vault"]}],"is_beta":false,"boss_relics":[{"not_picked":["infinitespire:Cupcake","Replay:Bronze Core"],"picked":"Replay:Grab Bag"},{"not_picked":["Ectoplasm","Sozu"],"picked":"Fusion Hammer"},{"not_picked":["Busted Crown","ChewingGum"],"picked":"Coffee Dripper"},{"not_picked":["ReplayTheSpireMod:SealedPack","Empty Cage"],"picked":"HolyWater"},{"not_picked":["Black Star","Replay:Ancient Bell"],"picked":"SacredBark"},{"not_picked":["Honey Jar","Velvet Choker"],"picked":"bronze:MakeshiftBattery"},{"not_picked":["Snecko Eye","Honey Jar"],"picked":"ChewingGum"},{"not_picked":["ReplayTheSpireMod:DimensionalGlitch","Kintsugi"],"picked":"Painkiller Herb"},{"not_picked":["Replay:Bronze Core","Tiny House"],"picked":"Black Star"},{"not_picked":["ReplayTheSpireMod:SealedPack","Honey Jar"],"picked":"SlaversCollar"},{"not_picked":["infinitespire:Cupcake","Runic Pyramid","ReplayTheSpireMod:DimensionalGlitch"]},{"not_picked":["Sozu","Calling Bell"],"picked":"Replay:Wanted Poster"}],"items_purged_floors":[30,64,98],"is_endless":true,"potions_floor_spawned":[1,6,10,14,20,27,28,29,42,46,48,50,52,54,62,70,74,75,79,84,87,88,95,96,101,103,110,116,118,120,127,129,135,137,150,156],"ascension_level":2}}