{"host":"vumwfieg2b2mnrfl","time":1611966448,"event":{"mods":["AchievementEnabler","BaseMod","Minty Spire (QoL Compilation)","Rare Cards Sparkle","Relic Stats"],"gold_per_floor":[112,112,128,152,152,186,186,222,274,297,337,337,353,374,374,467,467,488,488,488,468,468],"floor_reached":21,"language":"ENG","playtime":630,"items_purged":[],"score":388,"play_id":"37e95fc4-c628-4230-889b-973e475dfd7c","local_time":"20210129182728","is_ascension_mode":true,"campfire_choices":[{"floor":7.0,"key":"REST"},{"data":"Demon Form","floor":12.0,"key":"SMITH"},{"data":"Barricade","floor":15.0,"key":"SMITH"}],"circlet_count":0,"master_deck":["AscendersBane","Strike_R+1","Strike_R+1","Strike_R+1","Defend_R+1","Defend_R+1","Defend_R+1","Bash","Injury","Cleave","Demon Form+1","Headbutt","Battle Trance","Heavy Blade","Barricade+1","Entrench+1","Offering","Thunderclap+1","Shockwave+1","Burning Pact+1","Metallicize"],"relics":["Burning Blood","Incense Burner","Golden Idol","White Beast Statue","Pen Nib","Akabeko","Boot","Astrolabe"],"acts_visited":["Exordium","TheCity"],"potions_floor_usage":[18,21],"damage_taken":[{"damage":7.0,"enemies":"2 Louse","floor":1.0,"turns":3.0},{"damage":7.0,"enemies":"Jaw Worm","floor":3.0,"turns":5.0},{"damage":4.0,"enemies":"Small Slimes","floor":4.0,"turns":3.0},{"damage":32.0,"enemies":"Gremlin Nob","floor":6.0,"turns":4.0},{"damage":23.0,"enemies":"3 Sentries","floor":8.0,"turns":6.0},{"damage":7.0,"enemies":"Looter","floor":10.0,"turns":3.0},{"damage":20.0,"enemies":"Lagavulin","floor":11.0,"turns":5.0},{"damage":11.0,"enemies":"Red Slaver","floor":13.0,"turns":4.0},{"damage":14.0,"enemies":"Exordium Wildlife","floor":14.0,"turns":6.0},{"damage":48.0,"enemies":"The Guardian","floor":16.0,"turns":10.0},{"damage":56,"enemies":"3 Byrds","floor":18,"turns":7},{"damage":11,"enemies":"2 Thieves","floor":21,"turns":1}],"seed_played":"-734145823856846991","potions_obtained":[{"floor":3.0,"key":"SkillPotion"},{"floor":4.0,"key":"BlessingOfTheForge"},{"floor":8.0,"key":"BloodPotion"},{"floor":11.0,"key":"FairyPotion"},{"floor":14.0,"key":"LiquidBronze"},{"floor":16.0,"key":"BlessingOfTheForge"},{"floor":18,"key":"Swift Potion"}],"is_trial":false,"path_per_floor":["M","?","M","M","?","E","R","E","T","M","E","R","M","M","R","B",null,"M","?","?","M"],"character_chosen":"IRONCLAD","items_purchased":[],"campfire_rested":1,"item_purchase_floors":[],"current_hp_per_floor":[67,67,66,68,68,42,62,45,45,44,43,43,38,30,30,26,58,8,8,8,0,0],"gold":468,"neow_bonus":"ONE_RARE_RELIC","is_daily":false,"chose_seed":false,"campfire_upgraded":2,"win_rate":0.0,"timestamp":1611966448,"path_taken":["M","?","M","M","?","E","R","E","T","?","E","R","M","M","R","BOSS","M","?","?","M"],"items_purchased_type":[],"build_version":"2020-12-22","purchased_purges":0,"victory":false,"max_hp_per_floor":[68,68,68,68,68,68,68,68,68,68,68,68,68,68,68,68,68,68,68,68,68,68],"relic_stats":{"counters":[12,57],"Golden Idol":65,"Astrolabe":["Thunderclap","Shockwave","Burning Pact"],"Pen Nib":[5],"Boot":[13],"obtain_stats":[{"Golden Idol":2,"Astrolabe":17,"Pen Nib":8,"Incense Burner":0,"Boot":11,"Burning Blood":0,"White Beast Statue":6,"Akabeko":9},{"Golden Idol":1,"Astrolabe":10,"Pen Nib":5,"Incense Burner":0,"Boot":7,"Burning Blood":0,"White Beast Statue":4,"Akabeko":5},{"Golden Idol":3,"Astrolabe":49,"Pen Nib":21,"Incense Burner":0,"Boot":29,"Burning Blood":0,"White Beast Statue":15,"Akabeko":21}],"Burning Blood":66},"card_choices":[{"not_picked":["Warcry","True Grit","Thunderclap"],"picked":"SKIP","floor":1.0},{"not_picked":["Dropkick","Body Slam"],"picked":"Cleave","floor":3.0},{"not_picked":["Clash","Iron Wave"],"picked":"Demon Form","floor":4.0},{"not_picked":["Sever Soul","Seeing Red"],"picked":"Headbutt","floor":6.0},{"not_picked":["Havoc","Shrug It Off"],"picked":"Battle Trance","floor":8.0},{"not_picked":["Sever Soul","Rage"],"picked":"Heavy Blade","floor":10.0},{"not_picked":["Body Slam","Feel No Pain","Iron Wave"],"picked":"SKIP","floor":11.0},{"not_picked":["Inflame","Headbutt"],"picked":"Barricade","floor":13.0},{"not_picked":["Ghostly Armor","Sever Soul"],"picked":"Entrench","floor":14.0},{"not_picked":["Fiend Fire","Berserk"],"picked":"Offering","floor":16.0},{"not_picked":["Body Slam","Burning Pact"],"picked":"Metallicize","floor":18}],"player_experience":494860,"relics_obtained":[{"floor":6.0,"key":"White Beast Statue"},{"floor":8.0,"key":"Pen Nib"},{"floor":9.0,"key":"Akabeko"},{"floor":11.0,"key":"Boot"}],"event_choices":[{"damage_healed":0.0,"max_hp_gain":0.0,"max_hp_loss":0.0,"gold_gain":0.0,"event_name":"Golden Idol","player_choice":"Take Wound","floor":2.0,"gold_loss":0.0,"damage_taken":0.0,"relics_obtained":["Golden Idol"],"cards_obtained":["Injury"]},{"damage_healed":0.0,"max_hp_gain":0.0,"max_hp_loss":0.0,"gold_gain":0.0,"event_name":"Scrap Ooze","player_choice":"Fled","floor":5.0,"gold_loss":0.0,"damage_taken":0.0},{"damage_healed":0,"gold_gain":0,"player_choice":"Simplicity","damage_taken":0,"max_hp_gain":0,"max_hp_loss":0,"event_name":"Back to Basics","floor":19,"gold_loss":0,"cards_upgraded":["Strike_R","Strike_R","Strike_R","Defend_R","Defend_R","Defend_R"]},{"damage_healed":0,"gold_gain":0,"player_choice":"Forge","damage_taken":0,"max_hp_gain":0,"max_hp_loss":0,"event_name":"Accursed Blacksmith","floor":20,"gold_loss":0,"cards_upgraded":["Entrench"]}],"is_beta":false,"boss_relics":[{"not_picked":["SacredBark","Calling Bell"],"picked":"Astrolabe"}],"items_purged_floors":[],"is_endless":false,"potions_floor_spawned":[3,4,8,10,11,13,14,16,18],"killed_by":"2 Thieves","ascension_level":19}}