{"host":"4evnc443c98ww2zl","time":1611967873,"event":{"mods":["BaseMod","Better Third Choice","Hermit","Koishi","Luminous","Minty Spire (QoL Compilation)","Remilia??????","Robot Space Explorer","StSLib","The Administrix","The Bug Knight","The Cursed","TheSwordswoman"],"gold_per_floor":[118,35,35,47,62,87,103,103,103,128,148,177,192,139,139,234,234,252,269,269,286,298,625,625,203,203,231,231,261,274,301,301,405,405,417,417,117,133,144,144,35,66,137,166,177,227,246,262,262,262,262,262,38,73,73,73],"floor_reached":55,"language":"ENG","playtime":4410,"items_purged":[],"score":979,"play_id":"bf28b4c2-c5df-4301-b82a-8fd2eaef46e2","local_time":"20210129185113","daily_mods":["SealedDeck","Diverse","Colorless Cards","Heirloom","DeadlyEvents","Elite Swarm"],"is_ascension_mode":false,"campfire_choices":[{"floor":8,"key":"RECALL"},{"data":"Devotion","floor":15,"key":"SMITH"},{"floor":24,"key":"REST"},{"data":"1","floor":28,"key":"LIFT"},{"data":"2","floor":32,"key":"LIFT"},{"data":"3","floor":40,"key":"LIFT"},{"data":"BattleHymn","floor":49,"key":"PURGE"},{"data":"HollowMod:SoulStrike","floor":52,"key":"PURGE"}],"circlet_count":0,"master_deck":["hermit:SprayPray","Conserve Battery","hermit:Headshot","RedRainbow","hermit:Glare","AdministrixMod:ExtolVirtue","Melter","Finesse","TheCursedMod:SmokeScreen","HollowMod:SoulStrike","blazmod:FancifulFlutter","Blind","Conserve Battery","Sweeping Beam","Panache","Panacea","Devotion+1","TheCursedMod:CursedBlade+1","Sadistic Nature","RobotSpaceExplorer:StarLightning","DevaForm","Dagger Spray","Koishi:RuptureMind","hermit:Vantage","LeisurelyOfLord+1","Secret Technique","HeartBreak","hermit:ShadowCloak","hermit:Gambit","Leap","Coolheaded","MastersStateliness+1","hermit:Glare","Panacea","Creative AI","Blade Dance+1","Fusion","Stigmanizer+1","Core Surge"],"relics":["ScarletHat","Peace Pipe","FaceOfCleric","FairyMaid","Smiling Mask","HollowMod:QueensCombRelic","Fusion Hammer","Old Coin","Oddly Smooth Stone","Lee\u0027s Waffle","Girya","Lantern","Turnip","CaptainsWheel","Coffee Dripper","Blood Vial","Singing Bowl","StoneCalendar","Gremlin Horn","Whetstone","Incense Burner","Pen Nib","Bag of Preparation"],"acts_visited":["Exordium","TheCity","TheBeyond","TheEnding"],"potions_floor_usage":[6,10,16,27,29,31,33,33,38,44,55,55,55],"damage_taken":[{"damage":0,"enemies":"Small Slimes","floor":1,"turns":2},{"damage":0,"enemies":"Cultist","floor":4,"turns":2},{"damage":0,"enemies":"Jaw Worm","floor":5,"turns":1},{"damage":8,"enemies":"HollowMod:MossKnight","floor":6,"turns":9},{"damage":0,"enemies":"Red Slaver","floor":7,"turns":2},{"damage":0,"enemies":"Lagavulin","floor":10,"turns":4},{"damage":0,"enemies":"Exordium Wildlife","floor":11,"turns":1},{"damage":0,"enemies":"3 Sentries","floor":12,"turns":2},{"damage":0,"enemies":"Lots of Slimes","floor":13,"turns":1},{"damage":15,"enemies":"Hexaghost","floor":16,"turns":7},{"damage":0,"enemies":"3 Byrds","floor":18,"turns":2},{"damage":0,"enemies":"Spheric Guardian","floor":19,"turns":2},{"damage":26,"enemies":"Snake Plant","floor":21,"turns":4},{"damage":16,"enemies":"Centurion and Healer","floor":22,"turns":4},{"damage":17,"enemies":"HollowMod:Nosk","floor":23,"turns":5},{"damage":0,"enemies":"Gremlin Leader","floor":27,"turns":5},{"damage":12,"enemies":"Book of Stabbing","floor":29,"turns":5},{"damage":2,"enemies":"Cultist and Chosen","floor":30,"turns":4},{"damage":26,"enemies":"Slavers","floor":31,"turns":3},{"damage":22,"enemies":"Collector","floor":33,"turns":4},{"damage":24,"enemies":"3 Darklings","floor":35,"turns":3},{"damage":1,"enemies":"Orb Walker","floor":38,"turns":3},{"damage":3,"enemies":"Transient","floor":39,"turns":5},{"damage":0,"enemies":"Giant Head","floor":42,"turns":5},{"damage":1,"enemies":"HollowMod:StalkingDevout","floor":44,"turns":3},{"damage":0,"enemies":"Spire Growth","floor":45,"turns":3},{"damage":0,"enemies":"Mind Bloom Boss Battle","floor":46,"turns":2},{"damage":14,"enemies":"Writhing Mass","floor":47,"turns":5},{"damage":13,"enemies":"Maw","floor":48,"turns":3},{"damage":35,"enemies":"Donu and Deca","floor":50,"turns":6},{"damage":40,"enemies":"Shield and Spear","floor":54,"turns":3},{"damage":74,"enemies":"The Heart","floor":55,"turns":6}],"seed_played":"3805925442657414377","potions_obtained":[{"floor":4,"key":"ColorlessPotion"},{"floor":5,"key":"Dexterity Potion"},{"floor":6,"key":"PowerPotion"},{"floor":10,"key":"SmokeBomb"},{"floor":13,"key":"ColorlessPotion"},{"floor":20,"key":"Explosive Potion"},{"floor":20,"key":"CultistPotion"},{"floor":30,"key":"FearPotion"},{"floor":31,"key":"Explosive Potion"},{"floor":33,"key":"Fruit Juice"},{"floor":35,"key":"ColorlessPotion"},{"floor":42,"key":"ColorlessPotion"},{"floor":45,"key":"EssenceOfSteel"},{"floor":54,"key":"PowerPotion"}],"is_trial":true,"path_per_floor":["M","$","?","M","M","E","M","R","T","E","M","E","M","$","R","B",null,"M","M","?","M","M","E","R","$","T","E","R","E","M","E","R","B",null,"M","T","$","M","M","R","$","E","T","E","M","?","M","M","R","B",null,"R","$","E","B"],"character_chosen":"REMILIA","items_purchased":["Blind","HollowMod:SoulStrike","Oddly Smooth Stone","Lee\u0027s Waffle","hermit:Vantage","LeisurelyOfLord","Singing Bowl","Coolheaded","hermit:Glare","Panacea","Pen Nib","Core Surge"],"campfire_rested":1,"item_purchase_floors":[2,14,25,25,25,25,37,37,41,41,53,53],"current_hp_per_floor":[75,75,75,76,77,70,71,71,71,72,73,54,55,55,55,41,56,57,58,58,33,30,18,36,68,68,69,69,58,65,44,44,37,78,55,55,55,61,76,76,76,86,86,87,90,91,78,80,80,60,94,94,94,57,0,0],"gold":73,"neow_bonus":"","is_daily":false,"chose_seed":false,"campfire_upgraded":1,"win_rate":0.0,"timestamp":1611967873,"path_taken":["M","$","?","M","M","E","M","R","T","E","M","E","?","$","R","BOSS","M","M","?","?","M","E","R","$","T","E","R","E","M","?","R","BOSS","M","?","$","M","M","R","$","E","T","E","M","?","?","M","R","BOSS","R","$","E","BOSS"],"items_purchased_type":["Card","Card","Relic","Relic","Card","Card","Relic","Card","Card","Card","Relic","Card"],"build_version":"2020-12-22","purchased_purges":0,"victory":false,"max_hp_per_floor":[75,75,75,76,77,78,79,79,79,80,81,54,55,55,55,56,56,57,58,58,59,60,61,61,68,68,69,69,70,71,72,72,78,78,79,79,79,80,83,83,83,86,86,87,90,91,92,93,93,94,94,94,94,97,97,97],"card_choices":[{"not_picked":["TheCursedMod:Torture","Rebound"],"picked":"blazmod:FancifulFlutter","floor":1},{"not_picked":["Reckless Charge","TheCursedMod:Grudge"],"picked":"Conserve Battery","floor":4},{"not_picked":["Force Field","Koishi:BloodcurdlingScream"],"picked":"Sweeping Beam","floor":5},{"not_picked":["Meteor Strike","Alpha"],"picked":"Panache","floor":6},{"not_picked":["Ball Lightning","TheCursedMod:Stretching"],"picked":"Panacea","floor":7},{"not_picked":["Limit Break","DemonKingCradle"],"picked":"Devotion","floor":10},{"not_picked":["blazmod:LoveAndHonor","AdministrixMod:CrackingPangu"],"picked":"TheCursedMod:CursedBlade","floor":11},{"not_picked":["hermit:OverwhelmingPower","Burst"],"picked":"Sadistic Nature","floor":12},{"not_picked":["Deflect","Concentrate"],"picked":"RobotSpaceExplorer:StarLightning","floor":13},{"not_picked":["AdministrixMod:Mastermind","Berserk"],"picked":"DevaForm","floor":16},{"not_picked":["BlasphemousPunishment+1","Enlightenment","hermit:Midnight"],"picked":"SKIP","floor":18},{"not_picked":["EmergencyRegeneration","Luminous:Blinding_Pillar_Luminous+1"],"picked":"Dagger Spray","floor":19},{"not_picked":["Koishi:Possession","Koishi:SubterraneanRose"],"picked":"BattleHymn","floor":21},{"not_picked":["Maim","Luminous:Balance_Ender+1","TheCursedMod:RavingStaff"],"picked":"SKIP","floor":22},{"not_picked":["Luminous:Balance_Aether_Conduit","ForecastOfChange"],"picked":"Koishi:RuptureMind","floor":23},{"not_picked":["Fission","Luminous:Equalize_Luminous"],"picked":"Secret Technique","floor":27},{"not_picked":["Electrodynamics","Limit Break"],"picked":"HeartBreak","floor":29},{"not_picked":["Luminous:Blinding_Pillar_Luminous","blazmod:FleetOfFoot+1"],"picked":"hermit:ShadowCloak","floor":30},{"not_picked":["blazmod:GlasswingWaltz","Unload","ScarletCoffin"],"picked":"SKIP","floor":31},{"not_picked":["BloodyHallows","blazmod:VisionsOfButterflies"],"picked":"hermit:Gambit","floor":33},{"not_picked":["Koishi:PhantomStrike+1","Rebound+1"],"picked":"Leap","floor":35},{"not_picked":["hermit:Snipe","BloodHunter"],"picked":"MastersStateliness+1","floor":38},{"not_picked":["Wild Strike+1","TheCursedMod:Stretching","TheCursedMod:SmokeScreen"],"picked":"Singing Bowl","floor":39},{"not_picked":["blazmod:MirrorImage","HollowMod:SoulMaster","AdministrixMod:HopeInTheDark"],"picked":"Singing Bowl","floor":42},{"not_picked":["Magnetism","TheCursedMod:CollectTribute"],"picked":"Creative AI","floor":44},{"not_picked":["ScarletDevil","AdministrixMod:RegentEdict+1","ScarletNetherworld+1"],"picked":"Singing Bowl","floor":45},{"not_picked":["blazmod:UnderPurifyingWaters+1","Halt+1"],"picked":"Blade Dance+1","floor":46},{"not_picked":["LikeWater+1","blazmod:Trasient"],"picked":"Fusion","floor":47},{"not_picked":["Deflect+1","Luminous:Dark_Apocalypse+1"],"picked":"Stigmanizer+1","floor":48},{"not_picked":["AdministrixMod:Schism","RobotSpaceExplorer:Scanner","Glass Knife"],"picked":"Singing Bowl","floor":54}],"player_experience":1135100,"relics_obtained":[{"floor":6,"key":"FairyMaid"},{"floor":10,"key":"Smiling Mask"},{"floor":12,"key":"HollowMod:QueensCombRelic"},{"floor":23,"key":"Old Coin"},{"floor":26,"key":"Girya"},{"floor":27,"key":"Lantern"},{"floor":29,"key":"Turnip"},{"floor":31,"key":"CaptainsWheel"},{"floor":36,"key":"Blood Vial"},{"floor":42,"key":"StoneCalendar"},{"floor":43,"key":"Gremlin Horn"},{"floor":44,"key":"Whetstone"},{"floor":46,"key":"Incense Burner"},{"floor":54,"key":"Bag of Preparation"}],"event_choices":[{"damage_healed":0,"gold_gain":0,"player_choice":"Trade","damage_taken":0,"relics_obtained":["FaceOfCleric"],"max_hp_gain":0,"max_hp_loss":0,"event_name":"FaceTrader","floor":3,"gold_loss":0},{"damage_healed":0,"gold_gain":0,"player_choice":"Got Potions","damage_taken":0,"max_hp_gain":0,"max_hp_loss":0,"event_name":"Lab","floor":20,"gold_loss":0},{"damage_healed":0,"gold_gain":0,"player_choice":"Fight","damage_taken":0,"max_hp_gain":0,"max_hp_loss":0,"event_name":"MindBloom","floor":46,"gold_loss":0}],"is_beta":false,"boss_relics":[{"not_picked":["Runic Pyramid","Sozu"],"picked":"Fusion Hammer"},{"not_picked":["Tiny House","SlaversCollar"],"picked":"Coffee Dripper"}],"items_purged_floors":[],"is_endless":false,"potions_floor_spawned":[4,5,6,10,13,22,30,31,33,35,42,45,48,54],"killed_by":"The Heart","ascension_level":0}}