{"host":"nyg49itbeu0n8xya","time":1611987876,"event":{"mods":["BaseMod","Minty Spire (QoL Compilation)","Relic Stats","Reliquary","StSLib","Wide Potions","°æ“≈ŒÔø®≈∆°øREMEMod","≤–¡Ù÷ÆŒÔ"],"gold_per_floor":[116,34,48,123,137,170,170,187,211,211,252,277,317,377,377,546,546,571,486,756,150,193,244,266,266,291,315,340,353,396,427,427,553,553,575,598,613,63,63,114,40,40,108,108,144,169,188,236,236,242,242,242,12,54,69,69],"floor_reached":55,"language":"ZHS","playtime":2634,"items_purged":["Injury"],"score":865,"play_id":"251fcb31-581b-47e6-bcd4-01e95db8e04f","local_time":"20210130142436","is_ascension_mode":false,"campfire_choices":[{"data":"Bludgeon","floor":7,"key":"SMITH"},{"data":"PlaceholderMod:QualitativeChange","floor":15,"key":"SMITH"},{"data":"REME_Cut","floor":25,"key":"SMITH"},{"data":"Limit Break","floor":32,"key":"SMITH"},{"floor":42,"key":"REST"},{"floor":44,"key":"REST"},{"floor":49,"key":"RECALL"},{"data":"REME_PuzzleBox","floor":52,"key":"SMITH"}],"circlet_count":0,"master_deck":["Strike_R","Strike_R","Strike_R","Strike_R","Strike_R","Defend_R","Defend_R","Defend_R","Defend_R","Bash","PlaceholderMod:QualitativeChange+1","Headbutt","Bludgeon+1","Clash","Thunderclap","Shockwave","Anger","Inflame","Dropkick","Uppercut","Impervious","REME_Fury","Sword Boomerang+1","Madness","Twin Strike","Flex+1","REME_Cut+1","Flex","Twin Strike","Anger","Limit Break+1","Wild Strike+1","Inflame","Offering","Rage+1","Twin Strike+1","Bandage Up","Reaper","Anger","Bandage Up+1","Chrysalis","Impervious","Sword Boomerang","REME_PuzzleBox+1","Pummel","Spot Weakness+1","REME_MagicPocketWatch","Clash+1","Anger","Perfected Strike","REME_BattleFury"],"relics":["Black Blood","REME_ComplimentaryCards","NeowsBlessing","Anchor","Potion Belt","Golden Idol","Blood Vial","REME_ArchaeologicalTools","reliquary:PartyBalloon","Strawberry","PlaceholderMod:DeVermisMysteriis","Singing Bowl","Matryoshka","REME_LowDesire","Bronze Scales","Nunchaku","Paper Frog","Dream Catcher","Orichalcum","Shuriken","REME_PuzzleBoxRelic","War Paint"],"acts_visited":["Exordium","TheCity","TheBeyond","TheEnding"],"potions_floor_usage":[6,18,22,23,23,23,23,23,23,23,23,23,23,23,29,31,33,33,33,40,47,50,55,55,55,55],"damage_taken":[{"damage":0,"enemies":"Small Slimes","floor":1,"turns":1},{"damage":0,"enemies":"2 Louse","floor":3,"turns":1},{"damage":0,"enemies":"Cultist","floor":5,"turns":1},{"damage":31,"enemies":"Lagavulin","floor":6,"turns":4},{"damage":10,"enemies":"Gremlin Gang","floor":8,"turns":4},{"damage":8,"enemies":"Gremlin Nob","floor":11,"turns":3},{"damage":0,"enemies":"2 Fungi Beasts","floor":12,"turns":2},{"damage":13,"enemies":"Lagavulin","floor":13,"turns":4},{"damage":0,"enemies":"Exordium Wildlife","floor":14,"turns":3},{"damage":29,"enemies":"Slime Boss","floor":16,"turns":9},{"damage":7,"enemies":"2 Thieves","floor":18,"turns":3},{"damage":10,"enemies":"Spheric Guardian","floor":22,"turns":3},{"damage":45,"enemies":"REME_1_Revenger","floor":23,"turns":3},{"damage":15,"enemies":"Chosen and Byrds","floor":24,"turns":6},{"damage":2,"enemies":"Centurion and Healer","floor":27,"turns":4},{"damage":13,"enemies":"Cultist and Chosen","floor":28,"turns":4},{"damage":0,"enemies":"Snake Plant","floor":29,"turns":3},{"damage":29,"enemies":"Book of Stabbing","floor":30,"turns":4},{"damage":0,"enemies":"Centurion and Healer","floor":31,"turns":5},{"damage":45,"enemies":"Automaton","floor":33,"turns":6},{"damage":20,"enemies":"Orb Walker","floor":35,"turns":3},{"damage":30,"enemies":"3 Darklings","floor":36,"turns":4},{"damage":48,"enemies":"Sphere and 2 Shapes","floor":37,"turns":5},{"damage":65,"enemies":"Giant Head","floor":40,"turns":7},{"damage":19,"enemies":"4 Shapes","floor":45,"turns":3},{"damage":18,"enemies":"Jaw Worm Horde","floor":46,"turns":4},{"damage":15,"enemies":"Writhing Mass","floor":47,"turns":3},{"damage":7,"enemies":"Maw","floor":48,"turns":7},{"damage":60,"enemies":"Donu and Deca","floor":50,"turns":7},{"damage":48,"enemies":"Shield and Spear","floor":54,"turns":4},{"damage":84,"enemies":"The Heart","floor":55,"turns":5}],"seed_played":"-8518702236625273228","potions_obtained":[{"floor":3,"key":"ColorlessPotion"},{"floor":8,"key":"SpeedPotion"},{"floor":12,"key":"Block Potion"},{"floor":16,"key":"EntropicBrew"},{"floor":23,"key":"SpeedPotion"},{"floor":24,"key":"Block Potion"},{"floor":28,"key":"Energy Potion"},{"floor":30,"key":"LiquidMemories"},{"floor":33,"key":"SpeedPotion"},{"floor":37,"key":"LiquidMemories"},{"floor":40,"key":"Strength Potion"},{"floor":45,"key":"SneckoOil"},{"floor":48,"key":"Fire Potion"},{"floor":54,"key":"ColorlessPotion"}],"is_trial":false,"path_per_floor":["M","$","M","?","M","E","R","M","T","?","E","M","E","M","R","B",null,"M","?","?","$","M","E","M","R","T","M","M","M","E","M","R","B",null,"M","M","M","$","?","E","$","R","T","R","M","M","M","M","R","B",null,"R","$","E","B"],"character_chosen":"IRONCLAD","items_purchased":["Bludgeon","Strawberry","PlaceholderMod:DeVermisMysteriis","DistilledChaos","Twin Strike","Flex","REME_Cut","Reaper","Paper Frog","Anger","Bandage Up","Sword Boomerang","BloodPotion","REME_PuzzleBoxRelic","Anger","Perfected Strike"],"campfire_rested":2,"item_purchase_floors":[2,21,21,21,21,21,21,38,38,38,38,41,41,53,53,53],"current_hp_per_floor":[80,80,80,69,75,50,50,46,46,46,44,52,47,55,55,34,80,80,80,26,33,37,25,24,24,24,36,37,51,36,52,52,21,91,83,67,33,33,33,39,39,66,66,93,93,89,92,95,95,47,95,95,95,63,0,0],"gold":69,"neow_bonus":"THREE_ENEMY_KILL","is_daily":false,"chose_seed":false,"campfire_upgraded":5,"win_rate":0.0,"timestamp":1611987876,"path_taken":["M","$","M","?","M","E","R","M","T","?","E","M","E","M","R","BOSS","M","?","?","$","M","E","M","R","T","M","?","M","E","M","R","BOSS","M","?","M","$","?","E","?","R","T","R","?","M","M","M","R","BOSS","R","$","E","BOSS"],"items_purchased_type":["Card","Relic","Relic","Potion","Card","Card","Card","Card","Relic","Card","Card","Card","Potion","Relic","Card","Card"],"build_version":"2020-12-22","purchased_purges":1,"victory":false,"max_hp_per_floor":[80,80,80,80,80,80,80,80,80,80,80,80,80,80,80,80,80,80,80,80,87,87,89,89,89,89,89,89,89,89,91,91,91,91,91,91,91,91,91,93,93,93,93,93,93,95,95,95,95,95,95,95,95,95,95,95],"relic_stats":{"Blood Vial":38,"Nunchaku":[10],"Dream Catcher":2,"Singing Bowl":6,"counters":[31,125],"Golden Idol":188,"Shuriken":[10],"Bronze Scales":[183],"Black Blood":262,"Orichalcum":[78],"War Paint":["Flex","Bandage Up"],"obtain_stats":[{"Potion Belt":9,"NeowsBlessing":0,"Singing Bowl":23,"Golden Idol":10,"reliquary:PartyBalloon":19,"Black Blood":17,"PlaceholderMod:DeVermisMysteriis":21,"Orichalcum":43,"War Paint":54,"Burning Blood":0,"Blood Vial":11,"Anchor":6,"Nunchaku":34,"Dream Catcher":40,"Matryoshka":30,"Shuriken":43,"Strawberry":21,"Bronze Scales":34,"REME_ArchaeologicalTools":13,"REME_LowDesire":34,"REME_PuzzleBoxRelic":53,"REME_ComplimentaryCards":0,"Paper Frog":38},{"Potion Belt":5,"NeowsBlessing":0,"Singing Bowl":13,"Golden Idol":5,"reliquary:PartyBalloon":11,"Black Blood":10,"PlaceholderMod:DeVermisMysteriis":11,"Orichalcum":24,"War Paint":30,"Burning Blood":0,"Blood Vial":6,"Anchor":4,"Nunchaku":20,"Dream Catcher":24,"Matryoshka":18,"Shuriken":24,"Strawberry":11,"Bronze Scales":20,"REME_ArchaeologicalTools":8,"REME_LowDesire":20,"REME_PuzzleBoxRelic":29,"REME_ComplimentaryCards":0,"Paper Frog":23},{"Potion Belt":11,"NeowsBlessing":0,"Singing Bowl":41,"Golden Idol":11,"reliquary:PartyBalloon":35,"Black Blood":32,"PlaceholderMod:DeVermisMysteriis":35,"Orichalcum":92,"War Paint":120,"Burning Blood":0,"Blood Vial":14,"Anchor":7,"Nunchaku":73,"Dream Catcher":92,"Matryoshka":62,"Shuriken":92,"Strawberry":35,"Bronze Scales":73,"REME_ArchaeologicalTools":20,"REME_LowDesire":73,"REME_PuzzleBoxRelic":116,"REME_ComplimentaryCards":0,"Paper Frog":85}]},"card_choices":[{"not_picked":["Flame Barrier","Sever Soul"],"picked":"Headbutt","floor":1},{"not_picked":["Twin Strike","Sword Boomerang"],"picked":"Clash","floor":3},{"not_picked":["Anger","Body Slam"],"picked":"Thunderclap","floor":5},{"not_picked":["Havoc","Pommel Strike"],"picked":"Shockwave","floor":6},{"not_picked":["Evolve","Havoc"],"picked":"Anger","floor":8},{"not_picked":["Wild Strike","Clash"],"picked":"Inflame","floor":11},{"not_picked":["Shrug It Off","Thunderclap"],"picked":"Dropkick","floor":12},{"not_picked":["Thunderclap","Combust"],"picked":"Uppercut","floor":13},{"not_picked":["Armaments","Burning Pact"],"picked":"Impervious","floor":14},{"not_picked":["Reaper","Feed"],"picked":"REME_Fury","floor":16},{"not_picked":["Reckless Charge","Uppercut"],"picked":"Sword Boomerang+1","floor":18},{"not_picked":["Clothesline+1","Sword Boomerang"],"picked":"Flex","floor":22},{"not_picked":["True Grit","Disarm","Uppercut"],"picked":"Singing Bowl","floor":23},{"not_picked":["Battle Trance","Clothesline"],"picked":"Twin Strike","floor":24},{"not_picked":["Wild Strike","Body Slam+1"],"picked":"Anger","floor":27},{"not_picked":["Armaments","Whirlwind"],"picked":"Limit Break","floor":28},{"not_picked":["Carnage","Headbutt"],"picked":"Wild Strike+1","floor":29},{"not_picked":["Metallicize","Infernal Blade"],"picked":"Inflame","floor":30},{"not_picked":["Pommel Strike+1","Rampage","Intimidate+1"],"picked":"Singing Bowl","floor":31},{"not_picked":["Feed","Limit Break"],"picked":"Offering","floor":33},{"not_picked":["Iron Wave","Juggernaut","Secret Technique"],"picked":"Rage+1","floor":35},{"not_picked":["Warcry","Rampage+1","Secret Weapon"],"picked":"Twin Strike+1","floor":36},{"not_picked":["Pommel Strike+1","Shrug It Off+1","Shockwave"],"picked":"Bandage Up","floor":37},{"not_picked":["Flash of Steel","Thinking Ahead"],"picked":"Chrysalis","floor":39},{"not_picked":["Shockwave+1","Warcry+1","Panache"],"picked":"Impervious","floor":40},{"not_picked":["Thunderclap+1","Dark Embrace+1","Metallicize+1"],"picked":"REME_PuzzleBox","floor":42},{"not_picked":["Infernal Blade+1","Pommel Strike+1","Blind+1"],"picked":"Pummel","floor":44},{"not_picked":["Rupture+1","Battle Trance+1","Flash of Steel"],"picked":"Spot Weakness+1","floor":45},{"not_picked":["Warcry","Combust","Dark Embrace","Deep Breath"],"picked":"Singing Bowl","floor":46},{"not_picked":["Inflame","Seeing Red+1","True Grit"],"picked":"REME_MagicPocketWatch","floor":47},{"not_picked":["Headbutt","Heavy Blade+1","Panacea+1"],"picked":"Clash+1","floor":48},{"not_picked":["Clash+1","Whirlwind","Havoc+1"],"picked":"REME_BattleFury","floor":54}],"player_experience":430940,"relics_obtained":[{"floor":6,"key":"Anchor"},{"floor":9,"key":"Potion Belt"},{"floor":11,"key":"Blood Vial"},{"floor":13,"key":"REME_ArchaeologicalTools"},{"floor":23,"key":"Singing Bowl"},{"floor":30,"key":"Matryoshka"},{"floor":34,"key":"Bronze Scales"},{"floor":34,"key":"Nunchaku"},{"floor":40,"key":"Dream Catcher"},{"floor":43,"key":"Orichalcum"},{"floor":43,"key":"Shuriken"},{"floor":54,"key":"War Paint"}],"event_choices":[{"damage_healed":0,"gold_gain":75,"player_choice":"Gather Gold","damage_taken":11,"max_hp_gain":0,"max_hp_loss":0,"event_name":"World of Goop","floor":4,"gold_loss":0},{"damage_healed":0,"gold_gain":0,"player_choice":"Take Wound","damage_taken":0,"relics_obtained":["Golden Idol"],"max_hp_gain":0,"max_hp_loss":0,"event_name":"Golden Idol","floor":10,"gold_loss":0,"cards_obtained":["Injury"]},{"damage_healed":0,"gold_gain":0,"player_choice":"Obtained Relic","damage_taken":0,"relics_obtained":["reliquary:PartyBalloon"],"max_hp_gain":0,"max_hp_loss":0,"event_name":"Addict","floor":19,"gold_loss":85},{"damage_healed":0,"gold_gain":270,"player_choice":"POTION GOLD POTION CARD GOLD POTION GOLD ","damage_taken":54,"max_hp_gain":0,"max_hp_loss":0,"event_name":"Knowing Skull","floor":20,"potions_obtained":["EntropicBrew","PowerPotion","CultistPotion"],"gold_loss":0,"cards_obtained":["Madness"]},{"damage_healed":0,"gold_gain":0,"player_choice":"Memory 1","damage_taken":0,"max_hp_gain":0,"max_hp_loss":0,"event_name":"SensoryStone","floor":39,"gold_loss":0}],"is_beta":false,"boss_relics":[{"not_picked":["Runic Cube","Fusion Hammer"],"picked":"Black Blood"},{"not_picked":["REME_ChargedStone","Runic Dome"],"picked":"REME_LowDesire"}],"items_purged_floors":[21],"is_endless":false,"potions_floor_spawned":[3,5,8,12,16,23,24,28,30,33,37,40,45,48,54],"killed_by":"The Heart","ascension_level":0}}