{"host":"tq99ucv8ezzqzioe","time":1611966786,"event":{"mods":["BaseMod","Colored Map","Downfall","Highlight Path","Minty Spire (QoL Compilation)","StSLib"],"gold_per_floor":[115,115,135,135,146,146,173,186,186,200,214,229,252,286,286,381,381,381,381,52,52,52,52,52,52,52,0,0,0,0,0,0,0,0,0,0,0,0,0,0,0],"floor_reached":40,"language":"ENG","playtime":1960,"items_purged":["Strike_R"],"score":600,"play_id":"123a58eb-ef84-47e9-ae8e-6e7a70aa0665","local_time":"20210129193306","is_ascension_mode":true,"campfire_choices":[{"floor":6,"key":"RECALL"},{"data":"Sword Boomerang","floor":15,"key":"SMITH"},{"data":"Combust","floor":32,"key":"SMITH"}],"circlet_count":0,"master_deck":["Strike_R","Strike_R+1","Defend_R","Defend_R","Defend_R","Defend_R","Bash+1","Combust+1","Blood for Blood","Ghostly Armor","Combust","Rampage","Sword Boomerang+1","Double Tap","Flame Barrier","Disarm","Sentinel","Evolve","Ghostly Armor","Immolate","Inflame+1","Infernal Blade+1","Rupture+1","Cleave+1","Headbutt+1","Iron Wave","Rupture+1","Cleave","Feed","Warcry+1","Pummel","Rage+1"],"relics":["Burning Blood","NeowsBlessing","Matryoshka","Toy Ornithopter","Mango","Odd Mushroom","Vajra","Ectoplasm","Orrery","Peace Pipe","Strawberry","Question Card","Meat on the Bone","Smiling Mask","Runic Pyramid"],"acts_visited":["Exordium","TheCity","TheBeyond"],"potions_floor_usage":[7,8,14,16,22,25,33,33],"damage_taken":[{"damage":0,"enemies":"2 Louse","floor":1,"turns":1},{"damage":0,"enemies":"Small Slimes","floor":3,"turns":1},{"damage":0,"enemies":"Cultist","floor":5,"turns":1},{"damage":28,"enemies":"Gremlin Nob","floor":7,"turns":4},{"damage":4,"enemies":"Gremlin Gang","floor":8,"turns":4},{"damage":4,"enemies":"2 Fungi Beasts","floor":10,"turns":3},{"damage":6,"enemies":"Looter","floor":11,"turns":4},{"damage":9,"enemies":"Blue Slaver","floor":12,"turns":3},{"damage":16,"enemies":"The Mushroom Lair","floor":13,"turns":3},{"damage":31,"enemies":"3 Sentries","floor":14,"turns":5},{"damage":40,"enemies":"The Guardian","floor":16,"turns":8},{"damage":7,"enemies":"Chosen","floor":18,"turns":4},{"damage":22,"enemies":"Shell Parasite","floor":21,"turns":5},{"damage":20,"enemies":"Centurion and Healer","floor":22,"turns":4},{"damage":33,"enemies":"Book of Stabbing","floor":23,"turns":5},{"damage":32,"enemies":"Slavers","floor":25,"turns":3},{"damage":0,"enemies":"3 Cultists","floor":28,"turns":2},{"damage":15,"enemies":"Snake Plant","floor":29,"turns":3},{"damage":11,"enemies":"Centurion and Healer","floor":30,"turns":6},{"damage":40,"enemies":"Collector","floor":33,"turns":6},{"damage":25,"enemies":"3 Shapes","floor":35,"turns":3},{"damage":20,"enemies":"3 Darklings","floor":36,"turns":3},{"damage":54,"enemies":"Jaw Worm Horde","floor":38,"turns":5},{"damage":59,"enemies":"Giant Head","floor":40,"turns":6}],"seed_played":"-2979118265550827558","potions_obtained":[{"floor":3,"key":"FairyPotion"},{"floor":4,"key":"BlessingOfTheForge"},{"floor":4,"key":"ColorlessPotion"},{"floor":7,"key":"LiquidMemories"},{"floor":10,"key":"hexamod:SoulburnPotion"},{"floor":18,"key":"hexamod:SoulburnPotion"},{"floor":23,"key":"ColorlessPotion"},{"floor":30,"key":"champ:CounterPotion"},{"floor":33,"key":"Fruit Juice"}],"is_trial":false,"path_per_floor":["M","?","M","?","M","R","E","M","T","M","M","M","?","E","R","B",null,"M","?","$","M","M","E","?","E","T","?","M","M","M","$","R","B",null,"M","M","?","M","$","E"],"character_chosen":"IRONCLAD","items_purchased":["Evolve","Ghostly Armor","Orrery"],"campfire_rested":0,"item_purchase_floors":[20,20,20],"current_hp_per_floor":[78,62,68,68,74,74,52,54,68,70,70,67,57,37,37,8,73,72,72,72,56,47,20,20,36,36,36,54,57,64,64,64,57,94,75,61,61,25,25,0,0],"gold":0,"neow_bonus":"THREE_ENEMY_KILL","is_daily":false,"chose_seed":false,"campfire_upgraded":2,"win_rate":0.0,"timestamp":1611966786,"path_taken":["M","?","M","?","M","R","E","?","T","?","M","M","?","E","R","BOSS","M","?","$","M","M","E","?","E","T","?","M","M","?","?","R","BOSS","M","M","?","?","?","E"],"items_purchased_type":["Card","Card","Relic"],"build_version":"2020-12-22","purchased_purges":1,"victory":false,"max_hp_per_floor":[80,80,80,80,80,80,80,80,94,94,94,94,94,94,94,94,94,94,94,94,94,94,94,94,101,101,101,101,101,101,101,101,106,106,106,106,106,106,106,106,106],"card_choices":[{"not_picked":["Heavy Blade","Flex"],"picked":"Combust","floor":1},{"not_picked":["Burning Pact","Havoc"],"picked":"Blood for Blood","floor":3},{"not_picked":["Warcry","Headbutt"],"picked":"Ghostly Armor","floor":5},{"not_picked":["Uppercut","Anger","Havoc"],"picked":"SKIP","floor":7},{"not_picked":["Berserk","Headbutt"],"picked":"Combust","floor":8},{"not_picked":["Sentinel","Clash","Body Slam"],"picked":"SKIP","floor":10},{"not_picked":["Heavy Blade","Reckless Charge","Perfected Strike"],"picked":"SKIP","floor":11},{"not_picked":["Thunderclap","Searing Blow","Havoc"],"picked":"SKIP","floor":12},{"not_picked":["Havoc","Seeing Red"],"picked":"Rampage","floor":13},{"not_picked":["Berserk","Shockwave"],"picked":"Sword Boomerang","floor":14},{"not_picked":["Offering","Immolate"],"picked":"Double Tap","floor":16},{"not_picked":["Heavy Blade","Clash"],"picked":"Flame Barrier","floor":18},{"not_picked":["Second Wind","Cleave"],"picked":"Immolate","floor":20},{"not_picked":["Cleave","Power Through"],"picked":"Inflame+1","floor":20},{"not_picked":["Body Slam","Uppercut+1"],"picked":"Infernal Blade+1","floor":20},{"not_picked":["Twin Strike","Anger"],"picked":"Rupture+1","floor":20},{"not_picked":["Sword Boomerang","Heavy Blade"],"picked":"Cleave+1","floor":21},{"not_picked":["Havoc","Dark Embrace"],"picked":"Headbutt+1","floor":22},{"not_picked":["Bloodletting","Evolve"],"picked":"Iron Wave","floor":23},{"not_picked":["Offering","Headbutt"],"picked":"Rupture+1","floor":25},{"not_picked":["Infernal Blade","Intimidate","Clash"],"picked":"Cleave","floor":28},{"not_picked":["Clothesline","Reckless Charge","Second Wind","Twin Strike+1"],"picked":"SKIP","floor":29},{"not_picked":["Dark Embrace","Armaments","Thunderclap","Burning Pact+1"],"picked":"SKIP","floor":30},{"not_picked":["Barricade","Exhume","Juggernaut"],"picked":"Feed","floor":33},{"not_picked":["Body Slam+1","Rage","Wild Strike+1"],"picked":"Warcry+1","floor":35},{"not_picked":["Power Through","Havoc","Immolate"],"picked":"Pummel","floor":36},{"not_picked":["Fire Breathing","Perfected Strike+1","Sword Boomerang+1"],"picked":"Rage+1","floor":38}],"player_experience":811763,"relics_obtained":[{"floor":7,"key":"Matryoshka"},{"floor":9,"key":"Toy Ornithopter"},{"floor":9,"key":"Mango"},{"floor":13,"key":"Odd Mushroom"},{"floor":14,"key":"Vajra"},{"floor":23,"key":"Peace Pipe"},{"floor":25,"key":"Strawberry"},{"floor":26,"key":"Question Card"},{"floor":26,"key":"Meat on the Bone"}],"event_choices":[{"damage_healed":0,"gold_gain":0,"player_choice":"Entered Light","damage_taken":16,"max_hp_gain":0,"max_hp_loss":0,"event_name":"Shining Light","floor":2,"gold_loss":0,"cards_upgraded":["Strike_R","Bash"]},{"damage_healed":0,"gold_gain":0,"player_choice":"Got Potions","damage_taken":0,"max_hp_gain":0,"max_hp_loss":0,"event_name":"Lab","floor":4,"gold_loss":0},{"damage_healed":0,"gold_gain":0,"player_choice":"Fought Mushrooms","damage_taken":0,"max_hp_gain":0,"max_hp_loss":0,"event_name":"Mushrooms","floor":13,"gold_loss":0},{"damage_healed":0,"gold_gain":0,"cards_transformed":["Strike_R","Strike_R"],"player_choice":"Became Test Subject","damage_taken":0,"max_hp_gain":0,"max_hp_loss":0,"event_name":"Drug Dealer","floor":19,"gold_loss":0,"cards_obtained":["Disarm","Sentinel"]},{"damage_healed":0,"gold_gain":0,"player_choice":"Ignored","damage_taken":0,"max_hp_gain":0,"max_hp_loss":0,"event_name":"Ghosts","floor":24,"gold_loss":0},{"damage_healed":0,"gold_gain":0,"player_choice":"Paid Gold","damage_taken":0,"relics_obtained":["Smiling Mask"],"max_hp_gain":0,"max_hp_loss":0,"event_name":"WeMeetAgain","floor":27,"gold_loss":52},{"damage_healed":0,"gold_gain":100,"player_choice":"Pray","damage_taken":0,"max_hp_gain":0,"max_hp_loss":0,"event_name":"Golden Shrine","floor":37,"gold_loss":0}],"is_beta":false,"boss_relics":[{"not_picked":["Tiny House","Empty Cage"],"picked":"Ectoplasm"},{"not_picked":["SlaversCollar","bronze:MakeshiftBattery"],"picked":"Runic Pyramid"}],"items_purged_floors":[20],"is_endless":false,"potions_floor_spawned":[3,7,10,12,16,18,23,30,33],"killed_by":"Giant Head","ascension_level":6}}