{"host":"6h0diz2ap0m56grs","time":1611989129,"event":{"mods":["2.2 Compatiblity","BaseMod","Colored Map","Marisa????????","Minty Spire (QoL Compilation)","Quick Restart","Replay The Spire","Shop Mod","StSLib","The Servant 0.9.4"],"gold_per_floor":[113,132,207,207,17,48,48,62,62,62,95,126,139,67,67,168,168,178,178,277,277,277,277,277],"floor_reached":23,"language":"ENG","playtime":496,"items_purged":[],"score":347,"play_id":"0acc7a4c-cd20-4148-b0af-6791674d87ee","local_time":"20210130004529","daily_mods":["SealedDeck","Heirloom","Time Dilation","Flight"],"is_ascension_mode":true,"campfire_choices":[{"data":"Footwork","floor":7,"key":"SMITH"},{"data":"Noxious Fumes","floor":10,"key":"SMITH"},{"data":"Noxious Fumes","floor":15,"key":"SMITH"}],"circlet_count":0,"master_deck":["Deadly Poison","Toxin Wave","Dodge and Roll","Catalyst","Footwork+1","Footwork","Dash","Eviscerate","Dash","Catalyst","Blur","Apotheosis","Fluid Movement","Noxious Fumes+1","Dash","Noxious Fumes+1","Atom Bomb","Poisoned Stab"],"relics":["Snecko Eye","Ring of Chaos","replay:Trail_Library","Tingsha","Regal Pillow","Onion Ring","Toxic Egg 2","Basket Of Snakes","Cursed Key","MutagenicStrength"],"acts_visited":["Exordium","TheCity"],"potions_floor_usage":[16,16],"damage_taken":[{"damage":0,"enemies":"Jaw Worm","floor":1,"turns":2},{"damage":8,"enemies":"Small Slimes","floor":2,"turns":4},{"damage":0,"enemies":"Lagavulin","floor":6,"turns":5},{"damage":0,"enemies":"Cultist","floor":8,"turns":2},{"damage":0,"enemies":"Gremlin Nob","floor":11,"turns":2},{"damage":0,"enemies":"Lagavulin","floor":12,"turns":5},{"damage":0,"enemies":"3 Louse","floor":13,"turns":2},{"damage":0,"enemies":"The Guardian","floor":16,"turns":6},{"damage":7,"enemies":"2 Thieves","floor":18,"turns":3},{"damage":8,"enemies":"Gremlin Leader","floor":23,"turns":4}],"seed_played":"-6062461366032254232","potions_obtained":[{"floor":1,"key":"Regen Potion"},{"floor":11,"key":"LiquidMemories"},{"floor":12,"key":"Fire Potion"}],"is_trial":true,"path_per_floor":["M","M","?","?","$","E","R","M","T","R","E","E","M","$","R","B",null,"M","?","?","?","?","E"],"character_chosen":"THE_SILENT","items_purchased":["Apotheosis","Noxious Fumes"],"campfire_rested":0,"item_purchase_floors":[5,14],"current_hp_per_floor":[70,62,51,56,56,56,56,56,56,56,56,56,56,56,56,56,75,68,68,68,54,54,46,46],"gold":277,"neow_bonus":"","is_daily":false,"chose_seed":false,"campfire_upgraded":3,"win_rate":0.0,"timestamp":1611989129,"path_taken":["M","M","?","?","$","E","R","?","T","R","E","E","M","?","R","BOSS","M","?","?","?","?","E"],"items_purchased_type":["Card","Card"],"build_version":"2020-12-22","purchased_purges":0,"victory":false,"max_hp_per_floor":[70,70,70,75,75,75,75,75,75,75,75,75,75,75,75,75,75,75,75,75,80,80,80,80],"card_choices":[{"not_picked":["Poisoned Stab","Distraction","Calculated Gamble"],"picked":"SKIP","floor":1},{"not_picked":["Dagger Spray","Skewer"],"picked":"Blur","floor":2},{"not_picked":["Underhanded Strike","Bane"],"picked":"Fluid Movement","floor":6},{"not_picked":["ReplayTheSpireMod:Scrap Shanks","ReplayTheSpireMod:Exploit Weakness"],"picked":"Noxious Fumes","floor":8},{"not_picked":["ReplayTheSpireMod:Shiv Toss+1","Slice","Deadly Poison+1"],"picked":"SKIP","floor":11},{"not_picked":["Eviscerate","Adrenaline+1","ReplayTheSpireMod:Scrap Shanks"],"picked":"SKIP","floor":12},{"not_picked":["ReplayTheSpireMod:Exploit Weakness+1","Bane","Concentrate+1"],"picked":"SKIP","floor":13},{"not_picked":["After Image","Tools of the Trade"],"picked":"Atom Bomb","floor":16},{"not_picked":["Heel Hook","Flying Knee"],"picked":"Poisoned Stab","floor":18}],"player_experience":236742,"relics_obtained":[{"floor":6,"key":"Regal Pillow"},{"floor":9,"key":"Onion Ring"},{"floor":11,"key":"Toxic Egg 2"},{"floor":12,"key":"Basket Of Snakes"}],"event_choices":[{"damage_healed":0,"gold_gain":75,"player_choice":"Gather Gold","damage_taken":11,"max_hp_gain":0,"max_hp_loss":0,"event_name":"World of Goop","floor":3,"gold_loss":0},{"damage_healed":0,"gold_gain":0,"player_choice":"Donut","damage_taken":0,"max_hp_gain":5,"max_hp_loss":0,"event_name":"Big Fish","floor":4,"gold_loss":0},{"damage_healed":0,"gold_gain":99,"player_choice":"Stole From Cult","damage_taken":0,"max_hp_gain":0,"max_hp_loss":0,"event_name":"Nest","floor":20,"gold_loss":0},{"damage_healed":0,"gold_gain":0,"player_choice":"Shed Blood","damage_taken":19,"max_hp_gain":5,"max_hp_loss":0,"event_name":"Forgotten Altar","floor":21,"gold_loss":0},{"damage_healed":0,"gold_gain":0,"player_choice":"Inject Mutagens","damage_taken":0,"relics_obtained":["MutagenicStrength"],"max_hp_gain":0,"max_hp_loss":0,"event_name":"Drug Dealer","floor":22,"gold_loss":0}],"is_beta":false,"boss_relics":[{"not_picked":["WristBlade","SacredBark"],"picked":"Cursed Key"}],"items_purged_floors":[],"is_endless":false,"potions_floor_spawned":[1,11,12],"killed_by":"Gremlin Leader","ascension_level":1}}