{"host":"yo9wwslrag05lh37","time":1611998862,"event":{"mods":["AchievementEnabler","BaseMod","Block Reminder","Colored Map","Colored Powertips","GifTheSpireLib","HexUI Lib","Highlight Path","Minty Spire (QoL Compilation)","Rare Cards Sparkle","Relic Stats","StSLib","everything is the same but u backflip on backflip"],"gold_per_floor":[109,109,109,135,145,175,190,216,216,229,229,247,397,149,149,223,223,233,233,28,28,38,63,79,110,134,161,261,261,280,144,144,220,220,239,250,250,27,40,73,92,123,172,172,207,224,224,240,240,240,240,240,240,0,33,33],"floor_reached":57,"language":"ENG","playtime":3527,"items_purged":["Doubt","Strike_B","Defend_B+1","Defend_B+1"],"score":2845,"play_id":"e7b25a33-580d-4df6-be1d-dea507610c00","local_time":"20210130102742","is_ascension_mode":true,"campfire_choices":[{"data":"Electrodynamics","floor":11.0,"key":"SMITH"},{"data":"Conserve Battery","floor":15.0,"key":"SMITH"},{"floor":29.0,"key":"REST"},{"data":"Defragment","floor":32.0,"key":"SMITH"},{"floor":44,"key":"RECALL"},{"data":"Doom and Gloom","floor":49,"key":"SMITH"},{"data":"FTL","floor":53,"key":"SMITH"}],"circlet_count":0,"master_deck":["AscendersBane","Dualcast","Conserve Battery+1","Cold Snap","Genetic Algorithm","FTL+1","Electrodynamics+1","Steam+1","Melter","Echo Form","Hologram+1","BootSequence+1","Stack+1","Doom and Gloom+1","Glacier+1","Loop+1","Coolheaded+1","Capacitor+1","Core Surge","White Noise+1","Defragment+1","Consume+1","Seek+1","Rainbow+1","Coolheaded+1","Defragment+1","Skim+1","Biased Cognition","Undo+1","Aggregate+1","Skim+1"],"relics":["Cracked Core","NeowsBlessing","Dream Catcher","Dead Branch","Blue Candle","Toxic Egg 2","Medical Kit","SlaversCollar","ClockworkSouvenir","Bottled Tornado","Mercury Hourglass","Bronze Scales","Eternal Feather","Bird Faced Urn","Letter Opener","Empty Cage","Membership Card","Vajra","Sundial","MealTicket","Orrery","Akabeko"],"acts_visited":["Exordium","TheCity","TheBeyond","TheEnding"],"potions_floor_usage":[51],"damage_taken":[{"damage":0.0,"enemies":"Jaw Worm","floor":1.0,"turns":1.0},{"damage":0.0,"enemies":"Small Slimes","floor":5.0,"turns":1.0},{"damage":0.0,"enemies":"Lagavulin","floor":6.0,"turns":1.0},{"damage":0.0,"enemies":"2 Louse","floor":7.0,"turns":2.0},{"damage":16.0,"enemies":"Gremlin Nob","floor":8.0,"turns":4.0},{"damage":0.0,"enemies":"Large Slime","floor":10.0,"turns":3.0},{"damage":6.0,"enemies":"Exordium Thugs","floor":12.0,"turns":3.0},{"damage":10.0,"enemies":"Slime Boss","floor":16.0,"turns":8.0},{"damage":0.0,"enemies":"Spheric Guardian","floor":18.0,"turns":2.0},{"damage":4.0,"enemies":"3 Byrds","floor":22.0,"turns":3.0},{"damage":1.0,"enemies":"Slavers","floor":23.0,"turns":3.0},{"damage":7.0,"enemies":"Snake Plant","floor":24.0,"turns":5.0},{"damage":5.0,"enemies":"Book of Stabbing","floor":25.0,"turns":5.0},{"damage":13.0,"enemies":"Gremlin Leader","floor":27.0,"turns":5.0},{"damage":14.0,"enemies":"Colosseum Slavers","floor":28.0,"turns":3.0},{"damage":4.0,"enemies":"Colosseum Nobs","floor":28.0,"turns":4.0},{"damage":0.0,"enemies":"3 Cultists","floor":30.0,"turns":2.0},{"damage":3.0,"enemies":"Collector","floor":33.0,"turns":6.0},{"damage":1.0,"enemies":"Orb Walker","floor":35.0,"turns":3.0},{"damage":12,"enemies":"3 Darklings","floor":36,"turns":5},{"damage":0,"enemies":"Spire Growth","floor":39,"turns":7},{"damage":20,"enemies":"Reptomancer","floor":40,"turns":5},{"damage":13,"enemies":"Jaw Worm Horde","floor":41,"turns":2},{"damage":0,"enemies":"Nemesis","floor":42,"turns":7},{"damage":17,"enemies":"Reptomancer","floor":45,"turns":5},{"damage":33,"enemies":"Maw","floor":46,"turns":7},{"damage":9,"enemies":"4 Shapes","floor":48,"turns":5},{"damage":11,"enemies":"Donu and Deca","floor":50,"turns":6},{"damage":36,"enemies":"Awakened One","floor":51,"turns":10},{"damage":18,"enemies":"Shield and Spear","floor":55,"turns":5},{"damage":24,"enemies":"The Heart","floor":56,"turns":9}],"seed_played":"5902225467880171022","potions_obtained":[{"floor":5.0,"key":"Weak Potion"},{"floor":6.0,"key":"SneckoOil"},{"floor":8.0,"key":"GamblersBrew"},{"floor":10.0,"key":"SpeedPotion"},{"floor":18.0,"key":"Fire Potion"},{"floor":23.0,"key":"Strength Potion"},{"floor":27.0,"key":"BlessingOfTheForge"},{"floor":46,"key":"Regen Potion"},{"floor":48,"key":"Swift Potion"}],"is_trial":false,"path_per_floor":["M","?","?","T","M","E","M","E","T","M","R","M","?","$","R","B",null,"M","?","$","?","M","E","M","E","T","E","?","R","M","$","R","B",null,"M","M","?","$","M","E","M","E","T","R","E","M","?","M","R","B","B",null,"R","$","E","B",null],"character_chosen":"DEFECT","items_purchased":["Medical Kit","Doom and Gloom","ClockworkSouvenir","Consume+1","Membership Card","Biased Cognition","Orrery"],"campfire_rested":1,"item_purchase_floors":[14,20,20,31,38,54,54],"current_hp_per_floor":[64,64,43,43,43,43,43,27,27,27,27,21,21,21,21,11,56,56,56,56,56,52,51,44,39,39,26,8,44,52,52,67,71,71,71,69,69,69,71,61,56,71,71,71,68,52,52,57,71,71,55,67,71,71,67,71],"gold":33,"neow_bonus":"THREE_ENEMY_KILL","is_daily":false,"chose_seed":false,"campfire_upgraded":5,"win_rate":0.0,"timestamp":1611998862,"path_taken":["M","?","?","?","M","E","M","E","T","M","R","M","?","$","R","BOSS","M","?","?","?","M","E","M","E","T","E","?","R","M","$","R","BOSS","M","M","?","$","M","E","M","E","T","R","E","M","?","M","R","BOSS","BOSS","R","$","E","BOSS"],"items_purchased_type":["Relic","Card","Relic","Card","Relic","Card","Relic"],"build_version":"2020-12-22","purchased_purges":4,"victory":true,"max_hp_per_floor":[71,71,71,71,71,71,71,71,71,71,71,71,71,71,71,71,71,71,71,71,71,71,71,71,71,71,71,71,71,71,71,71,71,71,71,71,71,71,71,71,71,71,71,71,71,71,71,71,71,71,71,71,71,71,71,71],"relic_stats":{"counters":[31,135],"Dead Branch":[134],"Blue Candle":[0],"Eternal Feather":48,"Letter Opener":[388],"Medical Kit":[9],"Mercury Hourglass":[452],"Dream Catcher":1,"Sundial":[6],"Bronze Scales":[451],"Bird Faced Urn":[179],"MealTicket":0,"obtain_stats":[{"NeowsBlessing":0,"Dead Branch":6,"Blue Candle":8,"Vajra":40,"Eternal Feather":27,"Letter Opener":28,"Bottled Tornado":23,"Medical Kit":14,"Empty Cage":34,"Akabeko":55,"ClockworkSouvenir":20,"Mercury Hourglass":25,"SlaversCollar":17,"Dream Catcher":4,"Sundial":42,"Bronze Scales":26,"Bird Faced Urn":28,"Orrery":54,"MealTicket":45,"Membership Card":38,"Toxic Egg 2":9,"Cracked Core":0},{"NeowsBlessing":0,"Dead Branch":3,"Blue Candle":5,"Vajra":22,"Eternal Feather":14,"Letter Opener":16,"Bottled Tornado":11,"Medical Kit":7,"Empty Cage":18,"Akabeko":30,"ClockworkSouvenir":9,"Mercury Hourglass":13,"SlaversCollar":8,"Dream Catcher":1,"Sundial":24,"Bronze Scales":13,"Bird Faced Urn":16,"Orrery":29,"MealTicket":25,"Membership Card":20,"Toxic Egg 2":5,"Cracked Core":0},{"NeowsBlessing":0,"Dead Branch":3,"Blue Candle":9,"Vajra":79,"Eternal Feather":45,"Letter Opener":51,"Bottled Tornado":31,"Medical Kit":15,"Empty Cage":59,"Akabeko":126,"ClockworkSouvenir":25,"Mercury Hourglass":40,"SlaversCollar":23,"Dream Catcher":1,"Sundial":88,"Bronze Scales":40,"Bird Faced Urn":51,"Orrery":121,"MealTicket":93,"Membership Card":67,"Toxic Egg 2":9,"Cracked Core":0}]},"card_choices":[{"not_picked":["Fusion","BootSequence"],"picked":"Conserve Battery","floor":1.0},{"not_picked":["Conserve Battery","Blizzard"],"picked":"Cold Snap","floor":5.0},{"not_picked":["Self Repair","Steam Power"],"picked":"Genetic Algorithm","floor":6.0},{"not_picked":["Beam Cell","Rebound"],"picked":"FTL","floor":7.0},{"not_picked":["Steam Power","Undo"],"picked":"Electrodynamics","floor":8.0},{"not_picked":["Leap+1","Conserve Battery+1"],"picked":"Steam+1","floor":10.0},{"not_picked":["Sweeping Beam","Stack+1"],"picked":"Melter","floor":12.0},{"not_picked":["All For One","Buffer"],"picked":"Echo Form","floor":16.0},{"not_picked":["Barrage","Conserve Battery+1"],"picked":"Hologram+1","floor":18.0},{"not_picked":["Leap+1","Chill+1"],"picked":"Glacier+1","floor":22.0},{"not_picked":["Self Repair","Blizzard"],"picked":"Loop+1","floor":23.0},{"not_picked":["Barrage","Turbo+1"],"picked":"Coolheaded+1","floor":24.0},{"not_picked":["Coolheaded+1","FTL"],"picked":"Capacitor+1","floor":25.0},{"not_picked":["Turbo+1","White Noise+1"],"picked":"Core Surge","floor":27.0},{"not_picked":["Leap+1","Hologram+1"],"picked":"White Noise+1","floor":28.0},{"not_picked":["Conserve Battery+1","Coolheaded+1"],"picked":"Defragment","floor":29.0},{"not_picked":["Beam Cell","Rip and Tear","Reinforced Body+1"],"picked":"SKIP","floor":30.0},{"not_picked":["All For One","Reboot+1"],"picked":"Seek+1","floor":33.0},{"not_picked":["Glacier+1","Gash","Melter+1"],"picked":"SKIP","floor":35.0},{"not_picked":["Cold Snap","Turbo+1","Gash"],"picked":"SKIP","floor":36},{"not_picked":["Beam Cell","Fusion+1"],"picked":"Rainbow+1","floor":39},{"not_picked":["Stack+1","Cold Snap","Conserve Battery+1"],"picked":"SKIP","floor":40},{"not_picked":["Static Discharge","Turbo+1"],"picked":"Coolheaded+1","floor":41},{"not_picked":["Cold Snap","Consume+1","Go for the Eyes+1"],"picked":"SKIP","floor":42},{"not_picked":["Consume+1","Steam Power+1"],"picked":"Defragment","floor":45},{"not_picked":["Double Energy+1","Ball Lightning"],"picked":"Skim+1","floor":46},{"not_picked":["Compile Driver","Redo+1","Rebound"],"picked":"SKIP","floor":48},{"not_picked":["Hello World","Melter"],"picked":"Undo+1","floor":54},{"not_picked":["Sunder","White Noise+1"],"picked":"Aggregate+1","floor":54},{"not_picked":["Stack+1","Hologram+1"],"picked":"Skim+1","floor":54},{"not_picked":["Stack+1","Rebound+1","Barrage"],"picked":"SKIP","floor":55}],"player_experience":1531586,"relics_obtained":[{"floor":4.0,"key":"Dream Catcher"},{"floor":6.0,"key":"Dead Branch"},{"floor":8.0,"key":"Blue Candle"},{"floor":9.0,"key":"Toxic Egg 2"},{"floor":23.0,"key":"Bottled Tornado"},{"floor":25.0,"key":"Mercury Hourglass"},{"floor":26.0,"key":"Bronze Scales"},{"floor":27.0,"key":"Eternal Feather"},{"floor":28.0,"key":"Bird Faced Urn"},{"floor":28.0,"key":"Letter Opener"},{"floor":40,"key":"Vajra"},{"floor":42,"key":"Sundial"},{"floor":45,"key":"MealTicket"},{"floor":55,"key":"Akabeko"}],"event_choices":[{"damage_healed":0.0,"max_hp_gain":0.0,"max_hp_loss":0.0,"gold_gain":0.0,"event_name":"Living Wall","player_choice":"Grow","floor":2.0,"gold_loss":0.0,"damage_taken":0.0,"cards_upgraded":["Zap"]},{"damage_healed":0.0,"max_hp_gain":0.0,"max_hp_loss":0.0,"gold_gain":0.0,"event_name":"Shining Light","player_choice":"Entered Light","floor":3.0,"gold_loss":0.0,"damage_taken":21.0,"cards_upgraded":["Defend_B","Defend_B"]},{"damage_healed":0.0,"max_hp_gain":0.0,"max_hp_loss":0.0,"gold_gain":150.0,"event_name":"Liars Game","player_choice":"AGREE","floor":13.0,"gold_loss":0.0,"damage_taken":0.0,"cards_obtained":["Doubt"]},{"damage_healed":0.0,"max_hp_gain":0.0,"max_hp_loss":0.0,"gold_gain":0.0,"cards_transformed":["Strike_B","Strike_B"],"event_name":"Drug Dealer","player_choice":"Became Test Subject","floor":19.0,"gold_loss":0.0,"damage_taken":0.0,"cards_obtained":["BootSequence","Stack"]},{"cards_removed":["Strike_B"],"damage_healed":0.0,"max_hp_gain":0.0,"max_hp_loss":0.0,"gold_gain":0.0,"event_name":"Back to Basics","player_choice":"Elegance","floor":21.0,"gold_loss":0.0,"damage_taken":0.0},{"damage_healed":0.0,"max_hp_gain":0.0,"max_hp_loss":0.0,"gold_gain":0.0,"event_name":"Colosseum","player_choice":"Fight","floor":28.0,"gold_loss":0.0,"damage_taken":0.0},{"damage_healed":0.0,"max_hp_gain":0.0,"max_hp_loss":0.0,"gold_gain":0.0,"event_name":"Colosseum","player_choice":"Fought Nobs","floor":28.0,"gold_loss":0.0,"damage_taken":0.0},{"cards_removed":["Zap"],"damage_healed":0,"gold_gain":0,"player_choice":"Removed Skill","damage_taken":0,"max_hp_gain":0,"max_hp_loss":0,"event_name":"Falling","floor":37,"gold_loss":0},{"damage_healed":0,"gold_gain":0,"player_choice":"Forge","damage_taken":0,"max_hp_gain":0,"max_hp_loss":0,"event_name":"Accursed Blacksmith","floor":47,"gold_loss":0,"cards_upgraded":["Defragment"]}],"is_beta":false,"boss_relics":[{"not_picked":["Black Star","Velvet Choker"],"picked":"SlaversCollar"},{"not_picked":["Snecko Eye","Cursed Key"],"picked":"Empty Cage"}],"items_purged_floors":[14,31,38,54],"is_endless":false,"potions_floor_spawned":[5,6,8,10,12,18,23,27,28,33,39,42,46,48],"ascension_level":20}}