{"host":"zig6x0mxqzam82fb","time":1611974742,"event":{"mods":["BaseMod","Block Reminder","Colored Map","Colored Powertips","Marisa????????","Minty Spire (QoL Compilation)","Relic Stats","StSLib","The Cursed","The Marked","Waifu the Spire"],"gold_per_floor":[116,134,99,114,128,128,158,158,158,168,202,216,216,227,227,329,329,340,359,23,34,34,34,53,53,77,97,74,74,74,74,74],"floor_reached":31,"language":"ENG","playtime":1551,"items_purged":[],"score":336,"play_id":"9d29c958-db8b-44b7-b1d0-cab5a9898c97","local_time":"20210129214542","is_ascension_mode":true,"campfire_choices":[{"data":"theMarked:StartUp","floor":6,"key":"SMITH"},{"floor":8,"key":"REST"},{"floor":13,"key":"REST"},{"data":"theMarked:SoldierOfQuellstein","floor":15,"key":"SMITH"},{"floor":23,"key":"REST"},{"data":"theMarked:Memento","floor":25,"key":"SMITH"}],"circlet_count":0,"master_deck":["theMarked:Strike","theMarked:Strike","theMarked:Strike","theMarked:Strike","theMarked:Strike","theMarked:Defend","theMarked:Defend","theMarked:Defend","theMarked:Defend","theMarked:SoldierOfQuellstein+1","theMarked:SwordAndMagic","theMarked:Convert","theMarked:StartUp+1","theMarked:Friction","theMarked:Parkour","theMarked:ThrowWeapon","theMarked:TwofoldDefense","theMarked:Aftermath","theMarked:Memento+1","theMarked:BindingBlade","theMarked:Memento+1","theMarked:WardOff","theMarked:Determination","theMarked:WastefulAttack","Decay","theMarked:Panic","theMarked:BanishingStrike","Writhe"],"relics":["theMarked:ArtifactOfAir","Ginger","Eternal Feather","Darkstone Periapt","Busted Crown","Oddly Smooth Stone","Dream Catcher","Pen Nib"],"acts_visited":["Exordium","TheCity"],"potions_floor_usage":[7,11,16,16,27,31,31,31],"damage_taken":[{"damage":6,"enemies":"Cultist","floor":1,"turns":4},{"damage":4,"enemies":"Jaw Worm","floor":2,"turns":3},{"damage":10,"enemies":"Small Slimes","floor":4,"turns":3},{"damage":8,"enemies":"3 Louse","floor":5,"turns":3},{"damage":16,"enemies":"Gremlin Nob","floor":7,"turns":3},{"damage":11,"enemies":"2 Fungi Beasts","floor":10,"turns":3},{"damage":33,"enemies":"Lagavulin","floor":11,"turns":4},{"damage":13,"enemies":"Blue Slaver","floor":12,"turns":2},{"damage":4,"enemies":"Red Slaver","floor":14,"turns":3},{"damage":53,"enemies":"Hexaghost","floor":16,"turns":10},{"damage":23,"enemies":"Spheric Guardian","floor":18,"turns":4},{"damage":13,"enemies":"Shell Parasite","floor":19,"turns":8},{"damage":6,"enemies":"Shelled Parasite and Fungi","floor":21,"turns":7},{"damage":14,"enemies":"Snake Plant","floor":24,"turns":4},{"damage":18,"enemies":"Centurion and Healer","floor":27,"turns":7},{"damage":45,"enemies":"Slavers","floor":31,"turns":3}],"seed_played":"-3755960177238992808","potions_obtained":[{"floor":0,"key":"FearPotion"},{"floor":0,"key":"Fire Potion"},{"floor":0,"key":"LiquidBronze"},{"floor":10,"key":"FairyPotion"},{"floor":11,"key":"ColorlessPotion"},{"floor":12,"key":"SpeedPotion"},{"floor":19,"key":"Weak Potion"},{"floor":27,"key":"Strength Potion"}],"is_trial":false,"path_per_floor":["M","M","?","M","M","R","E","R","T","M","E","M","R","M","R","B",null,"M","M","$","M","?","R","M","R","T","M","$","?","?","E"],"character_chosen":"THE_DEFAULT","items_purchased":["Oddly Smooth Stone","theMarked:WardOff","theMarked:Determination","Explosive Potion","theMarked:BanishingStrike"],"campfire_rested":3,"item_purchase_floors":[20,20,20,20,28],"current_hp_per_floor":[57,53,70,60,52,52,36,57,57,46,13,21,51,47,56,3,53,30,17,17,11,17,54,40,55,55,37,37,37,43,0,0],"gold":74,"neow_bonus":"THREE_SMALL_POTIONS","is_daily":false,"chose_seed":false,"campfire_upgraded":3,"win_rate":0.0,"timestamp":1611974742,"path_taken":["M","M","?","M","M","R","E","R","T","M","E","M","R","M","R","BOSS","M","M","$","M","?","R","M","R","T","M","$","?","?","E"],"items_purchased_type":["Relic","Card","Card","Potion","Card"],"build_version":"2020-12-22","purchased_purges":0,"victory":false,"max_hp_per_floor":[70,70,70,70,70,70,70,70,70,70,70,70,70,70,70,70,70,70,70,70,70,76,76,76,76,76,76,76,76,82,82,82],"relic_stats":{"Darkstone Periapt":12,"Dream Catcher":0,"Busted Crown":10,"counters":[16,71],"Eternal Feather":48,"Pen Nib":[0],"Ginger":[5],"obtain_stats":[{"Darkstone Periapt":11,"theMarked:ArtifactOfAir":0,"Dream Catcher":26,"Busted Crown":17,"Oddly Smooth Stone":20,"Eternal Feather":9,"Pen Nib":30,"Ginger":7},{"Darkstone Periapt":7,"theMarked:ArtifactOfAir":0,"Dream Catcher":14,"Busted Crown":10,"Oddly Smooth Stone":12,"Eternal Feather":5,"Pen Nib":15,"Ginger":5},{"Darkstone Periapt":23,"theMarked:ArtifactOfAir":0,"Dream Catcher":61,"Busted Crown":38,"Oddly Smooth Stone":50,"Eternal Feather":16,"Pen Nib":68,"Ginger":16}]},"card_choices":[{"not_picked":["theMarked:WastefulAttack","theMarked:HeightenedSenses"],"picked":"theMarked:SwordAndMagic","floor":1},{"not_picked":["theMarked:Improvise","theMarked:Parkour"],"picked":"theMarked:Convert","floor":2},{"not_picked":["theMarked:TunnelVision","theMarked:EmpowerWeapon"],"picked":"theMarked:StartUp","floor":4},{"not_picked":["theMarked:CreepingChasm","theMarked:LightningStrikesTwice"],"picked":"theMarked:Friction","floor":5},{"not_picked":["theMarked:ComboAttacks","theMarked:Frustration"],"picked":"theMarked:Parkour","floor":7},{"not_picked":["theMarked:Aftermath","theMarked:ContemptForTheProud"],"picked":"theMarked:ThrowWeapon","floor":10},{"not_picked":["theMarked:RepellingDischarge","theMarked:KeepCalmAndFight"],"picked":"theMarked:TwofoldDefense","floor":11},{"not_picked":["theMarked:BanishingStrike","theMarked:CreepingChasm"],"picked":"theMarked:Aftermath","floor":12},{"not_picked":["theMarked:ResourceFulStrike","theMarked:Parkour"],"picked":"theMarked:Memento","floor":14},{"not_picked":["theMarked:Toughness","theMarked:Challenge"],"picked":"theMarked:BindingBlade","floor":16},{"not_picked":[],"picked":"theMarked:Memento+1","floor":18},{"not_picked":["theMarked:Aftermath+1"],"picked":"SKIP","floor":19},{"not_picked":[],"picked":"theMarked:WastefulAttack","floor":21},{"not_picked":["theMarked:Parkour"],"picked":"SKIP","floor":24},{"not_picked":[],"picked":"theMarked:Panic","floor":27}],"player_experience":494359,"relics_obtained":[{"floor":7,"key":"Ginger"},{"floor":9,"key":"Eternal Feather"},{"floor":11,"key":"Darkstone Periapt"},{"floor":26,"key":"Dream Catcher"}],"event_choices":[{"damage_healed":17,"gold_gain":0,"player_choice":"Healed","damage_taken":0,"max_hp_gain":0,"max_hp_loss":0,"event_name":"The Cleric","floor":3,"gold_loss":35},{"damage_healed":0,"gold_gain":0,"player_choice":"Smashed Altar","damage_taken":0,"max_hp_gain":0,"max_hp_loss":0,"event_name":"Forgotten Altar","floor":22,"gold_loss":0,"cards_obtained":["Decay"]},{"damage_healed":0,"gold_gain":0,"player_choice":"Ignored","damage_taken":0,"max_hp_gain":0,"max_hp_loss":0,"event_name":"Ghosts","floor":29,"gold_loss":0},{"damage_healed":0,"gold_gain":0,"player_choice":"Opened","damage_taken":0,"relics_obtained":["Pen Nib"],"max_hp_gain":0,"max_hp_loss":0,"event_name":"The Mausoleum","floor":30,"gold_loss":0,"cards_obtained":["Writhe"]}],"is_beta":false,"boss_relics":[{"not_picked":["theMarked:Eyepatch","Empty Cage"],"picked":"Busted Crown"}],"items_purged_floors":[],"is_endless":false,"potions_floor_spawned":[2,10,11,12,19,24,27],"killed_by":"Slavers","ascension_level":7}}