{"host":"tq99ucv8ezzqzioe","time":1611968073,"event":{"mods":["BaseMod","Colored Map","Downfall","Highlight Path","Minty Spire (QoL Compilation)","StSLib"],"gold_per_floor":[116,131,131,144,144,171,171,171,246,246,0,0,15,15,15,116,116,126,126,26,26,125,125,50,65,113,148,163,38,38,55,55,55,55],"floor_reached":33,"language":"ENG","playtime":1270,"items_purged":["Strike_R","Writhe","downfall:Bewildered"],"score":372,"play_id":"9d458410-a259-47b8-87cc-08f3c1e49d89","local_time":"20210129195433","is_ascension_mode":true,"campfire_choices":[{"floor":7,"key":"REST"},{"floor":10,"key":"RECALL"},{"data":"Metallicize","floor":12,"key":"SMITH"},{"data":"Body Slam","floor":15,"key":"SMITH"},{"data":"Juggernaut","floor":23,"key":"SMITH"},{"floor":32,"key":"REST"}],"circlet_count":0,"master_deck":["Strike_R","Strike_R+1","Strike_R+1","Defend_R","Defend_R","Defend_R","Defend_R","Bash","Double Tap","Flame Barrier","Metallicize+1","Headbutt","Iron Wave","Body Slam+1","Inflame","Juggernaut+1","Iron Wave+1","Disarm+1"],"relics":["Burning Blood","Shuriken","Turnip","Toxic Egg 2","PreservedInsect","Cursed Key","Potion Belt","Oddly Smooth Stone","Omamori","Molten Egg 2"],"acts_visited":["Exordium","TheCity"],"potions_floor_usage":[6,6,18,27,33],"damage_taken":[{"damage":6,"enemies":"2 Louse","floor":1,"turns":3},{"damage":7,"enemies":"Jaw Worm","floor":2,"turns":3},{"damage":11,"enemies":"Small Slimes","floor":4,"turns":5},{"damage":0,"enemies":"Lagavulin","floor":6,"turns":10},{"damage":0,"enemies":"Exordium Wildlife","floor":13,"turns":5},{"damage":40,"enemies":"Slime Boss","floor":16,"turns":13},{"damage":33,"enemies":"3 Byrds","floor":18,"turns":4},{"damage":0,"enemies":"Spheric Guardian","floor":25,"turns":3},{"damage":23,"enemies":"Book of Stabbing","floor":27,"turns":4},{"damage":6,"enemies":"Cultist and Chosen","floor":28,"turns":6},{"damage":14,"enemies":"Centurion and Healer","floor":31,"turns":6},{"damage":77,"enemies":"Automaton","floor":33,"turns":6}],"seed_played":"8201575144930710473","potions_obtained":[{"floor":1,"key":"PowerPotion"},{"floor":2,"key":"EssenceOfSteel"},{"floor":4,"key":"PowerPotion"},{"floor":25,"key":"SkillPotion"},{"floor":31,"key":"Swift Potion"}],"is_trial":false,"path_per_floor":["M","M","?","M","?","E","R","T","T","R","$","R","M","$","R","B",null,"M","?","$","?","?","R","?","M","T","E","M","$","T","M","R","B"],"character_chosen":"IRONCLAD","items_purchased":["Body Slam","PreservedInsect"],"campfire_rested":2,"item_purchase_floors":[11,11],"current_hp_per_floor":[72,71,55,50,17,23,47,47,47,47,47,47,53,53,53,19,65,38,38,38,38,38,38,38,44,44,27,27,27,27,19,43,0,0],"gold":55,"neow_bonus":"ONE_RANDOM_RARE_CARD","is_daily":false,"chose_seed":false,"campfire_upgraded":3,"win_rate":0.0,"timestamp":1611968073,"path_taken":["M","M","?","M","?","E","R","?","T","R","?","R","M","$","R","BOSS","M","?","$","?","?","R","?","M","T","E","M","$","?","?","R","BOSS"],"items_purchased_type":["Card","Relic"],"build_version":"2020-12-22","purchased_purges":3,"victory":false,"max_hp_per_floor":[80,80,80,80,80,80,80,80,80,80,80,80,80,80,80,80,80,80,80,80,80,80,80,80,80,80,80,80,80,80,80,80,80,80],"card_choices":[{"not_picked":["Warcry","Heavy Blade"],"picked":"Flame Barrier","floor":1},{"not_picked":["Uppercut","True Grit"],"picked":"Metallicize","floor":2},{"not_picked":["Sever Soul","Twin Strike"],"picked":"Headbutt","floor":4},{"not_picked":["Warcry","Reckless Charge"],"picked":"Iron Wave","floor":6},{"not_picked":["Rampage","Armaments+1"],"picked":"Inflame","floor":13},{"not_picked":["Brutality","Limit Break+1"],"picked":"Juggernaut","floor":16},{"not_picked":["Clothesline","Armaments+1"],"picked":"Iron Wave+1","floor":18},{"not_picked":["Fire Breathing","Perfected Strike","Blood for Blood"],"picked":"SKIP","floor":25},{"not_picked":["Armaments+1","Dark Embrace","Evolve"],"picked":"SKIP","floor":27},{"not_picked":["Clothesline","Perfected Strike"],"picked":"Disarm+1","floor":28},{"not_picked":["Seeing Red+1","Clothesline+1","Havoc+1"],"picked":"SKIP","floor":31}],"player_experience":813723,"relics_obtained":[{"floor":6,"key":"Turnip"},{"floor":8,"key":"Toxic Egg 2"},{"floor":26,"key":"Oddly Smooth Stone"},{"floor":27,"key":"Omamori"},{"floor":30,"key":"Molten Egg 2"}],"event_choices":[{"damage_healed":0,"gold_gain":0,"player_choice":"Entered Light","damage_taken":16,"max_hp_gain":0,"max_hp_loss":0,"event_name":"Shining Light","floor":3,"gold_loss":0,"cards_upgraded":["Strike_R","Strike_R"]},{"damage_healed":0,"gold_gain":0,"player_choice":"Success","damage_taken":33,"relics_obtained":["Shuriken"],"max_hp_gain":0,"max_hp_loss":0,"event_name":"Scrap Ooze","floor":5,"gold_loss":0},{"damage_healed":0,"gold_gain":0,"player_choice":"Opened","damage_taken":0,"relics_obtained":["Potion Belt"],"max_hp_gain":0,"max_hp_loss":0,"event_name":"The Mausoleum","floor":19,"gold_loss":0,"cards_obtained":["Writhe"]},{"damage_healed":0,"gold_gain":99,"player_choice":"Stole From Cult","damage_taken":0,"max_hp_gain":0,"max_hp_loss":0,"event_name":"Nest","floor":22,"gold_loss":0},{"cards_removed":["Strike_R"],"damage_healed":0,"gold_gain":0,"player_choice":"Gave Gold","damage_taken":0,"max_hp_gain":0,"max_hp_loss":0,"event_name":"Beggar","floor":24,"gold_loss":75}],"is_beta":false,"boss_relics":[{"not_picked":["Astrolabe","Runic Dome"],"picked":"Cursed Key"}],"items_purged_floors":[11,20,29],"is_endless":false,"potions_floor_spawned":[1,2,4,25,31],"killed_by":"Automaton","ascension_level":6}}