{"host":"sav7uxregyirlf69","time":1611996884,"event":{"mods":["AchievementEnabler","BaseMod","Colored Map","DeckTracker","Keyboard Shortcuts","Minty Spire (QoL Compilation)","READ ME - Guardian Mod","StSLib","SuperFastMode"],"gold_per_floor":[116,116,116,134,134,167,167,12,60,60,79,100,10,29,29,128,128,149,64,64,83,83,133,133,143,166,14,14,29,29,55,55,129,129,148,159,49,49,49],"floor_reached":38,"language":"KOR","playtime":916,"items_purged":["Strike_G","Strike_G"],"score":784,"play_id":"5caa4700-56c9-4d1a-b47d-c7b9801d65de","local_time":"20210130175444","is_ascension_mode":true,"campfire_choices":[{"floor":7,"key":"REST"},{"data":"Noxious Fumes","floor":10,"key":"SMITH"},{"data":"Tactician","floor":15,"key":"SMITH"},{"data":"Venomology","floor":24,"key":"SMITH"},{"data":"Blade Dance","floor":28,"key":"SMITH"},{"data":"Wraith Form v2","floor":30,"key":"SMITH"},{"data":"Prepared","floor":32,"key":"SMITH"}],"circlet_count":0,"master_deck":["AscendersBane","Strike_G","Defend_G","Defend_G","Defend_G","Defend_G","Survivor+1","Neutralize","Catalyst","A Thousand Cuts+1","Masterful Stab","Noxious Fumes+1","Escape Plan","Prepared+1","Backflip","Tactician+1","Acrobatics","Footwork","Venomology+1","Reflex+1","Well Laid Plans+1","Blade Dance+1","Wraith Form v2+1","Adrenaline"],"relics":["Ring of the Snake","Bloody Idol","MealTicket","Toy Ornithopter","WristBlade","CaptainsWheel","Art of War","Runic Pyramid"],"acts_visited":["Exordium","TheCity","TheBeyond"],"potions_floor_usage":[6,16,18,21,25,25,29,31,31,33,33,35,38],"damage_taken":[{"damage":5,"enemies":"Jaw Worm","floor":1,"turns":4},{"damage":1,"enemies":"Small Slimes","floor":4,"turns":3},{"damage":17,"enemies":"3 Sentries","floor":6,"turns":5},{"damage":8,"enemies":"2 Louse","floor":11,"turns":3},{"damage":16,"enemies":"Lots of Slimes","floor":12,"turns":3},{"damage":7,"enemies":"Large Slime","floor":14,"turns":6},{"damage":30,"enemies":"Slime Boss","floor":16,"turns":10},{"damage":9,"enemies":"3 Byrds","floor":18,"turns":3},{"damage":19,"enemies":"Shell Parasite","floor":21,"turns":6},{"damage":23,"enemies":"Snecko","floor":25,"turns":7},{"damage":30,"enemies":"Shelled Parasite and Fungi","floor":29,"turns":4},{"damage":5,"enemies":"Gremlin Leader","floor":31,"turns":6},{"damage":36,"enemies":"Automaton","floor":33,"turns":10},{"damage":15,"enemies":"3 Darklings","floor":35,"turns":4},{"damage":3,"enemies":"3 Shapes","floor":36,"turns":5},{"damage":3,"enemies":"Maw","floor":38,"turns":3}],"seed_played":"-8198000880447587501","potions_obtained":[{"floor":4,"key":"Swift Potion"},{"floor":6,"key":"Energy Potion"},{"floor":14,"key":"CultistPotion"},{"floor":16,"key":"Regen Potion"},{"floor":25,"key":"FearPotion"},{"floor":33,"key":"LiquidMemories"}],"is_trial":false,"path_per_floor":["M","?","?","M","?","E","R","$","T","R","M","M","$","M","R","B",null,"M","?","?","M","?","?","R","M","T","$","R","M","R","E","R","B",null,"M","M","?","M"],"character_chosen":"THE_SILENT","items_purchased":["Escape Plan","Tactician","Acrobatics","Blade Dance"],"campfire_rested":1,"item_purchase_floors":[8,13,13,27],"current_hp_per_floor":[39,39,39,38,38,21,39,54,54,54,46,30,45,38,38,13,48,44,44,44,30,30,35,35,42,47,60,60,35,35,45,45,24,51,46,48,48,50,50],"gold":49,"neow_bonus":"TRANSFORM_TWO_CARDS","is_daily":false,"chose_seed":false,"campfire_upgraded":6,"win_rate":0.0,"timestamp":1611996884,"path_taken":["M","?","?","M","?","E","R","$","T","R","M","M","$","M","R","BOSS","M","?","?","?","?","?","R","M","T","$","R","M","R","E","R","BOSS","M","M","?","?"],"items_purchased_type":["Card","Card","Card","Card"],"build_version":"2020-12-22","purchased_purges":2,"victory":false,"max_hp_per_floor":[66,66,60,60,60,60,60,60,60,60,60,60,60,60,60,60,60,60,60,60,60,60,60,60,60,60,60,60,60,60,60,60,60,60,60,60,60,60,60],"card_choices":[{"not_picked":["Underhanded Strike","Sucker Punch"],"picked":"Masterful Stab","floor":1},{"not_picked":["Cloak And Dagger","Underhanded Strike"],"picked":"Noxious Fumes","floor":4},{"not_picked":["Quick Slash","Poisoned Stab","Underhanded Strike"],"picked":"SKIP","floor":6},{"not_picked":["Bane","Masterful Stab"],"picked":"Prepared","floor":11},{"not_picked":["Prepared","Dagger Spray"],"picked":"Backflip","floor":12},{"not_picked":["Dagger Spray","Flying Knee"],"picked":"Footwork","floor":14},{"not_picked":["Storm of Steel","A Thousand Cuts"],"picked":"Venomology","floor":16},{"not_picked":["Bane+1","Quick Slash+1"],"picked":"Reflex+1","floor":18},{"not_picked":["Flying Knee","Flechettes"],"picked":"Well Laid Plans+1","floor":21},{"not_picked":["Masterful Stab","Accuracy","Quick Slash"],"picked":"SKIP","floor":25},{"not_picked":["Heel Hook","Outmaneuver"],"picked":"Wraith Form v2","floor":29},{"not_picked":["Poisoned Stab","Sucker Punch","Outmaneuver"],"picked":"SKIP","floor":31},{"not_picked":["Malaise","Phantasmal Killer"],"picked":"Adrenaline","floor":33},{"not_picked":["Sucker Punch+1","Prepared","Reflex+1"],"picked":"SKIP","floor":35},{"not_picked":["Infinite Blades+1","Cloak And Dagger","Heel Hook"],"picked":"SKIP","floor":36}],"player_experience":1437490,"relics_obtained":[{"floor":6,"key":"MealTicket"},{"floor":9,"key":"Toy Ornithopter"},{"floor":31,"key":"Art of War"}],"event_choices":[{"damage_healed":0,"gold_gain":0,"player_choice":"Ignored","damage_taken":0,"max_hp_gain":0,"max_hp_loss":0,"event_name":"Liars Game","floor":2,"gold_loss":0},{"damage_healed":0,"gold_gain":0,"player_choice":"Lose Max HP","damage_taken":0,"relics_obtained":["Golden Idol"],"max_hp_gain":0,"max_hp_loss":6,"event_name":"Golden Idol","floor":3,"gold_loss":0},{"damage_healed":0,"gold_gain":0,"player_choice":"Grow","damage_taken":0,"max_hp_gain":0,"max_hp_loss":0,"event_name":"Living Wall","floor":5,"gold_loss":0,"cards_upgraded":["A Thousand Cuts"]},{"damage_healed":0,"gold_gain":0,"player_choice":"Obtained Relic","damage_taken":0,"relics_obtained":["CaptainsWheel"],"max_hp_gain":0,"max_hp_loss":0,"event_name":"Addict","floor":19,"gold_loss":85},{"damage_healed":0,"gold_gain":0,"player_choice":"Ignored","damage_taken":0,"max_hp_gain":0,"max_hp_loss":0,"event_name":"Ghosts","floor":20,"gold_loss":0},{"damage_healed":0,"gold_gain":0,"player_choice":"Gave Idol","damage_taken":0,"relics_obtained":["Bloody Idol"],"max_hp_gain":0,"max_hp_loss":0,"event_name":"Forgotten Altar","floor":22,"relics_lost":["Golden Idol"],"gold_loss":0},{"damage_healed":0,"gold_gain":50,"player_choice":"Stole From Cult","damage_taken":0,"max_hp_gain":0,"max_hp_loss":0,"event_name":"Nest","floor":23,"gold_loss":0},{"cards_removed":["Strike_G"],"damage_healed":0,"gold_gain":0,"player_choice":"Upgrade and Remove","damage_taken":0,"max_hp_gain":0,"max_hp_loss":0,"event_name":"Designer","floor":37,"gold_loss":110,"cards_upgraded":["Survivor"]}],"is_beta":false,"boss_relics":[{"not_picked":["Sozu","Runic Dome"],"picked":"WristBlade"},{"not_picked":["Velvet Choker","Ring of the Serpent"],"picked":"Runic Pyramid"}],"items_purged_floors":[8,27],"is_endless":false,"potions_floor_spawned":[4,6,14,16,21,25,33],"killed_by":"Maw","ascension_level":20}}