{"host":"a5523bqxi3k68xf3","time":1611967469,"event":{"mods":["BaseMod","BetterRewards","Hermit","Koishi","Marisa????????","Minty Spire (QoL Compilation)","Quick Restart","Random Character Button","Relic Stats","Shop Mod","StSLib","The Animator","The Cursed","The Necromancer","The Servant 0.9.4"],"gold_per_floor":[113,113,125,25,44,44,70,84,139,174,196,208,253,283,295,404,416,441,471,483,65,78,110,110,137,137,137,12,44,56,85,85,187,187,198,198,53,66,76,76,106,118,118,133,163,163,180,180,180,180],"floor_reached":51,"language":"ENG","playtime":1793,"items_purged":["Koishi:BasicDefend","Koishi:BasicDefend","Koishi:BasicStrike"],"score":1509,"play_id":"5d669210-3012-428b-90c0-4d815dbdb5cd","local_time":"20210130014429","is_ascension_mode":true,"campfire_choices":[{"data":"Koishi:ImGoingToCallYouNow","floor":6.0,"key":"SMITH"},{"data":"Koishi:JumpScare","floor":15.0,"key":"SMITH"},{"data":"Koishi:MindStellarRelief","floor":24.0,"key":"SMITH"},{"data":"Koishi:JumpScare","floor":27.0,"key":"SMITH"},{"data":"1","floor":32.0,"key":"LIFT"},{"data":"Koishi:ImGoingToCallYouNow","floor":40,"key":"SMITH"},{"data":"Koishi:JumpScare","floor":46,"key":"SMITH"},{"data":"2","floor":49,"key":"LIFT"}],"circlet_count":0,"master_deck":["Koishi:BasicStrike","Koishi:BasicStrike","Koishi:BasicStrike","Koishi:BasicDefend","Koishi:BasicDefend","Koishi:Provoke","Koishi:HauntingSlash","Koishi:TremblingHands","Koishi:MindNumbingTerror","Koishi:ImGoingToCallYouNow+1","Koishi:JumpScare+1","Koishi:Provoke","Koishi:DreadfulBlow","Koishi:RacingHeart","Koishi:MindStellarRelief+1","Koishi:JumpScare+1","Koishi:StingingMind","Koishi:MindNumbingTerror+1","Koishi:RacingHeart","Koishi:ImGoingToCallYouNow+1","Koishi:BloodcurdlingScream+1","Koishi:JumpScare+1","Finesse"],"relics":["Koishi:ImaginaryFriend","Frozen Egg 2","Koishi:TeethAndClaws","Pen Nib","Orrery","Shuriken","Sundial","Centennial Puzzle","MawBank","Regal Pillow","Black Star","Mummified Hand","Lee\u0027s Waffle","Eternal Feather","Oddly Smooth Stone","Bottled Lightning","Omamori","Girya","Pocketwatch","Prayer Wheel","HornCleat","Du-Vu Doll","Runic Dome","Membership Card","Pear","Singing Bowl","MealTicket","Gambling Chip","Juzu Bracelet"],"acts_visited":["TheCity","TheBeyond"],"potions_floor_usage":[50,50],"damage_taken":[{"damage":0.0,"enemies":"Cultist","floor":1.0,"turns":5.0},{"damage":1.0,"enemies":"Jaw Worm","floor":3.0,"turns":3.0},{"damage":0.0,"enemies":"Small Slimes","floor":5.0,"turns":4.0},{"damage":7.0,"enemies":"Lagavulin","floor":7.0,"turns":9.0},{"damage":4.0,"enemies":"2 Fungi Beasts","floor":8.0,"turns":3.0},{"damage":8.0,"enemies":"Gremlin Nob","floor":10.0,"turns":4.0},{"damage":6.0,"enemies":"Gremlin Gang","floor":11.0,"turns":4.0},{"damage":0.0,"enemies":"Lagavulin","floor":13.0,"turns":6.0},{"damage":4.0,"enemies":"Exordium Wildlife","floor":14.0,"turns":4.0},{"damage":8.0,"enemies":"The Guardian","floor":16.0,"turns":9.0},{"damage":14.0,"enemies":"Spheric Guardian","floor":18.0,"turns":3.0},{"damage":21.0,"enemies":"2 Thieves","floor":19.0,"turns":4.0},{"damage":3.0,"enemies":"Sentry and Sphere","floor":22.0,"turns":3.0},{"damage":40.0,"enemies":"Book of Stabbing","floor":23.0,"turns":6.0},{"damage":28.0,"enemies":"Slavers","floor":25.0,"turns":5.0},{"damage":45.0,"enemies":"Book of Stabbing","floor":29.0,"turns":5.0},{"damage":1.0,"enemies":"Snecko","floor":30.0,"turns":3.0},{"damage":43.0,"enemies":"Slavers","floor":31.0,"turns":4.0},{"damage":17.0,"enemies":"Collector","floor":33.0,"turns":6.0},{"damage":10,"enemies":"Orb Walker","floor":35,"turns":2},{"damage":24,"enemies":"3 Shapes","floor":38,"turns":3},{"damage":10,"enemies":"Maw","floor":39,"turns":5},{"damage":7,"enemies":"Giant Head","floor":41,"turns":4},{"damage":10,"enemies":"Writhing Mass","floor":42,"turns":3},{"damage":21,"enemies":"3 Darklings","floor":44,"turns":3},{"damage":51,"enemies":"Reptomancer","floor":45,"turns":3},{"damage":27,"enemies":"Jaw Worm Horde","floor":47,"turns":3},{"damage":16,"enemies":"Time Eater","floor":50,"turns":5}],"seed_played":"-152155870816192505","potions_obtained":[{"floor":5.0,"key":"Energy Potion"},{"floor":8.0,"key":"DistilledChaos"},{"floor":10.0,"key":"PowerPotion"},{"floor":13.0,"key":"Weak Potion"},{"floor":19.0,"key":"Energy Potion"},{"floor":25.0,"key":"Regen Potion"},{"floor":30.0,"key":"LiquidMemories"},{"floor":31.0,"key":"LiquidBronze"},{"floor":35,"key":"Regen Potion"},{"floor":44,"key":"Block Potion"}],"is_trial":false,"path_per_floor":["M","?","M","$","M","R","E","M","T","E","M","$","E","M","R","B",null,"M","M","?","$","M","E","R","E","T","R","$","E","M","E","R","B",null,"M","?","$","M","M","R","E","M","T","M","E","R","M","?","R","B",null],"character_chosen":"KOISHI","items_purchased":["Frozen Egg 2","Koishi:TremblingHands","Koishi:TeethAndClaws","Pen Nib","Orrery","Shuriken","Mummified Hand","Koishi:StingingMind","Lee\u0027s Waffle","Membership Card"],"campfire_rested":0,"item_purchase_floors":[0,0,0,0,0,0,21,21,21,37],"current_hp_per_floor":[26,26,37,37,51,51,60,60,60,60,56,56,60,59,59,60,60,51,44,49,67,64,67,67,67,67,67,67,67,67,54,66,67,67,67,67,67,67,67,67,79,83,83,87,89,89,93,93,93,93],"gold":180,"neow_bonus":"","is_daily":false,"chose_seed":false,"campfire_upgraded":6,"win_rate":0.0,"timestamp":1611967469,"path_taken":["M","?","M","$","M","R","E","?","T","E","M","$","E","?","R","BOSS","M","M","?","$","?","E","R","E","T","R","$","E","M","E","R","BOSS","M","?","$","M","M","R","E","M","T","M","E","R","M","?","R","BOSS"],"items_purchased_type":["Relic","Card","Relic","Relic","Relic","Relic","Relic","Card","Relic","Relic"],"build_version":"2020-12-22","purchased_purges":3,"victory":true,"max_hp_per_floor":[60,60,60,60,60,60,60,60,60,60,60,60,60,60,60,60,60,60,60,60,67,67,67,67,67,67,67,67,67,67,67,67,67,67,67,67,67,67,67,67,79,83,83,87,89,89,93,93,93,93],"relic_stats":{"Regal Pillow":0,"Lee\u0027s Waffle":18,"Singing Bowl":26,"counters":[167,655],"Eternal Feather":12,"Pen Nib":[39],"Juzu Bracelet":0,"MawBank":192,"Centennial Puzzle":[66],"Shuriken":[67],"Sundial":[26],"Mummified Hand":[4],"Gambling Chip":[1],"Prayer Wheel":7,"MealTicket":6,"Black Star":6,"obtain_stats":[{"Ice Cream":36,"Gremlin Horn":24,"CeramicFish":42,"Spirit Poop":20,"Vajra":24,"Ginger":0,"Whetstone":40,"Sling":37,"Boot":7,"Koishi:ColorfulDays":17,"Blood Vial":41,"Centennial Puzzle":9,"HornCleat":3,"Sundial":44,"Strawberry":0,"MealTicket":13,"Prayer Wheel":29,"Koishi:ImperfectMetamorphosis":36,"Necronomicon":22,"HandDrill":0,"Kunai":3,"Girya":8,"Pear":9,"Happy Flower":0,"Astrolabe":34,"Oddly Smooth Stone":29,"Eternal Feather":23,"Pen Nib":22,"Koishi:TeethAndClaws":0,"Letter Opener":43,"War Paint":30,"Question Card":24,"Akabeko":6,"Du-Vu Doll":30,"Runic Dome":34,"SlaversCollar":34,"Bottled Flame":25,"Shuriken":44,"MutagenicStrength":28,"Bird Faced Urn":40,"Bronze Scales":23,"Black Star":34,"CatCart":39,"StrikeDummy":44,"Unceasing Top":41,"Meat on the Bone":0,"Pocketwatch":29,"Darkstone Periapt":6,"Regal Pillow":9,"Lantern":25,"Torii":10,"Singing Bowl":43,"SacredBark":34,"Juzu Bracelet":21,"Bag of Preparation":0,"TeardropLocket":10,"Ancient Tea Set":26,"ClockworkSouvenir":19,"Nunchaku":47,"Dream Catcher":10,"TheAbacus":19,"Mummified Hand":43,"Pantograph":13,"Gambling Chip":45,"Toolbox":0,"Tiny Chest":7,"Koishi:AHoleWhereASisterShouldBe":9,"Red Mask":38,"Koishi:BloodstainedWhiteRose":29,"InkBottle":40,"Potion Belt":12,"Lee\u0027s Waffle":48,"NeowsBlessing":0,"The Courier":26,"Omamori":31,"Orichalcum":0,"Frozen Egg 2":5,"MawBank":46,"White Beast Statue":27,"Mercury Hourglass":7,"Anchor":26,"Busted Crown":17,"Ornamental Fan":46,"Orrery":3,"Bag of Marbles":43,"Art of War":45,"Bottled Lightning":36,"Membership Card":38,"PureWater":0,"Toy Ornithopter":25,"TungstenRod":8,"Koishi:ImaginaryFriend":0},{"Ice Cream":59,"Gremlin Horn":99,"CeramicFish":62,"Spirit Poop":76,"Vajra":78,"Ginger":109,"Whetstone":133,"Sling":16,"Boot":21,"Koishi:ColorfulDays":27,"Blood Vial":39,"Centennial Puzzle":144,"HornCleat":111,"Sundial":63,"Strawberry":66,"MealTicket":117,"Prayer Wheel":155,"Koishi:ImperfectMetamorphosis":130,"Necronomicon":51,"HandDrill":109,"Kunai":42,"Girya":92,"Pear":92,"Happy Flower":87,"Astrolabe":15,"Oddly Smooth Stone":101,"Eternal Feather":153,"Pen Nib":12,"Koishi:TeethAndClaws":87,"Letter Opener":134,"War Paint":80,"Question Card":53,"Akabeko":4,"Du-Vu Doll":34,"Runic Dome":57,"SlaversCollar":81,"Bottled Flame":100,"Shuriken":84,"MutagenicStrength":54,"Bird Faced Urn":60,"Bronze Scales":78,"Black Star":102,"CatCart":133,"StrikeDummy":107,"Unceasing Top":39,"Meat on the Bone":87,"Pocketwatch":155,"Darkstone Periapt":113,"Regal Pillow":4,"Lantern":123,"Torii":23,"Singing Bowl":62,"SacredBark":128,"Juzu Bracelet":12,"Bag of Preparation":109,"TeardropLocket":5,"Ancient Tea Set":53,"ClockworkSouvenir":50,"Nunchaku":65,"Dream Catcher":116,"TheAbacus":76,"Mummified Hand":106,"Pantograph":94,"Gambling Chip":165,"Toolbox":87,"Tiny Chest":4,"Koishi:AHoleWhereASisterShouldBe":71,"Red Mask":16,"Koishi:BloodstainedWhiteRose":54,"InkBottle":106,"Potion Belt":7,"Lee\u0027s Waffle":108,"NeowsBlessing":0,"The Courier":13,"Omamori":14,"Orichalcum":40,"Frozen Egg 2":89,"MawBank":136,"White Beast Statue":123,"Mercury Hourglass":45,"Anchor":33,"Busted Crown":10,"Ornamental Fan":108,"Orrery":89,"Bag of Marbles":84,"Art of War":107,"Bottled Lightning":16,"Membership Card":39,"PureWater":0,"Toy Ornithopter":33,"TungstenRod":115,"Koishi:ImaginaryFriend":0},{"Ice Cream":218,"Gremlin Horn":379,"CeramicFish":226,"Spirit Poop":284,"Vajra":291,"Ginger":418,"Whetstone":516,"Sling":49,"Boot":66,"Koishi:ColorfulDays":90,"Blood Vial":146,"Centennial Puzzle":558,"HornCleat":423,"Sundial":229,"Strawberry":239,"MealTicket":448,"Prayer Wheel":611,"Koishi:ImperfectMetamorphosis":503,"Necronomicon":194,"HandDrill":418,"Kunai":161,"Girya":354,"Pear":354,"Happy Flower":330,"Astrolabe":45,"Oddly Smooth Stone":388,"Eternal Feather":601,"Pen Nib":32,"Koishi:TeethAndClaws":330,"Letter Opener":518,"War Paint":298,"Question Card":199,"Akabeko":7,"Du-Vu Doll":123,"Runic Dome":211,"SlaversCollar":305,"Bottled Flame":384,"Shuriken":315,"MutagenicStrength":201,"Bird Faced Urn":220,"Bronze Scales":291,"Black Star":392,"CatCart":516,"StrikeDummy":407,"Unceasing Top":146,"Meat on the Bone":330,"Pocketwatch":611,"Darkstone Periapt":431,"Regal Pillow":7,"Lantern":477,"Torii":73,"Singing Bowl":226,"SacredBark":494,"Juzu Bracelet":32,"Bag of Preparation":418,"TeardropLocket":10,"Ancient Tea Set":199,"ClockworkSouvenir":190,"Nunchaku":234,"Dream Catcher":443,"TheAbacus":284,"Mummified Hand":402,"Pantograph":360,"Gambling Chip":647,"Toolbox":330,"Tiny Chest":7,"Koishi:AHoleWhereASisterShouldBe":259,"Red Mask":49,"Koishi:BloodstainedWhiteRose":201,"InkBottle":402,"Potion Belt":13,"Lee\u0027s Waffle":414,"NeowsBlessing":0,"The Courier":35,"Omamori":38,"Orichalcum":154,"Frozen Egg 2":337,"MawBank":524,"White Beast Statue":477,"Mercury Hourglass":175,"Anchor":118,"Busted Crown":25,"Ornamental Fan":414,"Orrery":337,"Bag of Marbles":315,"Art of War":407,"Bottled Lightning":49,"Membership Card":146,"PureWater":0,"Toy Ornithopter":118,"TungstenRod":440,"Koishi:ImaginaryFriend":0}],"Pocketwatch":[37]},"card_choices":[{"not_picked":["Koishi:CatchAndRose","Koishi:PhantomBarrier"],"picked":"Koishi:MindNumbingTerror","floor":0.0},{"not_picked":["Koishi:UnconsciousUprising","Koishi:RoseHell"],"picked":"Koishi:ImGoingToCallYouNow","floor":0.0},{"not_picked":["Koishi:StingingMind","Koishi:RacingHeart"],"picked":"Koishi:JumpScare","floor":1.0},{"not_picked":["Koishi:CatchAndRose","Koishi:UnseenTerror"],"picked":"Koishi:DreadfulBlow","floor":3.0},{"not_picked":["Koishi:FidgetySnatcher+1","Koishi:PhilosophyOfTheDespised","Koishi:ParalyzingFear"],"picked":"SKIP","floor":5.0},{"not_picked":["Koishi:RorschachInDanmaku","Koishi:SprinkleStarAndHeart","Koishi:EmbryosDream"],"picked":"SKIP","floor":7.0},{"not_picked":["Koishi:Untouchable+1","Koishi:EmbryosDream","Koishi:ParalyzingFear"],"picked":"SKIP","floor":8.0},{"not_picked":["Koishi:DanmakuParanoia","Koishi:EmbryosDream","Koishi:Jaunt"],"picked":"SKIP","floor":10.0},{"not_picked":["Koishi:Whimsy","Koishi:SubconsciousSweep","Koishi:EmbryosDream"],"picked":"SKIP","floor":11.0},{"not_picked":["Koishi:CatchAndRose","Koishi:ReflexRadar","Koishi:TraumaticStroke"],"picked":"SKIP","floor":13.0},{"not_picked":["Koishi:YoukaiPolygraph","Koishi:UnconsciousUprising"],"picked":"Koishi:RacingHeart","floor":14.0},{"not_picked":["Koishi:RoseHell","Koishi:ConditionedTeleport"],"picked":"Koishi:MindStellarRelief","floor":16.0},{"not_picked":["Koishi:IdleWhim+1","Koishi:HeartAttack","Koishi:DreadfulBlow"],"picked":"SKIP","floor":18.0},{"not_picked":["Koishi:ParalyzingFear","Koishi:ConfinedInnocent+1"],"picked":"Koishi:JumpScare","floor":19.0},{"not_picked":["Koishi:HeartfeltFancy","Koishi:LastRemote+1"],"picked":"Koishi:FreudianInstinct+1","floor":22.0},{"not_picked":["Koishi:UnconsciousUprising","Koishi:Prune+1","Koishi:TraumaticStroke"],"picked":"SKIP","floor":23.0},{"not_picked":["Koishi:SprinkleStarAndHeart+1","Koishi:DanmakuParanoia","Koishi:SubconsciousSweep"],"picked":"SKIP","floor":25.0},{"not_picked":["Koishi:EmbryosDream","Koishi:PredatoryInstincts"],"picked":"Koishi:MindNumbingTerror+1","floor":29.0},{"not_picked":["Koishi:FourthEye","Koishi:SpiritedAway","Koishi:UnansweredLove+1"],"picked":"SKIP","floor":30.0},{"not_picked":["Koishi:EmbryosDream","Koishi:IdleWhim","Koishi:Vanish"],"picked":"SKIP","floor":30.0},{"not_picked":["Koishi:GrowingPain","Koishi:EmbryosDream"],"picked":"Koishi:RacingHeart","floor":31.0},{"not_picked":["Koishi:GrowingPain","Koishi:SilentAndRestless"],"picked":"Koishi:ImGoingToCallYouNow","floor":33.0},{"not_picked":["Koishi:ReflexRadar+1","Koishi:UnansweredLove+1"],"picked":"Koishi:BloodcurdlingScream+1","floor":35},{"not_picked":["Koishi:UnconsciousUrges+1","Koishi:Untouchable+1","Koishi:Jaunt+1"],"picked":"SKIP","floor":35},{"not_picked":["Koishi:BloodcurdlingScream+1","Koishi:UnconsciousUprising+1","Koishi:StingingMind"],"picked":"SKIP","floor":38},{"not_picked":["Koishi:SpiritedAway+1","Koishi:PhantomBarrier","Koishi:StrangeCloudFist+1"],"picked":"SKIP","floor":38},{"not_picked":["Koishi:SubterraneanRose+1","Koishi:ApparitionsStalkTheNight"],"picked":"Koishi:JumpScare","floor":39},{"not_picked":["Koishi:ConfinedInnocent+1","Koishi:SprinkleStarAndHeart","Koishi:LastRemote+1"],"picked":"SKIP","floor":39},{"not_picked":["Koishi:FleetingPhantom+1","Koishi:Prune","Koishi:BramblyRoseGarden+1"],"picked":"Singing Bowl","floor":41},{"not_picked":["Koishi:VengefulSpirit+1","Koishi:SubconsciousSweep+1","Koishi:SpiritedAway+1"],"picked":"Singing Bowl","floor":42},{"not_picked":["Koishi:SpiritedAway","Koishi:CatchAndRose","Koishi:FreudianInstinct+1"],"picked":"Singing Bowl","floor":42},{"not_picked":["Koishi:ReleaseOfTheId+1","Koishi:StingingMind","Koishi:SpiritedAway"],"picked":"Singing Bowl","floor":44},{"not_picked":["Koishi:Possession","Koishi:PhantomStrike","Koishi:BloodcurdlingScream+1"],"picked":"Singing Bowl","floor":44},{"not_picked":["Koishi:RollingInRichesHeart","Koishi:PhantomBarrier+1","Koishi:ReleaseOfTheId"],"picked":"Singing Bowl","floor":45},{"not_picked":["Koishi:TremblingHands+1","Koishi:ParalyzingFear","Koishi:EmbryosDream+1"],"picked":"Singing Bowl","floor":47},{"not_picked":["Koishi:CatchAndRose","Koishi:LastRemote","Koishi:Prune+1"],"picked":"Singing Bowl","floor":47},{"not_picked":["Secret Technique","Bandage Up"],"picked":"Finesse","floor":48}],"player_experience":1708371,"relics_obtained":[{"floor":7.0,"key":"Sundial"},{"floor":9.0,"key":"Centennial Puzzle"},{"floor":10.0,"key":"MawBank"},{"floor":13.0,"key":"Regal Pillow"},{"floor":23.0,"key":"Eternal Feather"},{"floor":23.0,"key":"Oddly Smooth Stone"},{"floor":25.0,"key":"Bottled Lightning"},{"floor":25.0,"key":"Omamori"},{"floor":26.0,"key":"Girya"},{"floor":29.0,"key":"Pocketwatch"},{"floor":29.0,"key":"Prayer Wheel"},{"floor":31.0,"key":"HornCleat"},{"floor":31.0,"key":"Du-Vu Doll"},{"floor":41,"key":"Pear"},{"floor":41,"key":"Singing Bowl"},{"floor":43,"key":"MealTicket"},{"floor":45,"key":"Gambling Chip"},{"floor":45,"key":"Juzu Bracelet"}],"event_choices":[{"damage_healed":0.0,"max_hp_gain":0.0,"max_hp_loss":0.0,"gold_gain":0.0,"event_name":"Match and Keep!","player_choice":"2 cards matched","floor":2.0,"gold_loss":0.0,"damage_taken":0.0,"cards_obtained":["Koishi:ReflexRadar","Koishi:Provoke"]},{"cards_removed":["Koishi:ReflexRadar"],"damage_healed":5.0,"max_hp_gain":0.0,"max_hp_loss":0.0,"gold_gain":0.0,"event_name":"Bonfire Elementals","player_choice":"Offered Common","floor":20.0,"gold_loss":0.0,"damage_taken":0.0},{"cards_removed":["Koishi:ReflexRadar"],"damage_healed":5.0,"max_hp_gain":0.0,"max_hp_loss":0.0,"gold_gain":0.0,"event_name":"Bonfire Elementals","player_choice":"Offered Special","floor":20.0,"gold_loss":0.0,"damage_taken":0.0},{"cards_removed":["Koishi:FreudianInstinct"],"damage_healed":0,"gold_gain":0,"player_choice":"Removed Power","damage_taken":0,"max_hp_gain":0,"max_hp_loss":0,"event_name":"Falling","floor":36,"gold_loss":0},{"damage_healed":0,"gold_gain":0,"player_choice":"Memory 1","damage_taken":0,"max_hp_gain":0,"max_hp_loss":0,"event_name":"SensoryStone","floor":48,"gold_loss":0}],"is_beta":false,"boss_relics":[{"not_picked":["SacredBark","Busted Crown"],"picked":"Black Star"},{"not_picked":["Cursed Key","Coffee Dripper"],"picked":"Runic Dome"}],"items_purged_floors":[0,4,28],"is_endless":false,"potions_floor_spawned":[5,8,10,13,14,19,22,25,30,31,35,42,44],"ascension_level":7}}