{"host":"2wp95sdfrgw3k439","time":1611987759,"event":{"mods":["BaseMod","Better Altar","Better Skull","Better Third Choice","Curses Come First","Minty Spire (QoL Compilation)","Permanent Neow","StSLib"],"gold_per_floor":[12,12,12,12,12,12,28,28,28,28,64,83,96,96,96,217,217,230,253,267,267,267],"floor_reached":21,"language":"ENG","playtime":850,"items_purged":[],"score":255,"play_id":"147f3aac-fbd3-4aa0-a59b-a352f7d0a1eb","local_time":"20210129232239","is_ascension_mode":true,"campfire_choices":[{"floor":6,"key":"REST"},{"floor":8,"key":"REST"},{"data":"ConjureBlade","floor":15,"key":"SMITH"}],"circlet_count":0,"master_deck":["Strike_P","Strike_P","Strike_P","Defend_P","Defend_P+1","Defend_P+1","Defend_P+1","Eruption","Vigilance","ConjureBlade+1","FollowUp","CutThroughFate","Weave","ThirdEye","LessonLearned","ReachHeaven+1","Vengeance","LessonLearned"],"relics":["HolyWater","Golden Idol","Pantograph","Omamori"],"acts_visited":["Exordium","TheCity"],"potions_floor_usage":[16,19,20,21],"damage_taken":[{"damage":7,"enemies":"Small Slimes","floor":1,"turns":5},{"damage":16,"enemies":"Jaw Worm","floor":7,"turns":5},{"damage":0,"enemies":"Lagavulin","floor":11,"turns":4},{"damage":0,"enemies":"Cultist","floor":12,"turns":2},{"damage":0,"enemies":"2 Fungi Beasts","floor":13,"turns":2},{"damage":20,"enemies":"Slime Boss","floor":16,"turns":6},{"damage":0,"enemies":"Chosen","floor":18,"turns":3},{"damage":4,"enemies":"3 Byrds","floor":19,"turns":4},{"damage":30,"enemies":"Snake Plant","floor":20,"turns":4},{"damage":37,"enemies":"Centurion and Healer","floor":21,"turns":3}],"seed_played":"-7637878012576972905","potions_obtained":[{"floor":7,"key":"Swift Potion"},{"floor":12,"key":"Fire Potion"},{"floor":16,"key":"DistilledChaos"},{"floor":20,"key":"DistilledChaos"}],"is_trial":false,"path_per_floor":["M","?","$","?","$","R","M","R","T","$","E","M","M","?","R","B",null,"M","M","M","M"],"character_chosen":"WATCHER","items_purchased":[],"campfire_rested":2,"item_purchase_floors":[],"current_hp_per_floor":[65,47,47,33,33,54,38,59,59,59,59,59,59,59,59,52,67,67,63,33,0,0],"gold":267,"neow_bonus":"THREE_RARE_CARDS","is_daily":false,"chose_seed":false,"campfire_upgraded":1,"win_rate":0.0,"timestamp":1611987759,"path_taken":["M","?","?","?","?","R","?","R","T","$","E","M","M","?","R","BOSS","M","M","?","?"],"items_purchased_type":[],"build_version":"2020-12-22","purchased_purges":0,"victory":false,"max_hp_per_floor":[72,72,72,72,72,72,72,72,72,72,72,72,72,72,72,72,72,72,72,72,72,72],"card_choices":[{"not_picked":["Scrawl","Establishment"],"picked":"ConjureBlade","floor":0},{"not_picked":["LikeWater","Crescendo"],"picked":"FollowUp","floor":1},{"not_picked":["EmptyFist","Crescendo"],"picked":"CutThroughFate","floor":7},{"not_picked":["WaveOfTheHand","BowlingBash","WindmillStrike"],"picked":"SKIP","floor":11},{"not_picked":["JustLucky","Evaluate"],"picked":"Weave","floor":12},{"not_picked":["WaveOfTheHand","Blasphemy"],"picked":"ThirdEye","floor":13},{"not_picked":["Judgement","SpiritShield"],"picked":"LessonLearned","floor":16},{"not_picked":["Halt","ClearTheMind"],"picked":"ReachHeaven+1","floor":18},{"not_picked":["SashWhip","Worship"],"picked":"Vengeance","floor":19},{"not_picked":["ReachHeaven+1","Meditate"],"picked":"LessonLearned","floor":20}],"player_experience":514188,"relics_obtained":[{"floor":9,"key":"Pantograph"},{"floor":11,"key":"Omamori"}],"event_choices":[{"damage_healed":0,"gold_gain":0,"player_choice":"Take Damage","damage_taken":18,"relics_obtained":["Golden Idol"],"max_hp_gain":0,"max_hp_loss":0,"event_name":"Golden Idol","floor":2,"gold_loss":0},{"damage_healed":47,"gold_gain":0,"player_choice":"Upgrade","damage_taken":14,"max_hp_gain":0,"max_hp_loss":72,"event_name":"betterThird:BetterShining","floor":4,"gold_loss":0,"cards_upgraded":["Defend_P","Defend_P"]},{"cards_removed":["Strike_P"],"damage_healed":0,"gold_gain":0,"player_choice":"Offered Basic","damage_taken":0,"max_hp_gain":0,"max_hp_loss":0,"event_name":"Bonfire Elementals","floor":14,"gold_loss":0}],"is_beta":false,"boss_relics":[{"not_picked":["Runic Pyramid","Snecko Eye"],"picked":"HolyWater"}],"items_purged_floors":[],"is_endless":false,"potions_floor_spawned":[7,12,16,20],"killed_by":"Centurion and Healer","ascension_level":5}}