{"host":"lv7etzzgwahaenh9","time":1611977714,"event":{"mods":["AchievementEnabler","BaseMod","Colored Map","Colored Powertips","Highlight Path","Minty Spire (QoL Compilation)","Permanent Neow","Quick Restart","Random Character Button","StSLib"],"gold_per_floor":[118,133,146,160,160,160,187,201,201,228,252,284,296,318,330,437,449,474,92,2,15,31,60,60,60,60],"floor_reached":25,"language":"ENG","playtime":1317,"items_purged":[],"score":393,"play_id":"e766478b-1a2f-455a-bab3-cb90ae676403","local_time":"20210129193514","is_ascension_mode":true,"campfire_choices":[{"floor":6.0,"key":"RECALL"},{"floor":13.0,"key":"REST"},{"floor":15.0,"key":"REST"}],"circlet_count":0,"master_deck":["AscendersBane","Zap","Dualcast","Blizzard","Coolheaded","Sunder+1","Core Surge","Go for the Eyes","Multi-Cast","Ball Lightning","Coolheaded","Steam","Amplify","Self Repair","Buffer","Multi-Cast+1","Machine Learning","Storm","Ball Lightning","Seek","Chill","Conserve Battery","Panache","Loop","Defragment+1","BootSequence"],"relics":["Fusion Hammer","Tiny Chest","Bag of Marbles","MawBank","Pandora\u0027s Box","Membership Card","Gremlin Horn","White Beast Statue"],"acts_visited":["Exordium","TheCity"],"potions_floor_usage":[],"damage_taken":[{"damage":6.0,"enemies":"Cultist","floor":1.0,"turns":3.0},{"damage":0.0,"enemies":"Small Slimes","floor":2.0,"turns":4.0},{"damage":7.0,"enemies":"2 Louse","floor":3.0,"turns":3.0},{"damage":0.0,"enemies":"2 Fungi Beasts","floor":4.0,"turns":5.0},{"damage":10.0,"enemies":"3 Sentries","floor":7.0,"turns":5.0},{"damage":3.0,"enemies":"Blue Slaver","floor":8.0,"turns":3.0},{"damage":0.0,"enemies":"Gremlin Nob","floor":10.0,"turns":1.0},{"damage":2.0,"enemies":"Gremlin Gang","floor":11.0,"turns":6.0},{"damage":0.0,"enemies":"Large Slime","floor":12.0,"turns":2.0},{"damage":3.0,"enemies":"Looter","floor":14.0,"turns":2.0},{"damage":30.0,"enemies":"Hexaghost","floor":16.0,"turns":9.0},{"damage":10.0,"enemies":"Shell Parasite","floor":18.0,"turns":5.0},{"damage":6.0,"enemies":"3 Byrds","floor":21.0,"turns":2.0},{"damage":0.0,"enemies":"3 Cultists","floor":22.0,"turns":3.0},{"damage":36,"enemies":"Slavers","floor":23,"turns":3},{"damage":14,"enemies":"Gremlin Leader","floor":25,"turns":5}],"seed_played":"8362148904774925293","potions_obtained":[{"floor":3.0,"key":"DuplicationPotion"},{"floor":4.0,"key":"SkillPotion"},{"floor":8.0,"key":"PowerPotion"},{"floor":11.0,"key":"Strength Potion"},{"floor":14.0,"key":"CultistPotion"},{"floor":18.0,"key":"LiquidBronze"}],"is_trial":false,"path_per_floor":["M","M","M","M","?","R","E","M","T","E","M","M","R","M","R","B",null,"M","$","?","M","M","E","?","E"],"character_chosen":"DEFECT","items_purchased":["Membership Card","Conserve Battery","Gremlin Horn","Panache"],"campfire_rested":2,"item_purchase_floors":[19,19,19,19],"current_hp_per_floor":[62,62,55,55,55,55,45,42,42,42,40,40,62,59,75,45,68,58,58,58,52,59,30,16,2,2],"gold":60,"neow_bonus":"BOSS_RELIC","is_daily":false,"chose_seed":false,"campfire_upgraded":0,"win_rate":0.0,"timestamp":1611977714,"path_taken":["M","M","M","M","?","R","E","M","T","E","M","M","R","M","R","BOSS","M","$","?","?","M","E","?","E"],"items_purchased_type":["Relic","Card","Relic","Card"],"build_version":"2020-12-22","purchased_purges":0,"victory":false,"max_hp_per_floor":[75,75,75,75,75,75,75,75,75,75,75,75,75,75,75,75,75,75,75,75,75,75,75,80,80,80],"card_choices":[{"not_picked":["Stack","Lockon","Darkness"],"picked":"SKIP","floor":1.0},{"not_picked":["Turbo","Fusion"],"picked":"Blizzard","floor":2.0},{"not_picked":["Leap","Redo"],"picked":"Coolheaded","floor":3.0},{"not_picked":["Leap","Stack"],"picked":"Sunder","floor":4.0},{"not_picked":["Loop","Steam Power"],"picked":"Core Surge","floor":7.0},{"not_picked":["Rebound","Defragment"],"picked":"Go for the Eyes","floor":8.0},{"not_picked":["Steam Power","Double Energy"],"picked":"Multi-Cast","floor":10.0},{"not_picked":["Rebound","Streamline"],"picked":"Ball Lightning","floor":11.0},{"not_picked":["Stack","Ball Lightning"],"picked":"Coolheaded","floor":12.0},{"not_picked":["Double Energy","Gash"],"picked":"Steam","floor":14.0},{"not_picked":["Hyperbeam","Multi-Cast"],"picked":"Amplify","floor":16.0},{"not_picked":["Steam+1","Ball Lightning"],"picked":"Chill","floor":18.0},{"not_picked":["Rebound+1","Sweeping Beam"],"picked":"Loop","floor":21.0},{"not_picked":["Redo","Turbo"],"picked":"Defragment+1","floor":22.0},{"not_picked":["Darkness","Consume"],"picked":"BootSequence","floor":23}],"player_experience":318632,"relics_obtained":[{"floor":7.0,"key":"Tiny Chest"},{"floor":9.0,"key":"Bag of Marbles"},{"floor":10.0,"key":"MawBank"},{"floor":23,"key":"White Beast Statue"}],"event_choices":[{"damage_healed":0.0,"max_hp_gain":0.0,"max_hp_loss":0.0,"gold_gain":0.0,"event_name":"Living Wall","player_choice":"Grow","floor":5.0,"gold_loss":0.0,"damage_taken":0.0,"cards_upgraded":["Sunder"]},{"cards_removed":["Rip and Tear"],"damage_healed":0.0,"max_hp_gain":0.0,"max_hp_loss":0.0,"gold_gain":0.0,"event_name":"Designer","player_choice":"Upgrade and Remove","floor":20.0,"gold_loss":90.0,"damage_taken":0.0,"cards_upgraded":["Multi-Cast"]},{"damage_healed":0,"gold_gain":0,"player_choice":"Shed Blood","damage_taken":19,"max_hp_gain":5,"max_hp_loss":0,"event_name":"Forgotten Altar","floor":24,"gold_loss":0}],"is_beta":false,"boss_relics":[{"not_picked":["SacredBark","Ectoplasm"],"picked":"Pandora\u0027s Box"}],"items_purged_floors":[],"is_endless":false,"potions_floor_spawned":[3,4,8,11,14,18],"killed_by":"Gremlin Leader","ascension_level":10}}