{"host":"qekv59dthhdg54sz","time":1611987583,"event":{"mods":["AchievementEnabler","BaseMod","Colored Map","DeckTracker","KOR Keyword Fix","Minty Spire (QoL Compilation)","Rare Cards Sparkle","StSLib","SuperFastMode"],"gold_per_floor":[118,118,118,130,144,144,144,174,174,174,174,207,207,218,218,291,291,267,267,267,317,317,317,103,115,115,78,92,92,117,0,0,0,0],"floor_reached":33,"language":"KOR","playtime":551,"items_purged":["Defend_R"],"score":525,"play_id":"48eaf5e0-3cf3-42e8-8b07-80e83df19983","local_time":"20210130151943","is_ascension_mode":true,"campfire_choices":[{"data":"Blood for Blood","floor":6.0,"key":"SMITH"},{"data":"Shrug It Off","floor":10.0,"key":"SMITH"},{"floor":13.0,"key":"REST"},{"data":"Bash","floor":15.0,"key":"SMITH"},{"floor":23.0,"key":"REST"},{"data":"Dark Embrace","floor":29.0,"key":"SMITH"},{"floor":32,"key":"REST"}],"circlet_count":0,"master_deck":["AscendersBane","Strike_R","Strike_R","Defend_R","Bash+1","Shrug It Off","Flame Barrier","Blood for Blood+1","Shrug It Off+1","Brutality","Dropkick","True Grit","Dark Embrace+1","Burning Pact","Evolve"],"relics":["Black Blood","Letter Opener","Mummified Hand","Potion Belt","InkBottle","Nilry\u0027s Codex","Dream Catcher","Ancient Tea Set"],"acts_visited":["Exordium","TheCity"],"potions_floor_usage":[33],"damage_taken":[{"damage":9.0,"enemies":"2 Louse","floor":1.0,"turns":3.0},{"damage":0.0,"enemies":"Small Slimes","floor":4.0,"turns":5.0},{"damage":1.0,"enemies":"Cultist","floor":5.0,"turns":5.0},{"damage":32.0,"enemies":"Gremlin Nob","floor":8.0,"turns":4.0},{"damage":26.0,"enemies":"Lagavulin","floor":12.0,"turns":7.0},{"damage":0.0,"enemies":"Looter","floor":14.0,"turns":4.0},{"damage":18.0,"enemies":"Hexaghost","floor":16.0,"turns":9.0},{"damage":14.0,"enemies":"2 Thieves","floor":18.0,"turns":4.0},{"damage":4.0,"enemies":"3 Byrds","floor":25.0,"turns":4.0},{"damage":4.0,"enemies":"Centurion and Healer","floor":28.0,"turns":6.0},{"damage":79.0,"enemies":"Gremlin Leader","floor":30.0,"turns":6.0},{"damage":46,"enemies":"Collector","floor":33,"turns":5}],"seed_played":"-360666711199921447","potions_obtained":[{"floor":5.0,"key":"FairyPotion"},{"floor":8.0,"key":"Regen Potion"},{"floor":12.0,"key":"Dexterity Potion"},{"floor":14.0,"key":"DistilledChaos"},{"floor":18.0,"key":"Strength Potion"},{"floor":30.0,"key":"AttackPotion"}],"is_trial":false,"path_per_floor":["M","?","?","M","M","R","?","E","T","R","?","E","R","M","R","B",null,"M","?","T","?","?","R","$","M","T","$","M","R","E","?","R","B"],"character_chosen":"IRONCLAD","items_purchased":["True Grit","Dark Embrace","Burning Pact"],"campfire_rested":3,"item_purchase_floors":[24,24,27],"current_hp_per_floor":[65,65,65,68,68,68,61,35,35,35,35,15,35,41,41,29,58,56,56,56,56,35,55,55,63,63,63,68,68,34,34,54,8,8],"gold":0,"neow_bonus":"REMOVE_TWO","is_daily":false,"chose_seed":false,"campfire_upgraded":4,"win_rate":0.0,"timestamp":1611987583,"path_taken":["M","?","?","M","?","R","?","E","T","R","?","E","R","M","R","BOSS","M","?","?","?","?","R","?","M","T","$","?","R","E","?","R","BOSS"],"items_purchased_type":["Card","Card","Card"],"build_version":"2020-12-22","purchased_purges":1,"victory":false,"max_hp_per_floor":[68,68,68,68,68,68,68,68,68,68,68,68,68,68,68,68,68,68,68,68,68,68,68,68,68,68,68,68,68,68,68,68,68,68],"card_choices":[{"not_picked":["Havoc","Headbutt"],"picked":"Shrug It Off","floor":1.0},{"not_picked":["Cleave","Sword Boomerang"],"picked":"Flame Barrier","floor":4.0},{"not_picked":["Havoc","Flame Barrier"],"picked":"Blood for Blood","floor":5.0},{"not_picked":["Metallicize","Power Through"],"picked":"Shrug It Off","floor":8.0},{"not_picked":["Cleave","Shrug It Off","Body Slam"],"picked":"SKIP","floor":12.0},{"not_picked":["Havoc","Sword Boomerang","Clash"],"picked":"SKIP","floor":14.0},{"not_picked":["Impervious","Berserk"],"picked":"Brutality","floor":16.0},{"not_picked":["Blood for Blood","Cleave+1"],"picked":"Dropkick","floor":18.0},{"not_picked":["Infernal Blade","Warcry","Ghostly Armor"],"picked":"SKIP","floor":25.0},{"not_picked":["Reckless Charge","Whirlwind","Sword Boomerang"],"picked":"SKIP","floor":28.0},{"not_picked":["Wild Strike","Twin Strike"],"picked":"Evolve","floor":30.0}],"player_experience":874996,"relics_obtained":[{"floor":8.0,"key":"Letter Opener"},{"floor":9.0,"key":"Mummified Hand"},{"floor":12.0,"key":"Potion Belt"},{"floor":20.0,"key":"InkBottle"},{"floor":22.0,"key":"Nilry\u0027s Codex"},{"floor":26.0,"key":"Dream Catcher"},{"floor":30.0,"key":"Ancient Tea Set"}],"event_choices":[{"cards_removed":["Strike_R"],"damage_healed":0.0,"max_hp_gain":0.0,"max_hp_loss":0.0,"gold_gain":0.0,"event_name":"Living Wall","player_choice":"Forget","floor":2.0,"gold_loss":0.0,"damage_taken":0.0},{"cards_removed":["Defend_R"],"damage_healed":0.0,"max_hp_gain":0.0,"max_hp_loss":0.0,"gold_gain":0.0,"event_name":"Bonfire Elementals","player_choice":"Offered Basic","floor":3.0,"gold_loss":0.0,"damage_taken":0.0},{"cards_removed":["Strike_R"],"damage_healed":0.0,"max_hp_gain":0.0,"max_hp_loss":0.0,"gold_gain":0.0,"event_name":"Golden Wing","player_choice":"Card Removal","floor":7.0,"gold_loss":0.0,"damage_taken":7.0},{"damage_healed":0.0,"max_hp_gain":0.0,"max_hp_loss":0.0,"gold_gain":0.0,"event_name":"Dead Adventurer","player_choice":"Searched \u00270\u0027 times","floor":11.0,"gold_loss":0.0,"damage_taken":0.0},{"damage_healed":0.0,"max_hp_gain":0.0,"max_hp_loss":0.0,"gold_gain":0.0,"event_name":"The Mausoleum","player_choice":"Ignored","floor":19.0,"gold_loss":0.0,"damage_taken":0.0},{"damage_healed":0.0,"max_hp_gain":0.0,"max_hp_loss":0.0,"gold_gain":50.0,"event_name":"Nest","player_choice":"Stole From Cult","floor":21.0,"gold_loss":0.0,"damage_taken":0.0},{"damage_healed":0.0,"max_hp_gain":0.0,"max_hp_loss":0.0,"gold_gain":0.0,"event_name":"Cursed Tome","player_choice":"Obtained Book","floor":22.0,"gold_loss":0.0,"damage_taken":21.0},{"damage_healed":0,"gold_gain":0,"player_choice":"Paid Fearfully","damage_taken":0,"max_hp_gain":0,"max_hp_loss":0,"event_name":"Masked Bandits","floor":31,"gold_loss":117}],"is_beta":false,"boss_relics":[{"not_picked":["SacredBark","Pandora\u0027s Box"],"picked":"Black Blood"}],"items_purged_floors":[24],"is_endless":false,"potions_floor_spawned":[5,8,12,14,18,28,30],"killed_by":"Collector","ascension_level":19}}