{"host":"w8hjdfrntrrvtiu5","time":1611967864,"event":{"mods":["AchievementEnabler","BaseMod","BetterRewards","Conspire","Hubris","Marisa????????","Minty Spire (QoL Compilation)","Shop Mod","StSLib","Td1madao Mod","The Animator","egg","everything is the same but u backflip on backflip"],"gold_per_floor":[117,135,135,135,135,135,170,220,220,231,257,329,329,359,359,438,438,453,453,453,453],"floor_reached":20,"language":"ENG","playtime":497,"items_purged":[],"score":355,"play_id":"e4c3ef9e-f9f6-46fb-8218-b4ac974449fb","local_time":"20210129195104","is_ascension_mode":true,"campfire_choices":[{"floor":6.0,"key":"REST"},{"data":"Dualcast","floor":13.0,"key":"SMITH"},{"data":"Consume","floor":15.0,"key":"SMITH"}],"circlet_count":0,"master_deck":["AscendersBane","Strike_B","Strike_B","Strike_B","Strike_B","Defend_B","Defend_B","Defend_B","Defend_B","Zap","Dualcast+1","Capacitor","Rip and Tear+1","Consume+1","Ball Lightning","Doom and Gloom","Steam","Loop+1"],"relics":["Cracked Core","NeowsBlessing","Happy Flower","Pear","Nunchaku","MealTicket","Velvet Choker"],"acts_visited":["Exordium","TheCity"],"potions_floor_usage":[18],"damage_taken":[{"damage":0.0,"enemies":"conspire:RoseBush","floor":1.0,"turns":1.0},{"damage":0.0,"enemies":"Small Slimes","floor":2.0,"turns":1.0},{"damage":0.0,"enemies":"Lagavulin","floor":7.0,"turns":1.0},{"damage":7.0,"enemies":"Jaw Worm","floor":10.0,"turns":3.0},{"damage":30.0,"enemies":"3 Sentries","floor":11.0,"turns":6.0},{"damage":13.0,"enemies":"Hexaghost","floor":16.0,"turns":7.0},{"damage":10,"enemies":"3 Byrds","floor":18,"turns":3},{"damage":29,"enemies":"Shell Parasite","floor":20,"turns":3}],"seed_played":"2212861584748914618","potions_obtained":[{"floor":1.0,"key":"Swift Potion"},{"floor":10.0,"key":"Swift Potion"}],"is_trial":false,"path_per_floor":["M","M","?","?","?","R","E","?","T","M","E","?","R","?","R","B",null,"M","?","M"],"character_chosen":"DEFECT","items_purchased":[],"campfire_rested":1,"item_purchase_floors":[],"current_hp_per_floor":[64,64,29,29,29,50,60,52,52,45,15,15,15,15,15,2,61,51,28,0,0],"gold":453,"neow_bonus":"THREE_ENEMY_KILL","is_daily":false,"chose_seed":false,"campfire_upgraded":2,"win_rate":0.0,"timestamp":1611967864,"path_taken":["M","M","?","?","?","R","E","?","T","?","E","?","R","?","R","BOSS","M","?","M"],"items_purchased_type":[],"build_version":"2020-12-22","purchased_purges":0,"victory":false,"max_hp_per_floor":[71,71,71,71,71,71,81,81,81,81,81,81,81,81,81,81,81,81,86,86,86],"card_choices":[{"not_picked":["Beam Cell","Gash"],"picked":"Capacitor","floor":1.0},{"not_picked":["Fusion","Leap"],"picked":"Rip and Tear","floor":2.0},{"not_picked":["Lockon","FTL"],"picked":"Ball Lightning","floor":7.0},{"not_picked":["hubris:Ukulele","Conserve Battery"],"picked":"Doom and Gloom","floor":10.0},{"not_picked":["Go for the Eyes","Streamline"],"picked":"Steam","floor":11.0},{"not_picked":["Conserve Battery","Cold Snap"],"picked":"Loop+1","floor":18}],"player_experience":2408589,"relics_obtained":[{"floor":7.0,"key":"Pear"},{"floor":9.0,"key":"Nunchaku"},{"floor":11.0,"key":"MealTicket"}],"event_choices":[{"damage_healed":0.0,"max_hp_gain":0.0,"max_hp_loss":0.0,"gold_gain":0.0,"event_name":"Scrap Ooze","player_choice":"Success","floor":3.0,"gold_loss":0.0,"damage_taken":35.0,"relics_obtained":["Happy Flower"]},{"damage_healed":0.0,"max_hp_gain":0.0,"max_hp_loss":0.0,"gold_gain":0.0,"event_name":"Living Wall","player_choice":"Grow","floor":5.0,"gold_loss":0.0,"damage_taken":0.0,"cards_upgraded":["Rip and Tear"]},{"damage_healed":0.0,"max_hp_gain":0.0,"max_hp_loss":0.0,"gold_gain":50.0,"event_name":"FaceTrader","player_choice":"Touch","floor":8.0,"gold_loss":0.0,"damage_taken":8.0},{"damage_healed":0.0,"max_hp_gain":0.0,"max_hp_loss":0.0,"gold_gain":72.0,"event_name":"Golden Wing","player_choice":"Gained Gold","floor":12.0,"gold_loss":0.0,"damage_taken":0.0},{"damage_healed":0.0,"max_hp_gain":0.0,"max_hp_loss":0.0,"gold_gain":30.0,"event_name":"Dead Adventurer","player_choice":"Searched \u00271\u0027 times","floor":14.0,"gold_loss":0.0,"damage_taken":0.0},{"damage_healed":0,"gold_gain":0,"player_choice":"Shed Blood","damage_taken":28,"max_hp_gain":5,"max_hp_loss":0,"event_name":"Forgotten Altar","floor":19,"gold_loss":0}],"is_beta":false,"boss_relics":[{"not_picked":["Runic Pyramid","Empty Cage"],"picked":"Velvet Choker"}],"items_purged_floors":[],"is_endless":false,"potions_floor_spawned":[1,10,11],"killed_by":"Shell Parasite","ascension_level":15}}