{"host":"mskf0tuxntnls329","time":1611981863,"event":{"mods":["BaseMod","Minty Spire (QoL Compilation)","Relic Stats","StSLib","SuperFastMode"],"gold_per_floor":[118,131,149,149,33,74,104,147,225,225,254,254,294,320,332,344,344],"floor_reached":16,"language":"ENG","playtime":423,"items_purged":[],"score":236,"play_id":"0f3188b7-6470-4337-a681-b7c3ca265c1f","local_time":"20210129234423","is_ascension_mode":true,"campfire_choices":[{"floor":10,"key":"REST"},{"floor":15,"key":"REST"}],"circlet_count":0,"master_deck":["AscendersBane","Strike_R","Strike_R","Strike_R","Strike_R","Strike_R","Defend_R","Defend_R","Defend_R","Defend_R","Bash","Rage","Sever Soul","Dropkick","Entrench","Feel No Pain","Bludgeon","Whirlwind"],"relics":["Busted Crown","Golden Idol","Unceasing Top","Anchor","Smiling Mask","Gremlin Horn","Odd Mushroom","Ornamental Fan","MawBank"],"acts_visited":["Exordium"],"potions_floor_usage":[8,11,16],"damage_taken":[{"damage":2,"enemies":"Jaw Worm","floor":1,"turns":2},{"damage":0,"enemies":"2 Louse","floor":2,"turns":3},{"damage":3,"enemies":"Small Slimes","floor":3,"turns":2},{"damage":25,"enemies":"Gremlin Nob","floor":6,"turns":4},{"damage":8,"enemies":"3 Sentries","floor":8,"turns":8},{"damage":0,"enemies":"The Mushroom Lair","floor":11,"turns":3},{"damage":24,"enemies":"Lagavulin","floor":13,"turns":5},{"damage":9,"enemies":"Gremlin Gang","floor":14,"turns":5},{"damage":37,"enemies":"Hexaghost","floor":16,"turns":7}],"seed_played":"-6437546087200709558","potions_obtained":[{"floor":1,"key":"Strength Potion"},{"floor":6,"key":"LiquidMemories"},{"floor":8,"key":"DuplicationPotion"},{"floor":14,"key":"AttackPotion"}],"is_trial":false,"path_per_floor":["M","M","M","?","$","E","?","E","T","R","?","?","E","M","R","B"],"character_chosen":"IRONCLAD","items_purchased":["Entrench","Feel No Pain"],"campfire_rested":2,"item_purchase_floors":[5,5],"current_hp_per_floor":[66,66,63,63,63,38,38,30,30,50,50,50,26,17,37,0,0],"gold":344,"neow_bonus":"BOSS_RELIC","is_daily":false,"chose_seed":false,"campfire_upgraded":0,"win_rate":0.0,"timestamp":1611981863,"path_taken":["M","M","M","?","$","E","?","E","T","R","?","?","E","M","R","BOSS"],"items_purchased_type":["Card","Card"],"build_version":"2020-12-22","purchased_purges":0,"victory":false,"max_hp_per_floor":[75,75,75,68,68,68,68,68,68,68,68,68,68,68,68,68,68],"relic_stats":{"Busted Crown":16,"Gremlin Horn":[5,5],"counters":[9,39],"Golden Idol":34,"Ornamental Fan":[12],"Smiling Mask":0,"MawBank":36,"obtain_stats":[{"Anchor":7,"Busted Crown":0,"Gremlin Horn":9,"Golden Idol":4,"Ornamental Fan":12,"Odd Mushroom":11,"Smiling Mask":8,"MawBank":13,"Burning Blood":0,"Unceasing Top":6},{"Anchor":4,"Busted Crown":0,"Gremlin Horn":5,"Golden Idol":3,"Ornamental Fan":6,"Odd Mushroom":6,"Smiling Mask":5,"MawBank":7,"Burning Blood":0,"Unceasing Top":4},{"Anchor":11,"Busted Crown":0,"Gremlin Horn":19,"Golden Idol":7,"Ornamental Fan":22,"Odd Mushroom":22,"Smiling Mask":19,"MawBank":27,"Burning Blood":0,"Unceasing Top":11}],"Unceasing Top":[2]},"card_choices":[{"not_picked":[],"picked":"Rage","floor":1},{"not_picked":[],"picked":"Sever Soul","floor":2},{"not_picked":[],"picked":"Dropkick","floor":3},{"not_picked":[],"picked":"Bludgeon","floor":6},{"not_picked":["Sword Boomerang"],"picked":"SKIP","floor":8},{"not_picked":[],"picked":"Whirlwind","floor":13},{"not_picked":["Havoc"],"picked":"SKIP","floor":14}],"player_experience":797027,"relics_obtained":[{"floor":6,"key":"Unceasing Top"},{"floor":8,"key":"Smiling Mask"},{"floor":9,"key":"Gremlin Horn"},{"floor":11,"key":"Odd Mushroom"},{"floor":13,"key":"MawBank"}],"event_choices":[{"damage_healed":0,"gold_gain":0,"player_choice":"Lose Max HP","damage_taken":0,"relics_obtained":["Golden Idol"],"max_hp_gain":0,"max_hp_loss":7,"event_name":"Golden Idol","floor":4,"gold_loss":0},{"damage_healed":0,"gold_gain":30,"player_choice":"Searched \u00272\u0027 times","damage_taken":0,"relics_obtained":["Anchor"],"max_hp_gain":0,"max_hp_loss":0,"event_name":"Dead Adventurer","floor":7,"gold_loss":0},{"damage_healed":0,"gold_gain":0,"player_choice":"Fought Mushrooms","damage_taken":0,"max_hp_gain":0,"max_hp_loss":0,"event_name":"Mushrooms","floor":11,"gold_loss":0},{"damage_healed":0,"gold_gain":0,"player_choice":"Gave Potion","damage_taken":0,"relics_obtained":["Ornamental Fan"],"max_hp_gain":0,"max_hp_loss":0,"event_name":"WeMeetAgain","floor":12,"gold_loss":0}],"is_beta":false,"boss_relics":[],"items_purged_floors":[],"is_endless":false,"potions_floor_spawned":[1,6,8,14],"killed_by":"Hexaghost","ascension_level":20}}