{"host":"xobdcpbm4ckypiai","time":1611977070,"event":{"mods":["BaseMod","Energized Spire","FoggyMod","Minty Spire (QoL Compilation)","Permanent Neow","Relic Stats","Reliquary","Replay The Spire","Spicy Shops","StSLib","UnlockEverythingMod","¡¾ÒÅÎï¿¨ÅÆ¡¿REMEMod"],"gold_per_floor":[116,116,116,116,116,146,146,177,177,27,27,61,61,80,80,185,185,200,125,125,144,144,169,14,43,43,76,175,175,175,250,250,350,350,363,17,64,114,168,168,0,28,28,28,28,55,55,80,80,80],"floor_reached":51,"language":"ZHS","playtime":2423,"items_purged":["Strike_R"],"score":909,"play_id":"e68f9fed-e83b-4237-81b6-af76338e847b","local_time":"20210130112430","is_ascension_mode":true,"campfire_choices":[{"data":"Whirlwind","floor":7.0,"key":"SMITH"},{"data":"Bash","floor":11.0,"key":"SMITH"},{"data":"Perfected Strike","floor":15.0,"key":"PURGE"},{"floor":29.0,"key":"DIG"},{"floor":32,"key":"DIG"},{"floor":40,"key":"DIG"},{"floor":45,"key":"DIG"},{"floor":49,"key":"DIG"}],"circlet_count":0,"master_deck":["Strike_R+1","Strike_R","Defend_R","Defend_R+1","Bash+1","Flame Barrier","Brutality+1","Whirlwind+1","Offering","Warcry+1","Disarm","Double Tap","Armaments+1","REME_ACTH","Spot Weakness+1","True Grit+1","Intimidate+1","True Grit+1","Limit Break","Madness","Madness","Double Tap"],"relics":["Burning Blood","REME_ComplimentaryCards","NeowsBlessing","Prayer Wheel","ReplayTheSpireMod:Ring of Collecting","Pen Nib","King of Hearts","Simple Rune","ReplayTheSpireMod:Ring of Addiction","SacredBark","White Beast Statue","Sling","Calipers","Fusion Hammer","ReplayTheSpireMod:Ring of Exchange","Shovel","Juzu Bracelet","Brimstone","Frozen Egg 2","Ring of Fury","Pondfish Scales","Regal Pillow","Sundial","MutagenicStrength","reliquary:OuijaBoard","Black Star","StrikeDummy","Oddly Smooth Stone","REME_HourglassOfDeath","Prayer Wheel","Replay:Multitool","ReplayTheSpireMod:Ninjato","Red Mask","reliquary:JackalopeAntler","Pantograph","Ring of Panic","reliquary:SharkskinSheath","Mirror","reliquary:RoseTintedGlasses","Pet Ghost","Orichalcum","Anchor","Replay:Ringing Soul"],"acts_visited":["Exordium","TheCity","TheBeyond"],"potions_floor_usage":[33,33,36,39,42,50],"damage_taken":[{"damage":5.0,"enemies":"Small Slimes","floor":1.0,"turns":3.0},{"damage":0.0,"enemies":"Lagavulin","floor":6.0,"turns":1.0},{"damage":0.0,"enemies":"3 Sentries","floor":8.0,"turns":2.0},{"damage":19.0,"enemies":"Lagavulin","floor":12.0,"turns":5.0},{"damage":0.0,"enemies":"2 Louse","floor":14.0,"turns":1.0},{"damage":20.0,"enemies":"The Guardian","floor":16.0,"turns":13.0},{"damage":7.0,"enemies":"Shell Parasite","floor":18.0,"turns":2.0},{"damage":8.0,"enemies":"Spheric Guardian","floor":21.0,"turns":3.0},{"damage":0.0,"enemies":"Centurion and Healer","floor":22.0,"turns":1.0},{"damage":7.0,"enemies":"REME_1_Revenger","floor":23.0,"turns":2.0},{"damage":10.0,"enemies":"Book of Stabbing","floor":25.0,"turns":3.0},{"damage":7.0,"enemies":"REME_1_Revenger","floor":27.0,"turns":2.0},{"damage":12,"enemies":"Automaton","floor":33,"turns":4},{"damage":5,"enemies":"3 Shapes","floor":35,"turns":3},{"damage":6,"enemies":"Mind Bloom Boss Battle","floor":38,"turns":5},{"damage":17,"enemies":"2 Orb Walkers","floor":39,"turns":3},{"damage":10,"enemies":"R_Hoarder","floor":42,"turns":5},{"damage":0,"enemies":"Reptomancer","floor":46,"turns":1},{"damage":15,"enemies":"Nemesis","floor":48,"turns":7},{"damage":18,"enemies":"Replay:Hell Engine","floor":50,"turns":4}],"seed_played":"-4185765507330830022","potions_obtained":[{"floor":8.0,"key":"Adrenaline Potion"},{"floor":9.0,"key":"EntropicBrew"},{"floor":9.0,"key":"ColorlessPotion"},{"floor":12.0,"key":"Strength Potion"},{"floor":14.0,"key":"LiquidMemories"},{"floor":18.0,"key":"FearPotion"},{"floor":21.0,"key":"SmokeBomb"},{"floor":23.0,"key":"Milkshake"},{"floor":25.0,"key":"Swift Potion"},{"floor":27.0,"key":"Adrenaline Potion"},{"floor":33,"key":"REME_GoldPotion"},{"floor":35,"key":"ColorlessPotion"},{"floor":37,"key":"Explosive Potion"},{"floor":39,"key":"FairyPotion"},{"floor":42,"key":"Weak Potion"},{"floor":46,"key":"Adrenaline Potion"},{"floor":48,"key":"Swift Potion"}],"is_trial":false,"path_per_floor":["M","M","?","?","M","E","R","E","T","$","R","E","?","M","R","B",null,"M","?","T","M","M","E","$","E","T","E","M","R","M","?","R","B",null,"M","$","?","?","?","R","?","E","T","?","R","E","?","E","R","B",null],"character_chosen":"IRONCLAD","items_purchased":["Sling","Brimstone","StrikeDummy","Oddly Smooth Stone"],"campfire_rested":0,"item_purchase_floors":[10,24,36,36],"current_hp_per_floor":[80,80,80,80,80,80,80,80,80,80,80,67,80,80,80,64,78,77,77,77,75,78,77,77,73,73,72,72,72,72,65,65,59,76,76,76,57,57,46,46,46,42,42,42,42,48,39,30,30,43],"gold":80,"neow_bonus":"THREE_ENEMY_KILL","is_daily":false,"chose_seed":false,"campfire_upgraded":2,"win_rate":0.0,"timestamp":1611977070,"path_taken":["M","?","?","?","?","E","R","E","T","$","R","E","?","?","R","BOSS","M","?","?","?","?","E","$","E","T","E","?","R","?","?","R","BOSS","M","$","?","?","?","R","?","E","T","?","R","E","?","E","R","BOSS"],"items_purchased_type":["Relic","Relic","Relic","Relic"],"build_version":"2020-12-22","purchased_purges":1,"victory":true,"max_hp_per_floor":[80,80,80,80,80,80,80,80,80,80,80,80,80,80,80,78,78,78,78,78,78,78,78,78,78,78,78,78,78,78,78,76,76,76,76,76,76,76,76,76,76,76,76,76,76,74,74,74,72,72],"relic_stats":{"Regal Pillow":0,"Shovel":5,"counters":[20,70],"Sundial":[8],"Pantograph":25,"Prayer Wheel":5,"Pen Nib":[10],"Juzu Bracelet":1,"Black Star":3,"Orichalcum":[0],"obtain_stats":[{"reliquary:OuijaBoard":32,"ReplayTheSpireMod:Ring of Exchange":20,"Regal Pillow":27,"Calipers":12,"SacredBark":9,"King of Hearts":8,"Juzu Bracelet":23,"Replay:Multitool":39,"Sling":10,"Burning Blood":0,"Pet Ghost":46,"Replay:Ringing Soul":49,"Shovel":20,"Sundial":29,"Pantograph":42,"Prayer Wheel":1,"Fusion Hammer":17,"reliquary:RoseTintedGlasses":46,"Red Mask":41,"Ring of Panic":43,"reliquary:SharkskinSheath":43,"ReplayTheSpireMod:Ninjato":40,"NeowsBlessing":0,"ReplayTheSpireMod:Ring of Addiction":9,"Oddly Smooth Stone":36,"Pen Nib":6,"Frozen Egg 2":25,"Orichalcum":48,"White Beast Statue":9,"reliquary:JackalopeAntler":42,"Pondfish Scales":26,"Anchor":48,"REME_HourglassOfDeath":37,"Brimstone":24,"ReplayTheSpireMod:Ring of Collecting":2,"MutagenicStrength":30,"Simple Rune":9,"Ring of Fury":26,"Black Star":34,"StrikeDummy":36,"Mirror":45,"REME_ComplimentaryCards":0},{"reliquary:OuijaBoard":12,"ReplayTheSpireMod:Ring of Exchange":7,"Regal Pillow":12,"Calipers":4,"SacredBark":3,"King of Hearts":3,"Juzu Bracelet":10,"Replay:Multitool":16,"Sling":3,"Burning Blood":0,"Pet Ghost":18,"Replay:Ringing Soul":19,"Shovel":7,"Sundial":12,"Pantograph":17,"Prayer Wheel":1,"Fusion Hammer":6,"reliquary:RoseTintedGlasses":18,"Red Mask":16,"Ring of Panic":17,"reliquary:SharkskinSheath":17,"ReplayTheSpireMod:Ninjato":16,"NeowsBlessing":0,"ReplayTheSpireMod:Ring of Addiction":3,"Oddly Smooth Stone":14,"Pen Nib":2,"Frozen Egg 2":11,"Orichalcum":19,"White Beast Statue":3,"reliquary:JackalopeAntler":17,"Pondfish Scales":11,"Anchor":19,"REME_HourglassOfDeath":14,"Brimstone":10,"ReplayTheSpireMod:Ring of Collecting":1,"MutagenicStrength":12,"Simple Rune":3,"Ring of Fury":11,"Black Star":13,"StrikeDummy":14,"Mirror":17,"REME_ComplimentaryCards":0},{"reliquary:OuijaBoard":38,"ReplayTheSpireMod:Ring of Exchange":27,"Regal Pillow":38,"Calipers":11,"SacredBark":6,"King of Hearts":6,"Juzu Bracelet":33,"Replay:Multitool":53,"Sling":6,"Burning Blood":0,"Pet Ghost":59,"Replay:Ringing Soul":66,"Shovel":27,"Sundial":38,"Pantograph":58,"Prayer Wheel":2,"Fusion Hammer":25,"reliquary:RoseTintedGlasses":59,"Red Mask":53,"Ring of Panic":58,"reliquary:SharkskinSheath":58,"ReplayTheSpireMod:Ninjato":53,"NeowsBlessing":0,"ReplayTheSpireMod:Ring of Addiction":6,"Oddly Smooth Stone":45,"Pen Nib":4,"Frozen Egg 2":36,"Orichalcum":66,"White Beast Statue":6,"reliquary:JackalopeAntler":58,"Pondfish Scales":36,"Anchor":66,"REME_HourglassOfDeath":45,"Brimstone":33,"ReplayTheSpireMod:Ring of Collecting":3,"MutagenicStrength":38,"Simple Rune":6,"Ring of Fury":36,"Black Star":42,"StrikeDummy":45,"Mirror":58,"REME_ComplimentaryCards":0}],"Burning Blood":97},"card_choices":[{"not_picked":["True Grit","ReplayTheSpireMod:Muscle Training"],"picked":"Flame Barrier","floor":1.0},{"not_picked":["Clash","Wild Strike"],"picked":"Perfected Strike","floor":1.0},{"not_picked":["Shockwave","Flex"],"picked":"Whirlwind","floor":6.0},{"not_picked":["Cleave","Defy Death","Sword Boomerang"],"picked":"SKIP","floor":8.0},{"not_picked":["Cleave","Heavy Blade","Wild Strike"],"picked":"SKIP","floor":12.0},{"not_picked":["Dropkick","Brutality","Body Slam"],"picked":"SKIP","floor":14.0},{"not_picked":["Clash","Infernal Blade","Perfected Strike"],"picked":"SKIP","floor":14.0},{"not_picked":["Juggernaut","Impervious"],"picked":"Offering","floor":16.0},{"not_picked":["Cleave","Headbutt"],"picked":"Warcry+1","floor":18.0},{"not_picked":["Cleave","Thunderclap+1","ReplayTheSpireMod:Muscle Training"],"picked":"SKIP","floor":18.0},{"not_picked":["Armaments","Iron Wave+1"],"picked":"Disarm","floor":21.0},{"not_picked":["Twin Strike+1","Cleave+1","ReplayTheSpireMod:Stacked"],"picked":"SKIP","floor":21.0},{"not_picked":["Anger","Havoc"],"picked":"Double Tap","floor":23.0},{"not_picked":["Cleave+1","Armaments","True Grit"],"picked":"SKIP","floor":25.0},{"not_picked":["Pommel Strike","Flame Barrier"],"picked":"Armaments+1","floor":27.0},{"not_picked":["Double Tap","Replay:Many Hands"],"picked":"REME_ACTH","floor":33},{"not_picked":["Armaments","True Grit+1"],"picked":"Spot Weakness+1","floor":35},{"not_picked":["Run Through+1","Iron Wave","Thunderclap+1"],"picked":"SKIP","floor":35},{"not_picked":["Pommel Strike","Body Slam"],"picked":"True Grit+1","floor":37},{"not_picked":["Combust+1","ReplayTheSpireMod:Corrosion Curse+1"],"picked":"Intimidate+1","floor":38},{"not_picked":["Combust+1","True Grit+1","Infernal Blade+1"],"picked":"SKIP","floor":42},{"not_picked":["Combust+1","Infernal Blade+1"],"picked":"True Grit+1","floor":42},{"not_picked":["Eclipse","Sever Soul+1","Replay:Undeath\u0027s Touch"],"picked":"SKIP","floor":46},{"not_picked":["Sword Boomerang+1","Perfected Strike+1"],"picked":"Double Tap","floor":48}],"player_experience":99237,"relics_obtained":[{"floor":2.0,"key":"ReplayTheSpireMod:Ring of Collecting"},{"floor":6.0,"key":"Pen Nib"},{"floor":8.0,"key":"King of Hearts"},{"floor":9.0,"key":"Simple Rune"},{"floor":9.0,"key":"ReplayTheSpireMod:Ring of Addiction"},{"floor":9.0,"key":"SacredBark"},{"floor":9.0,"key":"White Beast Statue"},{"floor":12.0,"key":"Calipers"},{"floor":20.0,"key":"ReplayTheSpireMod:Ring of Exchange"},{"floor":20.0,"key":"Shovel"},{"floor":23.0,"key":"Juzu Bracelet"},{"floor":25.0,"key":"Frozen Egg 2"},{"floor":26.0,"key":"Ring of Fury"},{"floor":26.0,"key":"Pondfish Scales"},{"floor":27.0,"key":"Regal Pillow"},{"floor":29.0,"key":"Sundial"},{"floor":32,"key":"reliquary:OuijaBoard"},{"floor":37,"key":"REME_HourglassOfDeath"},{"floor":38,"key":"Prayer Wheel"},{"floor":39,"key":"Replay:Multitool"},{"floor":40,"key":"ReplayTheSpireMod:Ninjato"},{"floor":42,"key":"reliquary:JackalopeAntler"},{"floor":42,"key":"Pantograph"},{"floor":43,"key":"Ring of Panic"},{"floor":43,"key":"reliquary:SharkskinSheath"},{"floor":45,"key":"Mirror"},{"floor":46,"key":"reliquary:RoseTintedGlasses"},{"floor":46,"key":"Pet Ghost"},{"floor":48,"key":"Orichalcum"},{"floor":48,"key":"Anchor"},{"floor":49,"key":"Replay:Ringing Soul"}],"event_choices":[{"damage_healed":0.0,"max_hp_gain":0.0,"max_hp_loss":0.0,"gold_gain":0.0,"event_name":"Liars Game","player_choice":"Ignored","floor":5.0,"gold_loss":0.0,"damage_taken":0.0},{"damage_healed":13.0,"max_hp_gain":0.0,"max_hp_loss":0.0,"gold_gain":0.0,"event_name":"Wheel of Change","player_choice":"Full Heal","floor":13.0,"gold_loss":0.0,"damage_taken":0.0},{"cards_removed":["Strike_R"],"damage_healed":0.0,"max_hp_gain":0.0,"max_hp_loss":0.0,"gold_gain":0.0,"event_name":"Beggar","player_choice":"Gave Gold","floor":19.0,"gold_loss":75.0,"damage_taken":0.0},{"damage_healed":0.0,"max_hp_gain":0.0,"max_hp_loss":0.0,"gold_gain":99.0,"event_name":"Nest","player_choice":"Stole From Cult","floor":28.0,"gold_loss":0.0,"damage_taken":0.0},{"damage_healed":0,"gold_gain":0,"player_choice":"Inject Mutagens","damage_taken":0,"relics_obtained":["MutagenicStrength"],"max_hp_gain":0,"max_hp_loss":0,"event_name":"Drug Dealer","floor":30,"gold_loss":0},{"damage_healed":0,"gold_gain":75,"player_choice":"Touch","damage_taken":7,"max_hp_gain":0,"max_hp_loss":0,"event_name":"FaceTrader","floor":31,"gold_loss":0},{"damage_healed":0,"gold_gain":0,"player_choice":"Fight","damage_taken":0,"max_hp_gain":0,"max_hp_loss":0,"event_name":"MindBloom","floor":38,"gold_loss":0},{"damage_healed":0,"gold_gain":0,"player_choice":"Fight","damage_taken":0,"max_hp_gain":0,"max_hp_loss":0,"event_name":"Mysterious Sphere","floor":39,"gold_loss":0},{"damage_healed":0,"gold_gain":0,"player_choice":"Paid","damage_taken":0,"relics_obtained":["Red Mask"],"max_hp_gain":0,"max_hp_loss":0,"event_name":"Tomb of Lord Red Mask","floor":41,"gold_loss":168},{"damage_healed":0,"gold_gain":0,"cards_transformed":["Defend_R"],"player_choice":"Transformed","damage_taken":0,"max_hp_gain":0,"max_hp_loss":0,"event_name":"Transmorgrifier","floor":44,"gold_loss":0,"cards_obtained":["Limit Break"]},{"damage_healed":0,"gold_gain":0,"player_choice":"Embrace Madness","damage_taken":9,"max_hp_gain":0,"max_hp_loss":0,"event_name":"Winding Halls","floor":47,"gold_loss":0,"cards_obtained":["Madness","Madness"]}],"is_beta":false,"boss_relics":[{"not_picked":["Runic Cube","Snecko Eye"],"picked":"Fusion Hammer"},{"not_picked":["REME_OnlineShoppingPlatform","reliquary:RedPaperclip"],"picked":"Black Star"}],"items_purged_floors":[36],"is_endless":false,"potions_floor_spawned":[8,12,14,16,18,21,22,23,25,27,33,35,38,39,42,46,48],"ascension_level":1}}