{"host":"1vfpjvae9xcvmh7u","time":1611992854,"event":{"mods":["BaseMod","Downfall","Hermit","Hubris","Minty Spire (QoL Compilation)","Reliquary","StSLib","The Cursed","The Forsaken","TheSurvivalist"],"gold_per_floor":[117,136,136,96,96,96,123,123,123,123,136,197,223,398,398,496,496,511,525,525,475,485,485,495,70,70,82,82,82,113,125,125,125,125],"floor_reached":33,"language":"ENG","playtime":1545,"items_purged":["Doubt"],"score":312,"play_id":"be2ae733-fde1-46c0-b27c-a4a1d08c1808","local_time":"20210129234734","is_ascension_mode":true,"campfire_choices":[{"floor":6,"key":"REST"},{"floor":8,"key":"REST"},{"floor":10,"key":"REST"},{"floor":15,"key":"REST"},{"floor":23,"key":"REST"},{"floor":28,"key":"REST"},{"floor":32,"key":"REST"}],"circlet_count":0,"master_deck":["survmod:Strike+1","survmod:Strike+1","survmod:Strike+1","survmod:Strike+1","survmod:Defend+1","survmod:Defend+1","survmod:Defend+1","survmod:Defend+1","survmod:VersatileOffense","survmod:Sprint","survmod:DuckAndFlare","survmod:AcidTrap","survmod:SurpriseTrap+1","survmod:GoForFace","survmod:GoForFace","survmod:PenetratingShot","survmod:MutantEnergy","survmod:GoForFace","survmod:AimForTheLiver+1","survmod:FenceTrap","survmod:RejectWeakness","survmod:GoForFace","survmod:PiercingShot+1","survmod:ChokingBow","survmod:Adaptability"],"relics":["Fusion Hammer","Regal Pillow","reliquary:ExpiredCoupon","hubris:CuriousFeather","reliquary:RosewoodLute","Cursed Key","Bag of Marbles","Tiny Chest","Bird Faced Urn","Smiling Mask"],"acts_visited":["Exordium","TheCity"],"potions_floor_usage":[7,16,16,24,33],"damage_taken":[{"damage":0,"enemies":"Cultist","floor":1,"turns":3},{"damage":0,"enemies":"Small Slimes","floor":2,"turns":3},{"damage":1,"enemies":"Lagavulin","floor":7,"turns":6},{"damage":0,"enemies":"2 Louse","floor":11,"turns":3},{"damage":2,"enemies":"3 Sentries","floor":12,"turns":6},{"damage":9,"enemies":"Gremlin Nob","floor":13,"turns":4},{"damage":18,"enemies":"The Guardian","floor":16,"turns":11},{"damage":2,"enemies":"Spheric Guardian","floor":18,"turns":6},{"damage":0,"enemies":"Chosen","floor":19,"turns":4},{"damage":4,"enemies":"Snake Plant","floor":22,"turns":3},{"damage":5,"enemies":"Sentry and Sphere","floor":24,"turns":4},{"damage":14,"enemies":"Snecko","floor":27,"turns":6},{"damage":7,"enemies":"Gremlin Leader","floor":30,"turns":5},{"damage":7,"enemies":"Centurion and Healer","floor":31,"turns":7},{"damage":57,"enemies":"hubris:MusketHawk","floor":33,"turns":7}],"seed_played":"-5403157811756681282","potions_obtained":[{"floor":2,"key":"champ:CounterPotion"},{"floor":11,"key":"GamblersBrew"},{"floor":13,"key":"CultistPotion"},{"floor":22,"key":"champ:CounterPotion"},{"floor":31,"key":"CultistPotion"}],"is_trial":false,"path_per_floor":["M","M","?","$","?","R","E","R","T","R","M","?","E","?","R","B",null,"M","M","?","?","M","R","M","$","T","M","R","?","E","M","R","B"],"character_chosen":"THE_SURVIVOR","items_purchased":["survmod:SurpriseTrap","Bag of Marbles","Tiny Chest","survmod:GoForFace"],"campfire_rested":7,"item_purchase_floors":[4,25,25,25],"current_hp_per_floor":[50,50,50,50,50,50,49,50,50,50,50,48,39,39,50,32,50,48,48,48,48,44,50,45,45,45,40,50,50,46,49,50,0,0],"gold":125,"neow_bonus":"BOSS_RELIC","is_daily":false,"chose_seed":false,"campfire_upgraded":0,"win_rate":0.0,"timestamp":1611992854,"path_taken":["M","?","?","$","?","R","E","R","T","R","M","?","E","?","R","BOSS","M","M","?","?","M","R","?","$","T","M","R","?","E","M","R","BOSS"],"items_purchased_type":["Card","Relic","Relic","Card"],"build_version":"2020-12-22","purchased_purges":1,"victory":false,"max_hp_per_floor":[50,50,50,50,50,50,50,50,50,50,50,50,50,50,50,50,50,50,50,50,50,50,50,50,50,50,50,50,50,50,50,50,50,50],"card_choices":[{"not_picked":["survmod:NockAnArrow","survmod:KnowThyEnemy"],"picked":"survmod:DuckAndFlare","floor":1},{"not_picked":["survmod:SkillfulManeuver","survmod:OverexertingShot"],"picked":"survmod:AcidTrap","floor":2},{"not_picked":["survmod:OverwhelmingAssault","survmod:MarkedFromAfar"],"picked":"survmod:GoForFace","floor":7},{"not_picked":["survmod:FlareQuiver","survmod:SimpleMutation"],"picked":"survmod:GoForFace","floor":11},{"not_picked":["survmod:MarkedShot","survmod:AcidTrap"],"picked":"survmod:PenetratingShot","floor":13},{"not_picked":["survmod:DeadlyAim","survmod:ChokingBow"],"picked":"survmod:MutantEnergy","floor":16},{"not_picked":["survmod:MarkedShot","survmod:FlashbangShot+1"],"picked":"survmod:GoForFace","floor":18},{"not_picked":["survmod:Marksmanship+1","survmod:DuckAndFlare"],"picked":"survmod:AimForTheLiver+1","floor":19},{"not_picked":["survmod:TacticalManeuver","survmod:FindCover"],"picked":"survmod:FenceTrap","floor":22},{"not_picked":["survmod:BearTrap+1","survmod:TwinShot"],"picked":"survmod:RejectWeakness","floor":24},{"not_picked":["survmod:SwiftKick","survmod:TwinShot"],"picked":"survmod:PiercingShot+1","floor":27},{"not_picked":["survmod:Hawkeye+1","survmod:MarkedFromAfar"],"picked":"survmod:ChokingBow","floor":30},{"not_picked":["survmod:SimpleMutation","survmod:SwiftKick+1"],"picked":"survmod:Adaptability","floor":31}],"player_experience":1630334,"relics_obtained":[{"floor":7,"key":"Regal Pillow"},{"floor":9,"key":"reliquary:ExpiredCoupon"},{"floor":13,"key":"reliquary:RosewoodLute"},{"floor":26,"key":"Bird Faced Urn"},{"floor":30,"key":"Smiling Mask"}],"event_choices":[{"damage_healed":0,"gold_gain":0,"player_choice":"Searched \u00272\u0027 times","damage_taken":0,"relics_obtained":["hubris:CuriousFeather"],"max_hp_gain":0,"max_hp_loss":0,"event_name":"Dead Adventurer","floor":12,"gold_loss":0},{"damage_healed":0,"gold_gain":175,"player_choice":"AGREE","damage_taken":0,"max_hp_gain":0,"max_hp_loss":0,"event_name":"Liars Game","floor":14,"gold_loss":0,"cards_obtained":["Doubt"]},{"damage_healed":0,"gold_gain":0,"player_choice":"Simplicity","damage_taken":0,"max_hp_gain":0,"max_hp_loss":0,"event_name":"Back to Basics","floor":20,"gold_loss":0,"cards_upgraded":["survmod:Strike","survmod:Strike","survmod:Strike","survmod:Strike","survmod:Defend","survmod:Defend","survmod:Defend","survmod:Defend"]},{"damage_healed":0,"gold_gain":0,"player_choice":"Bet on Murderer","damage_taken":0,"max_hp_gain":0,"max_hp_loss":0,"event_name":"The Joust","floor":21,"gold_loss":50},{"cards_removed":["Decay"],"damage_healed":0,"gold_gain":0,"player_choice":"Removed Curses","damage_taken":0,"max_hp_gain":0,"max_hp_loss":0,"event_name":"Fountain of Cleansing","floor":29,"gold_loss":0}],"is_beta":false,"boss_relics":[{"not_picked":["hubris:Backtick","hubris:ScarierMask"],"picked":"Cursed Key"}],"items_purged_floors":[25],"is_endless":false,"potions_floor_spawned":[2,11,13,22,31],"killed_by":"hubris:MusketHawk","ascension_level":1}}