{"host":"sc0o2qwpf9j16a4i","time":1611992730,"event":{"mods":["AchievementEnabler","BaseMod","BetterRewards","Block Reminder","Colored Map","Colored Powertips","Custom Start","Highlight Path","Minty Spire (QoL Compilation)","Relic Stats"],"gold_per_floor":[119,137,137,87,107,107,138,164,164,183,203,203,1,31,31,132,132,151,151,151,171,15,15,47,65,65,94,94,105,5,19,19,121,121,131,181,181,191,202,202,236,256,256,289,22,53,72,84,84,84],"floor_reached":51,"language":"ENG","playtime":2592,"items_purged":["Defend_R","Strike_R"],"score":1137,"play_id":"698b1be4-77f9-4dd3-99b6-26357287c404","local_time":"20210130094530","daily_mods":["Heirloom","Blue Cards","Terminal"],"is_ascension_mode":false,"campfire_choices":[{"data":"Whirlwind","floor":6,"key":"SMITH"},{"data":"Armaments","floor":15,"key":"SMITH"},{"data":"Offering","floor":23,"key":"SMITH"},{"data":"Offering","floor":28,"key":"SMITH"},{"data":"Offering","floor":32,"key":"SMITH"},{"data":"Hologram","floor":40,"key":"SMITH"},{"data":"Feel No Pain","floor":49,"key":"SMITH"}],"circlet_count":0,"master_deck":["Strike_R","Defend_R","Defend_R","Defend_R","Bash","Undo","Beam Cell","Whirlwind+1","Barricade","Hologram","Shockwave","Armaments+1","Offering+1","FTL","Echo Form","Offering+1","Skim+1","Ghostly Armor+1","Heatsinks","Sword Boomerang","White Noise","Sweeping Beam","Corruption","Hologram+1","Offering+1","Stack","Exhume","Shrug It Off","Evolve+1","True Grit","Feel No Pain+1","Leap"],"relics":["Burning Blood","Gambling Chip","PreservedInsect","Odd Mushroom","Letter Opener","Art of War","Philosopher\u0027s Stone","Meat on the Bone","Orrery","Dream Catcher","Ornamental Fan","Happy Flower","Busted Crown","Anchor","Centennial Puzzle","Incense Burner","Peace Pipe","Strange Spoon","Akabeko"],"acts_visited":["Exordium","TheCity","TheBeyond"],"potions_floor_usage":[7,11,16,24,24,35,46,50,50,50],"damage_taken":[{"damage":2,"enemies":"Cultist","floor":1,"turns":5},{"damage":0,"enemies":"2 Louse","floor":2,"turns":3},{"damage":0,"enemies":"Small Slimes","floor":5,"turns":3},{"damage":0,"enemies":"3 Sentries","floor":7,"turns":3},{"damage":3,"enemies":"The Mushroom Lair","floor":8,"turns":2},{"damage":0,"enemies":"Looter","floor":10,"turns":4},{"damage":1,"enemies":"Blue Slaver","floor":11,"turns":5},{"damage":5,"enemies":"Gremlin Nob","floor":14,"turns":3},{"damage":14,"enemies":"Hexaghost","floor":16,"turns":10},{"damage":6,"enemies":"2 Thieves","floor":18,"turns":5},{"damage":12,"enemies":"Chosen","floor":21,"turns":3},{"damage":12,"enemies":"Slavers","floor":24,"turns":4},{"damage":12,"enemies":"Snecko","floor":25,"turns":3},{"damage":12,"enemies":"Gremlin Leader","floor":27,"turns":4},{"damage":18,"enemies":"Shelled Parasite and Fungi","floor":29,"turns":2},{"damage":12,"enemies":"Snake Plant","floor":31,"turns":3},{"damage":10,"enemies":"Automaton","floor":33,"turns":7},{"damage":12,"enemies":"3 Darklings","floor":35,"turns":4},{"damage":12,"enemies":"3 Shapes","floor":38,"turns":2},{"damage":0,"enemies":"Jaw Worm Horde","floor":39,"turns":2},{"damage":12,"enemies":"Reptomancer","floor":41,"turns":7},{"damage":12,"enemies":"Spire Growth","floor":42,"turns":3},{"damage":12,"enemies":"Nemesis","floor":44,"turns":5},{"damage":18,"enemies":"Giant Head","floor":46,"turns":9},{"damage":6,"enemies":"4 Shapes","floor":47,"turns":8},{"damage":0,"enemies":"Maw","floor":48,"turns":12},{"damage":24,"enemies":"Awakened One","floor":50,"turns":15}],"seed_played":"8006920575592723236","potions_obtained":[{"floor":2,"key":"Weak Potion"},{"floor":5,"key":"Strength Potion"},{"floor":8,"key":"Dexterity Potion"},{"floor":11,"key":"Regen Potion"},{"floor":16,"key":"Dexterity Potion"},{"floor":21,"key":"SkillPotion"},{"floor":25,"key":"DistilledChaos"},{"floor":31,"key":"Block Potion"},{"floor":39,"key":"ElixirPotion"},{"floor":47,"key":"ColorlessPotion"},{"floor":48,"key":"HeartOfIron"}],"is_trial":true,"path_per_floor":["M","M","?","?","M","R","E","?","T","M","M","?","$","E","R","B",null,"M","?","?","M","$","R","E","M","T","E","R","M","$","M","R","B",null,"M","T","?","M","M","R","E","M","T","E","$","E","M","M","R","B",null],"character_chosen":"IRONCLAD","items_purchased":["Offering","PowerPotion","Orrery","Feel No Pain","Strange Spoon","Leap"],"campfire_rested":0,"item_purchase_floors":[13,13,22,45,45,45],"current_hp_per_floor":[78,77,70,70,74,73,72,71,70,69,68,72,71,70,69,61,67,66,65,64,58,58,58,60,54,54,48,48,36,36,42,42,38,50,44,44,44,38,44,44,38,32,32,38,38,26,26,32,32,26],"gold":84,"neow_bonus":"","is_daily":false,"chose_seed":false,"campfire_upgraded":7,"win_rate":0.0,"timestamp":1611992730,"path_taken":["M","M","?","?","M","R","E","?","T","M","M","?","$","E","R","BOSS","M","?","?","M","$","R","E","M","T","E","R","M","$","?","R","BOSS","M","?","?","M","M","R","E","?","T","E","$","E","M","M","R","BOSS"],"items_purchased_type":["Card","Potion","Relic","Card","Relic","Card"],"build_version":"2020-12-22","purchased_purges":2,"victory":true,"max_hp_per_floor":[78,77,76,75,74,73,72,71,70,69,68,72,71,70,69,68,67,66,65,64,63,62,61,60,59,58,57,56,55,54,53,52,51,50,49,48,47,46,45,44,43,42,41,40,39,38,37,36,35,34],"relic_stats":{"Happy Flower":[26],"counters":[27,136],"PreservedInsect":338,"Letter Opener":[628],"Burning Blood":127,"Peace Pipe":0,"Strange Spoon":[13],"Dream Catcher":0,"Centennial Puzzle":[15],"Busted Crown":18,"Ornamental Fan":[52],"Gambling Chip":[80],"Art of War":[35],"obtain_stats":[{"Happy Flower":27,"PreservedInsect":7,"Incense Burner":43,"Letter Opener":9,"Odd Mushroom":8,"Burning Blood":0,"Akabeko":46,"Peace Pipe":44,"Strange Spoon":45,"Dream Catcher":24,"Anchor":36,"Centennial Puzzle":41,"Busted Crown":34,"Ornamental Fan":26,"Gambling Chip":0,"Orrery":22,"Philosopher\u0027s Stone":17,"Art of War":14,"Meat on the Bone":19},{"Happy Flower":14,"PreservedInsect":4,"Incense Burner":22,"Letter Opener":5,"Odd Mushroom":5,"Burning Blood":0,"Akabeko":24,"Peace Pipe":23,"Strange Spoon":23,"Dream Catcher":12,"Anchor":18,"Centennial Puzzle":21,"Busted Crown":17,"Ornamental Fan":13,"Gambling Chip":0,"Orrery":11,"Philosopher\u0027s Stone":9,"Art of War":8,"Meat on the Bone":10},{"Happy Flower":57,"PreservedInsect":14,"Incense Burner":87,"Letter Opener":16,"Odd Mushroom":16,"Burning Blood":0,"Akabeko":101,"Peace Pipe":92,"Strange Spoon":92,"Dream Catcher":50,"Anchor":73,"Centennial Puzzle":84,"Busted Crown":69,"Ornamental Fan":53,"Gambling Chip":0,"Orrery":46,"Philosopher\u0027s Stone":38,"Art of War":28,"Meat on the Bone":43}],"Meat on the Bone":36},"card_choices":[{"not_picked":["Gash","Compile Driver"],"picked":"Undo","floor":1},{"not_picked":["Evolve","Leap"],"picked":"Beam Cell","floor":2},{"not_picked":["Doom and Gloom","Redo"],"picked":"Whirlwind","floor":5},{"not_picked":["Go for the Eyes","Fusion"],"picked":"Barricade","floor":7},{"not_picked":["Anger","Steam"],"picked":"Hologram","floor":8},{"not_picked":["Self Repair","Second Wind"],"picked":"Shockwave","floor":10},{"not_picked":["Intimidate","Barrage"],"picked":"Armaments","floor":11},{"not_picked":["Rebound","Amplify"],"picked":"FTL","floor":14},{"not_picked":["Limit Break","Hyperbeam"],"picked":"Echo Form","floor":16},{"not_picked":["FTL","Pommel Strike+1","Melter"],"picked":"SKIP","floor":18},{"not_picked":["Defragment+1","Hello World+1"],"picked":"Skim+1","floor":21},{"not_picked":["Fusion","Consume"],"picked":"Ghostly Armor+1","floor":22},{"not_picked":["Searing Blow","Redo"],"picked":"Heatsinks","floor":22},{"not_picked":["Blizzard","Barrage"],"picked":"Sword Boomerang","floor":22},{"not_picked":["Reckless Charge","Body Slam"],"picked":"White Noise","floor":22},{"not_picked":["Wild Strike","Beam Cell"],"picked":"Sweeping Beam","floor":22},{"not_picked":["Inflame+1","Leap"],"picked":"Corruption","floor":24},{"not_picked":["Clash","Reckless Charge"],"picked":"Hologram","floor":25},{"not_picked":["Beam Cell","Static Discharge"],"picked":"Offering","floor":27},{"not_picked":["Capacitor+1","Melter+1"],"picked":"Stack","floor":29},{"not_picked":["Perfected Strike","Clash+1","Coolheaded"],"picked":"SKIP","floor":31},{"not_picked":["Demon Form","Amplify"],"picked":"Exhume","floor":33},{"not_picked":["Defragment"],"picked":"SKIP","floor":35},{"not_picked":[],"picked":"Shrug It Off","floor":38},{"not_picked":[],"picked":"Evolve+1","floor":39},{"not_picked":["Clothesline"],"picked":"SKIP","floor":41},{"not_picked":["Gash+1"],"picked":"SKIP","floor":42},{"not_picked":[],"picked":"True Grit","floor":44},{"not_picked":["Skim"],"picked":"SKIP","floor":46},{"not_picked":["Pummel"],"picked":"SKIP","floor":47},{"not_picked":["Sweeping Beam"],"picked":"SKIP","floor":48}],"player_experience":1064777,"relics_obtained":[{"floor":7,"key":"PreservedInsect"},{"floor":8,"key":"Odd Mushroom"},{"floor":9,"key":"Letter Opener"},{"floor":14,"key":"Art of War"},{"floor":24,"key":"Dream Catcher"},{"floor":26,"key":"Ornamental Fan"},{"floor":27,"key":"Happy Flower"},{"floor":36,"key":"Anchor"},{"floor":41,"key":"Centennial Puzzle"},{"floor":43,"key":"Incense Burner"},{"floor":44,"key":"Peace Pipe"},{"floor":46,"key":"Akabeko"}],"event_choices":[{"cards_removed":["Strike_R"],"damage_healed":0,"gold_gain":0,"player_choice":"Card Removal","damage_taken":7,"max_hp_gain":0,"max_hp_loss":0,"event_name":"Golden Wing","floor":3,"gold_loss":0},{"cards_removed":["Strike_R"],"damage_healed":0,"gold_gain":0,"player_choice":"Card Removal","damage_taken":0,"max_hp_gain":0,"max_hp_loss":0,"event_name":"The Cleric","floor":4,"gold_loss":50},{"damage_healed":0,"gold_gain":0,"player_choice":"Fought Mushrooms","damage_taken":0,"max_hp_gain":0,"max_hp_loss":0,"event_name":"Mushrooms","floor":8,"gold_loss":0},{"damage_healed":0,"gold_gain":0,"player_choice":"Donut","damage_taken":0,"max_hp_gain":5,"max_hp_loss":0,"event_name":"Big Fish","floor":12,"gold_loss":0},{"damage_healed":0,"gold_gain":0,"player_choice":"Opened","damage_taken":0,"relics_obtained":["Meat on the Bone"],"max_hp_gain":0,"max_hp_loss":0,"event_name":"The Mausoleum","floor":19,"gold_loss":0},{"damage_healed":0,"gold_gain":0,"player_choice":"Copied","damage_taken":0,"max_hp_gain":0,"max_hp_loss":0,"event_name":"Duplicator","floor":20,"gold_loss":0,"cards_obtained":["Offering"]},{"cards_removed":["Strike_R"],"damage_healed":0,"gold_gain":0,"player_choice":"Card Removal","damage_taken":0,"max_hp_gain":0,"max_hp_loss":0,"event_name":"Wheel of Change","floor":37,"gold_loss":0}],"is_beta":false,"boss_relics":[{"not_picked":["Tiny House","Runic Pyramid"],"picked":"Philosopher\u0027s Stone"},{"not_picked":["SlaversCollar","Cursed Key"],"picked":"Busted Crown"}],"items_purged_floors":[13,30],"is_endless":false,"potions_floor_spawned":[2,5,8,11,16,18,21,25,31,39,41,44,47,48],"ascension_level":0}}