{"host":"d61fcf2p3sjwe6yo","time":1611998505,"event":{"mods":["AchievementEnabler","BaseMod","Colored Map","Minty Spire (QoL Compilation)","StSLib","SuperFastMode"],"gold_per_floor":[20,20,35,35,47,47,81,94,149,149,164,164,184,210,210,284,284,297,48,48,48,48,48,62,62,116,143,143,143,156,190,190,268,268,284,284,297,297,297,297,326,326,349,360,360,377,404,28,28,28,28,28,28,54,54,54],"floor_reached":55,"language":"ENG","playtime":2133,"items_purged":["Strike_G"],"score":1556,"play_id":"421f9b35-5f06-43ff-ae7a-5dbb27b3fdae","local_time":"20210130122145","is_ascension_mode":true,"campfire_choices":[{"data":"Blade Dance","floor":6.0,"key":"SMITH"},{"data":"Blade Dance","floor":10.0,"key":"SMITH"},{"floor":12.0,"key":"REST"},{"data":"Finisher","floor":15.0,"key":"SMITH"},{"data":"Accuracy","floor":23.0,"key":"SMITH"},{"data":"Neutralize","floor":25.0,"key":"SMITH"},{"data":"Accuracy","floor":29,"key":"SMITH"},{"data":"Cloak And Dagger","floor":32,"key":"SMITH"},{"data":"Deep Breath","floor":40,"key":"SMITH"},{"floor":42,"key":"RECALL"},{"data":"Adrenaline","floor":45,"key":"SMITH"},{"floor":49,"key":"REST"},{"data":"PiercingWail","floor":52,"key":"SMITH"}],"circlet_count":0,"master_deck":["AscendersBane","Defend_G","Defend_G+1","Defend_G+1","Survivor","Neutralize+1","Blade Dance+1","Backstab","Blade Dance+1","Dash","Finisher+1","Die Die Die","Blur","Accuracy+1","Storm of Steel","PiercingWail+1","Accuracy+1","Terror","Cloak And Dagger+1","Adrenaline+1","Dodge and Roll+1","Accuracy+1","Blade Dance+1","Deep Breath+1","Footwork"],"relics":["Ring of the Snake","Pantograph","Toy Ornithopter","Snake Skull","Black Star","War Paint","Bag of Preparation","Kunai","Smiling Mask","Dream Catcher","Blue Candle","Sozu","Sundial","Centennial Puzzle","Ornamental Fan","Boot","Happy Flower","Medical Kit","HornCleat","Vajra"],"acts_visited":["Exordium","TheCity","TheBeyond","TheEnding"],"potions_floor_usage":[31,33,39],"damage_taken":[{"damage":0.0,"enemies":"2 Louse","floor":1.0,"turns":4.0},{"damage":7.0,"enemies":"Small Slimes","floor":3.0,"turns":4.0},{"damage":0.0,"enemies":"Cultist","floor":5.0,"turns":3.0},{"damage":54.0,"enemies":"Lagavulin","floor":7.0,"turns":7.0},{"damage":3.0,"enemies":"Looter","floor":8.0,"turns":2.0},{"damage":0.0,"enemies":"2 Fungi Beasts","floor":11.0,"turns":2.0},{"damage":4.0,"enemies":"Gremlin Gang","floor":13.0,"turns":4.0},{"damage":4.0,"enemies":"Gremlin Nob","floor":14.0,"turns":3.0},{"damage":44.0,"enemies":"The Guardian","floor":16.0,"turns":14.0},{"damage":4.0,"enemies":"3 Byrds","floor":18.0,"turns":5.0},{"damage":1.0,"enemies":"Spheric Guardian","floor":24.0,"turns":3.0},{"damage":7,"enemies":"Slavers","floor":27,"turns":4},{"damage":2,"enemies":"Snecko","floor":30,"turns":4},{"damage":23,"enemies":"Book of Stabbing","floor":31,"turns":3},{"damage":31,"enemies":"Champ","floor":33,"turns":8},{"damage":2,"enemies":"3 Darklings","floor":35,"turns":4},{"damage":0,"enemies":"3 Shapes","floor":37,"turns":4},{"damage":0,"enemies":"Transient","floor":39,"turns":3},{"damage":0,"enemies":"Giant Head","floor":41,"turns":4},{"damage":14,"enemies":"Maw","floor":44,"turns":3},{"damage":0,"enemies":"Spire Growth","floor":46,"turns":2},{"damage":0,"enemies":"Reptomancer","floor":47,"turns":4},{"damage":26,"enemies":"Donu and Deca","floor":50,"turns":6},{"damage":54,"enemies":"Shield and Spear","floor":54,"turns":3},{"damage":95,"enemies":"The Heart","floor":55,"turns":3}],"seed_played":"-665406801654793456","potions_obtained":[{"floor":3.0,"key":"Regen Potion"},{"floor":5.0,"key":"EssenceOfSteel"},{"floor":8.0,"key":"DuplicationPotion"},{"floor":11.0,"key":"SpeedPotion"},{"floor":18.0,"key":"SmokeBomb"},{"floor":24.0,"key":"Regen Potion"},{"floor":31,"key":"Poison Potion"}],"is_trial":false,"path_per_floor":["M","?","M","?","M","R","E","M","T","R","M","R","M","E","R","B",null,"M","$","?","?","?","R","M","R","T","E","?","R","M","E","R","B",null,"M","?","M","?","M","R","E","R","T","M","R","M","E","$","R","B",null,"R","$","E","B"],"character_chosen":"THE_SILENT","items_purchased":["Accuracy","War Paint","Happy Flower","Medical Kit"],"campfire_rested":2,"item_purchase_floors":[19,19,48,48],"current_hp_per_floor":[59,59,52,52,52,52,13,10,10,10,10,29,25,26,26,12,53,49,49,49,49,49,49,48,48,48,41,41,41,39,30,30,29,57,55,55,55,45,50,50,50,50,50,36,36,36,36,36,55,40,60,60,60,6,0,0],"gold":54,"neow_bonus":"REMOVE_TWO","is_daily":false,"chose_seed":false,"campfire_upgraded":10,"win_rate":0.0,"timestamp":1611998505,"path_taken":["M","?","M","?","M","R","E","M","T","R","M","R","M","E","R","BOSS","M","$","?","?","?","R","?","R","T","E","?","R","M","E","R","BOSS","M","?","?","?","M","R","E","R","T","M","R","M","E","?","R","BOSS","R","$","E","BOSS"],"items_purchased_type":["Card","Relic","Relic","Relic"],"build_version":"2020-12-22","purchased_purges":1,"victory":false,"max_hp_per_floor":[66,66,66,66,66,66,66,66,66,66,66,66,66,66,66,66,66,66,66,66,66,66,66,66,66,66,66,66,66,66,66,66,66,66,66,66,66,66,66,66,66,66,66,66,66,66,66,66,66,66,66,66,66,66,66,66],"card_choices":[{"not_picked":["Backflip","Cloak And Dagger"],"picked":"Blade Dance","floor":1.0},{"not_picked":["Deflect","Underhanded Strike"],"picked":"Backstab","floor":3.0},{"not_picked":["Deflect","Reflex","Dagger Throw"],"picked":"SKIP","floor":5.0},{"not_picked":["Riddle With Holes","Dagger Spray"],"picked":"Blade Dance","floor":7.0},{"not_picked":["Storm of Steel","Acrobatics"],"picked":"Dash","floor":8.0},{"not_picked":["Sucker Punch","Deadly Poison","Dodge and Roll"],"picked":"SKIP","floor":11.0},{"not_picked":["Endless Agony","Bane","Underhanded Strike"],"picked":"SKIP","floor":13.0},{"not_picked":["Catalyst","Infinite Blades"],"picked":"Finisher","floor":14.0},{"not_picked":["Wraith Form v2","Grand Finale"],"picked":"Die Die Die","floor":16.0},{"not_picked":["Slice","Poisoned Stab"],"picked":"Blur","floor":18.0},{"not_picked":["Sucker Punch","Outmaneuver","Prepared"],"picked":"SKIP","floor":24.0},{"not_picked":["Blade Dance","Reflex"],"picked":"Accuracy","floor":27},{"not_picked":["Leg Sweep","Poisoned Stab"],"picked":"Terror","floor":30},{"not_picked":["Glass Knife","Dash"],"picked":"Cloak And Dagger","floor":31},{"not_picked":["Grand Finale","Doppelganger"],"picked":"Adrenaline","floor":33},{"not_picked":["Eviscerate","Sucker Punch"],"picked":"Dodge and Roll+1","floor":35},{"not_picked":["Bane","PiercingWail"],"picked":"Blade Dance+1","floor":37},{"not_picked":["Flash of Steel","Trip"],"picked":"Deep Breath","floor":38},{"not_picked":["Dagger Spray+1","Deadly Poison","Blade Dance"],"picked":"SKIP","floor":41},{"not_picked":["Expertise","Poisoned Stab","Distraction+1"],"picked":"SKIP","floor":44},{"not_picked":["Blade Dance","Dash","Underhanded Strike"],"picked":"SKIP","floor":46},{"not_picked":["Dash","Concentrate","Storm of Steel"],"picked":"SKIP","floor":47},{"not_picked":["Concentrate","Deadly Poison+1"],"picked":"Footwork","floor":54}],"player_experience":229629,"relics_obtained":[{"floor":7.0,"key":"Pantograph"},{"floor":9.0,"key":"Toy Ornithopter"},{"floor":14.0,"key":"Snake Skull"},{"floor":26.0,"key":"Bag of Preparation"},{"floor":27,"key":"Kunai"},{"floor":27,"key":"Smiling Mask"},{"floor":31,"key":"Dream Catcher"},{"floor":31,"key":"Blue Candle"},{"floor":41,"key":"Sundial"},{"floor":41,"key":"Centennial Puzzle"},{"floor":47,"key":"Ornamental Fan"},{"floor":47,"key":"Boot"},{"floor":54,"key":"HornCleat"},{"floor":54,"key":"Vajra"}],"event_choices":[{"cards_removed":["Strike_G"],"damage_healed":0.0,"max_hp_gain":0.0,"max_hp_loss":0.0,"gold_gain":0.0,"event_name":"Living Wall","player_choice":"Forget","floor":2.0,"gold_loss":0.0,"damage_taken":0.0},{"damage_healed":0.0,"max_hp_gain":0.0,"max_hp_loss":0.0,"gold_gain":0.0,"event_name":"The Cleric","player_choice":"Leave","floor":4.0,"gold_loss":0.0,"damage_taken":0.0},{"damage_healed":0.0,"max_hp_gain":0.0,"max_hp_loss":0.0,"gold_gain":0.0,"cards_transformed":["Strike_G","Strike_G"],"event_name":"Drug Dealer","player_choice":"Became Test Subject","floor":20.0,"gold_loss":0.0,"damage_taken":0.0,"cards_obtained":["Storm of Steel","PiercingWail"]},{"cards_removed":["Strike_G"],"damage_healed":0.0,"max_hp_gain":0.0,"max_hp_loss":0.0,"gold_gain":0.0,"event_name":"Back to Basics","player_choice":"Elegance","floor":21.0,"gold_loss":0.0,"damage_taken":0.0},{"damage_healed":0.0,"max_hp_gain":0.0,"max_hp_loss":0.0,"gold_gain":0.0,"event_name":"N\u0027loth","player_choice":"Ignored","floor":22.0,"gold_loss":0.0,"damage_taken":0.0},{"damage_healed":0,"gold_gain":0,"player_choice":"Ignored","damage_taken":0,"max_hp_gain":0,"max_hp_loss":0,"event_name":"Ghosts","floor":28,"gold_loss":0},{"damage_healed":0,"gold_gain":0,"player_choice":"Copied","damage_taken":0,"max_hp_gain":0,"max_hp_loss":0,"event_name":"Duplicator","floor":36,"gold_loss":0,"cards_obtained":["Accuracy"]},{"damage_healed":0,"gold_gain":0,"player_choice":"Memory 3","damage_taken":10,"max_hp_gain":0,"max_hp_loss":0,"event_name":"SensoryStone","floor":38,"gold_loss":0}],"is_beta":false,"boss_relics":[{"not_picked":["Snecko Eye","Runic Dome"],"picked":"Black Star"},{"not_picked":["Pandora\u0027s Box","Busted Crown"],"picked":"Sozu"}],"items_purged_floors":[48],"is_endless":false,"potions_floor_spawned":[3,5,8,11,13,18,24,31,35,39,41,46,47,54],"killed_by":"The Heart","ascension_level":19}}