{"host":"8u7tvcybuv0u72fd","time":1611987077,"event":{"mods":["BaseMod","BetterRewards","Colored Map","Colored Powertips","Minty Spire (QoL Compilation)","Quick Restart","Shop Mod"],"gold_per_floor":[116,116,132,151,170,170,204,204,229,5,34,52,52,66,66,167,167,186,205,205,205,222,222,257,276,325,338,371,371,400,420,420,523,523,534,534,553,603,355,382,382,400,425,450,450,450,450,478,478,478,478,478,131,164,164],"floor_reached":56,"language":"ENG","playtime":3052,"items_purged":["Strike_R","Madness+1"],"score":1830,"play_id":"22bc19d8-bfbd-4838-90cc-8f6f7f60a033","local_time":"20210130011116","is_ascension_mode":false,"campfire_choices":[{"data":"Cleave","floor":6,"key":"SMITH"},{"data":"Juggernaut","floor":13,"key":"SMITH"},{"data":"Defend_R","floor":15,"key":"SMITH"},{"data":"Barricade","floor":23,"key":"SMITH"},{"data":"Metallicize","floor":32,"key":"SMITH"},{"floor":41,"key":"RECALL"},{"floor":46,"key":"REST"},{"floor":49,"key":"REST"},{"floor":52,"key":"REST"}],"circlet_count":0,"master_deck":["Strike_R","Strike_R+1","Strike_R","Defend_R","Defend_R","Defend_R","Defend_R+1","Bash+1","Shrug It Off+1","Flex+1","Cleave+1","Juggernaut+1","Ghostly Armor+1","Barricade+1","Power Through+1","Metallicize+1","Impervious+1","Battle Trance+1","Headbutt","Madness+1","Shockwave+1"],"relics":["Burning Blood","Whetstone","Self Forming Clay","Tiny Chest","Ginger","Toxic Egg 2","Bag of Preparation","Bag of Marbles","Medical Kit","Ancient Tea Set","Busted Crown","Pocketwatch","Pen Nib","Centennial Puzzle","Lizard Tail","Fusion Hammer","Du-Vu Doll","Membership Card","Akabeko","Paper Frog","PreservedInsect","Bird Faced Urn","Gremlin Horn","Mercury Hourglass","Mummified Hand","Champion Belt","Oddly Smooth Stone"],"acts_visited":["TheCity","TheBeyond","TheEnding"],"potions_floor_usage":[5,7,7,7,14,22,25,28,55,55,55],"damage_taken":[{"damage":1.0,"enemies":"Jaw Worm","floor":1.0,"turns":5.0},{"damage":1.0,"enemies":"Cultist","floor":3.0,"turns":3.0},{"damage":2,"enemies":"Small Slimes","floor":4,"turns":3},{"damage":0,"enemies":"3 Louse","floor":5,"turns":2},{"damage":5,"enemies":"Gremlin Nob","floor":7,"turns":3},{"damage":18,"enemies":"Lagavulin","floor":11,"turns":4},{"damage":0,"enemies":"2 Fungi Beasts","floor":12,"turns":1},{"damage":3,"enemies":"Exordium Thugs","floor":14,"turns":2},{"damage":28,"enemies":"Slime Boss","floor":16,"turns":8},{"damage":1,"enemies":"Chosen","floor":18,"turns":6},{"damage":7,"enemies":"Shell Parasite","floor":19,"turns":5},{"damage":4,"enemies":"Snake Plant","floor":22,"turns":6},{"damage":0,"enemies":"Gremlin Leader","floor":24,"turns":5},{"damage":2,"enemies":"Sentry and Sphere","floor":25,"turns":6},{"damage":0,"enemies":"3 Cultists","floor":27,"turns":6},{"damage":16,"enemies":"Slavers","floor":28,"turns":5},{"damage":0,"enemies":"Book of Stabbing","floor":30,"turns":6},{"damage":0,"enemies":"Snake Plant","floor":31,"turns":4},{"damage":8,"enemies":"Champ","floor":33,"turns":13},{"damage":0,"enemies":"3 Shapes","floor":35,"turns":4},{"damage":0,"enemies":"3 Darklings","floor":37,"turns":6},{"damage":0,"enemies":"Mind Bloom Boss Battle","floor":38,"turns":8},{"damage":14,"enemies":"Nemesis","floor":40,"turns":7},{"damage":0,"enemies":"Writhing Mass","floor":42,"turns":4},{"damage":3,"enemies":"Reptomancer","floor":44,"turns":6},{"damage":0,"enemies":"Nemesis","floor":48,"turns":5},{"damage":0,"enemies":"Time Eater","floor":50,"turns":12},{"damage":8,"enemies":"Shield and Spear","floor":54,"turns":5},{"damage":0,"enemies":"The Heart","floor":55,"turns":11}],"seed_played":"5619064886146429111","potions_obtained":[{"floor":1.0,"key":"Swift Potion"},{"floor":5,"key":"DuplicationPotion"},{"floor":12,"key":"EssenceOfSteel"},{"floor":14,"key":"LiquidMemories"},{"floor":24,"key":"Regen Potion"},{"floor":28,"key":"PowerPotion"},{"floor":31,"key":"SmokeBomb"},{"floor":37,"key":"Ancient Potion"}],"is_trial":false,"path_per_floor":["M","$","M","M","M","R","E","?","T","$","E","M","R","M","R","B",null,"M","M","?","T","M","R","E","M","T","M","E","?","E","M","R","B",null,"M","?","M","?","$","E","R","M","T","E","T","R","?","E","R","B",null,"R","$","E","B",null],"character_chosen":"IRONCLAD","items_purchased":["Whetstone","Self Forming Clay","Tiny Chest","Ginger","Toxic Egg 2","Shrug It Off+1","EntropicBrew","Regen Potion","Medical Kit","EssenceOfSteel","Membership Card","Akabeko","Battle Trance+1","Mummified Hand","Champion Belt","Dexterity Potion"],"campfire_rested":3,"item_purchase_floors":[0,0,0,0,0,0,0,0,10,10,39,39,39,53,53,53],"current_hp_per_floor":[51,51,56,60,66,66,67,67,67,67,55,61,61,64,64,42,80,80,79,79,79,80,80,80,80,80,80,80,80,80,80,80,78,80,80,80,80,80,80,72,72,78,78,80,80,80,70,80,80,80,80,80,80,78,80],"gold":164,"neow_bonus":"","is_daily":false,"chose_seed":false,"campfire_upgraded":5,"win_rate":0.0,"timestamp":1611987076,"path_taken":["M","$","M","M","M","R","E","?","T","?","E","M","R","M","R","BOSS","M","M","?","?","M","R","E","M","T","M","E","?","E","M","R","BOSS","M","?","M","?","$","E","R","M","T","E","?","R","?","E","R","BOSS","R","$","E","BOSS"],"items_purchased_type":["Relic","Relic","Relic","Relic","Relic","Card","Potion","Potion","Relic","Potion","Relic","Relic","Card","Relic","Relic","Potion"],"build_version":"2020-12-22","purchased_purges":2,"victory":true,"max_hp_per_floor":[80,80,80,80,80,80,80,80,80,80,80,80,80,80,80,80,80,80,80,80,80,80,80,80,80,80,80,80,80,80,80,80,80,80,80,80,80,80,80,80,80,80,80,80,80,80,80,80,80,80,80,80,80,80,80],"card_choices":[{"not_picked":["Heavy Blade","Wild Strike"],"picked":"Flex+1","floor":1.0},{"not_picked":["Clash","Power Through+1"],"picked":"Cleave","floor":3},{"not_picked":["Whirlwind","Thunderclap","Armaments+1"],"picked":"SKIP","floor":4},{"not_picked":["Shrug It Off+1","Power Through+1","Burning Pact+1"],"picked":"SKIP","floor":5},{"not_picked":["Sword Boomerang","Pommel Strike"],"picked":"Juggernaut","floor":7},{"not_picked":["Perfected Strike","Anger","Dual Wield+1"],"picked":"SKIP","floor":11},{"not_picked":["True Grit+1","Evolve"],"picked":"Ghostly Armor+1","floor":12},{"not_picked":["Sword Boomerang","Clothesline","Perfected Strike"],"picked":"SKIP","floor":14},{"not_picked":["Immolate","Feed"],"picked":"Barricade","floor":16},{"not_picked":["Warcry+1"],"picked":"SKIP","floor":18},{"not_picked":["Warcry+1"],"picked":"SKIP","floor":18},{"not_picked":["Heavy Blade"],"picked":"SKIP","floor":19},{"not_picked":["Sword Boomerang"],"picked":"SKIP","floor":22},{"not_picked":["Power Through+1"],"picked":"SKIP","floor":24},{"not_picked":[],"picked":"Power Through+1","floor":24},{"not_picked":["Perfected Strike"],"picked":"SKIP","floor":25},{"not_picked":["Bludgeon"],"picked":"SKIP","floor":27},{"not_picked":[],"picked":"Metallicize","floor":28},{"not_picked":["Sword Boomerang"],"picked":"SKIP","floor":30},{"not_picked":["Pommel Strike"],"picked":"SKIP","floor":31},{"not_picked":[],"picked":"Impervious+1","floor":33},{"not_picked":["Metallicize+1"],"picked":"SKIP","floor":35},{"not_picked":["Warcry+1"],"picked":"SKIP","floor":37},{"not_picked":[],"picked":"Headbutt","floor":40},{"not_picked":["Reckless Charge+1"],"picked":"SKIP","floor":42},{"not_picked":["Twin Strike+1"],"picked":"SKIP","floor":44},{"not_picked":[],"picked":"Shockwave+1","floor":48},{"not_picked":["Dark Embrace+1"],"picked":"SKIP","floor":54}],"player_experience":1457925,"relics_obtained":[{"floor":7,"key":"Bag of Preparation"},{"floor":9,"key":"Bag of Marbles"},{"floor":11,"key":"Ancient Tea Set"},{"floor":24,"key":"Pocketwatch"},{"floor":26,"key":"Pen Nib"},{"floor":28,"key":"Centennial Puzzle"},{"floor":30,"key":"Lizard Tail"},{"floor":38,"key":"Du-Vu Doll"},{"floor":40,"key":"Paper Frog"},{"floor":43,"key":"PreservedInsect"},{"floor":44,"key":"Bird Faced Urn"},{"floor":45,"key":"Gremlin Horn"},{"floor":48,"key":"Mercury Hourglass"},{"floor":54,"key":"Oddly Smooth Stone"}],"event_choices":[{"cards_removed":["Strike_R"],"damage_healed":0,"gold_gain":0,"player_choice":"Purged","damage_taken":0,"max_hp_gain":0,"max_hp_loss":0,"event_name":"Purifier","floor":8,"gold_loss":0},{"damage_healed":0,"gold_gain":0,"player_choice":"Ignored","damage_taken":0,"max_hp_gain":0,"max_hp_loss":0,"event_name":"Ghosts","floor":20,"gold_loss":0},{"damage_healed":0,"gold_gain":0,"player_choice":"Ignored","damage_taken":0,"max_hp_gain":0,"max_hp_loss":0,"event_name":"Duplicator","floor":29,"gold_loss":0},{"damage_healed":0,"gold_gain":0,"player_choice":"Ignored","damage_taken":0,"max_hp_gain":0,"max_hp_loss":0,"event_name":"Tomb of Lord Red Mask","floor":36,"gold_loss":0},{"damage_healed":0,"gold_gain":0,"player_choice":"Fight","damage_taken":0,"max_hp_gain":0,"max_hp_loss":0,"event_name":"MindBloom","floor":38,"gold_loss":0},{"damage_healed":0,"gold_gain":0,"player_choice":"Embrace Madness","damage_taken":10,"max_hp_gain":0,"max_hp_loss":0,"event_name":"Winding Halls","floor":47,"gold_loss":0,"cards_obtained":["Madness","Madness"]}],"is_beta":false,"boss_relics":[{"not_picked":["SlaversCollar","Philosopher\u0027s Stone"],"picked":"Busted Crown"},{"not_picked":["Snecko Eye","Astrolabe"],"picked":"Fusion Hammer"}],"items_purged_floors":[0,53],"is_endless":false,"potions_floor_spawned":[1,5,12,14,24,28,31,33,37,42,48],"ascension_level":0}}