{"host":"o5jvvi5yapo90aia","time":1611993282,"event":{"mods":["BaseMod","CapriCore","Minty Spire (QoL Compilation)","MostiFishMod","Prisma Mod","Spicy Shops","StSLib","TestMod","The Immortal","Yakumo Yukari mod","【人物mod】游戏王New YuGiOh mod","【功能Mod】Neow奖励"],"gold_per_floor":[126,149,161,-1227,-1213,-1178,-1178,-1160,-1135,-1135,-1106,-1106,-1096,10,10,88,88,99,108,126,145,159,159,192,192,271,307,307,347,363,382,382,464,464,479,484,484,493,522,359,402,411,411,446,477,528,554,593,593,611,626,626,626,626,664,732],"floor_reached":57,"language":"ZHS","playtime":2612,"items_purged":["Strike_R","Strike_R","Apotheosis+1","Defend_R+1","Dark Embrace+1","Shame"],"score":3903,"play_id":"f3194f6a-dcc1-40de-925e-cde2334f88be","local_time":"20210130155442","is_ascension_mode":true,"campfire_choices":[{"data":"MostiFishMod:PerfectForm","floor":7.0,"key":"SMITH"},{"data":"Strike_R","floor":10.0,"key":"PURGE"},{"data":"Strike_R","floor":12.0,"key":"PURGE"},{"data":"Defend_R","floor":15.0,"key":"PURGE"},{"data":"Strike_R","floor":23,"key":"PURGE"},{"data":"Bash","floor":25,"key":"PURGE"},{"floor":32,"key":"RECALL"},{"floor":49,"key":"DIG"},{"floor":53,"key":"DIG"}],"circlet_count":0,"master_deck":["Defend_R+1","Defend_R+1","Battle Trance+1","MostiFishMod:PerfectForm+1","Sword Boomerang+1","Barricade+1","Entrench+1","Burning Pact+1","Master of Strategy+1","Body Slam+1","Pommel Strike+1","MostiFishMod:CullingBlade+1","MostiFishMod:Awakening+1"],"relics":["DaveBox","testmod-TestBox","Calling Bell","MawBank","Paper Frog","testmod-Maize","DiscerningMonocle","testmod-ObsoleteBoomerang","SynthV:TestCard","Prayer Wheel","Kunai","Akabeko","Sundial","testmod-MagicalMallet","SynthV:MejaisSoulstealer","Nunchaku","testmod-AssaultLearning","SynthV:C4","Runic Pyramid","OrangePellets","TimeFreeze","Matryoshka","CeramicFish","Blue Candle","testmod-Fortitude","Ornamental Fan","Bag of Marbles","Oddly Smooth Stone","Red Skull","Shuriken","OneHitWonderSystem","testmod-Acrobat","Orichalcum","BrkXgEgg","Toolbox","Membership Card","MetatronsCube","StrikeDummy","Vajra","Mercury Hourglass","FossilizedHelix","testmod-RainbowHikingShoes","Bird Faced Urn","Strawberry","testmod-Register","Brimstone","Shovel","MostiFishMod:Haymaker","Toy Ornithopter","Pantograph","InkBottle","Eternal Feather","Pocketwatch","testmod-Justice","BirthdayGift-Icosahedron","HandDrill","testmod-ArcanaOfDestiny","Pen Nib","ImprovedEquipment","Bottled Lightning","White Beast Statue"],"acts_visited":["Exordium","TheCity","TheBeyond","TheEnding"],"potions_floor_usage":[29],"damage_taken":[{"damage":27.0,"enemies":"Cultist","floor":1.0,"turns":5.0},{"damage":14.0,"enemies":"Jaw Worm","floor":2.0,"turns":4.0},{"damage":0.0,"enemies":"Small Slimes","floor":5.0,"turns":2.0},{"damage":0.0,"enemies":"3 Sentries","floor":6.0,"turns":3.0},{"damage":0.0,"enemies":"Blue Slaver","floor":8.0,"turns":2.0},{"damage":0.0,"enemies":"Lagavulin","floor":11.0,"turns":4.0},{"damage":0.0,"enemies":"Exordium Wildlife","floor":13.0,"turns":3.0},{"damage":1.0,"enemies":"Looter","floor":14.0,"turns":3.0},{"damage":0.0,"enemies":"The Guardian","floor":16.0,"turns":5.0},{"damage":0.0,"enemies":"Shell Parasite","floor":18.0,"turns":3.0},{"damage":0.0,"enemies":"Chosen","floor":20.0,"turns":3.0},{"damage":0.0,"enemies":"Shelled Parasite and Fungi","floor":21.0,"turns":2.0},{"damage":1.0,"enemies":"Centurion and Healer","floor":22.0,"turns":4.0},{"damage":0,"enemies":"Book of Stabbing","floor":24,"turns":4},{"damage":0,"enemies":"Gremlin Leader","floor":27,"turns":4},{"damage":0,"enemies":"Slavers","floor":29,"turns":3},{"damage":0,"enemies":"Snecko","floor":30,"turns":3},{"damage":0,"enemies":"3 Cultists","floor":31,"turns":2},{"damage":0,"enemies":"Champ","floor":33,"turns":3},{"damage":0,"enemies":"3 Darklings","floor":35,"turns":2},{"damage":0,"enemies":"3 Darklings","floor":36,"turns":6},{"damage":0,"enemies":"3 Shapes","floor":39,"turns":2},{"damage":0,"enemies":"Giant Head","floor":41,"turns":2},{"damage":0,"enemies":"Writhing Mass","floor":44,"turns":2},{"damage":0,"enemies":"Transient","floor":45,"turns":1},{"damage":0,"enemies":"Reptomancer","floor":46,"turns":3},{"damage":0,"enemies":"3 Darklings","floor":47,"turns":2},{"damage":0,"enemies":"Giant Head","floor":48,"turns":1},{"damage":0,"enemies":"Awakened One","floor":50,"turns":3},{"damage":0,"enemies":"Donu and Deca","floor":51,"turns":1},{"damage":0,"enemies":"Shield and Spear","floor":55,"turns":1},{"damage":0,"enemies":"The Heart","floor":56,"turns":3}],"seed_played":"-5774227986810635492","potions_obtained":[{"floor":1.0,"key":"Dexterity Potion"},{"floor":8.0,"key":"SneckoOil"},{"floor":27,"key":"testmod-SpacePotion"},{"floor":31,"key":"ElixirPotion"},{"floor":33,"key":"EssenceOfSteel"},{"floor":55,"key":"PowerPotion"}],"is_trial":false,"path_per_floor":["M","M","?","$","M","E","R","M","T","R","E","R","M","M","R","B",null,"M","$","M","M","M","R","E","R","T","E","?","E","M","M","R","B",null,"M","?","?","$","M","$","E","$","T","M","M","E","M","E","R","B","B",null,"R","$","E","B",null],"character_chosen":"IRONCLAD","items_purchased":["Prayer Wheel","Kunai","Akabeko","Sundial","testmod-MagicalMallet","MostiFishMod:PerfectForm","SynthV:MejaisSoulstealer","OrangePellets","TimeFreeze","Matryoshka","CeramicFish","Blue Candle","testmod-Fortitude","Apotheosis","testmod-Acrobat","Orichalcum","BrkXgEgg","Toolbox","Master of Strategy+1","Membership Card","MetatronsCube","StrikeDummy","Vajra","Mercury Hourglass","FossilizedHelix","Bird Faced Urn","Strawberry","testmod-Register","Brimstone","Shovel","MostiFishMod:Haymaker","BirthdayGift-Icosahedron","HandDrill","testmod-ArcanaOfDestiny","Pen Nib","ImprovedEquipment","Bottled Lightning"],"campfire_rested":0,"item_purchase_floors":[4,4,4,4,4,4,4,19,19,19,19,19,19,19,38,38,38,38,38,40,40,40,40,40,40,42,42,42,42,42,42,54,54,54,54,54,54],"current_hp_per_floor":[42,29,29,29,30,31,31,32,32,32,33,33,35,36,36,38,66,68,68,70,72,73,73,73,73,73,75,75,75,75,75,75,75,1,1,1,1,1,1,1,1,8,1,1,1,1,1,1,1,1,1,1,1,1,1,1],"gold":732,"neow_bonus":"BOSS_RELIC","is_daily":false,"chose_seed":false,"campfire_upgraded":1,"win_rate":0.0,"timestamp":1611993282,"path_taken":["M","M","?","$","M","E","R","?","T","R","E","R","M","?","R","BOSS","M","$","M","?","M","R","E","R","T","E","?","E","M","?","R","BOSS","M","?","?","$","M","?","E","$","T","M","M","E","M","E","R","BOSS","BOSS","R","$","E","BOSS"],"items_purchased_type":["Relic","Relic","Relic","Relic","Relic","Card","Relic","Relic","Relic","Relic","Relic","Relic","Relic","Card","Relic","Relic","Relic","Relic","Card","Relic","Relic","Relic","Relic","Relic","Relic","Relic","Relic","Relic","Relic","Relic","Relic","Relic","Relic","Relic","Relic","Relic","Relic"],"build_version":"2020-12-22","purchased_purges":6,"victory":true,"max_hp_per_floor":[75,75,75,75,75,75,75,75,75,75,75,75,75,75,75,75,75,75,75,75,75,75,75,75,75,75,75,75,75,75,75,75,75,1,1,1,1,1,1,1,1,8,1,1,1,1,1,1,1,1,1,1,1,1,1,1],"card_choices":[{"not_picked":["Twin Strike","Bloodletting"],"picked":"Battle Trance","floor":1.0},{"not_picked":["Heavy Blade","Thunderclap","Body Slam","Perfected Strike","True Grit"],"picked":"SKIP","floor":2.0},{"not_picked":["Pommel Strike","Bloodletting","Anger","Shrug It Off","Perfected Strike"],"picked":"SKIP","floor":5.0},{"not_picked":["Headbutt","MostiFishMod:#F4004","Metallicize","Clash","Shrug It Off"],"picked":"SKIP","floor":5.0},{"not_picked":["Clash","Clothesline","Flex","Havoc","Perfected Strike"],"picked":"SKIP","floor":6.0},{"not_picked":["Inflame","Heavy Blade","Second Wind","Searing Blow"],"picked":"Impervious","floor":8.0},{"not_picked":["MostiFishMod:#F4004","Body Slam","Armaments","Fire Breathing"],"picked":"Sword Boomerang","floor":8.0},{"not_picked":["Reckless Charge","Shrug It Off","Sword Boomerang","Havoc","Clothesline"],"picked":"SKIP","floor":11.0},{"not_picked":["Anger","Thunderclap","Wild Strike","Heavy Blade"],"picked":"Barricade","floor":13.0},{"not_picked":["Pommel Strike","Evolve","True Grit","Metallicize"],"picked":"Entrench","floor":13.0},{"not_picked":["Twin Strike","Spot Weakness","Havoc","Clothesline"],"picked":"Dark Embrace","floor":14.0},{"not_picked":["Disarm","Inflame","Hemokinesis","Wild Strike","Bloodletting"],"picked":"SKIP","floor":14.0},{"not_picked":["Anger","Havoc","Metallicize","Sword Boomerang","Iron Wave"],"picked":"SKIP","floor":18.0},{"not_picked":["Searing Blow+1","Cleave","Havoc","Armaments","Flex"],"picked":"SKIP","floor":18.0},{"not_picked":["Carnage","Sword Boomerang","Body Slam+1","Spot Weakness","Infernal Blade"],"picked":"SKIP","floor":20.0},{"not_picked":["Hemokinesis","Spot Weakness","Feed","MostiFishMod:#F4004","Iron Wave"],"picked":"SKIP","floor":20.0},{"not_picked":["Anger","Combust","Perfected Strike","Wild Strike"],"picked":"Burning Pact","floor":21.0},{"not_picked":["Perfected Strike","Pommel Strike","Sword Boomerang","Shrug It Off+1","Headbutt"],"picked":"SKIP","floor":21.0},{"not_picked":["Thunderclap","Anger","MostiFishMod:BrandingRite","Entrench","Rage"],"picked":"SKIP","floor":22},{"not_picked":["MostiFishMod:RainCloud","Armaments","Sentinel+1","Combust","Anger"],"picked":"SKIP","floor":22},{"not_picked":["Flex","Anger","True Grit","Blood for Blood","Evolve"],"picked":"SKIP","floor":24},{"not_picked":["Anger","Flame Barrier","Searing Blow","Cleave","Sword Boomerang"],"picked":"SKIP","floor":27},{"not_picked":["Shrug It Off","Reaper","Havoc","Evolve","True Grit"],"picked":"SKIP","floor":29},{"not_picked":["Sword Boomerang","Wild Strike","MostiFishMod:WingOfPhoenix","Dual Wield","Cleave"],"picked":"SKIP","floor":30},{"not_picked":["Pummel","Twin Strike","Sentinel","Intimidate","Cleave"],"picked":"SKIP","floor":30},{"not_picked":["Spot Weakness","Warcry+1","Clothesline","Clash","Anger"],"picked":"SKIP","floor":31},{"not_picked":["Sword Boomerang","MostiFishMod:KnuckleDown","Havoc","Flame Barrier","Reckless Charge+1"],"picked":"SKIP","floor":31},{"not_picked":["Twin Strike","Rampage","Burning Pact","MostiFishMod:BrandingRite","Anger"],"picked":"SKIP","floor":35},{"not_picked":["Armaments+1","Havoc+1","Inflame","Searing Blow","Rupture"],"picked":"SKIP","floor":35},{"not_picked":["Flame Barrier","MostiFishMod:WingOfPhoenix+1","Rage","True Grit"],"picked":"Body Slam+1","floor":39},{"not_picked":["Sword Boomerang+1","Anger","Heavy Blade+1","Carnage","Clash"],"picked":"SKIP","floor":39},{"not_picked":["Fire Breathing","Searing Blow+1","Dual Wield","Blood for Blood","Flex"],"picked":"SKIP","floor":41},{"not_picked":["Body Slam","Twin Strike+1","Wild Strike","Reaper+1"],"picked":"Pommel Strike+1","floor":44},{"not_picked":["Intimidate","Cleave+1","Twin Strike","Dropkick","Pummel+1"],"picked":"SKIP","floor":44},{"not_picked":["Pommel Strike+1","Sentinel","Anger","Second Wind","Perfected Strike"],"picked":"SKIP","floor":45},{"not_picked":["Pommel Strike","Headbutt+1","MostiFishMod:#F4004","True Grit+1","Armaments"],"picked":"SKIP","floor":45},{"not_picked":["Armaments","Heavy Blade","Pommel Strike","Havoc"],"picked":"MostiFishMod:CullingBlade+1","floor":46},{"not_picked":["Twin Strike","Searing Blow+1","Infernal Blade+1","Flex+1","Entrench"],"picked":"SKIP","floor":47},{"not_picked":["Thunderclap","Twin Strike","Havoc+1","Bloodletting+1","Flex"],"picked":"SKIP","floor":47},{"not_picked":["Clash","Whirlwind","Evolve","Inflame+1","Sever Soul"],"picked":"SKIP","floor":48},{"not_picked":["Flex","True Grit+1","MostiFishMod:WingOfPhoenix+1","Rupture","Sword Boomerang"],"picked":"SKIP","floor":55}],"player_experience":1493238,"relics_obtained":[{"floor":0.0,"key":"MawBank"},{"floor":0.0,"key":"Paper Frog"},{"floor":0.0,"key":"testmod-Maize"},{"floor":1.0,"key":"SynthV:TestCard"},{"floor":6.0,"key":"Nunchaku"},{"floor":9.0,"key":"testmod-AssaultLearning"},{"floor":11.0,"key":"SynthV:C4"},{"floor":24,"key":"Ornamental Fan"},{"floor":26,"key":"Bag of Marbles"},{"floor":27,"key":"Oddly Smooth Stone"},{"floor":29,"key":"Shuriken"},{"floor":41,"key":"testmod-RainbowHikingShoes"},{"floor":43,"key":"Toy Ornithopter"},{"floor":43,"key":"Pantograph"},{"floor":46,"key":"InkBottle"},{"floor":48,"key":"Eternal Feather"},{"floor":49,"key":"Pocketwatch"},{"floor":53,"key":"testmod-Justice"},{"floor":55,"key":"White Beast Statue"}],"event_choices":[{"damage_healed":0.0,"max_hp_gain":0.0,"max_hp_loss":0.0,"gold_gain":0.0,"event_name":"Upgrade Shrine","player_choice":"Upgraded","floor":3.0,"gold_loss":0.0,"damage_taken":0.0,"cards_upgraded":["Battle Trance"]},{"cards_removed":["Impervious"],"damage_healed":0,"gold_gain":0,"player_choice":"Gave Card","damage_taken":0,"relics_obtained":["Red Skull"],"max_hp_gain":0,"max_hp_loss":0,"event_name":"WeMeetAgain","floor":28,"gold_loss":0},{"damage_healed":0,"gold_gain":0,"player_choice":"Max HP","damage_taken":0,"max_hp_gain":0,"max_hp_loss":0,"event_name":"Winding Halls","floor":37,"gold_loss":0}],"is_beta":false,"boss_relics":[{"not_picked":["Tiny House","testmod-PortableAltar"],"picked":"Runic Pyramid"},{"not_picked":["FixedStarFall","GuanYuAspect"],"picked":"OneHitWonderSystem"}],"items_purged_floors":[4,19,38,40,40,42],"is_endless":false,"potions_floor_spawned":[1,8,13,16,20,24,27,31,33,35,36,41,44,55],"ascension_level":20}}