{"host":"kpyf5rnb72uwap8k","time":1611977989,"event":{"mods":["AchievementEnabler","BaseMod","Colored Map","Colored Powertips","DeckTracker","Minty Spire (QoL Compilation)","Permanent Neow","Quick Restart","StSLib","SuperFastMode"],"gold_per_floor":[119,44,63,73,86,119,119,19,43,62,81,81,106,57,57,186,186,204,229,229,229,229,229,248,248,296,296,296,296,296],"floor_reached":29,"language":"KOR","playtime":563,"items_purged":["Strike_R","Strike_R"],"score":286,"play_id":"c41d5175-6c7a-4365-a36d-5bc2a559e789","local_time":"20210130123949","is_ascension_mode":true,"campfire_choices":[{"data":"Carnage","floor":7.0,"key":"SMITH"},{"data":"Rupture","floor":15.0,"key":"SMITH"},{"data":"Bloodletting","floor":23.0,"key":"SMITH"}],"circlet_count":0,"master_deck":["Defend_R","Defend_R","Defend_R","Defend_R","Bash+1","Headbutt+1","Shrug It Off","Bloodletting+1","Carnage+1","Rupture+1","Headbutt","Brutality","Metallicize+1","Bite","Bite","Bite","Bite","Shrug It Off"],"relics":["Burning Blood","Bag of Marbles","Strawberry","Golden Idol","Empty Cage","Juzu Bracelet","Whetstone","MealTicket"],"acts_visited":["Exordium","TheCity"],"potions_floor_usage":[],"damage_taken":[{"damage":6.0,"enemies":"Cultist","floor":1.0,"turns":3.0},{"damage":3.0,"enemies":"2 Louse","floor":3.0,"turns":4.0},{"damage":14.0,"enemies":"Jaw Worm","floor":4.0,"turns":4.0},{"damage":3.0,"enemies":"2 Fungi Beasts","floor":5.0,"turns":2.0},{"damage":31.0,"enemies":"Gremlin Nob","floor":6.0,"turns":4.0},{"damage":0.0,"enemies":"Looter","floor":10.0,"turns":1.0},{"damage":18.0,"enemies":"Gremlin Gang","floor":11.0,"turns":3.0},{"damage":3.0,"enemies":"Exordium Thugs","floor":13.0,"turns":3.0},{"damage":50.0,"enemies":"Hexaghost","floor":16.0,"turns":6.0},{"damage":10.0,"enemies":"Spheric Guardian","floor":18.0,"turns":3.0},{"damage":26.0,"enemies":"2 Thieves","floor":19.0,"turns":4.0},{"damage":27.0,"enemies":"Snake Plant","floor":24.0,"turns":2.0},{"damage":0.0,"enemies":"Sentry and Sphere","floor":25.0,"turns":1.0},{"damage":60,"enemies":"Slavers","floor":29,"turns":3}],"seed_played":"3381476106865532103","potions_obtained":[{"floor":3.0,"key":"Energy Potion"},{"floor":4.0,"key":"EntropicBrew"},{"floor":6.0,"key":"Strength Potion"},{"floor":16.0,"key":"FearPotion"},{"floor":24.0,"key":"SmokeBomb"}],"is_trial":false,"path_per_floor":["M","$","M","M","M","E","R","$","T","M","M","?","M","$","R","B",null,"M","M","?","T","?","R","M","M","T","?","?","E"],"character_chosen":"IRONCLAD","items_purchased":["Fire Potion"],"campfire_rested":0,"item_purchase_floors":[14],"current_hp_per_floor":[80,80,80,72,75,66,66,66,73,79,67,67,70,70,70,26,81,77,57,56,56,56,56,37,43,43,43,56,0,0],"gold":296,"neow_bonus":"THREE_CARDS","is_daily":false,"chose_seed":false,"campfire_upgraded":3,"win_rate":0.0,"timestamp":1611977989,"path_taken":["M","$","M","M","?","E","R","$","T","M","M","?","M","$","R","BOSS","M","M","?","?","?","R","M","M","T","?","?","E"],"items_purchased_type":["Potion"],"build_version":"2020-12-22","purchased_purges":2,"victory":false,"max_hp_per_floor":[80,80,80,80,80,80,80,80,87,87,87,81,81,81,81,81,81,81,81,56,56,56,56,56,56,56,56,56,56,56],"card_choices":[{"not_picked":["Pummel","Flex"],"picked":"Headbutt","floor":0.0},{"not_picked":["Iron Wave","Thunderclap"],"picked":"Shrug It Off","floor":1.0},{"not_picked":["Uppercut","Headbutt"],"picked":"Bloodletting","floor":3.0},{"not_picked":["Dropkick","Rage"],"picked":"Carnage","floor":4.0},{"not_picked":["Havoc","Wild Strike","Dual Wield"],"picked":"SKIP","floor":5.0},{"not_picked":["Demon Form","Searing Blow","Wild Strike"],"picked":"SKIP","floor":6.0},{"not_picked":["Iron Wave","Sword Boomerang","Warcry"],"picked":"SKIP","floor":10.0},{"not_picked":["Dropkick","Rampage"],"picked":"Rupture","floor":11.0},{"not_picked":["True Grit","Perfected Strike"],"picked":"Headbutt","floor":13.0},{"not_picked":["Barricade","Limit Break"],"picked":"Brutality","floor":16.0},{"not_picked":["Power Through","Uppercut"],"picked":"Metallicize+1","floor":18.0},{"not_picked":["Feel No Pain+1","Heavy Blade","Clash"],"picked":"SKIP","floor":19.0},{"not_picked":["Sword Boomerang","Havoc+1"],"picked":"Shrug It Off","floor":24.0}],"player_experience":236378,"relics_obtained":[{"floor":6.0,"key":"Bag of Marbles"},{"floor":9.0,"key":"Strawberry"},{"floor":21.0,"key":"Juzu Bracelet"},{"floor":26.0,"key":"Whetstone"}],"event_choices":[{"damage_healed":0.0,"max_hp_gain":0.0,"max_hp_loss":6.0,"gold_gain":0.0,"event_name":"Golden Idol","player_choice":"Lose Max HP","floor":12.0,"gold_loss":0.0,"damage_taken":0.0,"relics_obtained":["Golden Idol"]},{"damage_healed":0.0,"max_hp_gain":0.0,"max_hp_loss":25.0,"gold_gain":0.0,"event_name":"Vampires","player_choice":"Became a vampire","floor":20.0,"gold_loss":0.0,"damage_taken":0.0,"cards_obtained":["Bite","Bite","Bite","Bite","Bite"]},{"damage_healed":0.0,"max_hp_gain":0.0,"max_hp_loss":0.0,"gold_gain":0.0,"event_name":"Ghosts","player_choice":"Ignored","floor":22.0,"gold_loss":0.0,"damage_taken":0.0},{"cards_removed":["Bite"],"damage_healed":0.0,"max_hp_gain":0.0,"max_hp_loss":0.0,"gold_gain":0.0,"event_name":"WeMeetAgain","player_choice":"Gave Card","floor":27.0,"gold_loss":0.0,"damage_taken":0.0,"relics_obtained":["MealTicket"]},{"damage_healed":18.0,"max_hp_gain":0.0,"max_hp_loss":0.0,"gold_gain":0.0,"event_name":"The Library","player_choice":"Heal","floor":28.0,"gold_loss":0.0,"damage_taken":0.0}],"is_beta":false,"boss_relics":[{"not_picked":["SacredBark","Runic Pyramid"],"picked":"Empty Cage"}],"items_purged_floors":[2,8],"is_endless":false,"potions_floor_spawned":[3,4,6,10,16,24],"killed_by":"Slavers","ascension_level":3}}