{"host":"n0aqkby80ppfgdru","time":1611965263,"event":{"mods":["BaseMod","Block Reminder","Minty Spire (QoL Compilation)","Permanent Neow","Quick Restart"],"gold_per_floor":[109,109,120,136,150,185,185,185,209,242,270,302,340,367,379,391,391],"floor_reached":16,"language":"ENG","playtime":854,"items_purged":[],"score":149,"play_id":"ed674ba3-5b9f-4543-ba35-d580f99074ff","local_time":"20210129190743","is_ascension_mode":false,"campfire_choices":[{"data":"Survivor","floor":7.0,"key":"SMITH"},{"floor":15,"key":"REST"}],"circlet_count":0,"master_deck":["Strike_G+1","Strike_G+1","Defend_G","Defend_G","Defend_G","Defend_G+1","Defend_G","Survivor+1","Neutralize+1","Tactician+1","Burst+1","Masterful Stab+1"],"relics":["Astrolabe","Whetstone","Blood Vial","MawBank","Smiling Mask"],"acts_visited":["Exordium"],"potions_floor_usage":[10,13,13,14],"damage_taken":[{"damage":0.0,"enemies":"Small Slimes","floor":1.0,"turns":4.0},{"damage":0.0,"enemies":"Cultist","floor":3.0,"turns":4.0},{"damage":0.0,"enemies":"Jaw Worm","floor":4.0,"turns":5.0},{"damage":0.0,"enemies":"Lots of Slimes","floor":5.0,"turns":6.0},{"damage":29.0,"enemies":"3 Sentries","floor":6.0,"turns":22.0},{"damage":0,"enemies":"Lagavulin","floor":10,"turns":6},{"damage":0,"enemies":"3 Louse","floor":11,"turns":4},{"damage":0,"enemies":"Large Slime","floor":12,"turns":7},{"damage":16,"enemies":"Gremlin Nob","floor":13,"turns":5},{"damage":0,"enemies":"Gremlin Gang","floor":14,"turns":6},{"damage":2,"enemies":"Hexaghost","floor":16,"turns":3}],"seed_played":"-2245648934232950957","potions_obtained":[{"floor":4.0,"key":"Energy Potion"},{"floor":5.0,"key":"SneckoOil"},{"floor":6.0,"key":"AttackPotion"},{"floor":10,"key":"GamblersBrew"},{"floor":11,"key":"Ancient Potion"},{"floor":13,"key":"Fire Potion"}],"is_trial":false,"path_per_floor":["M","?","M","M","M","E","R","?","T","E","M","M","E","M","R","B"],"character_chosen":"THE_SILENT","items_purchased":[],"campfire_rested":1,"item_purchase_floors":[],"current_hp_per_floor":[70,70,70,70,70,41,41,41,41,43,45,47,33,35,56,56,56],"gold":391,"neow_bonus":"BOSS_RELIC","is_daily":false,"chose_seed":false,"campfire_upgraded":1,"win_rate":0.0,"timestamp":1611965263,"path_taken":["M","?","?","M","M","E","R","?","T","E","M","?","E","M","R","BOSS"],"items_purchased_type":[],"build_version":"2020-12-22","purchased_purges":0,"victory":false,"max_hp_per_floor":[70,70,70,70,70,70,70,70,70,70,70,70,70,70,70,70,70],"card_choices":[{"not_picked":["Backflip","Expertise","Predator"],"picked":"SKIP","floor":1.0},{"not_picked":["Eviscerate","Terror","Expertise"],"picked":"SKIP","floor":3.0},{"not_picked":["Deflect","Accuracy","Deadly Poison"],"picked":"SKIP","floor":4.0},{"not_picked":["Setup","Dash","Distraction"],"picked":"SKIP","floor":5.0},{"not_picked":["Setup","Skewer","Underhanded Strike"],"picked":"SKIP","floor":6.0},{"not_picked":["Dodge and Roll","Flechettes","Blade Dance"],"picked":"SKIP","floor":10},{"not_picked":["Bouncing Flask","Riddle With Holes","All Out Attack"],"picked":"SKIP","floor":11},{"not_picked":["Flying Knee","Slice","Bane"],"picked":"SKIP","floor":12},{"not_picked":["Doppelganger","Infinite Blades","Expertise"],"picked":"SKIP","floor":13},{"not_picked":["Deflect","Sucker Punch","Expertise"],"picked":"SKIP","floor":14}],"player_experience":1273320,"relics_obtained":[{"floor":6.0,"key":"Whetstone"},{"floor":9.0,"key":"Blood Vial"},{"floor":10,"key":"MawBank"},{"floor":13,"key":"Smiling Mask"}],"event_choices":[{"damage_healed":0.0,"max_hp_gain":0.0,"max_hp_loss":0.0,"gold_gain":0.0,"event_name":"Upgrade Shrine","player_choice":"Upgraded","floor":2.0,"gold_loss":0.0,"damage_taken":0.0,"cards_upgraded":["Neutralize"]},{"damage_healed":0.0,"max_hp_gain":0.0,"max_hp_loss":0.0,"gold_gain":0.0,"event_name":"Upgrade Shrine","player_choice":"Upgraded","floor":8.0,"gold_loss":0.0,"damage_taken":0.0,"cards_upgraded":["Defend_G"]}],"is_beta":false,"boss_relics":[],"items_purged_floors":[],"is_endless":false,"potions_floor_spawned":[4,5,6,10,11,13],"killed_by":"Hexaghost","ascension_level":0}}