{"host":"8u7tvcybuv0u72fd","time":1611976533,"event":{"mods":["BaseMod","BetterRewards","Colored Map","Colored Powertips","Minty Spire (QoL Compilation)","Quick Restart","Shop Mod"],"gold_per_floor":[115,65,65,79,90,123,123,142,142,158,171,171,197,208,208,311,311,330,55,55,67,87,87,101,101,101,128,142,169,169,184,184,280,280,291,134,153,173,173,173,187,187,187,204,215,245,245,545,545,545,545,545,128,163,163],"floor_reached":56,"language":"ENG","playtime":2718,"items_purged":["Strike_R","Defend_R"],"score":1608,"play_id":"804035e6-7fd0-4dd2-9055-2b8421810898","local_time":"20210129221533","is_ascension_mode":false,"campfire_choices":[{"data":"Bash","floor":7.0,"key":"SMITH"},{"data":"Twin Strike","floor":15.0,"key":"SMITH"},{"data":"Berserk","floor":23.0,"key":"SMITH"},{"data":"Uppercut","floor":30.0,"key":"SMITH"},{"data":"Limit Break","floor":32.0,"key":"SMITH"},{"data":"Shrug It Off","floor":40.0,"key":"SMITH"},{"data":"Jack Of All Trades","floor":42.0,"key":"SMITH"},{"data":"Inflame","floor":47,"key":"SMITH"},{"floor":49,"key":"RECALL"},{"data":"Dramatic Entrance","floor":52,"key":"SMITH"}],"circlet_count":0,"master_deck":["Strike_R","Strike_R","Strike_R","Defend_R","Defend_R","Defend_R","Bash+1","Shrug It Off+1","Dramatic Entrance+1","Twin Strike+1","Clash","Headbutt","Berserk+1","Seeing Red","Sword Boomerang+1","Uppercut+1","Limit Break+1","Exhume","Sever Soul+1","Jack Of All Trades+1","Swift Strike","Inflame+1","Disarm","Flame Barrier"],"relics":["Burning Blood","Bronze Scales","HornCleat","Lee\u0027s Waffle","Matryoshka","Vajra","Blood Vial","WarpedTongs","Bag of Preparation","Bottled Flame","Sundial","Smiling Mask","SlaversCollar","Gremlin Horn","Orichalcum","Singing Bowl","Toy Ornithopter","PreservedInsect","Mark of Pain","Pen Nib","Frozen Egg 2","Anchor","Akabeko","Happy Flower"],"acts_visited":["Exordium","TheCity","TheBeyond","TheEnding"],"potions_floor_usage":[55,55,55],"damage_taken":[{"damage":0.0,"enemies":"2 Louse","floor":1.0,"turns":1.0},{"damage":2.0,"enemies":"Small Slimes","floor":4.0,"turns":2.0},{"damage":2.0,"enemies":"Cultist","floor":5.0,"turns":2.0},{"damage":3.0,"enemies":"Gremlin Nob","floor":6.0,"turns":3.0},{"damage":3.0,"enemies":"Looter","floor":8.0,"turns":2.0},{"damage":3.0,"enemies":"3 Louse","floor":10.0,"turns":2.0},{"damage":8.0,"enemies":"Red Slaver","floor":11.0,"turns":2.0},{"damage":9.0,"enemies":"3 Sentries","floor":13.0,"turns":4.0},{"damage":0.0,"enemies":"2 Fungi Beasts","floor":14.0,"turns":2.0},{"damage":16.0,"enemies":"The Guardian","floor":16.0,"turns":6.0},{"damage":5.0,"enemies":"Shell Parasite","floor":18.0,"turns":3.0},{"damage":0.0,"enemies":"2 Thieves","floor":21.0,"turns":2.0},{"damage":6.0,"enemies":"Cultist and Chosen","floor":22.0,"turns":3.0},{"damage":2.0,"enemies":"Shelled Parasite and Fungi","floor":24.0,"turns":3.0},{"damage":16.0,"enemies":"Slavers","floor":27.0,"turns":3.0},{"damage":0.0,"enemies":"Snecko","floor":28.0,"turns":4.0},{"damage":5.0,"enemies":"Book of Stabbing","floor":29.0,"turns":3.0},{"damage":10.0,"enemies":"Snake Plant","floor":31.0,"turns":2.0},{"damage":50.0,"enemies":"Automaton","floor":33.0,"turns":8.0},{"damage":9.0,"enemies":"3 Darklings","floor":35.0,"turns":5.0},{"damage":2.0,"enemies":"Orb Walker","floor":37.0,"turns":2.0},{"damage":4.0,"enemies":"Transient","floor":38.0,"turns":5.0},{"damage":15.0,"enemies":"Sphere and 2 Shapes","floor":41.0,"turns":3.0},{"damage":6.0,"enemies":"3 Darklings","floor":44.0,"turns":4.0},{"damage":8.0,"enemies":"Transient","floor":45.0,"turns":5.0},{"damage":6,"enemies":"Nemesis","floor":46,"turns":3},{"damage":86,"enemies":"Awakened One","floor":50,"turns":7},{"damage":20,"enemies":"Shield and Spear","floor":54,"turns":4},{"damage":83,"enemies":"The Heart","floor":55,"turns":8}],"seed_played":"-9200021165315157959","potions_obtained":[{"floor":5.0,"key":"EssenceOfSteel"},{"floor":11.0,"key":"PowerPotion"},{"floor":13.0,"key":"SneckoOil"},{"floor":14.0,"key":"EssenceOfSteel"},{"floor":16.0,"key":"SpeedPotion"},{"floor":20.0,"key":"Energy Potion"},{"floor":22.0,"key":"SneckoOil"},{"floor":24.0,"key":"SpeedPotion"},{"floor":33.0,"key":"Explosive Potion"},{"floor":38.0,"key":"LiquidBronze"}],"is_trial":false,"path_per_floor":["M","?","?","M","M","E","R","M","T","M","M","?","E","M","R","B",null,"M","$","?","M","M","R","M","$","T","E","M","E","R","M","R","B",null,"M","$","M","M","?","R","M","R","T","M","M","E","R","?","R","B",null,"R","$","E","B",null],"character_chosen":"IRONCLAD","items_purchased":["Bronze Scales","Shrug It Off","HornCleat","Lee\u0027s Waffle","Matryoshka","Vajra","Blood Vial","Dramatic Entrance","Fire Potion","Gremlin Horn","Seeing Red","Pen Nib","Disarm","Anchor","Akabeko","Weak Potion"],"campfire_rested":0,"item_purchase_floors":[0,0,0,0,0,0,0,0,0,19,19,36,53,53,53,53],"current_hp_per_floor":[87,87,87,87,87,87,87,87,87,87,85,78,77,85,85,77,87,87,87,87,87,87,87,87,87,87,79,87,89,89,85,85,43,89,88,88,93,93,85,85,80,80,80,84,84,88,88,88,88,10,101,101,101,87,27],"gold":163,"neow_bonus":"","is_daily":false,"chose_seed":false,"campfire_upgraded":9,"win_rate":0.0,"timestamp":1611976533,"path_taken":["M","?","?","?","M","E","R","M","T","M","M","?","E","M","R","BOSS","M","$","?","M","M","R","M","$","T","E","M","E","R","M","R","BOSS","M","$","M","M","?","R","M","R","T","M","M","E","R","?","R","BOSS","R","$","E","BOSS"],"items_purchased_type":["Relic","Card","Relic","Relic","Relic","Relic","Relic","Card","Potion","Relic","Card","Relic","Card","Relic","Relic","Potion"],"build_version":"2020-12-22","purchased_purges":2,"victory":true,"max_hp_per_floor":[87,87,87,87,87,87,87,87,87,87,87,87,87,87,87,87,87,87,87,87,87,87,87,87,87,87,89,89,89,89,89,89,89,89,91,91,93,93,95,95,97,97,97,99,99,101,101,101,101,101,101,101,101,101,101],"card_choices":[{"not_picked":["Perfected Strike","Searing Blow","Twin Strike"],"picked":"SKIP","floor":1.0},{"not_picked":["Pommel Strike","Havoc","True Grit"],"picked":"SKIP","floor":4.0},{"not_picked":["Whirlwind","Feel No Pain","Havoc"],"picked":"SKIP","floor":5.0},{"not_picked":["Clash","Thunderclap","Havoc"],"picked":"SKIP","floor":6.0},{"not_picked":["Berserk","Iron Wave"],"picked":"Twin Strike","floor":8.0},{"not_picked":["Heavy Blade","Carnage","Thunderclap"],"picked":"SKIP","floor":10.0},{"not_picked":["Heavy Blade","Shrug It Off","Dual Wield"],"picked":"SKIP","floor":11.0},{"not_picked":["Heavy Blade","Shrug It Off","Dual Wield"],"picked":"SKIP","floor":11.0},{"not_picked":["Combust","Iron Wave"],"picked":"Clash","floor":13.0},{"not_picked":["Shockwave","Clothesline"],"picked":"Headbutt","floor":14.0},{"not_picked":["Reaper","Exhume"],"picked":"Berserk","floor":16.0},{"not_picked":["Heavy Blade","Rupture+1","Flame Barrier"],"picked":"SKIP","floor":18.0},{"not_picked":["Clash","Perfected Strike","Wild Strike+1"],"picked":"SKIP","floor":21.0},{"not_picked":["Shrug It Off","Evolve","Clothesline"],"picked":"SKIP","floor":22.0},{"not_picked":["Heavy Blade","Thunderclap+1","Flex"],"picked":"SKIP","floor":24.0},{"not_picked":["Clothesline","Rupture","Shrug It Off"],"picked":"Singing Bowl","floor":27.0},{"not_picked":["Anger","Feel No Pain"],"picked":"Sword Boomerang+1","floor":28.0},{"not_picked":["Cleave","Dark Embrace"],"picked":"Uppercut","floor":29.0},{"not_picked":["Thunderclap","Combust"],"picked":"Limit Break","floor":31.0},{"not_picked":["Feed","Fiend Fire"],"picked":"Exhume","floor":33.0},{"not_picked":["Havoc+1","Twin Strike","Blood for Blood+1"],"picked":"Singing Bowl","floor":35.0},{"not_picked":["Shrug It Off+1","True Grit","Armaments"],"picked":"Singing Bowl","floor":37.0},{"not_picked":["Pommel Strike","Second Wind"],"picked":"Sever Soul+1","floor":38.0},{"not_picked":["Secret Technique","Mind Blast","Good Instincts"],"picked":"Singing Bowl","floor":39.0},{"not_picked":["Deep Breath","PanicButton"],"picked":"Jack Of All Trades","floor":39.0},{"not_picked":["Forethought","Panache"],"picked":"Swift Strike","floor":39.0},{"not_picked":["Havoc","Blood for Blood","Shrug It Off"],"picked":"Singing Bowl","floor":41.0},{"not_picked":["Evolve+1","Twin Strike+1","Headbutt"],"picked":"Singing Bowl","floor":44.0},{"not_picked":["Carnage+1","Demon Form"],"picked":"Inflame","floor":45.0},{"not_picked":["Sword Boomerang","Uppercut+1","Entrench+1"],"picked":"Singing Bowl","floor":46},{"not_picked":["Clothesline","Warcry"],"picked":"Flame Barrier","floor":54}],"player_experience":1452222,"relics_obtained":[{"floor":6.0,"key":"Bag of Preparation"},{"floor":9.0,"key":"Bottled Flame"},{"floor":9.0,"key":"Sundial"},{"floor":13.0,"key":"Smiling Mask"},{"floor":26.0,"key":"Orichalcum"},{"floor":26.0,"key":"Singing Bowl"},{"floor":27.0,"key":"Toy Ornithopter"},{"floor":29.0,"key":"PreservedInsect"},{"floor":46,"key":"Frozen Egg 2"},{"floor":54,"key":"Happy Flower"}],"event_choices":[{"cards_removed":["Strike_R"],"damage_healed":0.0,"max_hp_gain":0.0,"max_hp_loss":0.0,"gold_gain":0.0,"event_name":"The Cleric","player_choice":"Card Removal","floor":2.0,"gold_loss":50.0,"damage_taken":0.0},{"damage_healed":0.0,"max_hp_gain":0.0,"max_hp_loss":0.0,"gold_gain":0.0,"event_name":"Accursed Blacksmith","player_choice":"Rummage","floor":3.0,"gold_loss":0.0,"damage_taken":0.0,"relics_obtained":["WarpedTongs"],"cards_obtained":["Pain"]},{"cards_removed":["Pain"],"damage_healed":0.0,"max_hp_gain":0.0,"max_hp_loss":0.0,"gold_gain":0.0,"event_name":"Golden Wing","player_choice":"Card Removal","floor":12.0,"gold_loss":0.0,"damage_taken":7.0},{"damage_healed":0.0,"max_hp_gain":0.0,"max_hp_loss":0.0,"gold_gain":0.0,"event_name":"Lab","player_choice":"Got Potions","floor":20.0,"gold_loss":0.0,"damage_taken":0.0},{"damage_healed":0.0,"max_hp_gain":0.0,"max_hp_loss":0.0,"gold_gain":0.0,"event_name":"SensoryStone","player_choice":"Memory 3","floor":39.0,"gold_loss":0.0,"damage_taken":10.0},{"damage_healed":0,"gold_gain":300,"player_choice":"Gold","damage_taken":0,"max_hp_gain":0,"max_hp_loss":0,"event_name":"Wheel of Change","floor":48,"gold_loss":0}],"is_beta":false,"boss_relics":[{"not_picked":["Sozu","Astrolabe"],"picked":"SlaversCollar"},{"not_picked":["SacredBark","Fusion Hammer"],"picked":"Mark of Pain"}],"items_purged_floors":[0,0],"is_endless":false,"potions_floor_spawned":[5,11,13,14,16,18,22,24,33,37,38,45,54],"ascension_level":0}}