{"host":"bcxgpd1eu8czocm9","time":1611995239,"event":{"mods":["BaseMod","Downfall","Minty Spire (QoL Compilation)","Quick Restart","Replay The Spire","Spicy Shops","StSLib","¡¾ÒÅÎï¿¨ÅÆ¡¿REMEMod"],"gold_per_floor":[110,126,145,163,179,194,249,283,310,310,210,210,210,228,228,228,228,228],"floor_reached":16,"language":"ZHS","playtime":560,"items_purged":[],"score":104,"play_id":"0309e77a-2aee-4b6d-950b-5f8c2008628d","local_time":"20210130162719","is_ascension_mode":false,"campfire_choices":[{"data":"champ:UltimateStance","floor":11,"key":"SMITH"},{"data":"champ:SwordSigil","floor":13,"key":"SMITH"},{"data":"champ:Taunt","floor":15,"key":"SMITH"}],"circlet_count":0,"master_deck":["champ:Strike","champ:Strike","champ:Strike","champ:Defend","champ:Defend","champ:Defend","champ:Defend","champ:Execute","champ:Taunt+1","Judgement+1","champ:FaceSlap","champ:CalledShot","champ:PerfectedStrike","champ:SwordSigil+1","champ:RisingSlash","champ:BringItOn","champ:UltimateStance+1"],"relics":["champ:ChampionCrown","REME_ComplimentaryCards","Juzu Bracelet","Centennial Puzzle","Odd Mushroom","downfall:HeartBlessingGreen"],"acts_visited":["Exordium"],"potions_floor_usage":[4,8,16],"damage_taken":[{"damage":0,"enemies":"Jaw Worm","floor":1,"turns":2},{"damage":17,"enemies":"Small Slimes","floor":2,"turns":2},{"damage":0,"enemies":"2 Louse","floor":3,"turns":2},{"damage":21,"enemies":"Gremlin Gang","floor":4,"turns":3},{"damage":20,"enemies":"Large Slime","floor":5,"turns":4},{"damage":7,"enemies":"Blue Slaver","floor":6,"turns":2},{"damage":47,"enemies":"3 Sentries","floor":8,"turns":4},{"damage":28,"enemies":"The Mushroom Lair","floor":9,"turns":3},{"damage":0,"enemies":"Red Slaver","floor":14,"turns":1},{"damage":108,"enemies":"WA_ARCHETYPE_RETAIN","floor":16,"turns":7}],"seed_played":"7920213879911743790","potions_obtained":[{"floor":1,"key":"Energy Potion"},{"floor":4,"key":"LiquidMemories"},{"floor":8,"key":"Venom Potion"},{"floor":14,"key":"Explosive Potion"}],"is_trial":false,"path_per_floor":["M","M","M","M","M","M","T","E","?","?","R","?","R","M","R","B"],"character_chosen":"THE_CHAMP","items_purchased":[],"campfire_rested":0,"item_purchase_floors":[],"current_hp_per_floor":[99,92,92,81,81,74,74,62,49,49,49,49,49,49,49,0,0,0],"gold":228,"neow_bonus":"TEN_PERCENT_HP_BONUS","is_daily":false,"chose_seed":false,"campfire_upgraded":3,"win_rate":0.0,"timestamp":1611995239,"path_taken":["M","M","M","M","M","M","T","E","?","?","R","?","R","M","R","BOSS"],"items_purchased_type":[],"build_version":"2020-12-22","purchased_purges":0,"victory":false,"max_hp_per_floor":[99,99,99,99,99,99,99,99,99,99,99,99,99,99,99,99,99,99],"card_choices":[{"not_picked":["champ:Circumvent","champ:Shatter"],"picked":"champ:FaceSlap","floor":1},{"not_picked":["champ:Haymaker","champ:Circumvent"],"picked":"champ:CalledShot","floor":2},{"not_picked":["champ:ViciousMockery","champ:FlashCut"],"picked":"champ:PerfectedStrike","floor":3},{"not_picked":["champ:FanOfKnives","champ:Circumvent"],"picked":"champ:SwordSigil","floor":4},{"not_picked":["champ:DefensiveStyle","champ:RecklessLeap"],"picked":"champ:RisingSlash","floor":5},{"not_picked":["champ:Haymaker","champ:ShieldWall"],"picked":"champ:BringItOn","floor":6},{"not_picked":["champ:TornadoPunch","champ:BladeFlurry","champ:BringItOn"],"picked":"SKIP","floor":8},{"not_picked":["champ:DefensiveStyle","champ:CrownThrow"],"picked":"champ:UltimateStance","floor":9},{"not_picked":["champ:FanOfKnives","champ:Haymaker","champ:ShieldSigil"],"picked":"SKIP","floor":14}],"player_experience":434645,"relics_obtained":[{"floor":7,"key":"Juzu Bracelet"},{"floor":8,"key":"Centennial Puzzle"},{"floor":9,"key":"Odd Mushroom"}],"event_choices":[{"damage_healed":0,"gold_gain":0,"player_choice":"Fought Mushrooms","damage_taken":0,"max_hp_gain":0,"max_hp_loss":0,"event_name":"Mushrooms","floor":9,"gold_loss":0}],"is_beta":false,"boss_relics":[],"items_purged_floors":[],"is_endless":false,"potions_floor_spawned":[1,4,8,14],"killed_by":"WA_ARCHETYPE_RETAIN","ascension_level":0}}