{"host":"id3qf6v2yl1bmj05","time":1611982677,"event":{"mods":["Act Like it!","Aspiration","Bard","BaseMod","BetterRewards","Dio Mod","Downfall","Hallownest","Hermit","Jorbs\u0027s Wanderer Trilogy","Koishi","Marisa????????","Minty Spire (QoL Compilation)","Remilia??????","Shop Mod","StSLib","The Animator","The Bug Knight","The Cursed","The Disciple","The Dragon Tamer","The Gatherer","The Judge","The Marked","The Necromancer","The Runesmith","The Servant 0.9.4","The Wild Card","TheBandit","TheFirefly","TheHero"],"gold_per_floor":[118,118,118,129,146,146,146],"floor_reached":6,"language":"ENG","playtime":416,"items_purged":[],"score":36,"play_id":"ac575430-1dfe-475e-bf32-f96aa892c4b0","local_time":"20210129235757","is_ascension_mode":false,"campfire_choices":[],"circlet_count":0,"master_deck":["Koishi:BasicStrike","Koishi:BasicStrike","Koishi:BasicStrike","Koishi:BasicStrike","Koishi:BasicDefend","Koishi:BasicDefend","Koishi:BasicDefend","Koishi:BasicDefend","Koishi:Provoke","Koishi:HauntingSlash","Koishi:EmbryosDream","theWildCard:Arsene","Koishi:IdleWhim","Koishi:RacingHeart"],"relics":["Koishi:ImaginaryFriend","Bag of Preparation"],"acts_visited":["Exordium"],"potions_floor_usage":[],"damage_taken":[{"damage":2,"enemies":"Small Slimes","floor":1,"turns":4},{"damage":1,"enemies":"Jaw Worm","floor":4,"turns":4},{"damage":1,"enemies":"Cultist","floor":5,"turns":6},{"damage":9,"enemies":"3 Sentries","floor":6,"turns":2}],"seed_played":"-9048072211514339111","potions_obtained":[{"floor":5,"key":"sneckomod:MuddlingPotion"}],"is_trial":false,"path_per_floor":["M","?","?","M","M","E"],"character_chosen":"KOISHI","items_purchased":[],"campfire_rested":0,"item_purchase_floors":[],"current_hp_per_floor":[65,58,58,59,61,52,52],"gold":146,"neow_bonus":"TEN_PERCENT_HP_BONUS","is_daily":false,"chose_seed":false,"campfire_upgraded":0,"win_rate":0.0,"timestamp":1611982677,"path_taken":["M","?","?","M","M","E"],"items_purchased_type":[],"build_version":"2020-12-22","purchased_purges":0,"victory":false,"max_hp_per_floor":[66,66,66,66,66,66,66],"card_choices":[{"not_picked":["Koishi:MindNumbingTerror","Koishi:RacingHeart"],"picked":"Koishi:EmbryosDream","floor":1},{"not_picked":["Koishi:FreudianInstinct","Koishi:DreadfulBlow"],"picked":"Koishi:IdleWhim","floor":4},{"not_picked":["Koishi:FleetingPhantom","Koishi:PhantomStrike"],"picked":"Koishi:RacingHeart","floor":5}],"player_experience":110383,"relics_obtained":[],"event_choices":[{"damage_healed":0,"gold_gain":0,"player_choice":"Success","damage_taken":7,"relics_obtained":["Bag of Preparation"],"max_hp_gain":0,"max_hp_loss":0,"event_name":"Scrap Ooze","floor":2,"gold_loss":0}],"is_beta":false,"boss_relics":[],"items_purged_floors":[],"is_endless":false,"potions_floor_spawned":[5],"killed_by":"3 Sentries","ascension_level":0}}