{"host":"6zxkll9nensv7d24","time":1611972517,"event":{"mods":["2.2 Compatiblity","AchievementEnabler","Act Like it!","Bard","BaseMod","Better Match","Better Note","Better Third Choice","Better Vampires","BetterRewards","Conspire","Curses Come First","Displayed Cursed Tome","Downfall","Duelist Mod","Hallownest","Hubris","Hyrulean Relics","Infinite Spire","Minty Spire (QoL Compilation)","Replay The Spire","Small Relic Pack","StSLib","The Bug Knight","Transform Curses"],"gold_per_floor":[115,115,187,229,245,272,272,305,332,342,358,358,369,398,398,494,494,508,508,508,433,446,446,479,479,479,216,216,236,236,9,9,9,9],"floor_reached":33,"language":"ENG","playtime":3125,"items_purged":[],"score":281,"play_id":"8d65e1e6-f374-4dc0-a931-b45580084406","local_time":"20210129200837","is_ascension_mode":false,"campfire_choices":[{"floor":7,"key":"REST"},{"data":"HollowMod:SlysStrikes","floor":12,"key":"SMITH"},{"data":"HollowMod:MantisMark","floor":15,"key":"SMITH"},{"data":"HollowMod:LifebloodCore","floor":23,"key":"SMITH"},{"floor":30,"key":"REST"},{"data":"HollowMod:DungDefenderAura","floor":32,"key":"SMITH"}],"circlet_count":0,"master_deck":["HollowMod:NailStrikeStart","HollowMod:NailStrikeStart","HollowMod:NailStrikeStart","HollowMod:NailStrikeStart","HollowMod:QuickDashStart","HollowMod:QuickDashStart","HollowMod:QuickDashStart","HollowMod:QuickDashStart","HollowMod:FocusHealStart+1","HollowMod:PogoStrike+1","HollowMod:NewLittleFool","HollowMod:SoulStrike","HollowMod:MantisMark+1","HollowMod:LifebloodCocoon","HollowMod:SlysStrikes+1","HollowMod:DreamGate","HollowMod:SoulSplash","HollowMod:LifebloodCore+1","HollowMod:CoiledNail","Forethought+1","HollowMod:DungDefenderAura+1","HollowMod:RecoilStrike+1","HollowMod:PureNailStrike","HollowMod:ChannelNail","HollowMod:MonarchWings","HollowMod:SiblingsSouls","HollowMod:ChannelNail","HollowMod:DashSlash","HollowMod:SoulStrike"],"relics":["HollowMod:VesselMask","Omamori","hubris:CrystalStatue","Centennial Puzzle","ReplayTheSpireMod:Shallot","Replay:Baseball","Juzu Bracelet","Black Star","MutagenicStrength","Simple Rune","MealTicket","Pear","Chemical X","Membership Card"],"acts_visited":["Exordium","TheCity"],"potions_floor_usage":[8,11,14,18,18,24],"damage_taken":[{"damage":1,"enemies":"2_ Uuma","floor":1,"turns":4},{"damage":0,"enemies":"Hallownest:monsterHuskWarrior","floor":5,"turns":3},{"damage":31,"enemies":"Hallownest:eliteMossKnight","floor":6,"turns":17},{"damage":25,"enemies":"Hallownest:eliteVengeflyKing","floor":8,"turns":7},{"damage":1,"enemies":"Hallownest:2_Tiktiks_and_1_Crawlid","floor":10,"turns":4},{"damage":11,"enemies":"Hallownest:Guard_and_Warrior","floor":11,"turns":9},{"damage":4,"enemies":"Hallownest:monsterFoolEater","floor":13,"turns":5},{"damage":4,"enemies":"Hallownest:eliteMossKnight","floor":14,"turns":9},{"damage":38,"enemies":"Hallownest:BossFalseKnight","floor":16,"turns":9},{"damage":19,"enemies":"3 Byrds","floor":18,"turns":4},{"damage":4,"enemies":"Shell Parasite","floor":22,"turns":7},{"damage":53,"enemies":"Nightmare","floor":24,"turns":8},{"damage":9,"enemies":"Cultist and Chosen","floor":29,"turns":7},{"damage":116,"enemies":"Collector","floor":33,"turns":6}],"seed_played":"-3482159375807551273","potions_obtained":[{"floor":6,"key":"Adrenaline Potion"},{"floor":8,"key":"SkillPotion"},{"floor":13,"key":"hexamod:SoulburnPotion"},{"floor":14,"key":"Death Potion"},{"floor":16,"key":"hexamod:SoulburnPotion"},{"floor":22,"key":"BlessingOfTheForge"}],"is_trial":false,"path_per_floor":["M","?","T","?","M","E","R","E","T","M","M","R","M","E","R","B",null,"M","?","?","?","M","R","NM","?","T","$","?","M","R","$","R","B"],"character_chosen":"THE_BUGKNIGHT","items_purchased":["Chemical X","HollowMod:ChannelNail","HollowMod:MonarchWings","Membership Card","HollowMod:ChannelNail","HollowMod:DashSlash","HollowMod:SoulStrike"],"campfire_rested":2,"item_purchase_floors":[27,27,27,31,31,31,31],"current_hp_per_floor":[74,74,74,74,74,43,65,50,50,55,50,50,56,64,64,38,75,62,62,62,62,70,70,28,28,38,53,53,54,79,85,85,0,0],"gold":9,"neow_bonus":"RANDOM_COMMON_RELIC","is_daily":false,"chose_seed":false,"campfire_upgraded":4,"win_rate":0.0,"timestamp":1611972517,"path_taken":["M","?","?","?","M","E","R","E","T","?","?","R","M","E","R","BOSS","M","?","?","?","M","R","NM","?","T","?","?","M","R","$","R","BOSS"],"items_purchased_type":["Relic","Card","Card","Relic","Card","Card","Card"],"build_version":"2020-12-22","purchased_purges":0,"victory":false,"max_hp_per_floor":[75,75,75,75,75,75,75,75,75,75,75,75,75,75,75,75,75,75,75,75,75,75,75,75,75,85,85,85,85,85,85,85,85,85],"card_choices":[{"not_picked":["HollowMod:WraithStrike","HollowMod:CornifersMapStart"],"picked":"HollowMod:NewLittleFool","floor":1},{"not_picked":["HollowMod:DoubleDash","HollowMod:DescendingDark"],"picked":"HollowMod:NewJinnsSoul","floor":5},{"not_picked":["HollowMod:TaintedHusks","HollowMod:CycloneSlash"],"picked":"HollowMod:SoulStrike","floor":6},{"not_picked":["HollowMod:GoodIntentions","HollowMod:InfectedAttack"],"picked":"HollowMod:MantisMark","floor":8},{"not_picked":["HollowMod:InfectedCysts","HollowMod:HeavyBlow"],"picked":"HollowMod:LifebloodCocoon","floor":10},{"not_picked":["HollowMod:LifebloodCocoon","HollowMod:NewJinnsSoul"],"picked":"HollowMod:SlysStrikes","floor":11},{"not_picked":["HollowMod:HowlingWraiths","HollowMod:Grubsong"],"picked":"HollowMod:DreamGate","floor":13},{"not_picked":["HollowMod:TaintedHusks","HollowMod:InfectedCysts"],"picked":"HollowMod:SoulSplash","floor":14},{"not_picked":["HollowMod:HornetsHelp","HollowMod:Hiveblood"],"picked":"HollowMod:LifebloodCore","floor":16},{"not_picked":["HollowMod:SoulSplash+1","HollowMod:SiblingsSouls"],"picked":"HollowMod:CoiledNail","floor":18},{"not_picked":["Replay:Parry","ReplayTheSpireMod:Trickstab"],"picked":"Forethought","floor":21},{"not_picked":["HollowMod:ShapeofUnn","HollowMod:GrimmsGift"],"picked":"HollowMod:DungDefenderAura","floor":21},{"not_picked":["HollowMod:SharpenedNail","HollowMod:SoulStrike"],"picked":"HollowMod:RecoilStrike+1","floor":22},{"not_picked":["HollowMod:SiblingsSouls","HollowMod:WraithStrike"],"picked":"HollowMod:PureNailStrike","floor":24},{"not_picked":["HollowMod:MidwifesHunger","HollowMod:PureNailStrike"],"picked":"HollowMod:SiblingsSouls","floor":29}],"player_experience":110634,"relics_obtained":[{"floor":3,"key":"hubris:CrystalStatue"},{"floor":6,"key":"Centennial Puzzle"},{"floor":8,"key":"ReplayTheSpireMod:Shallot"},{"floor":9,"key":"Replay:Baseball"},{"floor":14,"key":"Juzu Bracelet"},{"floor":24,"key":"Simple Rune"},{"floor":24,"key":"MealTicket"},{"floor":26,"key":"Pear"}],"event_choices":[{"damage_healed":0,"gold_gain":0,"player_choice":"Inject Mutagens","damage_taken":0,"relics_obtained":["MutagenicStrength"],"max_hp_gain":0,"max_hp_loss":0,"event_name":"Drug Dealer","floor":19,"gold_loss":0},{"cards_removed":["HollowMod:NewJinnsSoul"],"damage_healed":0,"gold_gain":0,"player_choice":"Purged","damage_taken":0,"max_hp_gain":0,"max_hp_loss":0,"event_name":"Purifier","floor":20,"gold_loss":0},{"damage_healed":0,"gold_gain":0,"player_choice":"1","damage_taken":0,"max_hp_gain":0,"max_hp_loss":0,"event_name":"betterMatch:BetterMatch","floor":21,"gold_loss":0,"cards_obtained":["betterMatch:ColorlessUncommonCard","betterMatch:UncommonCard"]},{"damage_healed":0,"gold_gain":0,"player_choice":"Upgraded","damage_taken":0,"max_hp_gain":0,"max_hp_loss":0,"event_name":"Upgrade Shrine","floor":28,"gold_loss":0,"cards_upgraded":["Forethought"]}],"is_beta":false,"boss_relics":[{"not_picked":["Replay:Bronze Core","Ring of Chaos"],"picked":"Black Star"}],"items_purged_floors":[],"is_endless":true,"potions_floor_spawned":[6,8,13,14,16,22],"killed_by":"Collector","ascension_level":0}}