{"host":"dl909bjyolgrn2uw","time":1611978316,"event":{"mods":["2.2 Compatiblity","AlwaysNeverKeys","BaseMod","Bestiary","Better Altar","Better Note","Better Sensory Stone","Better Skull","Better Vampires","Better-Laid Plans","BetterRewards","Colored Powertips","Curses Come First","Disable Question Mark Monsters","Displayed Cursed Tome","Emptier Cage","Evolution","Minty Spire (QoL Compilation)","Permanent Neow","Quick Restart","Rare Cards Sparkle","Relic Stats","Shop Mod","Spicy Shops","StSLib","SuperFastMode","Transform Curses"],"gold_per_floor":[118,128,98,109,109,109,136,147,172,197,210,238,264,306,318,409,421,448,470,494,526,538,577,603,644,736,748,760,826,875,937,949,1032,1044,1076,592,592,867,884,919,931,946,972,972,1019,1052,1052,1095,1095,1095],"floor_reached":51,"language":"ENG","playtime":2881,"items_purged":["Strike_G","Strike_G","Strike_G","Strike_G","Setup"],"score":2969,"play_id":"83512211-e846-49c5-954f-b27034d29cae","local_time":"20210129214516","is_ascension_mode":true,"campfire_choices":[{"data":"Adrenaline","floor":6.0,"key":"SMITH"},{"data":"Accuracy","floor":15.0,"key":"SMITH"},{"data":"Acrobatics","floor":27,"key":"SMITH"},{"data":"Wraith Form v2","floor":32,"key":"SMITH"},{"data":"Adrenaline","floor":44,"key":"SMITH"},{"data":"Adrenaline","floor":49,"key":"SMITH"}],"circlet_count":0,"master_deck":["AscendersBane","Strike_G+1","Defend_G","Defend_G+1","Defend_G","Defend_G","Defend_G","Survivor","Neutralize+1","Leg Sweep","Footwork","Leg Sweep+1","Cloak And Dagger","Cloak And Dagger","Crippling Poison","Blade Dance","Backflip","After Image","Backflip","Footwork","Adrenaline+1","Apotheosis+1","Cloak And Dagger","Blade Dance","Acrobatics","Concentrate","PiercingWail","Acrobatics","Blade Dance","Corpse Explosion","Blade Dance","Accuracy","Accuracy+1","Malaise","Terror","Acrobatics+1","Backflip+1","Wraith Form v2+1","Blade Dance","Dodge and Roll","Panacea","HandOfGreed","Escape Plan","Adrenaline","Acrobatics+1","Accuracy+1","Adrenaline+1","Acrobatics","Adrenaline+1","Slice+1","Blade Dance"],"relics":["Ring of the Snake","EVO:Axolotl","Membership Card","DollysMirror","War Paint","Orrery","Whetstone","Ninja Scroll","Bag of Marbles","Shuriken","Omamori","Smiling Mask","Toy Ornithopter","Snake Skull","MawBank","Ancient Tea Set","Coffee Dripper","HornCleat","Gremlin Horn","Pantograph","Frozen Egg 2","Anchor","HoveringKite","TheAbacus","Ornamental Fan","Letter Opener","Happy Flower","PreservedInsect","Dream Catcher","Ginger","Bag of Preparation","Bottled Flame"],"acts_visited":["Exordium","TheCity","TheBeyond"],"potions_floor_usage":[25,50],"damage_taken":[{"damage":0.0,"enemies":"2 Louse","floor":1.0,"turns":3.0},{"damage":0.0,"enemies":"Cultist","floor":2.0,"turns":2.0},{"damage":0.0,"enemies":"Jaw Worm","floor":4.0,"turns":1.0},{"damage":0.0,"enemies":"Lagavulin","floor":7.0,"turns":2.0},{"damage":0.0,"enemies":"Lots of Slimes","floor":8.0,"turns":4.0},{"damage":9.0,"enemies":"3 Sentries","floor":10.0,"turns":4.0},{"damage":0.0,"enemies":"Exordium Wildlife","floor":11.0,"turns":2.0},{"damage":0.0,"enemies":"Gremlin Nob","floor":12.0,"turns":2.0},{"damage":11.0,"enemies":"2 Fungi Beasts","floor":13.0,"turns":3.0},{"damage":0.0,"enemies":"3 Sentries","floor":14.0,"turns":5.0},{"damage":0,"enemies":"Slime Boss","floor":16,"turns":3},{"damage":0,"enemies":"2 Thieves","floor":18,"turns":1},{"damage":0,"enemies":"Chosen","floor":19,"turns":2},{"damage":0,"enemies":"Snecko","floor":20,"turns":5},{"damage":1,"enemies":"Cultist and Chosen","floor":21,"turns":4},{"damage":0,"enemies":"Book of Stabbing","floor":23,"turns":4},{"damage":0,"enemies":"Centurion and Healer","floor":24,"turns":2},{"damage":0,"enemies":"Gremlin Leader","floor":25,"turns":4},{"damage":0,"enemies":"Slavers","floor":29,"turns":1},{"damage":0,"enemies":"Snake Plant","floor":30,"turns":3},{"damage":0,"enemies":"Gremlin Leader","floor":31,"turns":5},{"damage":0,"enemies":"Collector","floor":33,"turns":4},{"damage":0,"enemies":"3 Shapes","floor":35,"turns":1},{"damage":0,"enemies":"Orb Walker","floor":39,"turns":1},{"damage":0,"enemies":"Reptomancer","floor":40,"turns":2},{"damage":0,"enemies":"Spire Growth","floor":41,"turns":3},{"damage":0,"enemies":"Transient","floor":42,"turns":6},{"damage":0,"enemies":"2 Orb Walkers","floor":45,"turns":1},{"damage":0,"enemies":"Nemesis","floor":46,"turns":3},{"damage":0,"enemies":"Maw","floor":48,"turns":3},{"damage":0,"enemies":"Awakened One","floor":50,"turns":5}],"seed_played":"-2398694074585650186","potions_obtained":[{"floor":3.0,"key":"PowerPotion"},{"floor":3.0,"key":"Fire Potion"},{"floor":7.0,"key":"CunningPotion"},{"floor":10.0,"key":"Strength Potion"},{"floor":14.0,"key":"DistilledChaos"},{"floor":16,"key":"SteroidPotion"},{"floor":24,"key":"DuplicationPotion"},{"floor":25,"key":"GamblersBrew"},{"floor":42,"key":"Energy Potion"}],"is_trial":false,"path_per_floor":["M","M","?","M","?","R","E","M","T","E","M","E","M","E","R","B",null,"M","M","M","M","$","E","M","E","T","R","?","E","M","E","R","B",null,"M","$","?","?","M","E","M","M","T","R","?","E","T","M","R","B",null],"character_chosen":"THE_SILENT","items_purchased":["Membership Card","Leg Sweep","Footwork","DollysMirror","War Paint","Orrery","Whetstone","Blade Dance","Backflip","After Image","Ninja Scroll","Bag of Marbles","Footwork","Adrenaline","Apotheosis","Cloak And Dagger","Shuriken","Blade Dance","Acrobatics","Omamori","Accuracy+1","TheAbacus","Ornamental Fan","Letter Opener","Happy Flower"],"campfire_rested":0,"item_purchase_floors":[0,0,0,0,0,0,0,0,0,0,0,0,0,0,0,0,0,0,0,0,36,36,36,36,36],"current_hp_per_floor":[59,59,59,59,59,59,59,59,59,50,50,55,44,44,44,44,61,61,61,61,60,60,60,60,65,65,65,65,65,65,65,65,66,66,66,66,66,66,66,66,66,66,66,66,66,66,66,66,66,66],"gold":1095,"neow_bonus":"","is_daily":false,"chose_seed":false,"campfire_upgraded":6,"win_rate":0.0,"timestamp":1611978316,"path_taken":["M","M","?","?","?","R","E","M","T","E","?","E","M","E","R","BOSS","M","M","M","M","?","E","M","E","T","R","?","E","M","E","R","BOSS","M","$","?","?","?","E","M","M","T","R","?","E","?","M","R","BOSS"],"items_purchased_type":["Relic","Card","Card","Relic","Relic","Relic","Relic","Card","Card","Card","Relic","Relic","Card","Card","Card","Card","Relic","Card","Card","Relic","Card","Relic","Relic","Relic","Relic"],"build_version":"2020-12-22","purchased_purges":5,"victory":true,"max_hp_per_floor":[66,66,66,66,66,66,66,66,66,66,66,66,66,66,66,66,66,66,66,66,66,66,66,66,66,66,66,66,66,66,66,66,66,66,66,66,66,66,66,66,66,66,66,66,66,66,66,66,66,66],"relic_stats":{"Gremlin Horn":[15,15],"Happy Flower":[8],"counters":[204,826],"HoveringKite":[15],"Snake Skull":[357],"PreservedInsect":409,"Bag of Preparation":[0],"Whetstone":["Strike_G","Quick Slash","Neutralize","Strike_G"],"Letter Opener":[196],"Ginger":[5],"War Paint":["Defend_G","Leg Sweep"],"Smiling Mask":38,"MawBank":288,"Dream Catcher":0,"TheAbacus":[12],"Shuriken":[105],"Ornamental Fan":[144],"Pantograph":1,"obtain_stats":[{"Ice Cream":19,"TwistedFunnel":0,"Gremlin Horn":9,"Vajra":6,"HoveringKite":34,"EVO:Axolotl":0,"Whetstone":46,"Ginger":45,"Boot":48,"Sling":37,"Old Coin":40,"Blood Vial":9,"Centennial Puzzle":43,"HornCleat":29,"DollysMirror":47,"Strawberry":27,"MealTicket":7,"Prayer Wheel":0,"Necronomicon":20,"Kunai":48,"Toxic Egg 2":37,"Happy Flower":36,"Astrolabe":17,"Dead Branch":27,"Oddly Smooth Stone":0,"Tingsha":8,"Pen Nib":24,"Letter Opener":26,"War Paint":12,"Paper Crane":12,"Akabeko":42,"Du-Vu Doll":12,"Runic Dome":0,"OrangePellets":0,"Bottled Flame":47,"Shuriken":46,"MutagenicStrength":22,"Molten Egg 2":43,"Pandora\u0027s Box":17,"StrikeDummy":31,"Meat on the Bone":47,"Darkstone Periapt":24,"Regal Pillow":11,"Singing Bowl":9,"Mango":14,"StoneCalendar":28,"Snake Skull":19,"Juzu Bracelet":8,"Bag of Preparation":46,"Ancient Tea Set":0,"Cursed Key":34,"Smiling Mask":7,"ClockworkSouvenir":47,"Dream Catcher":12,"Nunchaku":37,"Shovel":45,"TheAbacus":36,"Ninja Scroll":25,"Pantograph":6,"Gambling Chip":0,"Tiny Chest":27,"WingedGreaves":36,"Red Mask":30,"Cracked Core":0,"InkBottle":43,"Runic Pyramid":17,"Ring of the Snake":0,"Potion Belt":26,"Inserter":17,"Golden Idol":3,"Thread and Needle":43,"PreservedInsect":0,"Omamori":23,"Orichalcum":31,"Frozen Egg 2":29,"Medical Kit":48,"MawBank":12,"White Beast Statue":40,"Mercury Hourglass":31,"Peace Pipe":44,"CaptainsWheel":42,"Anchor":26,"Busted Crown":34,"Ornamental Fan":47,"Bloody Idol":19,"Orrery":0,"Coffee Dripper":0,"Art of War":27,"Bag of Marbles":0,"Membership Card":19,"Bottled Lightning":25,"FossilizedHelix":37,"Toy Ornithopter":48},{"Ice Cream":12,"TwistedFunnel":143,"Gremlin Horn":24,"Vajra":65,"HoveringKite":195,"EVO:Axolotl":0,"Whetstone":86,"Ginger":201,"Boot":87,"Sling":106,"Old Coin":138,"Blood Vial":148,"Centennial Puzzle":57,"HornCleat":102,"DollysMirror":59,"Strawberry":101,"MealTicket":6,"Prayer Wheel":88,"Necronomicon":12,"Kunai":142,"Toxic Egg 2":165,"Happy Flower":196,"Astrolabe":70,"Dead Branch":129,"Oddly Smooth Stone":60,"Tingsha":118,"Pen Nib":14,"Letter Opener":14,"War Paint":41,"Paper Crane":68,"Akabeko":85,"Du-Vu Doll":8,"Runic Dome":1,"OrangePellets":33,"Bottled Flame":202,"Shuriken":86,"MutagenicStrength":156,"Molten Egg 2":85,"Pandora\u0027s Box":97,"StrikeDummy":79,"Meat on the Bone":59,"Darkstone Periapt":128,"Regal Pillow":95,"Singing Bowl":6,"Mango":27,"StoneCalendar":78,"Snake Skull":98,"Juzu Bracelet":24,"Bag of Preparation":202,"Ancient Tea Set":18,"Cursed Key":163,"Smiling Mask":177,"ClockworkSouvenir":59,"Dream Catcher":26,"Nunchaku":82,"Shovel":110,"TheAbacus":196,"Ninja Scroll":49,"Pantograph":38,"Gambling Chip":88,"Tiny Chest":159,"WingedGreaves":82,"Red Mask":50,"Cracked Core":0,"InkBottle":139,"Runic Pyramid":43,"Ring of the Snake":0,"Potion Belt":49,"Inserter":28,"Golden Idol":62,"Thread and Needle":108,"PreservedInsect":33,"Omamori":47,"Orichalcum":17,"Frozen Egg 2":192,"Medical Kit":142,"MawBank":181,"White Beast Statue":56,"Mercury Hourglass":51,"Peace Pipe":58,"CaptainsWheel":57,"Anchor":77,"Busted Crown":52,"Ornamental Fan":59,"Bloody Idol":125,"Orrery":60,"Coffee Dripper":0,"Art of War":15,"Bag of Marbles":173,"Membership Card":12,"Bottled Lightning":77,"FossilizedHelix":106,"Toy Ornithopter":142},{"Ice Cream":38,"TwistedFunnel":611,"Gremlin Horn":75,"Vajra":292,"HoveringKite":801,"EVO:Axolotl":0,"Whetstone":410,"Ginger":815,"Boot":415,"Sling":499,"Old Coin":596,"Blood Vial":628,"Centennial Puzzle":264,"HornCleat":482,"DollysMirror":275,"Strawberry":479,"MealTicket":19,"Prayer Wheel":422,"Necronomicon":38,"Kunai":608,"Toxic Egg 2":689,"Happy Flower":802,"Astrolabe":312,"Dead Branch":574,"Oddly Smooth Stone":280,"Tingsha":545,"Pen Nib":45,"Letter Opener":45,"War Paint":165,"Paper Crane":298,"Akabeko":405,"Du-Vu Doll":23,"Runic Dome":1,"OrangePellets":129,"Bottled Flame":818,"Shuriken":410,"MutagenicStrength":656,"Molten Egg 2":405,"Pandora\u0027s Box":462,"StrikeDummy":361,"Meat on the Bone":275,"Darkstone Periapt":568,"Regal Pillow":453,"Singing Bowl":19,"Mango":90,"StoneCalendar":352,"Snake Skull":468,"Juzu Bracelet":75,"Bag of Preparation":818,"Ancient Tea Set":58,"Cursed Key":683,"Smiling Mask":743,"ClockworkSouvenir":275,"Dream Catcher":86,"Nunchaku":386,"Shovel":515,"TheAbacus":802,"Ninja Scroll":216,"Pantograph":148,"Gambling Chip":422,"Tiny Chest":665,"WingedGreaves":386,"Red Mask":221,"Cracked Core":0,"InkBottle":601,"Runic Pyramid":178,"Ring of the Snake":0,"Potion Belt":216,"Inserter":101,"Golden Idol":283,"Thread and Needle":503,"PreservedInsect":129,"Omamori":203,"Orichalcum":55,"Frozen Egg 2":789,"Medical Kit":608,"MawBank":755,"White Beast Statue":258,"Mercury Hourglass":229,"Peace Pipe":270,"CaptainsWheel":264,"Anchor":347,"Busted Crown":236,"Ornamental Fan":275,"Bloody Idol":561,"Orrery":280,"Coffee Dripper":0,"Art of War":48,"Bag of Marbles":735,"Membership Card":38,"Bottled Lightning":347,"FossilizedHelix":499,"Toy Ornithopter":608}],"Toy Ornithopter":10,"Ring of the Snake":[340]},"card_choices":[{"not_picked":["Distraction","Slice"],"picked":"Cloak And Dagger","floor":0.0},{"not_picked":["PiercingWail","Catalyst"],"picked":"Cloak And Dagger","floor":0.0},{"not_picked":["Noxious Fumes","Escape Plan"],"picked":"Crippling Poison","floor":0.0},{"not_picked":["Tools of the Trade","Well Laid Plans"],"picked":"Backflip","floor":0.0},{"not_picked":["Dagger Spray","Underhanded Strike"],"picked":"Setup","floor":0.0},{"not_picked":["Caltrops","Dagger Spray"],"picked":"Concentrate","floor":1.0},{"not_picked":["Poisoned Stab","Bane","PiercingWail"],"picked":"SKIP","floor":2.0},{"not_picked":["Poisoned Stab","Bane"],"picked":"PiercingWail","floor":2.0},{"not_picked":["Backstab","Sucker Punch"],"picked":"Acrobatics","floor":4.0},{"not_picked":["Bane","Crippling Poison","Quick Slash"],"picked":"SKIP","floor":7.0},{"not_picked":["Bane","Crippling Poison","Quick Slash"],"picked":"SKIP","floor":7.0},{"not_picked":["Poisoned Stab","PiercingWail"],"picked":"Blade Dance","floor":8.0},{"not_picked":["Backstab","Glass Knife"],"picked":"Corpse Explosion","floor":10.0},{"not_picked":["Expertise","Catalyst"],"picked":"Blade Dance","floor":11.0},{"not_picked":["Endless Agony","Bane","Concentrate"],"picked":"SKIP","floor":12.0},{"not_picked":["Outmaneuver","Unload"],"picked":"Accuracy","floor":13.0},{"not_picked":["Choke","Bane"],"picked":"Accuracy","floor":14.0},{"not_picked":["Unload","Grand Finale"],"picked":"Malaise","floor":16},{"not_picked":["Bane","Cloak And Dagger"],"picked":"Terror","floor":18},{"not_picked":["Bane","Deflect"],"picked":"Acrobatics","floor":19},{"not_picked":["Deflect","Deadly Poison"],"picked":"Backflip+1","floor":20},{"not_picked":["Outmaneuver","Backflip"],"picked":"Wraith Form v2","floor":21},{"not_picked":["Quick Slash","Deadly Poison"],"picked":"Blade Dance","floor":23},{"not_picked":["Underhanded Strike","Setup","Distraction"],"picked":"SKIP","floor":24},{"not_picked":["Expertise","Terror"],"picked":"Dodge and Roll","floor":25},{"not_picked":["Madness","Good Instincts"],"picked":"Panacea","floor":28},{"not_picked":["Mind Blast","Trip"],"picked":"HandOfGreed","floor":28},{"not_picked":["Flying Knee","Heel Hook","Dodge and Roll"],"picked":"SKIP","floor":29},{"not_picked":["Flying Knee","Heel Hook","Dodge and Roll"],"picked":"SKIP","floor":29},{"not_picked":["Dagger Throw+1","Dagger Spray"],"picked":"Escape Plan","floor":30},{"not_picked":["Deadly Poison","Dodge and Roll","Riddle With Holes"],"picked":"SKIP","floor":31},{"not_picked":["Night Terror","Venomology"],"picked":"Adrenaline","floor":33},{"not_picked":["Infinite Blades+1","Bane"],"picked":"Acrobatics+1","floor":35},{"not_picked":["Flying Knee","Sucker Punch","Underhanded Strike+1"],"picked":"SKIP","floor":39},{"not_picked":["Dagger Spray+1","Bane"],"picked":"Adrenaline","floor":40},{"not_picked":["Flying Knee","Deflect"],"picked":"Acrobatics","floor":41},{"not_picked":["Deadly Poison","Blade Dance+1"],"picked":"Adrenaline","floor":42},{"not_picked":["Quick Slash","Expertise+1"],"picked":"Slice+1","floor":45},{"not_picked":["Terror","Skewer"],"picked":"Blade Dance","floor":46},{"not_picked":["Prepared","Noxious Fumes+1","Terror"],"picked":"SKIP","floor":48}],"player_experience":341192,"relics_obtained":[{"floor":7.0,"key":"Smiling Mask"},{"floor":9.0,"key":"Toy Ornithopter"},{"floor":10.0,"key":"Snake Skull"},{"floor":12.0,"key":"MawBank"},{"floor":14.0,"key":"Ancient Tea Set"},{"floor":23,"key":"HornCleat"},{"floor":25,"key":"Gremlin Horn"},{"floor":26,"key":"Pantograph"},{"floor":29,"key":"Frozen Egg 2"},{"floor":31,"key":"Anchor"},{"floor":40,"key":"PreservedInsect"},{"floor":43,"key":"Dream Catcher"},{"floor":45,"key":"Ginger"},{"floor":46,"key":"Bag of Preparation"},{"floor":47,"key":"Bottled Flame"}],"event_choices":[{"damage_healed":0.0,"max_hp_gain":0.0,"max_hp_loss":0.0,"gold_gain":0.0,"event_name":"The Woman in Blue","player_choice":"Bought 2 Potions","floor":3.0,"gold_loss":0.0,"damage_taken":0.0},{"damage_healed":0.0,"max_hp_gain":0.0,"max_hp_loss":0.0,"gold_gain":0.0,"event_name":"Upgrade Shrine","player_choice":"Upgraded","floor":5.0,"gold_loss":0.0,"damage_taken":0.0,"cards_upgraded":["Apotheosis"]},{"damage_healed":0,"gold_gain":2,"player_choice":"1","damage_taken":0,"max_hp_gain":0,"max_hp_loss":0,"event_name":"betterStone:BetterStone","floor":28,"gold_loss":0},{"damage_healed":0,"gold_gain":0,"player_choice":"Ignored","damage_taken":0,"max_hp_gain":0,"max_hp_loss":0,"event_name":"Tomb of Lord Red Mask","floor":37,"gold_loss":0},{"damage_healed":0,"gold_gain":275,"player_choice":"Desecrate","damage_taken":0,"max_hp_gain":0,"max_hp_loss":0,"event_name":"Golden Shrine","floor":38,"gold_loss":0,"cards_obtained":["Regret"]},{"damage_healed":0,"gold_gain":0,"player_choice":"Fight","damage_taken":0,"max_hp_gain":0,"max_hp_loss":0,"event_name":"Mysterious Sphere","floor":45,"gold_loss":0}],"is_beta":false,"boss_relics":[{"not_picked":["Sozu","SlaversCollar"],"picked":"Coffee Dripper"},{"not_picked":["Fusion Hammer","SacredBark"],"picked":"HoveringKite"}],"items_purged_floors":[0,0,0,0,36],"is_endless":false,"potions_floor_spawned":[7,10,11,14,16,18,20,24,25,29,40,42,45,46],"ascension_level":18}}