{"host":"gcl0wx4kxpuh49bt","time":1611993300,"event":{"mods":["AchievementEnabler","BaseMod","DeckTracker","Minty Spire (QoL Compilation)","StSLib"],"gold_per_floor":[119,129,142,67,18,49,49,4,4,34,34,52,67,85,85,182,232,244,90,90,102,112,112,145,156,208,208,208],"floor_reached":27,"language":"KOR","playtime":1088,"items_purged":["Defend_R"],"score":319,"play_id":"e4a3ab63-6145-4a7f-bf1f-196c12987b64","local_time":"20210130165500","is_ascension_mode":true,"campfire_choices":[{"data":"Sever Soul","floor":7.0,"key":"SMITH"},{"floor":11.0,"key":"REST"},{"data":"Rage","floor":15.0,"key":"SMITH"},{"data":"Battle Trance","floor":23.0,"key":"SMITH"}],"circlet_count":0,"master_deck":["Strike_R","Strike_R+1","Strike_R","Strike_R","Strike_R","Defend_R","Defend_R","Defend_R","Bash","Sever Soul+1","Metallicize","Battle Trance+1","Power Through","Shrug It Off","Pommel Strike","Rage+1","Demon Form","Second Wind","Disarm","Battle Trance+1"],"relics":["Burning Blood","Bronze Scales","Mummified Hand","Potion Belt","Tiny House","Lantern","Nloth\u0027s Gift","Vajra"],"acts_visited":["Exordium","TheCity"],"potions_floor_usage":[27],"damage_taken":[{"damage":0.0,"enemies":"Cultist","floor":1.0,"turns":1.0},{"damage":0.0,"enemies":"Jaw Worm","floor":2.0,"turns":1.0},{"damage":0.0,"enemies":"Small Slimes","floor":3.0,"turns":1.0},{"damage":36.0,"enemies":"Gremlin Nob","floor":6.0,"turns":5.0},{"damage":27.0,"enemies":"3 Sentries","floor":10.0,"turns":6.0},{"damage":10.0,"enemies":"3 Louse","floor":12.0,"turns":3.0},{"damage":17.0,"enemies":"Looter","floor":13.0,"turns":2.0},{"damage":0.0,"enemies":"Large Slime","floor":14.0,"turns":2.0},{"damage":24.0,"enemies":"Hexaghost","floor":16.0,"turns":8.0},{"damage":5.0,"enemies":"Shell Parasite","floor":18.0,"turns":6.0},{"damage":0.0,"enemies":"Chosen","floor":21.0,"turns":4.0},{"damage":30.0,"enemies":"Centurion and Healer","floor":22.0,"turns":6.0},{"damage":30.0,"enemies":"Slavers","floor":24.0,"turns":6.0},{"damage":9,"enemies":"Snake Plant","floor":25,"turns":4},{"damage":28,"enemies":"Shelled Parasite and Fungi","floor":27,"turns":3}],"seed_played":"3901531574941684649","potions_obtained":[{"floor":2.0,"key":"Explosive Potion"},{"floor":10.0,"key":"LiquidMemories"},{"floor":12.0,"key":"DistilledChaos"},{"floor":13.0,"key":"Ancient Potion"},{"floor":17.0,"key":"DuplicationPotion"},{"floor":22.0,"key":"Energy Potion"},{"floor":25,"key":"ColorlessPotion"}],"is_trial":false,"path_per_floor":["M","M","M","$","$","E","R","$","T","E","R","M","M","M","R","B",null,"M","$","?","M","M","R","E","M","T","M"],"character_chosen":"IRONCLAD","items_purchased":["Swift Potion","Shrug It Off","Lantern"],"campfire_rested":1,"item_purchase_floors":[5,8,19],"current_hp_per_floor":[78,80,80,80,80,50,50,50,50,29,53,49,38,44,44,26,72,73,73,73,79,55,55,31,28,28,0,0],"gold":208,"neow_bonus":"THREE_ENEMY_KILL","is_daily":false,"chose_seed":false,"campfire_upgraded":3,"win_rate":0.0,"timestamp":1611993300,"path_taken":["M","M","M","?","$","E","R","$","T","E","R","M","M","M","R","BOSS","M","$","?","?","M","R","E","M","T","M"],"items_purchased_type":["Potion","Card","Relic"],"build_version":"2020-12-22","purchased_purges":1,"victory":false,"max_hp_per_floor":[80,80,80,80,80,80,80,80,80,80,80,80,80,80,80,80,85,85,85,85,85,85,85,85,85,85,85,85],"card_choices":[{"not_picked":["Wild Strike","Warcry"],"picked":"Sever Soul","floor":1.0},{"not_picked":["Spot Weakness","Havoc"],"picked":"Metallicize","floor":2.0},{"not_picked":["Hemokinesis","Sword Boomerang"],"picked":"Battle Trance","floor":3.0},{"not_picked":["Cleave","Blood for Blood"],"picked":"Power Through","floor":6.0},{"not_picked":["Cleave","Spot Weakness"],"picked":"Pommel Strike","floor":10.0},{"not_picked":["Armaments","Combust","Warcry"],"picked":"SKIP","floor":12.0},{"not_picked":["Heavy Blade","Clothesline","Twin Strike"],"picked":"SKIP","floor":13.0},{"not_picked":["True Grit","Clash"],"picked":"Rage","floor":14.0},{"not_picked":["Bludgeon","Reaper"],"picked":"Demon Form","floor":16.0},{"not_picked":["Shrug It Off","Cleave"],"picked":"Second Wind","floor":17.0},{"not_picked":["Clash","Perfected Strike","Twin Strike"],"picked":"SKIP","floor":18.0},{"not_picked":["Perfected Strike+1","Shrug It Off","Sword Boomerang"],"picked":"SKIP","floor":21.0},{"not_picked":["Whirlwind+1","Armaments"],"picked":"Disarm","floor":22.0},{"not_picked":["Spot Weakness","Clothesline+1"],"picked":"Battle Trance+1","floor":24.0},{"not_picked":["Clash","Whirlwind","Clothesline"],"picked":"SKIP","floor":25}],"player_experience":156333,"relics_obtained":[{"floor":6.0,"key":"Bronze Scales"},{"floor":9.0,"key":"Mummified Hand"},{"floor":10.0,"key":"Potion Belt"},{"floor":24.0,"key":"Vajra"}],"event_choices":[{"damage_healed":0.0,"max_hp_gain":0.0,"max_hp_loss":0.0,"gold_gain":0.0,"event_name":"N\u0027loth","player_choice":"Traded Relic","floor":20.0,"relics_lost":["NeowsBlessing"],"gold_loss":0.0,"damage_taken":0.0,"relics_obtained":["Nloth\u0027s Gift"]}],"is_beta":false,"boss_relics":[{"not_picked":["Velvet Choker","SacredBark"],"picked":"Tiny House"}],"items_purged_floors":[4],"is_endless":false,"potions_floor_spawned":[2,10,12,13,22,25],"killed_by":"Shelled Parasite and Fungi","ascension_level":6}}