{"host":"2se5dq1do2gp0x9k","time":1611990592,"event":{"mods":["AchievementEnabler","BaseMod","Block Reminder","Colored Map","Colored Powertips","Minty Spire (QoL Compilation)","Relic Stats","StSLib","SuperFastMode"],"gold_per_floor":[119,64,64,76,92,124,139,139,139,149,74,102,114,128,128,204,204,218,218,218,218,268,268,268,268],"floor_reached":24,"language":"ENG","playtime":784,"items_purged":["Strike_B"],"score":412,"play_id":"dccb83a5-6185-4c18-8135-7396af22a906","local_time":"20210129230952","is_ascension_mode":true,"campfire_choices":[{"data":"Beam Cell","floor":8,"key":"SMITH"},{"floor":15,"key":"REST"},{"floor":23,"key":"DIG"}],"circlet_count":0,"master_deck":["AscendersBane","Strike_B","Strike_B","Strike_B","Defend_B","Defend_B+1","Defend_B","Defend_B","Zap","Dualcast+1","All For One","Ball Lightning","Gash","Skim","Gash","Beam Cell+1","Machine Learning","Genetic Algorithm","Reinforced Body","Steam","Chill","All For One","Gash","Steam","Steam","Buffer","Hologram","Go for the Eyes","Decay"],"relics":["Cracked Core","Prayer Wheel","Shovel","Blue Candle","Fusion Hammer","War Paint"],"acts_visited":["Exordium","TheCity"],"potions_floor_usage":[16,16],"damage_taken":[{"damage":0.0,"enemies":"2 Louse","floor":1.0,"turns":2.0},{"damage":1,"enemies":"Cultist","floor":4,"turns":3},{"damage":0,"enemies":"Small Slimes","floor":5,"turns":2},{"damage":15,"enemies":"Lagavulin","floor":6,"turns":5},{"damage":2,"enemies":"2 Fungi Beasts","floor":7,"turns":2},{"damage":8,"enemies":"Large Slime","floor":10,"turns":5},{"damage":1,"enemies":"3 Sentries","floor":12,"turns":6},{"damage":4,"enemies":"Looter","floor":13,"turns":2},{"damage":16,"enemies":"Red Slaver","floor":14,"turns":4},{"damage":25,"enemies":"The Guardian","floor":16,"turns":9},{"damage":7,"enemies":"2 Thieves","floor":18,"turns":4},{"damage":59,"enemies":"Gremlin Leader","floor":24,"turns":7}],"seed_played":"-346245740085030544","potions_obtained":[{"floor":1.0,"key":"Explosive Potion"},{"floor":4,"key":"SmokeBomb"},{"floor":5,"key":"SkillPotion"},{"floor":13,"key":"FocusPotion"}],"is_trial":false,"path_per_floor":["M","$","?","M","M","E","M","R","T","M","$","E","M","M","R","B",null,"M","?","?","?","?","R","E"],"character_chosen":"DEFECT","items_purchased":["Gash"],"campfire_rested":1,"item_purchase_floors":[2],"current_hp_per_floor":[64,64,64,63,63,48,46,46,46,38,38,37,33,17,36,11,51,44,44,44,44,44,44,0,0],"gold":268,"neow_bonus":"THREE_RARE_CARDS","is_daily":false,"chose_seed":false,"campfire_upgraded":1,"win_rate":0.0,"timestamp":1611990592,"path_taken":["M","$","?","M","M","E","M","R","T","M","$","E","M","M","R","BOSS","M","?","?","?","?","R","E"],"items_purchased_type":["Card"],"build_version":"2020-12-22","purchased_purges":1,"victory":false,"max_hp_per_floor":[64,64,64,64,64,64,64,64,64,64,64,64,64,64,64,64,64,64,64,64,64,64,64,64,64],"relic_stats":{"Shovel":1,"counters":[12,51],"Blue Candle":[0],"Prayer Wheel":5,"War Paint":["Defend_B","Dualcast"],"obtain_stats":[{"Shovel":9,"Blue Candle":12,"Prayer Wheel":6,"Fusion Hammer":17,"War Paint":23,"Cracked Core":0},{"Shovel":5,"Blue Candle":7,"Prayer Wheel":4,"Fusion Hammer":10,"War Paint":11,"Cracked Core":0},{"Shovel":14,"Blue Candle":25,"Prayer Wheel":12,"Fusion Hammer":40,"War Paint":44,"Cracked Core":0}]},"card_choices":[{"not_picked":["Core Surge","Fission"],"picked":"All For One","floor":0.0},{"not_picked":["Recycle","Coolheaded"],"picked":"Ball Lightning","floor":1.0},{"not_picked":["Force Field","Barrage"],"picked":"Gash","floor":4},{"not_picked":["Compile Driver","Cold Snap"],"picked":"Beam Cell","floor":5},{"not_picked":["Rebound","Streamline"],"picked":"Machine Learning","floor":6},{"not_picked":["Coolheaded","Beam Cell"],"picked":"Genetic Algorithm","floor":7},{"not_picked":["Sunder","Conserve Battery"],"picked":"Reinforced Body","floor":7},{"not_picked":["Stack","Steam Power"],"picked":"Steam","floor":10},{"not_picked":["Streamline","Melter"],"picked":"Chill","floor":10},{"not_picked":["Turbo","Consume"],"picked":"All For One","floor":12},{"not_picked":["Turbo","Force Field"],"picked":"Gash","floor":13},{"not_picked":["Ball Lightning","Beam Cell","Streamline"],"picked":"SKIP","floor":13},{"not_picked":["Heatsinks","Lockon"],"picked":"Steam","floor":14},{"not_picked":["Heatsinks","Compile Driver"],"picked":"Steam","floor":14},{"not_picked":["Multi-Cast","Core Surge"],"picked":"Buffer","floor":16},{"not_picked":["Turbo","Ball Lightning"],"picked":"Hologram","floor":18},{"not_picked":["Compile Driver","Sweeping Beam","Steam Power"],"picked":"SKIP","floor":18}],"player_experience":3984879,"relics_obtained":[{"floor":6,"key":"Prayer Wheel"},{"floor":9,"key":"Shovel"},{"floor":12,"key":"Blue Candle"},{"floor":23,"key":"War Paint"}],"event_choices":[{"damage_healed":0,"gold_gain":0,"player_choice":"1 cards matched","damage_taken":0,"max_hp_gain":0,"max_hp_loss":0,"event_name":"Match and Keep!","floor":3,"gold_loss":0,"cards_obtained":["Skim"]},{"damage_healed":0,"gold_gain":0,"player_choice":"Read","damage_taken":0,"max_hp_gain":0,"max_hp_loss":0,"event_name":"The Library","floor":19,"gold_loss":0,"cards_obtained":["Go for the Eyes"]},{"damage_healed":0,"gold_gain":0,"player_choice":"Smashed Altar","damage_taken":0,"max_hp_gain":0,"max_hp_loss":0,"event_name":"Forgotten Altar","floor":20,"gold_loss":0,"cards_obtained":["Decay"]},{"damage_healed":0,"gold_gain":0,"player_choice":"Ignored","damage_taken":0,"max_hp_gain":0,"max_hp_loss":0,"event_name":"Vampires","floor":21,"gold_loss":0},{"damage_healed":0,"gold_gain":50,"player_choice":"Stole From Cult","damage_taken":0,"max_hp_gain":0,"max_hp_loss":0,"event_name":"Nest","floor":22,"gold_loss":0}],"is_beta":false,"boss_relics":[{"not_picked":["Ectoplasm","Velvet Choker"],"picked":"Fusion Hammer"}],"items_purged_floors":[11],"is_endless":false,"potions_floor_spawned":[1,4,5,13],"killed_by":"Gremlin Leader","ascension_level":20}}