{"host":"9l1knhxfturzliqa","time":1611970865,"event":{"mods":["BaseMod","Colored Map","Colored Powertips","DeckTracker","Highlight Path","Keyboard Shortcuts","Minty Spire (QoL Compilation)","Random Character Button"],"gold_per_floor":[110,110,130,32,32,32,48,62,62,62,62,75,88,115,115,213,213,233,233,233,243,262,262,273,273,273],"floor_reached":25,"language":"KOR","playtime":1151,"items_purged":["Defend_B"],"score":254,"play_id":"8a9c6bf5-8853-497d-a7a4-7581badbf2d1","local_time":"20210130104105","is_ascension_mode":true,"campfire_choices":[{"data":"Zap","floor":6.0,"key":"SMITH"},{"data":"Dualcast","floor":10.0,"key":"SMITH"},{"floor":15.0,"key":"REST"},{"data":"Seek","floor":23.0,"key":"SMITH"}],"circlet_count":0,"master_deck":["Strike_B","Strike_B+1","Defend_B","Defend_B","Zap+1","Dualcast+1","Seek+1","Genetic Algorithm","Storm","Go for the Eyes+1","Ball Lightning","Chill","Melter","Seek","Turbo+1"],"relics":["FrozenCore","HornCleat","Potion Belt","Akabeko"],"acts_visited":["Exordium","TheCity"],"potions_floor_usage":[25],"damage_taken":[{"damage":0.0,"enemies":"2 Louse","floor":1.0,"turns":3.0},{"damage":1.0,"enemies":"Cultist","floor":3.0,"turns":3.0},{"damage":1.0,"enemies":"Jaw Worm","floor":7.0,"turns":3.0},{"damage":0.0,"enemies":"2 Fungi Beasts","floor":8.0,"turns":2.0},{"damage":0.0,"enemies":"Large Slime","floor":12.0,"turns":4.0},{"damage":3.0,"enemies":"Exordium Thugs","floor":13.0,"turns":5.0},{"damage":42.0,"enemies":"Slime Boss","floor":16.0,"turns":11.0},{"damage":0.0,"enemies":"Spheric Guardian","floor":18.0,"turns":2.0},{"damage":10.0,"enemies":"2 Thieves","floor":21.0,"turns":5.0},{"damage":12.0,"enemies":"Centurion and Healer","floor":22.0,"turns":8.0},{"damage":18.0,"enemies":"Snecko","floor":24.0,"turns":6.0},{"damage":24,"enemies":"Slavers","floor":25,"turns":5}],"seed_played":"8134116339703708852","potions_obtained":[{"floor":1.0,"key":"Dexterity Potion"},{"floor":7.0,"key":"SkillPotion"},{"floor":8.0,"key":"Dexterity Potion"},{"floor":21.0,"key":"Energy Potion"}],"is_trial":false,"path_per_floor":["M","?","M","$","?","R","M","M","T","R","?","M","M","T","R","B",null,"M","?","?","M","M","R","M","E"],"character_chosen":"DEFECT","items_purchased":["Go for the Eyes"],"campfire_rested":1,"item_purchase_floors":[4],"current_hp_per_floor":[50,50,49,49,34,34,33,33,33,33,33,33,30,30,52,10,59,59,59,59,49,37,37,19,0,0],"gold":273,"neow_bonus":"THREE_RARE_CARDS","is_daily":false,"chose_seed":false,"campfire_upgraded":3,"win_rate":0.0,"timestamp":1611970865,"path_taken":["M","?","M","?","?","R","M","M","T","R","?","M","M","?","R","BOSS","M","?","?","?","M","R","M","E"],"items_purchased_type":["Card"],"build_version":"2020-12-22","purchased_purges":1,"victory":false,"max_hp_per_floor":[75,75,75,75,75,75,75,75,75,75,75,75,75,75,75,75,75,75,75,75,75,75,75,75,75,75],"card_choices":[{"not_picked":["Multi-Cast","Fission"],"picked":"Seek","floor":0.0},{"not_picked":["Turbo","Coolheaded"],"picked":"Genetic Algorithm","floor":1.0},{"not_picked":["Doom and Gloom","Redo"],"picked":"Storm","floor":3.0},{"not_picked":["Melter","Coolheaded"],"picked":"Ball Lightning","floor":7.0},{"not_picked":["Skim","Stack","Sweeping Beam"],"picked":"SKIP","floor":8.0},{"not_picked":["Turbo","Steam"],"picked":"Chill","floor":12.0},{"not_picked":["Melter","Undo","Ball Lightning"],"picked":"SKIP","floor":13.0},{"not_picked":["Undo","Ball Lightning"],"picked":"Melter","floor":13.0},{"not_picked":["Biased Cognition","Fission"],"picked":"Seek","floor":16.0},{"not_picked":["Steam","Gash+1"],"picked":"Turbo+1","floor":18.0},{"not_picked":["Aggregate","Blizzard","Conserve Battery"],"picked":"SKIP","floor":21.0},{"not_picked":["Steam","Undo+1","Turbo"],"picked":"SKIP","floor":22.0},{"not_picked":["Scrape","Beam Cell+1","Sweeping Beam"],"picked":"SKIP","floor":24.0}],"player_experience":549840,"relics_obtained":[{"floor":9.0,"key":"HornCleat"},{"floor":14.0,"key":"Potion Belt"}],"event_choices":[{"cards_removed":["Strike_B"],"damage_healed":0.0,"max_hp_gain":0.0,"max_hp_loss":0.0,"gold_gain":0.0,"event_name":"Bonfire Elementals","player_choice":"Offered Basic","floor":2.0,"gold_loss":0.0,"damage_taken":0.0},{"damage_healed":0.0,"max_hp_gain":0.0,"max_hp_loss":0.0,"gold_gain":0.0,"event_name":"Shining Light","player_choice":"Entered Light","floor":5.0,"gold_loss":0.0,"damage_taken":15.0,"cards_upgraded":["Strike_B","Go for the Eyes"]},{"cards_removed":["Strike_B"],"damage_healed":0.0,"max_hp_gain":0.0,"max_hp_loss":0.0,"gold_gain":0.0,"event_name":"Living Wall","player_choice":"Forget","floor":11.0,"gold_loss":0.0,"damage_taken":0.0},{"cards_removed":["Defend_B"],"damage_healed":0.0,"max_hp_gain":0.0,"max_hp_loss":0.0,"gold_gain":0.0,"event_name":"Back to Basics","player_choice":"Elegance","floor":19.0,"gold_loss":0.0,"damage_taken":0.0},{"damage_healed":0.0,"max_hp_gain":0.0,"max_hp_loss":0.0,"gold_gain":0.0,"event_name":"The Mausoleum","player_choice":"Opened","floor":20.0,"gold_loss":0.0,"damage_taken":0.0,"relics_obtained":["Akabeko"]}],"is_beta":false,"boss_relics":[{"not_picked":["Philosopher\u0027s Stone","Pandora\u0027s Box"],"picked":"FrozenCore"}],"items_purged_floors":[4],"is_endless":false,"potions_floor_spawned":[1,7,8,21],"killed_by":"Slavers","ascension_level":6}}