{"host":"z7byfb4bpt09dh7e","time":1611976608,"event":{"mods":["Aspiration","BaseMod","BetterRewards","Colored Map","Displayed Cursed Tome","Infinite Spire","Minty Spire (QoL Compilation)","Reliquary","Replay The Spire","StSLib","The Blue Laboratory","The Marked","Uncapped"],"gold_per_floor":[111,111,111,126,144,172,172,197,197,197,197,232,232,249,334,434,434,446,446,465,465,193,225,268,268,314,344,8,53,101,143,211,328,328,395,395,456,534,57,57,116,172,251,316,61,119,119,174,174,200],"floor_reached":51,"language":"ENG","playtime":5261,"items_purged":[],"score":1456,"play_id":"ce1b4d92-bc67-426d-83e2-da824c2f2b93","local_time":"20210129221648","daily_mods":["Vintage","Colorless Cards","Heirloom","Time Dilation","Flight","DeadlyEvents"],"is_ascension_mode":false,"campfire_choices":[{"floor":25,"key":"REST"},{"data":"Specialist","floor":25,"key":"SMITH"},{"data":"Replay:Sssssssssshield","floor":40,"key":"SMITH"},{"floor":49,"key":"REST"},{"data":"ReplayTheSpireMod:Chaos Vortex","floor":49,"key":"SMITH"}],"circlet_count":0,"master_deck":["Strike_R","Strike_R","Strike_R","Strike_R","Strike_R","Defend_R","Defend_R","Defend_R","Defend_R","Bash","Replay:Parry","Replay:Sssssssssshield+1","Specialist+1","Replay:Dark Deal","ReplayTheSpireMod:Necrogeddon+1","infinitespire:Oblivion+1","ReplayTheSpireMod:Private Reserves","Replay:Undeath\u0027s Touch+1","Cleave+1","Crow Ritual+1","Iron Wave+1","Impervious+1","ReplayTheSpireMod:Chaos Vortex+1","Feel No Pain+1","Mind Blast+1","Replay:BasicMightCard+1","Twin Strike+1","Infernal Blade+1","Dropkick+1","Double Tap+1"],"relics":["Unceasing Top","replay:Trail_Library","reliquary:PrincelyHelmet","NeowsBlessing","infinitespire:Magic Flask","ReplayTheSpireMod:Lightbulb","reliquary:QuartzCube","NeowsBlessing","aspiration:ChemicalBlood","Meat on the Bone","Molten Egg 2","NeowsBlessing","Pen Nib","reliquary:KinkedSpring","Replay:Accelerometer","Regal Pillow","Paper Frog","reliquary:RosewoodLute","Membership Card","Tiny Chest","Replay:Bandana","aspiration:FetidBarrel","reliquary:Boomerang","The Courier","infinitespire:Beetle Shell","infinitespire:PuzzleCube","Replay:Mystery Machine","Sundial","Toy Ornithopter","Pocketwatch","Blue Doll","infinitespire:EvilPickle","aspiration:RitualDagger","Replay:Kaleidoscope","aspiration:HiddenCompartment","Gremlin Horn","Vajra","Pet Ghost","Golden Egg","King of Hearts","Lee\u0027s Waffle","ReplayFunnel","aspiration:Lifesprig","Red Skull","Potion Belt","reliquary:Aerogel","Ancient Tea Set","Charon\u0027s Ashes","Guide Book","infinitespire:Lucky Rock","aspiration:TomeofQuesting","reliquary:RosewoodLute","Gremlin Food"],"acts_visited":["Exordium","TheCity","TheBeyond"],"potions_floor_usage":[18,18,24,24,33,33,50,50],"damage_taken":[{"damage":0,"enemies":"Cultist","floor":1,"turns":4},{"damage":0,"enemies":"2 Louse","floor":4,"turns":1},{"damage":0,"enemies":"Jaw Worm","floor":5,"turns":1},{"damage":0,"enemies":"Gremlin Nob","floor":6,"turns":1},{"damage":0,"enemies":"3 Sentries","floor":8,"turns":1},{"damage":0,"enemies":"Gremlin Nob","floor":12,"turns":1},{"damage":4,"enemies":"Gremlin Gang","floor":14,"turns":2},{"damage":0,"enemies":"Fading Forest","floor":16,"turns":1},{"damage":0,"enemies":"Spheric Guardian","floor":18,"turns":3},{"damage":0,"enemies":"2 Thieves","floor":20,"turns":5},{"damage":4,"enemies":"Book of Stabbing","floor":23,"turns":4},{"damage":37,"enemies":"Gremlin Leader","floor":24,"turns":6},{"damage":0,"enemies":"Centurion and Healer","floor":27,"turns":3},{"damage":18,"enemies":"Replay:Snechameleon","floor":29,"turns":3},{"damage":0,"enemies":"Book of Stabbing","floor":30,"turns":4},{"damage":21,"enemies":"Snake Plant","floor":31,"turns":3},{"damage":65,"enemies":"Pondfish","floor":33,"turns":11},{"damage":19,"enemies":"3 Shapes","floor":35,"turns":4},{"damage":6,"enemies":"Orb Walker","floor":37,"turns":2},{"damage":9,"enemies":"Sphere and 2 Shapes","floor":38,"turns":3},{"damage":12,"enemies":"R_Hoarder","floor":41,"turns":4},{"damage":12,"enemies":"Maw","floor":42,"turns":4},{"damage":9,"enemies":"3 Darklings","floor":44,"turns":3},{"damage":6,"enemies":"Reptomancer","floor":46,"turns":2},{"damage":24,"enemies":"Giant Head","floor":48,"turns":8},{"damage":27,"enemies":"Donu and Deca","floor":50,"turns":7}],"seed_played":"-2697055951108749988","potions_obtained":[{"floor":1,"key":"blueLaboratory:FruitPunch"},{"floor":8,"key":"ColorlessPotion"},{"floor":12,"key":"PowerPotion"},{"floor":14,"key":"AttackPotion"},{"floor":23,"key":"FearPotion"},{"floor":24,"key":"Milkshake"},{"floor":27,"key":"blueLaboratory:ArtificerPotion"},{"floor":35,"key":"blueLaboratory:FrostheartPotion"},{"floor":42,"key":"blueLaboratory:LouseDecoction"}],"is_trial":true,"path_per_floor":["M","WH","WH","M","M","E","WH","E","T","WH","WH","E","WH","M","R_BF","B",null,"M","?","M","AVR","$","E","E","R","T","M","$","E","E","M","R_BF","B",null,"M","AVR","M","M","$","R","E","M","T","M","$","E","T","E","R","B",null],"character_chosen":"IRONCLAD","items_purchased":["Membership Card","Tiny Chest","ReplayTheSpireMod:Private Reserves","infinitespire:Beetle Shell","infinitespire:PuzzleCube","Replay:Mystery Machine","Sundial","Toy Ornithopter","Pet Ghost","Golden Egg","Feel No Pain","Mind Blast+1","Replay:BasicMightCard","King of Hearts","Lee\u0027s Waffle","ReplayFunnel","aspiration:Lifesprig","Charon\u0027s Ashes","Guide Book","infinitespire:Lucky Rock","Infernal Blade+1"],"campfire_rested":2,"item_purchase_floors":[22,22,22,28,28,28,28,28,39,39,39,39,39,39,39,39,39,45,45,45,45],"current_hp_per_floor":[80,80,88,88,88,88,88,88,88,96,105,105,105,101,101,101,105,107,107,107,107,107,103,66,107,107,107,107,89,89,68,68,25,107,88,88,82,73,114,114,102,90,90,81,81,75,75,63,112,95],"gold":200,"neow_bonus":"THREE_ENEMY_KILL","is_daily":false,"chose_seed":false,"campfire_upgraded":3,"win_rate":0.0,"timestamp":1611976608,"path_taken":["M","WH","WH","M","?","E","WH","E","T","WH","WH","E","WH","M","R_BF","BOSS","M","?","?","AVR","$","E","E","R","T","?","$","?","E","M","R_BF","BOSS","M","AVR","M","M","$","R","E","M","T","?","$","E","?","E","R","BOSS"],"items_purchased_type":["Relic","Relic","Card","Relic","Relic","Relic","Relic","Relic","Relic","Relic","Card","Card","Card","Relic","Relic","Relic","Relic","Relic","Relic","Relic","Card"],"build_version":"2020-12-22","purchased_purges":0,"victory":true,"max_hp_per_floor":[80,80,88,88,88,88,88,88,88,96,105,105,105,105,105,105,105,107,107,107,107,107,107,107,107,107,107,107,107,107,107,107,107,107,107,107,107,107,114,114,114,114,114,114,114,114,114,114,114,114],"card_choices":[{"not_picked":["Searing Blow","Rampage"],"picked":"Replay:Parry","floor":6},{"not_picked":["Shrug It Off","ReplayTheSpireMod:LeadingStrike"],"picked":"Replay:Sssssssssshield","floor":8},{"not_picked":["True Grit","Havoc"],"picked":"Replay:Dark Deal","floor":12},{"not_picked":["Transmutation","Replay:Many Hands"],"picked":"ReplayTheSpireMod:Necrogeddon+1","floor":16},{"not_picked":["Perfected Strike+1","Intimidate"],"picked":"Replay:Undeath\u0027s Touch+1","floor":23},{"not_picked":["Twin Strike+1","Armaments"],"picked":"Cleave+1","floor":24},{"not_picked":["Warcry","Run Through+1"],"picked":"Crow Ritual","floor":29},{"not_picked":["Whirlwind+1","ReplayTheSpireMod:Strike From Hell+1"],"picked":"Iron Wave+1","floor":30},{"not_picked":["Bludgeon+1","Violence"],"picked":"Impervious","floor":33},{"not_picked":["ReplayTheSpireMod:Strike From Hell+1","Headbutt+1"],"picked":"Twin Strike+1","floor":41},{"not_picked":["Eclipse","Sever Soul+1"],"picked":"Dropkick+1","floor":46},{"not_picked":["Shrug It Off","Clothesline+1"],"picked":"Double Tap","floor":48}],"player_experience":297609,"relics_obtained":[{"floor":4,"key":"infinitespire:Magic Flask"},{"floor":5,"key":"ReplayTheSpireMod:Lightbulb"},{"floor":6,"key":"reliquary:QuartzCube"},{"floor":8,"key":"aspiration:ChemicalBlood"},{"floor":9,"key":"Meat on the Bone"},{"floor":12,"key":"Molten Egg 2"},{"floor":14,"key":"Pen Nib"},{"floor":18,"key":"Replay:Accelerometer"},{"floor":20,"key":"Paper Frog"},{"floor":23,"key":"Replay:Bandana"},{"floor":24,"key":"aspiration:FetidBarrel"},{"floor":26,"key":"reliquary:Boomerang"},{"floor":27,"key":"The Courier"},{"floor":30,"key":"Pocketwatch"},{"floor":31,"key":"Blue Doll"},{"floor":35,"key":"Replay:Kaleidoscope"},{"floor":37,"key":"Gremlin Horn"},{"floor":38,"key":"Vajra"},{"floor":41,"key":"Red Skull"},{"floor":42,"key":"Potion Belt"},{"floor":43,"key":"reliquary:Aerogel"},{"floor":44,"key":"Ancient Tea Set"},{"floor":46,"key":"aspiration:TomeofQuesting"},{"floor":47,"key":"reliquary:RosewoodLute"},{"floor":48,"key":"Gremlin Food"}],"event_choices":[{"damage_healed":0,"gold_gain":0,"player_choice":"Gave Potion","damage_taken":0,"relics_obtained":["Regal Pillow"],"max_hp_gain":0,"max_hp_loss":0,"event_name":"WeMeetAgain","floor":19,"gold_loss":0}],"is_beta":false,"boss_relics":[{"not_picked":["Electric Blood","Replay:Wanted Poster"],"picked":"reliquary:KinkedSpring"},{"not_picked":["aspiration:RunicSpoon","Kintsugi"],"picked":"aspiration:RitualDagger"}],"items_purged_floors":[],"is_endless":false,"potions_floor_spawned":[1,8,12,14,16,23,24,27,37,42],"ascension_level":0}}