{"host":"3uci9gpt6cwo3y1o","time":1611988845,"event":{"mods":["Aspiration","BaseMod","Energized Spire","Minty Spire (QoL Compilation)","MostiFishMod","Relic Filter Mod","Reliquary","StSLib","TestMod"],"gold_per_floor":[114,114,114,134,154,184,198,226,251,251,263,277,306,317,317,415,415,460,559,224,224,224,224,288,288,313,313,356,384,26,59,59,157,157,176,242,291,340,412,464,481,508,532,619,664,738,767,767,767,792,792,792,32,92,92],"floor_reached":56,"language":"ZHS","playtime":1580,"items_purged":["Strike_P","Defend_P","PathToVictory"],"score":2466,"play_id":"f6a99c2e-b7aa-48ab-a9e3-878277c1fe2b","local_time":"20210130144045","is_ascension_mode":true,"campfire_choices":[{"floor":10.0,"key":"RECALL"},{"data":"Fasting2","floor":15.0,"key":"SMITH"},{"data":"Wish","floor":23.0,"key":"SMITH"},{"data":"Ragnarok","floor":25.0,"key":"SMITH"},{"data":"Tantrum","floor":27.0,"key":"SMITH"},{"data":"Wallop","floor":32.0,"key":"SMITH"},{"data":"MostiFishMod:Disappear","floor":49.0,"key":"SMITH"},{"data":"TalkToTheHand","floor":52.0,"key":"SMITH"}],"circlet_count":0,"master_deck":["AscendersBane","Eruption+1","Vigilance","Tantrum+1","Fasting2+1","Ragnarok+1","Wallop+1","FollowUp","Wish+1","MostiFishMod:Disappear+1","JustLucky","Wish+1","WheelKick","Brilliance","SashWhip+1","MostiFishMod:PathToVictory+1","FollowUp+1","TalkToTheHand+1","CutThroughFate+1","Wish+1","FearNoEvil","testmod-RepeatForm"],"relics":["DaveBox","testmod-TestBox","testmod-Nine","ExusiaiGun","testmod-ObsoleteBoomerang","SynthV:TestCard","testmod-CasingShield","reliquary:SilkGlove","reliquary:Firecrackers","aspiration:RandomNobGenerator","testmod-ArcanaOfDestiny","aspiration:RitualStick","reliquary:Stiletto","Tiny Chest","testmod-TurbochargingSystem","reliquary:PurpleTingedLeaf","reliquary:BallBearing","Pandora\u0027s Box","Smiling Mask","Vajra","Bag of Preparation","Blood Vial","reliquary:IridiumChain","testmod-LifeArmor","Technique","SynthV:C4","reliquary:MudwinsCradle"],"acts_visited":["Exordium","TheCity","TheBeyond","TheEnding"],"potions_floor_usage":[55,55,55],"damage_taken":[{"damage":0.0,"enemies":"Small Slimes","floor":1.0,"turns":2.0},{"damage":0.0,"enemies":"2 Louse","floor":4.0,"turns":1.0},{"damage":0.0,"enemies":"Jaw Worm","floor":5.0,"turns":1.0},{"damage":0.0,"enemies":"3 Sentries","floor":6.0,"turns":2.0},{"damage":20.0,"enemies":"Lots of Slimes","floor":7.0,"turns":3.0},{"damage":0.0,"enemies":"Gremlin Nob","floor":8.0,"turns":1.0},{"damage":0.0,"enemies":"Exordium Wildlife","floor":11.0,"turns":1.0},{"damage":0.0,"enemies":"3 Louse","floor":12.0,"turns":2.0},{"damage":0.0,"enemies":"3 Sentries","floor":13.0,"turns":3.0},{"damage":0.0,"enemies":"Large Slime","floor":14.0,"turns":1.0},{"damage":6.0,"enemies":"The Guardian","floor":16.0,"turns":3.0},{"damage":7.0,"enemies":"Shell Parasite","floor":18.0,"turns":2.0},{"damage":11.0,"enemies":"Slavers","floor":24.0,"turns":3.0},{"damage":0.0,"enemies":"3 Byrds","floor":28.0,"turns":2.0},{"damage":0.0,"enemies":"Book of Stabbing","floor":29.0,"turns":1.0},{"damage":0.0,"enemies":"Slavers","floor":31.0,"turns":1.0},{"damage":0.0,"enemies":"Collector","floor":33.0,"turns":1.0},{"damage":0.0,"enemies":"3 Darklings","floor":35.0,"turns":1.0},{"damage":1.0,"enemies":"3 Shapes","floor":36.0,"turns":11.0},{"damage":0.0,"enemies":"Spire Growth","floor":37.0,"turns":2.0},{"damage":0.0,"enemies":"Jaw Worm Horde","floor":38.0,"turns":1.0},{"damage":0.0,"enemies":"Transient","floor":39.0,"turns":3.0},{"damage":2.0,"enemies":"Reptomancer","floor":40.0,"turns":3.0},{"damage":0.0,"enemies":"Sphere and 2 Shapes","floor":41.0,"turns":1.0},{"damage":0.0,"enemies":"Nemesis","floor":42.0,"turns":1.0},{"damage":0.0,"enemies":"Giant Head","floor":44.0,"turns":3.0},{"damage":5.0,"enemies":"Maw","floor":45.0,"turns":4.0},{"damage":1.0,"enemies":"4 Shapes","floor":46.0,"turns":5.0},{"damage":0.0,"enemies":"Nemesis","floor":47.0,"turns":1.0},{"damage":0.0,"enemies":"Awakened One","floor":50.0,"turns":5.0},{"damage":0.0,"enemies":"Shield and Spear","floor":54.0,"turns":1.0},{"damage":4,"enemies":"The Heart","floor":55,"turns":2}],"seed_played":"498890329367960193","potions_obtained":[{"floor":4.0,"key":"PowerPotion"},{"floor":7.0,"key":"BottledMiracle"},{"floor":11.0,"key":"Strength Potion"},{"floor":31.0,"key":"Strength Potion"},{"floor":45.0,"key":"testmod-SpacePotion"},{"floor":46.0,"key":"Strength Potion"},{"floor":47.0,"key":"FearPotion"},{"floor":54.0,"key":"Strength Potion"}],"is_trial":false,"path_per_floor":["M","?","?","M","M","E","M","E","T","R","M","M","E","M","R","B",null,"M","?","$","?","?","R","E","R","T","R","M","E","$","E","R","B",null,"M","M","M","M","M","E","M","E","T","E","M","M","E","?","R","B",null,"R","$","E","B",null],"character_chosen":"WATCHER","items_purchased":["testmod-ArcanaOfDestiny","reliquary:PurpleTingedLeaf","testmod-LifeArmor","Technique","FearNoEvil","testmod-RepeatForm","SynthV:C4"],"campfire_rested":0,"item_purchase_floors":[20,30,53,53,53,53,53],"current_hp_per_floor":[65,51,51,51,51,51,31,31,31,31,31,31,31,31,31,25,60,53,53,53,53,39,39,28,28,28,28,28,28,28,28,28,28,61,61,63,67,70,70,70,70,70,70,70,67,71,72,72,72,72,72,72,72,72,69],"gold":92,"neow_bonus":"BOSS_RELIC","is_daily":false,"chose_seed":false,"campfire_upgraded":7,"win_rate":0.0,"timestamp":1611988845,"path_taken":["M","?","?","?","M","E","M","E","T","R","?","M","E","M","R","BOSS","M","?","$","?","?","R","E","R","T","R","M","E","?","E","R","BOSS","M","M","M","M","M","E","M","E","T","E","M","M","E","?","R","BOSS","R","$","E","BOSS"],"items_purchased_type":["Relic","Relic","Relic","Relic","Card","Card","Relic"],"build_version":"2020-12-22","purchased_purges":3,"victory":true,"max_hp_per_floor":[72,72,72,72,72,72,72,72,72,72,72,72,72,72,72,72,72,72,72,72,72,72,72,72,72,72,72,72,72,72,72,72,72,72,72,72,72,72,72,72,72,72,72,72,72,72,72,72,72,72,72,72,72,72,72],"card_choices":[{"not_picked":["FlurryOfBlows","EmptyMind","Halt"],"picked":"SKIP","floor":1.0},{"not_picked":["Collect","ClearTheMind","WaveOfTheHand","Perseverance"],"picked":"Tantrum","floor":4.0},{"not_picked":["FollowUp","JustLucky","Consecrate","CrushJoints"],"picked":"Fasting2","floor":5.0},{"not_picked":["InnerPeace","Halt","Prostrate","Conclude"],"picked":"Ragnarok","floor":6.0},{"not_picked":["Protect","ThirdEye","CrushJoints","JustLucky","Indignation"],"picked":"SKIP","floor":7.0},{"not_picked":["Perseverance","DeceiveReality","BowlingBash","SandsOfTime"],"picked":"Wallop","floor":8.0},{"not_picked":["EmptyFist","PathToVictory","FlurryOfBlows","Vengeance","FlyingSleeves"],"picked":"SKIP","floor":11.0},{"not_picked":["MostiFishMod:PathToVictory","Prostrate","FlyingSleeves","BattleHymn"],"picked":"FollowUp","floor":12.0},{"not_picked":["Judgement","SignatureMove","JustLucky","CrushJoints","EmptyFist"],"picked":"SKIP","floor":13.0},{"not_picked":["Judgement","SignatureMove","JustLucky","CrushJoints","EmptyFist"],"picked":"SKIP","floor":13.0},{"not_picked":["Fasting2","Indignation","ReachHeaven","Halt","Evaluate"],"picked":"SKIP","floor":14.0},{"not_picked":["MostiFishMod:Dust","Omniscience","DeusExMachina","MostiFishMod:Minus"],"picked":"Wish","floor":16.0},{"not_picked":["MostiFishMod:Speedup","WreathOfFlame","ClearTheMind","Crescendo","MostiFishMod:Clarity"],"picked":"SKIP","floor":18.0},{"not_picked":["Worship","CrushJoints","BowlingBash","ClearTheMind","JustLucky"],"picked":"SKIP","floor":24.0},{"not_picked":["Protect+1","Conclude+1","MostiFishMod:Minus","Halt","FlyingSleeves+1"],"picked":"SKIP","floor":28.0},{"not_picked":["EmptyBody+1","PathToVictory+1","Evaluate","FlyingSleeves","BowlingBash"],"picked":"SKIP","floor":29.0},{"not_picked":["Crescendo+1","Fasting2","MostiFishMod:LegendTransform","ReachHeaven","Protect"],"picked":"SKIP","floor":31.0},{"not_picked":["SpiritShield","MasterReality","MostiFishMod:KamiSmash","Judgement"],"picked":"MostiFishMod:Disappear","floor":33.0},{"not_picked":["Vengeance+1","FlurryOfBlows","Worship+1","EmptyFist"],"picked":"SashWhip+1","floor":35.0},{"not_picked":["MostiFishMod:FlowState","ClearTheMind+1","CrushJoints+1","Crescendo+1","BowlingBash+1"],"picked":"SKIP","floor":36.0},{"not_picked":["CrushJoints","Weave+1","WaveOfTheHand+1","Halt+1","Evaluate"],"picked":"SKIP","floor":37.0},{"not_picked":["SandsOfTime+1","FlyingSleeves+1","WindmillStrike","SashWhip","Halt"],"picked":"SKIP","floor":38.0},{"not_picked":["ForeignInfluence","EmptyBody","SpiritShield","DeceiveReality","SandsOfTime"],"picked":"SKIP","floor":39.0},{"not_picked":["CrushJoints+1","Pray+1","Evaluate","Perseverance+1"],"picked":"MostiFishMod:PathToVictory+1","floor":40.0},{"not_picked":["Tantrum+1","SashWhip","CrushJoints","BowlingBash"],"picked":"FollowUp+1","floor":41.0},{"not_picked":["ReachHeaven+1","MostiFishMod:LegendTransform+1","Protect+1","Tantrum","Wireheading"],"picked":"SKIP","floor":42.0},{"not_picked":["Pray+1","CutThroughFate+1","FlurryOfBlows+1","ReachHeaven+1"],"picked":"TalkToTheHand","floor":44.0},{"not_picked":["Evaluate","Prostrate+1","Vengeance","MostiFishMod:Pointsdynamics"],"picked":"CutThroughFate+1","floor":45.0},{"not_picked":["FollowUp+1","FlurryOfBlows+1","BowlingBash","CrushJoints+1","ThirdEye"],"picked":"SKIP","floor":46.0},{"not_picked":["Nirvana","EmptyBody","BowlingBash+1","PathToVictory"],"picked":"Wish","floor":47.0},{"not_picked":["Halt+1","Prostrate","JustLucky+1","CutThroughFate","WaveOfTheHand"],"picked":"SKIP","floor":54.0}],"player_experience":888926,"relics_obtained":[{"floor":1.0,"key":"SynthV:TestCard"},{"floor":6.0,"key":"testmod-CasingShield"},{"floor":8.0,"key":"reliquary:SilkGlove"},{"floor":13.0,"key":"reliquary:Firecrackers"},{"floor":24.0,"key":"reliquary:Stiletto"},{"floor":26.0,"key":"Tiny Chest"},{"floor":29.0,"key":"testmod-TurbochargingSystem"},{"floor":31.0,"key":"reliquary:BallBearing"},{"floor":40.0,"key":"Smiling Mask"},{"floor":42.0,"key":"Vajra"},{"floor":43.0,"key":"Bag of Preparation"},{"floor":44.0,"key":"Blood Vial"},{"floor":47.0,"key":"reliquary:IridiumChain"},{"floor":54.0,"key":"reliquary:MudwinsCradle"}],"event_choices":[{"damage_healed":0.0,"max_hp_gain":0.0,"max_hp_loss":0.0,"gold_gain":0.0,"event_name":"Shining Light","player_choice":"Entered Light","floor":2.0,"gold_loss":0.0,"damage_taken":14.0,"cards_upgraded":["Eruption","Strike_P"]},{"damage_healed":0.0,"max_hp_gain":0.0,"max_hp_loss":0.0,"gold_gain":0.0,"event_name":"Liars Game","player_choice":"Ignored","floor":3.0,"gold_loss":0.0,"damage_taken":0.0},{"damage_healed":0.0,"max_hp_gain":0.0,"max_hp_loss":0.0,"gold_gain":99.0,"event_name":"Nest","player_choice":"Stole From Cult","floor":19.0,"gold_loss":0.0,"damage_taken":0.0},{"damage_healed":0.0,"max_hp_gain":0.0,"max_hp_loss":0.0,"gold_gain":0.0,"event_name":"Ghosts","player_choice":"Ignored","floor":21.0,"gold_loss":0.0,"damage_taken":0.0},{"cards_removed":["ClearTheMind"],"damage_healed":0.0,"max_hp_gain":0.0,"max_hp_loss":0.0,"gold_gain":0.0,"event_name":"Falling","player_choice":"Removed Skill","floor":48.0,"gold_loss":0.0,"damage_taken":0.0}],"is_beta":false,"boss_relics":[{"not_picked":["testmod-TimeTraveler","Runic Pyramid"],"picked":"aspiration:RandomNobGenerator"},{"not_picked":["xbg","aspiration:FutureDiary"],"picked":"Pandora\u0027s Box"}],"items_purged_floors":[20,30,53],"is_endless":false,"potions_floor_spawned":[4,7,11,13,14,18,31,35,37,40,45,46,47,54],"ascension_level":11}}