{"host":"99l0i25nwwr6z99u","time":1611976299,"event":{"mods":["Act Like it!","BaseMod","Colored Map","Colored Powertips","Downfall","Googly Eyes","Minty Spire (QoL Compilation)","Quick Restart","StSLib"],"gold_per_floor":[99,118,118,133,144,9,32,52,52,86,96,128,144,53,72,174,174,174,185,201,201,213,223,291,37,37,22,49,63,63,78,95,199,199,99,115,164,180,230,130,154,154,168,200,220,240,274,174,184,184,184,212,10,10,10,10,10,10],"floor_reached":56,"language":"ENG","playtime":4041,"items_purged":["champ:Strike","champ:Strike","champ:Strike"],"score":783,"play_id":"91688ea0-1172-4e28-a93b-c3b8da25f86a","local_time":"20210129221139","is_ascension_mode":true,"campfire_choices":[{"data":"champ:Execute","floor":1.0,"key":"SMITH"},{"data":"champ:Taunt","floor":9.0,"key":"SMITH"},{"data":"champ:Improvising","floor":18.0,"key":"SMITH"},{"floor":26.0,"key":"RECALL"},{"floor":30.0,"key":"REST"},{"data":"champ:TripleStrike","floor":35.0,"key":"SMITH"},{"data":"1","floor":40.0,"key":"LIFT"},{"data":"champ:Devastate","floor":42.0,"key":"SMITH"},{"floor":48.0,"key":"REST"},{"data":"2","floor":54.0,"key":"LIFT"}],"circlet_count":0,"master_deck":["champ:Defend","champ:Defend","champ:Defend","champ:Defend","champ:Execute+1","champ:Taunt+1","champ:CrownThrow","champ:RageSigil","champ:GladiatorStyle","champ:PreciseThrust","champ:GutPunch","champ:FanOfKnives","champ:TripleStrike+1","champ:Backstep","champ:DefensiveShout","champ:StanceDance","champ:HoldFirm","champ:TornadoPunch","champ:Improvising+1","champ:CalledShot","champ:ArenaPreparation","champ:ShieldSlam+1","champ:Lariat+1","champ:DefensiveStyle","champ:Devastate+1","champ:BringItOn","champ:RageSigil","champ:DancingMaster","champ:CrookedStrike+1","champ:ShieldWall+1","champ:MurderStrike","champ:FocusedDefense"],"relics":["champ:ChampionCrown","Nunchaku","Smiling Mask","Sundial","Regal Pillow","expansioncontent:StudyCardRelic","Oddly Smooth Stone","Unceasing Top","sneckomod:SneckoTalon","downfall:HeartBlessingRed","Girya","Incense Burner","downfall:HeartBlessingBlue","PreservedInsect","Gambling Chip","Shuriken","downfall:HeartBlessingGreen","hexamod:BolsterEngine","ClockworkSouvenir"],"acts_visited":["Exordium","TheCity","TheBeyond","TheEnding"],"potions_floor_usage":[],"damage_taken":[{"damage":20.0,"enemies":"Cultist","floor":2.0,"turns":3.0},{"damage":10.0,"enemies":"2 Louse","floor":4.0,"turns":2.0},{"damage":10.0,"enemies":"Jaw Worm","floor":5.0,"turns":3.0},{"damage":25.0,"enemies":"downfall:FleeingMerchant","floor":6.0,"turns":4.0},{"damage":20.0,"enemies":"Large Slime","floor":8.0,"turns":5.0},{"damage":42.0,"enemies":"3 Sentries","floor":10.0,"turns":6.0},{"damage":19.0,"enemies":"2 Fungi Beasts","floor":11.0,"turns":3.0},{"damage":11.0,"enemies":"Gremlin Nob","floor":12.0,"turns":3.0},{"damage":48.0,"enemies":"Gremlin Gang","floor":13.0,"turns":5.0},{"damage":25.0,"enemies":"downfall:FleeingMerchant","floor":14.0,"turns":4.0},{"damage":5.0,"enemies":"Blue Slaver","floor":15.0,"turns":3.0},{"damage":77.0,"enemies":"WA_ARCHETYPE_RETAIN","floor":16.0,"turns":7.0},{"damage":0.0,"enemies":"3 Byrds","floor":19.0,"turns":4.0},{"damage":34.0,"enemies":"Snake Plant","floor":20.0,"turns":4.0},{"damage":31.0,"enemies":"Shelled Parasite and Fungi","floor":21.0,"turns":2.0},{"damage":30.0,"enemies":"Cultist and Chosen","floor":22.0,"turns":6.0},{"damage":27.0,"enemies":"Centurion and Healer","floor":23.0,"turns":5.0},{"damage":40.0,"enemies":"downfall:FleeingMerchant","floor":25.0,"turns":4.0},{"damage":5.0,"enemies":"downfall:FleeingMerchant","floor":27.0,"turns":4.0},{"damage":30.0,"enemies":"Book of Stabbing","floor":28.0,"turns":6.0},{"damage":25.0,"enemies":"Snake Plant","floor":29.0,"turns":4.0},{"damage":15.0,"enemies":"Snecko","floor":31.0,"turns":3.0},{"damage":14.0,"enemies":"Shelled Parasite and Fungi","floor":32.0,"turns":5.0},{"damage":47.0,"enemies":"IC_MUSHROOM_ARCHETYPE","floor":33.0,"turns":10.0},{"damage":10.0,"enemies":"Orb Walker","floor":36.0,"turns":4.0},{"damage":14.0,"enemies":"2 Orb Walkers","floor":37.0,"turns":5.0},{"damage":32.0,"enemies":"3 Darklings","floor":38.0,"turns":5.0},{"damage":49.0,"enemies":"3 Darklings","floor":39.0,"turns":8.0},{"damage":15.0,"enemies":"Jaw Worm Horde","floor":43.0,"turns":4.0},{"damage":22.0,"enemies":"Nemesis","floor":44.0,"turns":5.0},{"damage":5.0,"enemies":"Writhing Mass","floor":45.0,"turns":6.0},{"damage":77.0,"enemies":"Maw","floor":46.0,"turns":8.0},{"damage":31.0,"enemies":"Reptomancer","floor":47.0,"turns":5.0},{"damage":4.0,"enemies":"Transient","floor":49.0,"turns":5.0},{"damage":63.0,"enemies":"DF_ARCHETYPE_ORBS","floor":50.0,"turns":8.0},{"damage":30.0,"enemies":"downfall:CharBossMerchant","floor":52.0,"turns":7.0},{"damage":78.0,"enemies":"downfall:NeowBoss","floor":55.0,"turns":10.0},{"damage":175,"enemies":"downfall:NeowBossFinal","floor":56,"turns":11}],"seed_played":"-7317366734661961861","potions_obtained":[{"floor":2.0,"key":"DistilledChaos"},{"floor":5.0,"key":"Slimebound:ThreeZeroPotion"},{"floor":11.0,"key":"Explosive Potion"},{"floor":12.0,"key":"ColorlessPotion"},{"floor":16.0,"key":"DuplicationPotion"},{"floor":20.0,"key":"SmokeBomb"},{"floor":22.0,"key":"Regen Potion"},{"floor":23.0,"key":"champ:OpenerPotion"},{"floor":29.0,"key":"Block Potion"},{"floor":31.0,"key":"bronze:BurnAndBuffPotion"},{"floor":39.0,"key":"Fruit Juice"},{"floor":43.0,"key":"Fruit Juice"},{"floor":46.0,"key":"SteroidPotion"},{"floor":47.0,"key":"Slimebound:ThreeZeroPotion"},{"floor":52.0,"key":"LiquidBronze"}],"is_trial":false,"path_per_floor":["R","M","?","M","M","$","T","M","R","E","M","E","M","$","M","B",null,"R","M","M","M","M","M","T","$","R","$","E","M","R","M","M","B",null,"R","M","?","M","?","R","T","R","M","E","M","M","E","R","M","B",null,"E","$","R","B","B"],"character_chosen":"THE_CHAMP","items_purchased":["champ:GutPunch","champ:TornadoPunch","Oddly Smooth Stone","champ:DefensiveStyle","ClockworkSouvenir","PowerPotion"],"campfire_rested":2,"item_purchase_floors":[6,14,25,25,53,53],"current_hp_per_floor":[90,90,90,90,90,90,90,85,85,73,69,68,60,55,55,23,90,90,90,76,60,50,43,43,43,43,43,33,18,60,60,51,39,90,90,90,86,79,50,60,60,60,50,43,48,57,51,99,95,82,110,105,105,105,97,0,0,0],"gold":10,"neow_bonus":"RANDOM_COMMON_RELIC","is_daily":false,"chose_seed":false,"campfire_upgraded":5,"win_rate":0.0,"timestamp":1611976299,"path_taken":["R","M","?","?","M","?","T","M","R","E","?","E","M","$","M","BOSS","R","M","M","M","?","M","T","?","R","$","E","M","R","?","M","BOSS","R","M","?","M","?","R","T","R","M","E","M","M","E","R","M","BOSS","E","$","R","BOSS","BOSS"],"items_purchased_type":["Card","Card","Relic","Card","Relic","Potion"],"build_version":"2020-12-22","purchased_purges":3,"victory":false,"max_hp_per_floor":[90,90,90,90,90,90,90,90,90,90,90,90,90,90,90,90,90,90,90,90,90,90,90,90,90,90,90,90,90,90,90,90,90,90,90,90,90,90,90,100,100,100,100,100,100,110,110,110,110,110,110,110,110,110,110,110,110,110],"card_choices":[{"not_picked":["champ:ArenaPreparation","champ:FancyFootwork"],"picked":"champ:CrownThrow","floor":2.0},{"not_picked":["champ:GutPunch","champ:PreemptiveStrike"],"picked":"champ:RageSigil","floor":4.0},{"not_picked":["champ:PerfectedStrike","champ:EndlessRage"],"picked":"champ:GladiatorStyle","floor":5.0},{"not_picked":["champ:Haymaker","champ:BerserkerStyle"],"picked":"champ:PreciseThrust","floor":6.0},{"not_picked":["champ:GutPunch","champ:BerserkersShout"],"picked":"champ:FanOfKnives","floor":8.0},{"not_picked":["champ:PreciseThrust","champ:FanOfKnives"],"picked":"champ:TripleStrike","floor":10.0},{"not_picked":["champ:Shatter","champ:FocusedDefense"],"picked":"champ:Backstep","floor":11.0},{"not_picked":["champ:EndlessRage","champ:FlashCut"],"picked":"champ:DefensiveShout","floor":12.0},{"not_picked":["champ:DefensiveShout","champ:CrownThrow"],"picked":"champ:StanceDance","floor":13.0},{"not_picked":["champ:Shatter","champ:DefensiveStyle"],"picked":"champ:HoldFirm","floor":14.0},{"not_picked":["champ:FanOfKnives","champ:SwordSigil","champ:FlashCut"],"picked":"SKIP","floor":15.0},{"not_picked":["champ:HeavySlash","champ:SteelEdge"],"picked":"champ:Improvising","floor":16.0},{"not_picked":["champ:TornadoPunch","champ:FanOfKnives"],"picked":"champ:CalledShot","floor":19.0},{"not_picked":["champ:Encircle","champ:CrookedStrike"],"picked":"champ:ArenaPreparation","floor":20.0},{"not_picked":["champ:BladeFlurry","champ:BerserkersShout"],"picked":"champ:ShieldSlam+1","floor":22.0},{"not_picked":["champ:EndlessRage+1","champ:SkillfulDodge"],"picked":"champ:Lariat+1","floor":23.0},{"not_picked":["champ:StanceDance","champ:Haymaker","champ:DefensiveShout+1"],"picked":"SKIP","floor":25.0},{"not_picked":["champ:PreciseThrust","champ:FanOfKnives","champ:ShieldSlam"],"picked":"SKIP","floor":27.0},{"not_picked":["champ:DefensiveShout","champ:AdrenalArmor"],"picked":"champ:Devastate","floor":28.0},{"not_picked":["champ:FaceSlap","champ:StanceDance"],"picked":"champ:BringItOn","floor":29.0},{"not_picked":["champ:Haymaker","champ:BladeFlurry","champ:EnragedBash"],"picked":"SKIP","floor":31.0},{"not_picked":["champ:PerfectedStrike","champ:BladeFlurry"],"picked":"champ:RageSigil","floor":32.0},{"not_picked":["champ:SteelEdge","champ:LastStand"],"picked":"champ:DancingMaster","floor":33.0},{"not_picked":["champ:FalseCounter","champ:CrownThrow","champ:PreciseThrust+1"],"picked":"SKIP","floor":36.0},{"not_picked":["champ:PerfectedStrike","champ:FalseCounter+1","champ:ShieldSigil+1"],"picked":"SKIP","floor":38.0},{"not_picked":["champ:BladeFlurry","champ:EnGarde"],"picked":"champ:CrookedStrike+1","floor":39.0},{"not_picked":["champ:RapidStrikes+1","champ:IronFortress"],"picked":"champ:ShieldWall+1","floor":43.0},{"not_picked":["champ:Backstep+1","champ:ShieldSigil","champ:Duel"],"picked":"SKIP","floor":44.0},{"not_picked":["champ:StanceDance+1","champ:PerfectedStrike"],"picked":"champ:MurderStrike","floor":45.0},{"not_picked":["champ:CrookedStrike","champ:Backstep+1","champ:Haymaker+1"],"picked":"SKIP","floor":46.0},{"not_picked":["champ:FlashCut","champ:Shatter","champ:CrownThrow+1"],"picked":"SKIP","floor":47.0},{"not_picked":["champ:DefensiveShout","champ:Backstep"],"picked":"champ:FocusedDefense","floor":49.0},{"not_picked":["champ:BladeFlurry+1","champ:GladiatorStyle+1","champ:FanOfKnives+1"],"picked":"SKIP","floor":52.0}],"player_experience":951755,"relics_obtained":[{"floor":7.0,"key":"Smiling Mask"},{"floor":10.0,"key":"Sundial"},{"floor":12.0,"key":"Regal Pillow"},{"floor":28.0,"key":"Unceasing Top"},{"floor":37.0,"key":"Girya"},{"floor":39.0,"key":"Incense Burner"},{"floor":41.0,"key":"PreservedInsect"},{"floor":44.0,"key":"Gambling Chip"},{"floor":47.0,"key":"Shuriken"},{"floor":52.0,"key":"hexamod:BolsterEngine"}],"event_choices":[{"damage_healed":0.0,"max_hp_gain":0.0,"max_hp_loss":0.0,"gold_gain":0.0,"event_name":"Mysterious Sphere","player_choice":"Fight","floor":37.0,"gold_loss":0.0,"damage_taken":0.0}],"is_beta":false,"boss_relics":[{"not_picked":["Empty Cage","SacredBark"],"picked":"expansioncontent:StudyCardRelic"},{"not_picked":["Busted Crown","Pandora\u0027s Box"],"picked":"sneckomod:SneckoTalon"}],"items_purged_floors":[6,14,25],"is_endless":false,"potions_floor_spawned":[2,5,11,12,16,20,22,23,29,31,32,39,43,46,47,52],"killed_by":"downfall:NeowBossFinal","ascension_level":1}}