{"host":"nw4g04f085wnqcgt","time":1611992186,"event":{"mods":["AchievementEnabler","BaseMod","Colored Map","Colored Powertips","DeckTracker","Minty Spire (QoL Compilation)","Relic Sorter","SuperFastMode"],"gold_per_floor":[110,110,110,125,141,172,172,206,206,206,234,245,256,275,275,371,421,435,450,51,71,84,84,119,119,119,145,145,172,172,197,197,292,292,305,321,114,114,39,65,75,113,113,152,167,217,226,226,226,226,226,226,2,37,37],"floor_reached":56,"language":"ENG","playtime":4470,"items_purged":["Strike_B","Strike_B","Defend_B"],"score":1513,"play_id":"4875dfa3-d538-4bde-a1c0-9920687afb59","local_time":"20210130023626","is_ascension_mode":true,"campfire_choices":[{"floor":7,"key":"REST"},{"floor":15,"key":"REST"},{"data":"Loop","floor":23,"key":"SMITH"},{"floor":30,"key":"RECALL"},{"floor":32,"key":"REST"},{"floor":47,"key":"REST"},{"data":"Creative AI","floor":49,"key":"SMITH"},{"data":"Turbo","floor":52,"key":"SMITH"}],"circlet_count":0,"master_deck":["Defend_B+1","Defend_B+1","Defend_B","Zap+1","Dualcast","Glacier","Leap+1","Cold Snap","Steam","Sweeping Beam","BootSequence","Creative AI+1","Coolheaded","Turbo","Loop+1","Glacier+1","Seek","Chill+1","Turbo+1","Loop+1","Barrage+1","Coolheaded+1","Double Energy+1","Darkness+1","Compile Driver+1"],"relics":["Black Star","Cables","Bottled Lightning","Bottled Flame","War Paint","Question Card","DataDisk","StrikeDummy","Tiny House","Membership Card","Symbiotic Virus","Bag of Preparation","Darkstone Periapt","Toy Ornithopter","Pantograph","Oddly Smooth Stone","Singing Bowl","WingedGreaves","StoneCalendar","Lantern","Inserter","PreservedInsect","Pen Nib","Lee\u0027s Waffle","Gremlin Horn","Molten Egg 2","Dream Catcher","CeramicFish","Kunai","Vajra","Bronze Scales","TungstenRod","Mercury Hourglass","Orichalcum","Emotion Chip"],"acts_visited":["Exordium","TheCity","TheBeyond","TheEnding"],"potions_floor_usage":[16,24,27,27,27,27,27,27,29,29,40,54,54,54],"damage_taken":[{"damage":1,"enemies":"Cultist","floor":1,"turns":4},{"damage":7,"enemies":"Small Slimes","floor":4,"turns":4},{"damage":0,"enemies":"Jaw Worm","floor":5,"turns":5},{"damage":24,"enemies":"3 Sentries","floor":6,"turns":15},{"damage":15,"enemies":"Gremlin Nob","floor":8,"turns":5},{"damage":2,"enemies":"3 Sentries","floor":11,"turns":12},{"damage":0,"enemies":"Blue Slaver","floor":12,"turns":3},{"damage":0,"enemies":"Looter","floor":13,"turns":2},{"damage":0,"enemies":"Lots of Slimes","floor":14,"turns":3},{"damage":1,"enemies":"The Guardian","floor":16,"turns":13},{"damage":2,"enemies":"Chosen","floor":18,"turns":9},{"damage":0,"enemies":"Shell Parasite","floor":19,"turns":9},{"damage":3,"enemies":"Shelled Parasite and Fungi","floor":21,"turns":13},{"damage":3,"enemies":"Cultist and Chosen","floor":22,"turns":11},{"damage":46,"enemies":"Gremlin Leader","floor":24,"turns":11},{"damage":1,"enemies":"Book of Stabbing","floor":27,"turns":9},{"damage":18,"enemies":"Gremlin Leader","floor":29,"turns":9},{"damage":7,"enemies":"Slavers","floor":31,"turns":15},{"damage":58,"enemies":"Automaton","floor":33,"turns":14},{"damage":0,"enemies":"3 Darklings","floor":35,"turns":7},{"damage":5,"enemies":"Orb Walker","floor":36,"turns":4},{"damage":9,"enemies":"Giant Head","floor":40,"turns":9},{"damage":1,"enemies":"3 Darklings","floor":41,"turns":7},{"damage":6,"enemies":"Reptomancer","floor":42,"turns":9},{"damage":14,"enemies":"Nemesis","floor":44,"turns":7},{"damage":10,"enemies":"Sphere and 2 Shapes","floor":45,"turns":8},{"damage":11,"enemies":"Mind Bloom Boss Battle","floor":46,"turns":6},{"damage":29,"enemies":"Awakened One","floor":50,"turns":11},{"damage":66,"enemies":"Shield and Spear","floor":54,"turns":7},{"damage":56,"enemies":"The Heart","floor":55,"turns":11}],"seed_played":"-171979093740509021","potions_obtained":[{"floor":8,"key":"SteroidPotion"},{"floor":11,"key":"Swift Potion"},{"floor":12,"key":"Weak Potion"},{"floor":14,"key":"AttackPotion"},{"floor":16,"key":"SpeedPotion"},{"floor":17,"key":"CultistPotion"},{"floor":18,"key":"Energy Potion"},{"floor":24,"key":"EntropicBrew"},{"floor":27,"key":"AttackPotion"},{"floor":31,"key":"Ancient Potion"},{"floor":33,"key":"Fire Potion"},{"floor":36,"key":"AttackPotion"},{"floor":40,"key":"SmokeBomb"},{"floor":42,"key":"EssenceOfSteel"},{"floor":46,"key":"Fire Potion"}],"is_trial":false,"path_per_floor":["M","?","?","M","M","E","R","E","T","?","E","M","M","M","R","B",null,"M","M","$","M","M","R","E","?","T","E","?","E","R","E","R","B",null,"M","M","$","?","$","E","M","E","T","E","M","?","R","?","R","B",null,"R","$","E","B",null],"character_chosen":"DEFECT","items_purchased":["Loop","Membership Card","Symbiotic Virus","PreservedInsect","Pen Nib","Lee\u0027s Waffle","Mercury Hourglass","EssenceOfSteel"],"campfire_rested":4,"item_purchase_floors":[20,20,20,37,37,39,53,53],"current_hp_per_floor":[74,67,52,45,45,21,43,28,28,28,26,26,26,26,48,47,80,78,78,78,75,72,72,26,26,26,55,43,35,35,30,54,23,84,86,81,81,81,89,80,81,75,75,61,53,69,95,95,95,66,95,95,95,46,15],"gold":37,"neow_bonus":"BOSS_RELIC","is_daily":false,"chose_seed":false,"campfire_upgraded":3,"win_rate":0.0,"timestamp":1611992186,"path_taken":["M","?","?","M","?","E","R","E","T","?","E","M","M","M","R","BOSS","M","M","$","M","M","R","E","?","T","E","?","E","R","E","R","BOSS","M","M","?","?","$","E","M","E","T","E","M","?","R","?","R","BOSS","R","$","E","BOSS"],"items_purchased_type":["Card","Relic","Relic","Relic","Relic","Relic","Relic","Potion"],"build_version":"2020-12-22","purchased_purges":3,"victory":true,"max_hp_per_floor":[75,75,75,75,75,75,75,75,75,75,75,75,75,75,75,75,80,80,80,80,80,80,80,80,80,80,80,80,80,80,82,82,84,84,86,86,86,82,89,89,91,91,91,91,93,95,95,95,95,95,95,95,95,97,97],"card_choices":[{"not_picked":["Cold Snap","Ball Lightning"],"picked":"Glacier","floor":1},{"not_picked":["Hello World","Static Discharge"],"picked":"Leap","floor":4},{"not_picked":["Gash","Genetic Algorithm"],"picked":"Cold Snap","floor":5},{"not_picked":["Hologram","Gash","Reinforced Body"],"picked":"SKIP","floor":6},{"not_picked":["All For One","Rip and Tear"],"picked":"Steam","floor":8},{"not_picked":["Tempest","Go for the Eyes","Hologram"],"picked":"Sweeping Beam","floor":11},{"not_picked":["Cold Snap","Streamline","Force Field"],"picked":"BootSequence","floor":12},{"not_picked":["Conserve Battery","Cold Snap","Rebound","Go for the Eyes"],"picked":"SKIP","floor":13},{"not_picked":["Sunder","Redo","Force Field","Rebound"],"picked":"SKIP","floor":14},{"not_picked":["Electrodynamics","Thunder Strike","Buffer"],"picked":"Creative AI","floor":16},{"not_picked":["Gash","Stack","Compile Driver"],"picked":"Coolheaded","floor":17},{"not_picked":["Sunder","Gash","Heatsinks","Compile Driver"],"picked":"SKIP","floor":18},{"not_picked":["Rip and Tear","Cold Snap","Hello World"],"picked":"Turbo","floor":19},{"not_picked":["Stack+1","Turbo","Rebound"],"picked":"Glacier+1","floor":21},{"not_picked":["Blizzard+1","Storm","Streamline"],"picked":"Seek","floor":22},{"not_picked":["Ball Lightning","Auto Shields","BootSequence"],"picked":"Chill+1","floor":24},{"not_picked":["Fission","Storm","Rebound"],"picked":"Turbo","floor":27},{"not_picked":["Coolheaded","Barrage","Hologram"],"picked":"Loop+1","floor":29},{"not_picked":["Streamline+1","Redo","Go for the Eyes","Barrage"],"picked":"Singing Bowl","floor":31},{"not_picked":["Rainbow","Reboot","Echo Form","Thunder Strike"],"picked":"Singing Bowl","floor":33},{"not_picked":["Sunder+1","Consume","Recycle","Sweeping Beam+1"],"picked":"Singing Bowl","floor":35},{"not_picked":["Static Discharge","Steam","Skim"],"picked":"Barrage+1","floor":36},{"not_picked":["Self Repair","Conserve Battery","Skim+1"],"picked":"Coolheaded+1","floor":40},{"not_picked":["Hologram+1","Undo","Compile Driver+1","Turbo+1"],"picked":"Singing Bowl","floor":41},{"not_picked":["Hologram","Go for the Eyes+1","Stack"],"picked":"Double Energy+1","floor":42},{"not_picked":["Stack+1","Heatsinks","Reprogram+1"],"picked":"Darkness+1","floor":44},{"not_picked":["Hologram","Auto Shields","Melter+1","Sweeping Beam+1"],"picked":"Singing Bowl","floor":45},{"not_picked":["Stack","Self Repair+1","Reprogram+1","Steam+1"],"picked":"Singing Bowl","floor":46},{"not_picked":["Buffer","Go for the Eyes+1","Conserve Battery"],"picked":"Compile Driver+1","floor":47},{"not_picked":["Redo+1","Glacier+1","Conserve Battery+1","Barrage+1"],"picked":"Singing Bowl","floor":54}],"player_experience":364555,"relics_obtained":[{"floor":6,"key":"Cables"},{"floor":6,"key":"Bottled Lightning"},{"floor":8,"key":"Bottled Flame"},{"floor":8,"key":"War Paint"},{"floor":9,"key":"Question Card"},{"floor":11,"key":"DataDisk"},{"floor":11,"key":"StrikeDummy"},{"floor":24,"key":"Bag of Preparation"},{"floor":24,"key":"Darkstone Periapt"},{"floor":27,"key":"Pantograph"},{"floor":27,"key":"Oddly Smooth Stone"},{"floor":29,"key":"Singing Bowl"},{"floor":29,"key":"WingedGreaves"},{"floor":31,"key":"StoneCalendar"},{"floor":31,"key":"Lantern"},{"floor":40,"key":"Gremlin Horn"},{"floor":40,"key":"Molten Egg 2"},{"floor":42,"key":"Dream Catcher"},{"floor":42,"key":"CeramicFish"},{"floor":43,"key":"Kunai"},{"floor":44,"key":"Vajra"},{"floor":44,"key":"Bronze Scales"},{"floor":46,"key":"TungstenRod"},{"floor":54,"key":"Orichalcum"},{"floor":54,"key":"Emotion Chip"}],"event_choices":[{"cards_removed":["Strike_B"],"damage_healed":0,"gold_gain":0,"player_choice":"Card Removal","damage_taken":7,"max_hp_gain":0,"max_hp_loss":0,"event_name":"Golden Wing","floor":2,"gold_loss":0},{"damage_healed":0,"gold_gain":0,"player_choice":"Entered Light","damage_taken":15,"max_hp_gain":0,"max_hp_loss":0,"event_name":"Shining Light","floor":3,"gold_loss":0,"cards_upgraded":["Zap","Strike_B"]},{"damage_healed":0,"gold_gain":0,"player_choice":"Ignored","damage_taken":0,"max_hp_gain":0,"max_hp_loss":0,"event_name":"Liars Game","floor":10,"gold_loss":0},{"damage_healed":0,"gold_gain":0,"player_choice":"Opened","damage_taken":0,"relics_obtained":["Toy Ornithopter"],"max_hp_gain":0,"max_hp_loss":0,"event_name":"The Mausoleum","floor":25,"gold_loss":0},{"damage_healed":0,"gold_gain":0,"player_choice":"POTION ","damage_taken":12,"max_hp_gain":0,"max_hp_loss":0,"event_name":"Knowing Skull","floor":28,"potions_obtained":["FearPotion"],"gold_loss":0,"cards_obtained":[]},{"damage_healed":0,"gold_gain":0,"player_choice":"Max HP","damage_taken":0,"max_hp_gain":0,"max_hp_loss":4,"event_name":"Winding Halls","floor":38,"gold_loss":0},{"damage_healed":0,"gold_gain":0,"player_choice":"Fight","damage_taken":0,"max_hp_gain":0,"max_hp_loss":0,"event_name":"MindBloom","floor":46,"gold_loss":0},{"cards_removed":["Strike_B"],"damage_healed":0,"gold_gain":0,"player_choice":"Removed Attack","damage_taken":0,"max_hp_gain":0,"max_hp_loss":0,"event_name":"Falling","floor":48,"gold_loss":0}],"is_beta":false,"boss_relics":[{"not_picked":["Velvet Choker","Calling Bell"],"picked":"Tiny House"},{"not_picked":["Nuclear Battery","Sozu"],"picked":"Inserter"}],"items_purged_floors":[20,37,53],"is_endless":false,"potions_floor_spawned":[8,11,12,14,16,18,24,27,31,33,36,40,42,46],"ascension_level":3}}