{"host":"o9ks9zgjwk1fcyk2","time":1611966803,"event":{"mods":["A Magickal Journey","AchievementEnabler","Aspiration","BaseMod","Better Vampires","BetterRewards","Colored Map","Colored Powertips","Conspire","DeckTracker","Downfall","Friendly Minions","GifTheSpireLib","Halation","Highlight Path","Hubris","Infinite Spire","Ironclad Rager","Minty Spire (QoL Compilation)","Permanent Neow","Quarter Circle Forward PUNCH!","Quick Restart","READ ME - Guardian Mod","Relic Sorter","Replay The Spire","StSLib","Stuff the Spire","The Alterego","The Construct","The Cursed","The Disciple","The Forsaken","The Jungle","The Marked","The Mystic","The Necromancer","Waifu the Spire"],"gold_per_floor":[100,111,123,123,133,150,150,60,70,95,110,110,135,152,172,269,269,69,79,79,97,113,129,129,162,172,191,207,44,44,77,87,188,188,88,99,110,95,95,95,118,138,138,167,185,185,185,218,229,229,229,255,10,10,12,12],"floor_reached":57,"language":"ENG","playtime":4820,"items_purged":["alterego_mod:Strike","alterego_mod:Defend"],"score":1297,"play_id":"c3066111-48f1-4d50-9994-c6dd8018a80c","local_time":"20210130003323","is_ascension_mode":false,"campfire_choices":[{"data":"alterego_mod:Impale","floor":1.0,"key":"SMITH"},{"floor":12.0,"key":"RECALL"},{"data":"alterego_mod:Birthday","floor":18,"key":"SMITH"},{"data":"alterego_mod:RidiculouslyBig","floor":30,"key":"SMITH"},{"data":"alterego_mod:Cushion","floor":35,"key":"SMITH"},{"data":"alterego_mod:Mirror","floor":46,"key":"SMITH"},{"data":"alterego_mod:BustOut","floor":54,"key":"SMITH"}],"circlet_count":0,"master_deck":["alterego_mod:Strike","alterego_mod:Strike","alterego_mod:Strike","alterego_mod:Defend","alterego_mod:Defend","alterego_mod:Defend","alterego_mod:Impale+1","alterego_mod:BigMeatyClaws","alterego_mod:BrynhildrsRune","alterego_mod:BustOut+1","alterego_mod:Mirror+1","alterego_mod:BusterCard+1","alterego_mod:Venus+1","alterego_mod:Birthday+1","alterego_mod:RidiculouslyBig+1","alterego_mod:BiFurious","alterego_mod:SideboobHour+1","alterego_mod:Birthday+1","alterego_mod:PainIsPleasure+1","alterego_mod:Nekomimi+1","alterego_mod:Cushion+1","alterego_mod:Birthday+1","alterego_mod:GIGAMILK+1","alterego_mod:Vow+1","alterego_mod:ClassAdvantage+1","alterego_mod:Clones+1","alterego_mod:Maid"],"relics":["halation:Yufonium","Golden Egg","halation:Toothbrush","Vajra","conspire:SpecialSausage","downfall:HeartBlessingRed","downfall:HeartBlessingGreen","infinitespire:Satchel","StuffTheSpire:OldFever","hubris:RunicObelisk","downfall:HeartBlessingBlue","Shuriken","aspiration:ChemicalBlood","Oddly Smooth Stone","Toy Ornithopter","qcfpunch:Red_Gi","Nunchaku"],"acts_visited":["Exordium","TheCity","TheBeyond","TheEnding"],"potions_floor_usage":[23,23,49,50,52,52,52,56,56,56],"damage_taken":[{"damage":0.0,"enemies":"Cultist","floor":2.0,"turns":3.0},{"damage":0.0,"enemies":"2 Louse","floor":3.0,"turns":2.0},{"damage":2.0,"enemies":"Jaw Worm","floor":5.0,"turns":3.0},{"damage":28.0,"enemies":"Lots of Slimes","floor":6.0,"turns":8.0},{"damage":0.0,"enemies":"downfall:FleeingMerchant","floor":8.0,"turns":4.0},{"damage":17.0,"enemies":"Gremlin Gang","floor":9.0,"turns":5.0},{"damage":15.0,"enemies":"Gremlin Nob","floor":10.0,"turns":4.0},{"damage":10.0,"enemies":"Exordium Thugs","floor":11.0,"turns":3.0},{"damage":10.0,"enemies":"Replay:BlueRogue","floor":13.0,"turns":6.0},{"damage":0.0,"enemies":"Blue Slaver","floor":14.0,"turns":4.0},{"damage":1.0,"enemies":"Red Slaver","floor":15.0,"turns":3.0},{"damage":30.0,"enemies":"WA_ARCHETYPE_RETAIN","floor":16.0,"turns":7.0},{"damage":13,"enemies":"3 Byrds","floor":19,"turns":4},{"damage":18,"enemies":"Snecko","floor":21,"turns":4},{"damage":12,"enemies":"Snake Plant","floor":22,"turns":4},{"damage":41,"enemies":"Shelled Parasite and Fungi","floor":23,"turns":5},{"damage":0,"enemies":"conspire:Head Lice","floor":25,"turns":4},{"damage":0,"enemies":"3 Cultists","floor":26,"turns":4},{"damage":0,"enemies":"conspire:HollyBat","floor":27,"turns":6},{"damage":6,"enemies":"Sentry and Sphere","floor":28,"turns":4},{"damage":5,"enemies":"downfall:FleeingMerchant","floor":29,"turns":4},{"damage":0,"enemies":"Replay:Snechameleon","floor":31,"turns":5},{"damage":4,"enemies":"Centurion and Healer","floor":32,"turns":3},{"damage":29,"enemies":"DF_ARCHETYPE_CLAW","floor":33,"turns":7},{"damage":17,"enemies":"Orb Walker","floor":36,"turns":4},{"damage":21,"enemies":"3 Darklings","floor":37,"turns":5},{"damage":0,"enemies":"downfall:FleeingMerchant","floor":38,"turns":4},{"damage":5,"enemies":"Jaw Worm Horde","floor":42,"turns":4},{"damage":4,"enemies":"Reptomancer","floor":44,"turns":5},{"damage":12,"enemies":"Transient","floor":45,"turns":5},{"damage":0,"enemies":"Giant Head","floor":48,"turns":6},{"damage":43,"enemies":"4 Shapes","floor":49,"turns":5},{"damage":22,"enemies":"SI_POISON_ARCHETYPE","floor":50,"turns":6},{"damage":86,"enemies":"downfall:CharBossMerchant","floor":52,"turns":8},{"damage":0,"enemies":"downfall:NeowBoss","floor":55,"turns":8},{"damage":46,"enemies":"downfall:NeowBossFinal","floor":56,"turns":7}],"seed_played":"7453013475235931556","potions_obtained":[{"floor":6.0,"key":"Adrenaline Potion"},{"floor":9.0,"key":"Swift Potion"},{"floor":11.0,"key":"Weak Potion"},{"floor":14.0,"key":"Elixir"},{"floor":15.0,"key":"PowerPotion"},{"floor":21,"key":"AttackPotion"},{"floor":25,"key":"Regen Potion"},{"floor":27,"key":"ColorlessPotion"},{"floor":37,"key":"Adrenaline Potion"},{"floor":49,"key":"DistilledChaos"},{"floor":50,"key":"Block Potion"},{"floor":52,"key":"PowerPotion"}],"is_trial":false,"path_per_floor":["R","M","M","?","M","M","T","$","M","E","M","R","E","M","M","B",null,"R","M","?","M","M","M","T","E","M","M","M","$","R","E","M","B",null,"R","M","M","$","?","T","T","M","?","E","M","R","?","E","M","B",null,"E","$","R","B","B",null],"character_chosen":"The_Alterego","items_purchased":["alterego_mod:GIGAMILK","Nunchaku"],"campfire_rested":0,"item_purchase_floors":[29,53],"current_hp_per_floor":[70,70,70,70,68,54,54,60,43,36,33,33,25,37,45,31,70,70,60,60,48,42,30,30,69,69,69,63,64,64,69,69,47,69,79,78,66,79,79,79,79,79,79,79,76,76,82,82,63,73,82,42,45,45,63,78],"gold":12,"neow_bonus":"BOSS_RELIC","is_daily":false,"chose_seed":false,"campfire_upgraded":6,"win_rate":0.0,"timestamp":1611966803,"path_taken":["R","M","?","?","?","M","T","$","M","E","M","R","E","M","M","BOSS","R","M","?","?","?","M","T","E","M","M","?","?","R","E","M","BOSS","R","M","M","$","?","?","T","M","?","E","?","R","?","E","M","BOSS","E","$","R","BOSS","BOSS"],"items_purchased_type":["Card","Relic"],"build_version":"2020-12-22","purchased_purges":2,"victory":true,"max_hp_per_floor":[70,70,70,70,70,70,70,70,70,70,70,70,70,70,70,70,70,70,70,70,70,70,69,69,69,69,69,69,69,69,69,69,69,69,79,79,79,79,79,79,79,79,79,79,79,79,82,82,82,82,82,82,85,85,85,85],"card_choices":[{"not_picked":["alterego_mod:Punishment","alterego_mod:BeGentle","alterego_mod:Stockings"],"picked":"SKIP","floor":2.0},{"not_picked":["alterego_mod:Rip","alterego_mod:RocketPunch"],"picked":"alterego_mod:BustOut","floor":3.0},{"not_picked":["alterego_mod:RocketPunch","alterego_mod:PerceptionDisorder"],"picked":"alterego_mod:Mirror","floor":5.0},{"not_picked":["alterego_mod:Bounce","alterego_mod:Valentines","alterego_mod:GoddessCore"],"picked":"SKIP","floor":6.0},{"not_picked":["alterego_mod:Bunnysuit","alterego_mod:Jiggle"],"picked":"alterego_mod:BusterCard","floor":8.0},{"not_picked":["alterego_mod:Undulate","alterego_mod:Punishment"],"picked":"alterego_mod:Venus","floor":9.0},{"not_picked":["alterego_mod:BreastValley","alterego_mod:Pet","alterego_mod:Mirror"],"picked":"SKIP","floor":10.0},{"not_picked":["alterego_mod:GoddessCore","alterego_mod:SakuraFive"],"picked":"alterego_mod:Birthday","floor":11.0},{"not_picked":["alterego_mod:DeftHands","alterego_mod:Swimsuit"],"picked":"alterego_mod:RidiculouslyBig","floor":13.0},{"not_picked":["alterego_mod:Pet","alterego_mod:1TonWallop"],"picked":"alterego_mod:BiFurious","floor":14.0},{"not_picked":["alterego_mod:Skirt","alterego_mod:IdEs","alterego_mod:PerceptionDisorder"],"picked":"SKIP","floor":15.0},{"not_picked":["alterego_mod:Venus","alterego_mod:AlterEgo"],"picked":"alterego_mod:SideboobHour","floor":16.0},{"not_picked":["alterego_mod:TrashNCrash+1","alterego_mod:Exercise"],"picked":"alterego_mod:Birthday","floor":19},{"not_picked":["alterego_mod:Bounce","alterego_mod:Mirror","alterego_mod:Exercise"],"picked":"SKIP","floor":21},{"not_picked":["alterego_mod:Punishment+1","alterego_mod:DeftHands"],"picked":"alterego_mod:PainIsPleasure","floor":22},{"not_picked":["alterego_mod:GoddessCore","alterego_mod:Valentines","alterego_mod:SakuraLabyrinth+1"],"picked":"SKIP","floor":23},{"not_picked":["alterego_mod:Valentines","alterego_mod:Clap","alterego_mod:Table"],"picked":"SKIP","floor":25},{"not_picked":["alterego_mod:Mirror+1","alterego_mod:SakuraFive+1"],"picked":"alterego_mod:Nekomimi+1","floor":26},{"not_picked":["alterego_mod:BeGentle+1","alterego_mod:Skirt","alterego_mod:Cycle"],"picked":"SKIP","floor":27},{"not_picked":["alterego_mod:Table","alterego_mod:PurpleHair+1"],"picked":"alterego_mod:Cushion","floor":28},{"not_picked":["alterego_mod:Mirror","alterego_mod:Jiggle"],"picked":"alterego_mod:Birthday","floor":29},{"not_picked":["alterego_mod:Clap","alterego_mod:Rip","alterego_mod:Bloomers+1"],"picked":"SKIP","floor":31},{"not_picked":["alterego_mod:Rip+1","alterego_mod:BiFurious"],"picked":"alterego_mod:Vow","floor":32},{"not_picked":["alterego_mod:Tantrum","alterego_mod:Antipathy"],"picked":"alterego_mod:ClassAdvantage","floor":33},{"not_picked":["alterego_mod:Belle","alterego_mod:DeftHands+1","alterego_mod:Complex+1"],"picked":"SKIP","floor":36},{"not_picked":["alterego_mod:Skirt","alterego_mod:SakuraFive+1"],"picked":"alterego_mod:Clones+1","floor":37},{"not_picked":["alterego_mod:HighServant","alterego_mod:GoddessCore+1","alterego_mod:Rip"],"picked":"SKIP","floor":38},{"not_picked":["expansioncontent:Chronoboost","expansioncontent:InvincibleStrength"],"picked":"expansioncontent:YouAreMine","floor":39},{"not_picked":["alterego_mod:Punishment+1","alterego_mod:Bunnysuit","alterego_mod:Crossover+1"],"picked":"SKIP","floor":42},{"not_picked":["alterego_mod:Mirror+1","alterego_mod:GoddessCore","alterego_mod:Punishment"],"picked":"SKIP","floor":44},{"not_picked":["alterego_mod:Rip","alterego_mod:Lingerie","alterego_mod:TrashNCrash"],"picked":"SKIP","floor":45},{"not_picked":["alterego_mod:BiFurious+1","alterego_mod:Cooking","alterego_mod:Clap+1"],"picked":"SKIP","floor":48},{"not_picked":["alterego_mod:Swimsuit+1","alterego_mod:Punishment","alterego_mod:GoddessCore+1"],"picked":"SKIP","floor":49},{"not_picked":["alterego_mod:1TonWallop+1","alterego_mod:Complex+1","alterego_mod:Lingerie+1"],"picked":"SKIP","floor":52}],"player_experience":337163,"relics_obtained":[{"floor":7.0,"key":"Golden Egg"},{"floor":10.0,"key":"halation:Toothbrush"},{"floor":13.0,"key":"Vajra"},{"floor":25,"key":"infinitespire:Satchel"},{"floor":31,"key":"StuffTheSpire:OldFever"},{"floor":40,"key":"Shuriken"},{"floor":41,"key":"aspiration:ChemicalBlood"},{"floor":44,"key":"Oddly Smooth Stone"},{"floor":48,"key":"Toy Ornithopter"},{"floor":52,"key":"qcfpunch:Red_Gi"}],"event_choices":[{"damage_healed":0,"gold_gain":0,"player_choice":"Forge","damage_taken":0,"max_hp_gain":0,"max_hp_loss":0,"event_name":"Accursed Blacksmith","floor":20,"gold_loss":0,"cards_upgraded":["alterego_mod:Birthday"]},{"cards_removed":["expansioncontent:YouAreMine"],"damage_healed":3,"gold_gain":0,"player_choice":"Offered Uncommon","damage_taken":0,"max_hp_gain":0,"max_hp_loss":0,"event_name":"Bonfire Elementals","floor":47,"gold_loss":0}],"is_beta":false,"boss_relics":[{"not_picked":["halation:CatFaceCupcake","Runic Dome"],"picked":"conspire:SpecialSausage"},{"not_picked":["hubris:TerracottaHorce","conspire:SeveredTorchhead"],"picked":"hubris:RunicObelisk"}],"items_purged_floors":[8,53],"is_endless":false,"potions_floor_spawned":[6,9,11,14,15,16,21,22,25,27,33,37,42,44,49],"ascension_level":0}}