{"host":"rvofswtrkybk7ok8","time":1611980215,"event":{"mods":["ATMod(°¢èªMod)","BaseMod","Card Filter","Colored Map","Downfall","Minty Spire (QoL Compilation)","Quick Restart","StSLib"],"gold_per_floor":[99,110,125,142,160,70,70,70,70,80,15,15,42,54,64,161,161,61,73,83,41,41,90,169,269,333,383,418,468,468,483,503,598,598,498,514,614,764,51,65,92,219,219,238,307,433,433,483,502,602],"floor_reached":51,"language":"ZHS","playtime":2237,"items_purged":["bronze:Strike","Normality","bronze:DarkDash"],"score":1114,"play_id":"f0ade59e-be1c-44fb-a882-c3c956530963","local_time":"20210130121655","is_ascension_mode":true,"campfire_choices":[{"data":"AT_DrawKnifeCut","floor":1.0,"key":"SMITH"},{"data":"bronze:Deprecate","floor":9.0,"key":"SMITH"},{"data":"bronze:InfiniteLoop","floor":12.0,"key":"SMITH"},{"data":"bronze:SpaghettiCode","floor":18.0,"key":"SMITH"},{"floor":30.0,"key":"RECALL"},{"data":"bronze:Format","floor":35,"key":"SMITH"},{"data":"expansioncontent:DashGenerateEvil","floor":43,"key":"SMITH"},{"data":"bronze:Mutator","floor":47,"key":"SMITH"}],"circlet_count":0,"master_deck":["bronze:Goto","AT_DrawKnifeCut+1","bronze:BronzeOrb","bronze:ChosenStrike","bronze:DelayedSlice","bronze:Branch","bronze:ThunderWave","bronze:Deprecate+1","bronze:Overheat","bronze:Turbo","bronze:InfiniteLoop+1","bronze:ItsAFeature","bronze:SpaghettiCode+1","bronze:Shield","bronze:BitShift","bronze:Shield","bronze:Repair","bronze:FindAndReplace","expansioncontent:DashGenerateEvil+1","bronze:Optimize","bronze:GetLatest+1","bronze:FindAndReplace","bronze:Format+1","bronze:Mutator+1","bronze:SpaghettiCode+1"],"relics":["bronze:BronzeCore","AT_ATBox","AT_Kusabimaru","AT_BellowingDragoncrestRing","Pandora\u0027s Box","downfall:HeartBlessingGreen","Bag of Marbles","CaptainsWheel","ClockworkSouvenir","Mango","Toolbox","Question Card","bronze:CableSpool","downfall:CloakOfManyFaces","CultistMask","FaceOfCleric","NlothsMask","GremlinMask","SsserpentHead","downfall:RedIOU","Pocketwatch","bronze:BottledCode","SlaversCollar","downfall:HeartBlessingRed","Incense Burner","White Beast Statue","AT_TheCollector","Sundial","OrangePellets","StoneCalendar","Akabeko"],"acts_visited":["Exordium","TheCity","TheBeyond"],"potions_floor_usage":[50],"damage_taken":[{"damage":8.0,"enemies":"Small Slimes","floor":2.0,"turns":2.0},{"damage":0.0,"enemies":"Cultist","floor":3.0,"turns":2.0},{"damage":0.0,"enemies":"2 Louse","floor":4.0,"turns":3.0},{"damage":0.0,"enemies":"2 Fungi Beasts","floor":5.0,"turns":2.0},{"damage":10.0,"enemies":"downfall:FleeingMerchant","floor":6.0,"turns":4.0},{"damage":0.0,"enemies":"Lots of Slimes","floor":10.0,"turns":1.0},{"damage":10.0,"enemies":"downfall:FleeingMerchant","floor":11.0,"turns":4.0},{"damage":0.0,"enemies":"Gremlin Nob","floor":13.0,"turns":2.0},{"damage":2.0,"enemies":"3 Louse","floor":14.0,"turns":3.0},{"damage":0.0,"enemies":"2 Fungi Beasts","floor":15.0,"turns":2.0},{"damage":8.0,"enemies":"SI_SHIV_ARCHETYPE","floor":16.0,"turns":5.0},{"damage":0.0,"enemies":"Spheric Guardian","floor":19.0,"turns":3.0},{"damage":0.0,"enemies":"Chosen","floor":20.0,"turns":3.0},{"damage":0.0,"enemies":"downfall:FleeingMerchant","floor":21.0,"turns":4.0},{"damage":0.0,"enemies":"downfall:FaceTrader","floor":25.0,"turns":3.0},{"damage":0.0,"enemies":"3 Cultists","floor":26.0,"turns":1.0},{"damage":15.0,"enemies":"Book of Stabbing","floor":28.0,"turns":4.0},{"damage":0.0,"enemies":"Cultist and Chosen","floor":31.0,"turns":2.0},{"damage":0.0,"enemies":"Snecko","floor":32.0,"turns":1.0},{"damage":0.0,"enemies":"IC_MUSHROOM_ARCHETYPE","floor":33.0,"turns":1.0},{"damage":0,"enemies":"3 Darklings","floor":36,"turns":2},{"damage":0,"enemies":"3 Darklings","floor":37,"turns":2},{"damage":0,"enemies":"downfall:LadyInBlue","floor":38,"turns":2},{"damage":0,"enemies":"3 Shapes","floor":40,"turns":1},{"damage":0,"enemies":"Giant Head","floor":42,"turns":1},{"damage":0,"enemies":"Sphere and 2 Shapes","floor":44,"turns":2},{"damage":2,"enemies":"Writhing Mass","floor":45,"turns":2},{"damage":0,"enemies":"Reptomancer","floor":46,"turns":1},{"damage":0,"enemies":"3 Darklings","floor":49,"turns":1},{"damage":0,"enemies":"WA_ARCHETYPE_DIVINITY","floor":50,"turns":3}],"seed_played":"-1493599535731477610","potions_obtained":[{"floor":2.0,"key":"Ancient Potion"},{"floor":10.0,"key":"bronze:BurnAndBuffPotion"},{"floor":13.0,"key":"Swift Potion"},{"floor":14.0,"key":"bronze:BuildAFunctionPotion"},{"floor":38,"key":"DuplicationPotion"},{"floor":49,"key":"CultistPotion"}],"is_trial":false,"path_per_floor":["R","M","M","M","M","$","T","?","R","M","$","R","E","M","M","B",null,"R","M","M","$","?","$","T","?","M","?","E","?","R","M","M","B",null,"R","M","?","?","$","M","T","E","R","M","M","E","R","?","M","B",null],"character_chosen":"THE_AUTOMATON","items_purchased":["Bag of Marbles","CaptainsWheel","ClockworkSouvenir","bronze:FindAndReplace","Mango","Toolbox","Question Card","expansioncontent:DashGenerateEvil","bronze:Optimize","AT_TheCollector","Sundial","OrangePellets"],"campfire_rested":0,"item_purchase_floors":[21,21,21,21,23,23,23,23,23,39,39,39],"current_hp_per_floor":[63,55,55,55,55,45,45,45,45,45,35,35,35,33,33,25,63,63,63,63,63,63,77,77,77,78,78,71,69,69,70,71,72,72,72,73,74,75,75,76,76,77,77,78,77,80,80,80,81,82],"gold":602,"neow_bonus":"ONE_RARE_RELIC","is_daily":false,"chose_seed":false,"campfire_upgraded":7,"win_rate":0.0,"timestamp":1611980215,"path_taken":["R","M","M","M","M","$","T","?","R","?","$","R","E","M","M","BOSS","R","M","?","?","?","$","T","?","?","?","E","?","R","M","M","BOSS","R","M","?","?","$","M","T","E","R","M","?","E","R","?","M","BOSS"],"items_purchased_type":["Relic","Relic","Relic","Card","Relic","Relic","Relic","Card","Card","Relic","Relic","Relic"],"build_version":"2020-12-22","purchased_purges":3,"victory":true,"max_hp_per_floor":[63,63,63,63,63,63,63,63,63,63,63,63,63,63,63,63,63,63,63,63,63,63,77,77,77,78,78,79,69,69,70,71,72,72,72,73,74,75,75,76,76,77,77,78,79,80,80,80,81,82],"card_choices":[{"not_picked":["bronze:BugBarrage","bronze:Turbo"],"picked":"bronze:BronzeOrb","floor":2.0},{"not_picked":["bronze:Branch","bronze:Return"],"picked":"bronze:ChosenStrike","floor":3.0},{"not_picked":["bronze:Constructor","bronze:Repair"],"picked":"bronze:DelayedSlice","floor":4.0},{"not_picked":["bronze:ChosenStrike","bronze:DelayedGuard"],"picked":"bronze:Branch","floor":5.0},{"not_picked":["bronze:FollowUp","bronze:WhirlingStrike","bronze:OilSpill"],"picked":"SKIP","floor":6.0},{"not_picked":["bronze:FineTuning","bronze:OilSpill"],"picked":"bronze:Turbo","floor":10.0},{"not_picked":["bronze:Deprecate","bronze:OilSpill"],"picked":"bronze:InfiniteLoop","floor":11.0},{"not_picked":["bronze:Overheat","bronze:Repair"],"picked":"bronze:ItsAFeature","floor":13.0},{"not_picked":["bronze:CutThrough","bronze:BugBarrage","bronze:Philosophize"],"picked":"SKIP","floor":14.0},{"not_picked":["bronze:BugBarrage","bronze:Iterate","bronze:DelayedSlice"],"picked":"SKIP","floor":15.0},{"not_picked":["bronze:Mutator","bronze:RecursiveStrike"],"picked":"bronze:SpaghettiCode","floor":16.0},{"not_picked":["bronze:Iterate+1","bronze:Turbo","bronze:WhirlingStrike"],"picked":"SKIP","floor":19.0},{"not_picked":["bronze:Fortify","bronze:ChildClass"],"picked":"bronze:Repair","floor":20.0},{"not_picked":["bronze:FollowUp","bronze:Overload+1","bronze:WhirlingStrike"],"picked":"SKIP","floor":21.0},{"not_picked":["bronze:Optimize+1","bronze:Terminator","bronze:DelayedSlice","bronze:Philosophize+1"],"picked":"SKIP","floor":26.0},{"not_picked":["bronze:FollowUp","bronze:Repair+1","bronze:Turbo+1"],"picked":"bronze:GetLatest+1","floor":28.0},{"not_picked":["bronze:ChosenStrike","bronze:Frontload+1","bronze:Separator+1"],"picked":"bronze:FindAndReplace","floor":31.0},{"not_picked":["bronze:ChosenStrike","bronze:Constructor","bronze:Turbo","bronze:BitShift"],"picked":"SKIP","floor":32.0},{"not_picked":["bronze:AlphaBuild","bronze:HyperBeam","bronze:CleanCode"],"picked":"bronze:Format","floor":33.0},{"not_picked":["bronze:Invalidate+1","bronze:FollowUp+1","bronze:WhirlingStrike+1","bronze:Deprecate"],"picked":"SKIP","floor":36},{"not_picked":["bronze:Overload+1","bronze:Overheat","bronze:Frontload+1","bronze:DigitalCarnage+1"],"picked":"SKIP","floor":40},{"not_picked":["bronze:ForceShield+1","bronze:Refactor","bronze:WildBeam+1"],"picked":"bronze:Mutator","floor":42},{"not_picked":["bronze:BugBarrage+1","bronze:ForLoop+1","bronze:Overheat+1","bronze:Branch"],"picked":"SKIP","floor":44},{"not_picked":["bronze:Separator+1","bronze:BuggyMess","bronze:Deprecate+1","bronze:Frontload"],"picked":"SKIP","floor":45},{"not_picked":["bronze:Repair+1","bronze:ClassDefault","bronze:Constructor+1","bronze:DelayedGuard"],"picked":"SKIP","floor":46},{"not_picked":["bronze:WildBeam","bronze:Frontload","bronze:DigitalCarnage","bronze:DelayedGuard+1"],"picked":"SKIP","floor":49}],"player_experience":736758,"relics_obtained":[{"floor":7.0,"key":"PreservedInsect"},{"floor":13.0,"key":"AT_BellowingDragoncrestRing"},{"floor":24.0,"key":"bronze:CableSpool"},{"floor":25.0,"key":"downfall:CloakOfManyFaces"},{"floor":28.0,"key":"Pocketwatch"},{"floor":37,"key":"Incense Burner"},{"floor":38,"key":"White Beast Statue"},{"floor":42,"key":"StoneCalendar"},{"floor":46,"key":"Akabeko"}],"event_choices":[],"is_beta":false,"boss_relics":[{"not_picked":["Coffee Dripper","Tiny House"],"picked":"Pandora\u0027s Box"},{"not_picked":["Velvet Choker","Black Star"],"picked":"SlaversCollar"}],"items_purged_floors":[6,11,21],"is_endless":false,"potions_floor_spawned":[2,10,13,14,20,28,31,33,36,40,42,44,45,46,49],"ascension_level":2}}