{"host":"wl47xhfxme4nig5w","time":1611996970,"event":{"mods":["BaseMod","Colored Map","Colored Powertips","Googly Eyes","Minty Spire (QoL Compilation)","StSLib","SuperFastMode","everything is the same but u backflip on backflip","slay the spire mod where everything is the same but ironclad has a cowboy hat"],"gold_per_floor":[116,116,132,148,167,167,167,43,67,80,80,99,113,148,148,148,148],"floor_reached":16,"language":"ENG","playtime":386,"items_purged":["Defend_R"],"score":125,"play_id":"7c495f0f-0342-4734-b83a-1ff638f22956","local_time":"20210130005610","is_ascension_mode":true,"campfire_choices":[{"data":"Rampage","floor":6,"key":"SMITH"},{"data":"Inflame","floor":11,"key":"SMITH"},{"data":"Spot Weakness","floor":15,"key":"SMITH"}],"circlet_count":0,"master_deck":["Strike_R","Strike_R","Strike_R","Strike_R","Strike_R","Defend_R","Defend_R","Bash","Flex","Rampage+1","Spot Weakness+1","Pommel Strike","Cleave","Inflame+1","Seeing Red","Power Through"],"relics":["Burning Blood","NeowsBlessing","Golden Idol","Regal Pillow","Ancient Tea Set"],"acts_visited":["Exordium"],"potions_floor_usage":[5,5,12,14,14],"damage_taken":[{"damage":0,"enemies":"Jaw Worm","floor":1,"turns":1},{"damage":0,"enemies":"Cultist","floor":3,"turns":1},{"damage":0,"enemies":"Small Slimes","floor":4,"turns":2},{"damage":1,"enemies":"2 Fungi Beasts","floor":5,"turns":2},{"damage":13,"enemies":"Exordium Thugs","floor":10,"turns":3},{"damage":11,"enemies":"Looter","floor":12,"turns":2},{"damage":9,"enemies":"Lots of Slimes","floor":13,"turns":3},{"damage":28,"enemies":"Gremlin Nob","floor":14,"turns":4},{"damage":39,"enemies":"The Guardian","floor":16,"turns":7}],"seed_played":"-7855489066092745987","potions_obtained":[{"floor":3,"key":"PowerPotion"},{"floor":4,"key":"FearPotion"},{"floor":10,"key":"BloodPotion"},{"floor":12,"key":"SpeedPotion"},{"floor":13,"key":"FearPotion"}],"is_trial":false,"path_per_floor":["M","?","M","M","M","R","?","$","T","M","R","M","M","E","R","B"],"character_chosen":"IRONCLAD","items_purchased":["Cleave"],"campfire_rested":0,"item_purchase_floors":[8],"current_hp_per_floor":[80,73,79,80,80,80,60,60,60,53,53,64,61,39,39,0,0],"gold":148,"neow_bonus":"THREE_ENEMY_KILL","is_daily":false,"chose_seed":false,"campfire_upgraded":3,"win_rate":0.0,"timestamp":1611996970,"path_taken":["M","?","M","M","M","R","?","$","T","M","R","?","?","E","R","BOSS"],"items_purchased_type":["Card"],"build_version":"2020-12-22","purchased_purges":1,"victory":false,"max_hp_per_floor":[80,80,80,80,80,80,80,80,80,80,80,80,80,80,80,80,80],"card_choices":[{"not_picked":["Shrug It Off","Uppercut"],"picked":"Flex","floor":1},{"not_picked":["Flex","Sword Boomerang"],"picked":"Rampage","floor":3},{"not_picked":["Brutality","Power Through"],"picked":"Spot Weakness","floor":4},{"not_picked":["Shrug It Off","Sword Boomerang"],"picked":"Pommel Strike","floor":5},{"not_picked":["Cleave","True Grit"],"picked":"Inflame","floor":10},{"not_picked":["Uppercut","Battle Trance"],"picked":"Seeing Red","floor":12},{"not_picked":["Offering","Shockwave","Clothesline"],"picked":"SKIP","floor":13},{"not_picked":["Evolve","Pommel Strike"],"picked":"Power Through","floor":14}],"player_experience":349232,"relics_obtained":[{"floor":9,"key":"Regal Pillow"},{"floor":14,"key":"Ancient Tea Set"}],"event_choices":[{"cards_removed":["Defend_R"],"damage_healed":0,"gold_gain":0,"player_choice":"Card Removal","damage_taken":7,"max_hp_gain":0,"max_hp_loss":0,"event_name":"Golden Wing","floor":2,"gold_loss":0},{"damage_healed":0,"gold_gain":0,"player_choice":"Take Damage","damage_taken":20,"relics_obtained":["Golden Idol"],"max_hp_gain":0,"max_hp_loss":0,"event_name":"Golden Idol","floor":7,"gold_loss":0}],"is_beta":false,"boss_relics":[],"items_purged_floors":[8],"is_endless":false,"potions_floor_spawned":[3,4,10,12,13],"killed_by":"The Guardian","ascension_level":4}}