{"host":"6rz02yiipefhcw4r","time":1611985141,"event":{"mods":["2.2 Compatiblity","BaseMod","Block Reminder","Colored Map","Curses Come First","DeckTracker","Googly Eyes","Minty Spire (QoL Compilation)","Quick Restart","Rare Cards Sparkle","StSLib"],"gold_per_floor":[118,118,133,148,166,200,200,200,200,234,234,101,119,135,135,213,213,231,247,247,247,261,261,277,311,311,311,325,354,374,374,374],"floor_reached":31,"language":"ENG","playtime":1521,"items_purged":["Perfected Strike"],"score":578,"play_id":"a79b9892-792a-4a5f-bcd2-f44349727ca1","local_time":"20210130033901","is_ascension_mode":true,"campfire_choices":[{"data":"Exhume","floor":7.0,"key":"SMITH"},{"data":"Double Tap","floor":11.0,"key":"SMITH"},{"data":"Disarm","floor":15.0,"key":"SMITH"},{"floor":23.0,"key":"REST"}],"circlet_count":0,"master_deck":["AscendersBane","Bash","Carnage+1","Offering","Exhume+1","Rupture","Ghostly Armor","Whirlwind","Disarm+1","Pommel Strike","Spot Weakness","Heavy Blade+1","Shrug It Off","Double Tap+1","Clothesline","Iron Wave","Impervious","Demon Form","Shrug It Off","True Grit+1","Disarm","Intimidate","Armaments","True Grit","Sword Boomerang","Headbutt+1"],"relics":["Pandora\u0027s Box","Calipers","HornCleat","Sundial","Whetstone","Runic Pyramid","Lizard Tail","Frozen Egg 2","Pear","Blood Vial"],"acts_visited":["Exordium","TheCity"],"potions_floor_usage":[],"damage_taken":[{"damage":0.0,"enemies":"Small Slimes","floor":1.0,"turns":2.0},{"damage":6.0,"enemies":"Cultist","floor":3.0,"turns":2.0},{"damage":0.0,"enemies":"2 Louse","floor":4.0,"turns":1.0},{"damage":0.0,"enemies":"Lots of Slimes","floor":5.0,"turns":1.0},{"damage":24.0,"enemies":"Lagavulin","floor":6.0,"turns":5.0},{"damage":16.0,"enemies":"3 Sentries","floor":10.0,"turns":4.0},{"damage":2.0,"enemies":"Exordium Wildlife","floor":13.0,"turns":4.0},{"damage":0.0,"enemies":"3 Louse","floor":14.0,"turns":4.0},{"damage":14.0,"enemies":"The Guardian","floor":16.0,"turns":8.0},{"damage":18.0,"enemies":"3 Byrds","floor":18.0,"turns":2.0},{"damage":6.0,"enemies":"2 Thieves","floor":19.0,"turns":4.0},{"damage":20.0,"enemies":"Centurion and Healer","floor":22.0,"turns":8.0},{"damage":2.0,"enemies":"Snake Plant","floor":24.0,"turns":4.0},{"damage":8.0,"enemies":"Book of Stabbing","floor":25.0,"turns":6.0},{"damage":8.0,"enemies":"Snecko","floor":28.0,"turns":6.0},{"damage":72.0,"enemies":"Slavers","floor":29.0,"turns":8.0},{"damage":13.0,"enemies":"Shelled Parasite and Fungi","floor":30.0,"turns":6.0},{"damage":12,"enemies":"Snake Plant","floor":31,"turns":1}],"seed_played":"-9213400522805922298","potions_obtained":[{"floor":5.0,"key":"Regen Potion"},{"floor":6.0,"key":"Explosive Potion"},{"floor":10.0,"key":"Swift Potion"},{"floor":19.0,"key":"Strength Potion"},{"floor":24.0,"key":"DuplicationPotion"},{"floor":25.0,"key":"EntropicBrew"},{"floor":30.0,"key":"PowerPotion"}],"is_trial":false,"path_per_floor":["M","?","M","M","M","E","R","?","T","E","R","$","M","M","R","B",null,"M","M","?","?","M","R","M","E","T","T","M","E","M","M"],"character_chosen":"IRONCLAD","items_purchased":["Clothesline"],"campfire_rested":1,"item_purchase_floors":[12],"current_hp_per_floor":[68,68,62,62,62,38,38,38,38,22,22,22,32,32,32,18,61,43,37,37,37,17,39,37,29,29,39,31,20,9,0,0],"gold":374,"neow_bonus":"BOSS_RELIC","is_daily":false,"chose_seed":false,"campfire_upgraded":3,"win_rate":0.0,"timestamp":1611985141,"path_taken":["M","?","?","M","M","E","R","?","T","E","R","$","M","?","R","BOSS","M","M","?","?","M","R","?","E","T","?","M","E","M","M"],"items_purchased_type":["Card"],"build_version":"2020-12-22","purchased_purges":1,"victory":false,"max_hp_per_floor":[75,75,75,75,75,75,75,75,75,75,75,75,75,75,75,75,75,75,75,75,75,75,75,75,75,75,85,85,85,85,85,85],"card_choices":[{"not_picked":["Armaments","Heavy Blade"],"picked":"Pommel Strike","floor":1.0},{"not_picked":["True Grit","Sever Soul"],"picked":"Spot Weakness","floor":3.0},{"not_picked":["Clothesline","Rampage"],"picked":"Heavy Blade","floor":4.0},{"not_picked":["Exhume","Perfected Strike"],"picked":"Shrug It Off","floor":5.0},{"not_picked":["Warcry","Flex","Headbutt"],"picked":"SKIP","floor":6.0},{"not_picked":["Carnage","Fire Breathing"],"picked":"Double Tap","floor":10.0},{"not_picked":["Twin Strike","Wild Strike"],"picked":"Iron Wave","floor":13.0},{"not_picked":["Perfected Strike","Ghostly Armor"],"picked":"Impervious","floor":14.0},{"not_picked":["Offering","Impervious"],"picked":"Demon Form","floor":16.0},{"not_picked":["True Grit","Headbutt"],"picked":"Shrug It Off","floor":18.0},{"not_picked":["Clothesline","Armaments"],"picked":"True Grit","floor":19.0},{"not_picked":["Warcry","Entrench"],"picked":"Intimidate","floor":22.0},{"not_picked":["Double Tap","Whirlwind"],"picked":"Armaments","floor":24.0},{"not_picked":["Rupture","Warcry+1"],"picked":"True Grit","floor":25.0},{"not_picked":["Clothesline","Warcry+1","Armaments"],"picked":"SKIP","floor":28.0},{"not_picked":["Intimidate","Twin Strike"],"picked":"Sword Boomerang","floor":29.0},{"not_picked":["Blood for Blood","Heavy Blade"],"picked":"Headbutt+1","floor":30.0}],"player_experience":760238,"relics_obtained":[{"floor":6.0,"key":"Calipers"},{"floor":9.0,"key":"Sundial"},{"floor":10.0,"key":"Whetstone"},{"floor":25.0,"key":"Lizard Tail"},{"floor":26.0,"key":"Frozen Egg 2"},{"floor":27.0,"key":"Pear"},{"floor":29.0,"key":"Blood Vial"}],"event_choices":[{"cards_removed":["Perfected Strike"],"damage_healed":0.0,"max_hp_gain":0.0,"max_hp_loss":0.0,"gold_gain":0.0,"event_name":"Purifier","player_choice":"Purged","floor":2.0,"gold_loss":0.0,"damage_taken":0.0},{"damage_healed":0.0,"max_hp_gain":0.0,"max_hp_loss":0.0,"gold_gain":0.0,"event_name":"WeMeetAgain","player_choice":"Gave Potion","floor":8.0,"gold_loss":0.0,"damage_taken":0.0,"relics_obtained":["HornCleat"]},{"damage_healed":0.0,"max_hp_gain":0.0,"max_hp_loss":0.0,"gold_gain":0.0,"event_name":"The Library","player_choice":"Read","floor":20.0,"gold_loss":0.0,"damage_taken":0.0,"cards_obtained":["Disarm"]},{"damage_healed":0.0,"max_hp_gain":0.0,"max_hp_loss":0.0,"gold_gain":0.0,"event_name":"Accursed Blacksmith","player_choice":"Forge","floor":21.0,"gold_loss":0.0,"damage_taken":0.0,"cards_upgraded":["True Grit"]}],"is_beta":false,"boss_relics":[{"not_picked":["Runic Dome","Coffee Dripper"],"picked":"Runic Pyramid"}],"items_purged_floors":[12],"is_endless":false,"potions_floor_spawned":[5,6,10,19,24,25,30],"killed_by":"Snake Plant","ascension_level":20}}