{"host":"jwbw4f4imxd0v0b0","time":1611987588,"event":{"mods":["BaseMod","Colored Map","Highlight Path","Minty Spire (QoL Compilation)","Relic Stats","StSLib"],"gold_per_floor":[19,37,56,56,56,56,90,90,115,148,160,160,160,190,190,290,290,304,317,330,37,50,50,78,78,102,113,123,123,150,162,162,258,258,268,268,288,54,71,71,97,97,97,97,97,19,19,37,37,37],"floor_reached":51,"language":"ENG","playtime":2943,"items_purged":["Strike_B","Writhe"],"score":1203,"play_id":"9f1a7e34-145a-49bc-b6f6-6698769f1c9f","local_time":"20210130001948","is_ascension_mode":true,"campfire_choices":[{"floor":6.0,"key":"REST"},{"data":"Glacier","floor":8.0,"key":"SMITH"},{"floor":12.0,"key":"REST"},{"data":"Biased Cognition","floor":15.0,"key":"SMITH"},{"floor":23.0,"key":"REST"},{"floor":25.0,"key":"REST"},{"floor":29.0,"key":"REST"},{"data":"Biased Cognition","floor":32.0,"key":"SMITH"},{"data":"Fission","floor":40,"key":"SMITH"},{"floor":42,"key":"REST"},{"data":"Defragment","floor":49,"key":"SMITH"}],"circlet_count":0,"master_deck":["AscendersBane","Strike_B+1","Defend_B","Defend_B","Defend_B","Zap","Dualcast","Biased Cognition+1","Go for the Eyes+1","Ball Lightning+1","Glacier+1","Fission+1","Biased Cognition+1","Core Surge","Defragment+1","Storm","Capacitor+1","Steam+1","Fission+1","Conserve Battery+1","Coolheaded","Hologram+1","Doubt","Doubt","Cold Snap","Core Surge"],"relics":["Cracked Core","PreservedInsect","Bag of Preparation","Orichalcum","The Courier","Cursed Key","OrangePellets","DataDisk","Bronze Scales","Whetstone","Pen Nib","Inserter","ClockworkSouvenir","Happy Flower","Gremlin Horn"],"acts_visited":["Exordium","TheCity","TheBeyond"],"potions_floor_usage":[41,50],"damage_taken":[{"damage":7.0,"enemies":"Jaw Worm","floor":1.0,"turns":3.0},{"damage":12.0,"enemies":"Small Slimes","floor":2.0,"turns":4.0},{"damage":0.0,"enemies":"Cultist","floor":3.0,"turns":3.0},{"damage":14.0,"enemies":"3 Sentries","floor":7.0,"turns":4.0},{"damage":5.0,"enemies":"Gremlin Nob","floor":10.0,"turns":4.0},{"damage":10.0,"enemies":"Lots of Slimes","floor":11.0,"turns":3.0},{"damage":6.0,"enemies":"3 Sentries","floor":14.0,"turns":5.0},{"damage":20.0,"enemies":"Slime Boss","floor":16.0,"turns":11.0},{"damage":4.0,"enemies":"2 Thieves","floor":18.0,"turns":3.0},{"damage":0.0,"enemies":"3 Byrds","floor":19.0,"turns":3.0},{"damage":3.0,"enemies":"Shelled Parasite and Fungi","floor":20.0,"turns":7.0},{"damage":5.0,"enemies":"3 Cultists","floor":22.0,"turns":4.0},{"damage":35.0,"enemies":"Slavers","floor":24.0,"turns":5.0},{"damage":0.0,"enemies":"Snecko","floor":27.0,"turns":5.0},{"damage":16.0,"enemies":"Snake Plant","floor":28.0,"turns":2.0},{"damage":0.0,"enemies":"Gremlin Leader","floor":30.0,"turns":6.0},{"damage":3.0,"enemies":"Shelled Parasite and Fungi","floor":31.0,"turns":4.0},{"damage":29.0,"enemies":"Champ","floor":33.0,"turns":6.0},{"damage":2.0,"enemies":"3 Darklings","floor":35.0,"turns":5.0},{"damage":0,"enemies":"Orb Walker","floor":37,"turns":5},{"damage":0,"enemies":"Maw","floor":39,"turns":4},{"damage":37,"enemies":"Reptomancer","floor":41,"turns":6},{"damage":0,"enemies":"Jaw Worm Horde","floor":48,"turns":7},{"damage":0,"enemies":"Awakened One","floor":50,"turns":12}],"seed_played":"-7081373613714360574","potions_obtained":[{"floor":3.0,"key":"ColorlessPotion"},{"floor":7.0,"key":"ColorlessPotion"},{"floor":16.0,"key":"Explosive Potion"},{"floor":19.0,"key":"SkillPotion"},{"floor":20.0,"key":"Explosive Potion"},{"floor":30.0,"key":"Energy Potion"},{"floor":31.0,"key":"SteroidPotion"},{"floor":37,"key":"EntropicBrew"},{"floor":39,"key":"Dexterity Potion"},{"floor":48,"key":"FocusPotion"}],"is_trial":false,"path_per_floor":["M","M","M","?","?","R","E","R","T","E","M","R","?","E","R","B",null,"M","M","M","$","M","R","E","R","T","M","M","R","E","M","R","B",null,"M","?","M","$","M","R","E","R","T","?","?","$","?","M","R","B",null],"character_chosen":"DEFECT","items_purchased":["OrangePellets","DataDisk","Coolheaded","ClockworkSouvenir","Block Potion","Cold Snap"],"campfire_rested":6,"item_purchase_floors":[21,21,38,38,46,46],"current_hp_per_floor":[61,49,49,42,27,49,35,35,35,30,20,42,42,36,36,16,60,56,56,53,53,48,70,35,57,57,57,41,63,63,60,60,31,64,62,62,62,62,62,62,25,47,47,47,75,75,75,75,75,75],"gold":37,"neow_bonus":"THREE_RARE_CARDS","is_daily":false,"chose_seed":false,"campfire_upgraded":5,"win_rate":0.0,"timestamp":1611987588,"path_taken":["M","M","M","?","?","R","E","R","T","E","M","R","?","E","R","BOSS","M","M","?","?","M","R","E","R","T","M","M","R","E","M","R","BOSS","M","?","M","$","M","R","E","R","T","?","?","$","?","?","R","BOSS"],"items_purchased_type":["Relic","Relic","Card","Relic","Potion","Card"],"build_version":"2020-12-22","purchased_purges":2,"victory":true,"max_hp_per_floor":[75,75,75,75,75,75,75,75,75,75,75,75,75,75,75,75,75,75,75,75,75,75,75,75,75,75,75,75,75,75,75,75,75,75,75,75,75,75,75,75,75,75,75,75,75,75,75,75,75,75],"relic_stats":{"Inserter":[17],"Happy Flower":[6],"Gremlin Horn":[5,5],"counters":[24,121],"PreservedInsect":207,"Pen Nib":[6],"Bag of Preparation":[40],"Whetstone":["Go for the Eyes","Strike_B"],"Orichalcum":[144],"Cursed Key":2,"OrangePellets":[24],"Bronze Scales":[223],"obtain_stats":[{"Inserter":34,"Happy Flower":41,"Gremlin Horn":43,"PreservedInsect":7,"The Courier":14,"Pen Nib":30,"Bag of Preparation":9,"Whetstone":26,"Orichalcum":10,"Cursed Key":17,"ClockworkSouvenir":38,"OrangePellets":21,"DataDisk":21,"Bronze Scales":24,"Cracked Core":0},{"Inserter":18,"Happy Flower":22,"Gremlin Horn":22,"PreservedInsect":4,"The Courier":7,"Pen Nib":16,"Bag of Preparation":4,"Whetstone":13,"Orichalcum":5,"Cursed Key":8,"ClockworkSouvenir":20,"OrangePellets":11,"DataDisk":11,"Bronze Scales":13,"Cracked Core":0},{"Inserter":82,"Happy Flower":102,"Gremlin Horn":102,"PreservedInsect":14,"The Courier":26,"Pen Nib":72,"Bag of Preparation":14,"Whetstone":59,"Orichalcum":18,"Cursed Key":37,"ClockworkSouvenir":92,"OrangePellets":50,"DataDisk":50,"Bronze Scales":59,"Cracked Core":0}]},"card_choices":[{"not_picked":["Hyperbeam","Creative AI"],"picked":"Biased Cognition","floor":0.0},{"not_picked":["Redo","Reprogram"],"picked":"Go for the Eyes","floor":1.0},{"not_picked":["Consume","Beam Cell"],"picked":"Ball Lightning","floor":2.0},{"not_picked":["Self Repair","Fusion"],"picked":"Glacier","floor":3.0},{"not_picked":["Chill","Double Energy"],"picked":"Fission","floor":7.0},{"not_picked":["Redo","FTL","Double Energy"],"picked":"SKIP","floor":10.0},{"not_picked":["Beam Cell","Go for the Eyes","Aggregate"],"picked":"SKIP","floor":11.0},{"not_picked":["Hologram","Stack"],"picked":"Biased Cognition","floor":14.0},{"not_picked":["Electrodynamics","Seek"],"picked":"Core Surge","floor":16.0},{"not_picked":["Sweeping Beam","Force Field"],"picked":"Defragment","floor":18.0},{"not_picked":["Darkness","Hologram","Blizzard+1"],"picked":"SKIP","floor":19.0},{"not_picked":["Go for the Eyes","Consume","Darkness"],"picked":"SKIP","floor":20.0},{"not_picked":["Barrage","Stack","Rebound"],"picked":"SKIP","floor":22.0},{"not_picked":["Barrage","Tempest"],"picked":"Storm","floor":24.0},{"not_picked":["Steam","Static Discharge"],"picked":"Capacitor+1","floor":27.0},{"not_picked":["Turbo+1","Heatsinks+1"],"picked":"Steam+1","floor":28.0},{"not_picked":["Double Energy","Chill","Static Discharge+1"],"picked":"SKIP","floor":30.0},{"not_picked":["Steam+1","Consume","Scrape"],"picked":"SKIP","floor":31.0},{"not_picked":["Machine Learning","Rainbow"],"picked":"Fission","floor":33.0},{"not_picked":["Aggregate","Go for the Eyes","Leap"],"picked":"SKIP","floor":35.0},{"not_picked":["Blizzard+1","Self Repair"],"picked":"Conserve Battery+1","floor":37},{"not_picked":["Doom and Gloom","Rip and Tear+1","Sweeping Beam+1"],"picked":"SKIP","floor":39},{"not_picked":["Auto Shields","Turbo+1"],"picked":"Hologram+1","floor":41},{"not_picked":["Barrage","Sunder+1","Lockon"],"picked":"SKIP","floor":48}],"player_experience":1161352,"relics_obtained":[{"floor":7.0,"key":"PreservedInsect"},{"floor":9.0,"key":"Bag of Preparation"},{"floor":10.0,"key":"Orichalcum"},{"floor":14.0,"key":"The Courier"},{"floor":24.0,"key":"Bronze Scales"},{"floor":26.0,"key":"Whetstone"},{"floor":30.0,"key":"Pen Nib"},{"floor":41,"key":"Happy Flower"},{"floor":43,"key":"Gremlin Horn"}],"event_choices":[{"cards_removed":["Strike_B"],"damage_healed":0.0,"max_hp_gain":0.0,"max_hp_loss":0.0,"gold_gain":0.0,"event_name":"Golden Wing","player_choice":"Card Removal","floor":4.0,"gold_loss":0.0,"damage_taken":7.0},{"damage_healed":0.0,"max_hp_gain":0.0,"max_hp_loss":0.0,"gold_gain":0.0,"event_name":"Shining Light","player_choice":"Entered Light","floor":5.0,"gold_loss":0.0,"damage_taken":15.0,"cards_upgraded":["Strike_B","Ball Lightning"]},{"damage_healed":0.0,"max_hp_gain":0.0,"max_hp_loss":0.0,"gold_gain":0.0,"event_name":"Upgrade Shrine","player_choice":"Upgraded","floor":13.0,"gold_loss":0.0,"damage_taken":0.0,"cards_upgraded":["Fission"]},{"damage_healed":0,"gold_gain":0,"player_choice":"Ignored","damage_taken":0,"max_hp_gain":0,"max_hp_loss":0,"event_name":"Mysterious Sphere","floor":36,"gold_loss":0},{"cards_removed":["Defend_B"],"damage_healed":0,"gold_gain":0,"player_choice":"Removed Skill","damage_taken":0,"max_hp_gain":0,"max_hp_loss":0,"event_name":"Falling","floor":44,"gold_loss":0},{"damage_healed":28,"gold_gain":0,"player_choice":"Heal","damage_taken":0,"max_hp_gain":0,"max_hp_loss":0,"event_name":"MindBloom","floor":45,"gold_loss":0,"cards_obtained":["Doubt"]},{"damage_healed":0,"gold_gain":0,"cards_transformed":["Strike_B"],"player_choice":"Transformed","damage_taken":0,"max_hp_gain":0,"max_hp_loss":0,"event_name":"Transmorgrifier","floor":47,"gold_loss":0,"cards_obtained":["Core Surge"]}],"is_beta":false,"boss_relics":[{"not_picked":["FrozenCore","Fusion Hammer"],"picked":"Cursed Key"},{"not_picked":["Astrolabe","Coffee Dripper"],"picked":"Inserter"}],"items_purged_floors":[21,38],"is_endless":false,"potions_floor_spawned":[3,7,16,19,20,30,31,37,39,48],"ascension_level":11}}