{"host":"0buepsujecqpt684","time":1611986213,"event":{"mods":["AchievementEnabler","AlwaysNeverKeys","BaseMod","Bestiary","Better Altar","Better Match","Better Note","Better Sensory Stone","Better Skull","Better Third Choice","Better-Laid Plans","Dota2Spire","Downfall","GifTheSpireLib","GungeonMod","Hyrulean Relics","Ironclad Rager","Minty Spire (QoL Compilation)","Spicy Shops","StSLib","The Wild Card","Treasure Hunter"],"gold_per_floor":[56,56,67,67,87,87,12,29,53,64,64,79,30,40,40,143,143,153,153,173,173,239,257,257,37,111,208,258,269,286,33,33,135,135,146,196,208,272,272,272],"floor_reached":39,"language":"ENG","playtime":2944,"items_purged":["Writhe","Regret"],"score":427,"play_id":"9605d2ef-bab4-40e0-8378-59fe96528242","local_time":"20210130005653","is_ascension_mode":false,"campfire_choices":[{"floor":6,"key":"REST"},{"floor":15,"key":"REST"},{"floor":24,"key":"REST"},{"floor":32,"key":"REST"}],"circlet_count":0,"master_deck":["Eruption+1","Vigilance","FollowUp","FollowUp","FollowUp","FollowUp","ThirdEye","ThirdEye","ThirdEye","ThirdEye","FollowUp","SashWhip","SashWhip","Judgement","Prostrate+1","Consecrate","Alpha","MentalFortress+1"],"relics":["PureWater","Pen Nib","Letter Opener","Busted Crown","SsserpentHead","Membership Card","Vajra","TH:Anvil","PreservedInsect","Toolbox","Pear","bronze:MakeshiftBattery"],"acts_visited":["Exordium","TheCity","TheBeyond"],"potions_floor_usage":[16,16,16,19,22,33,33,39],"damage_taken":[{"damage":0,"enemies":"Small Slimes","floor":1,"turns":2},{"damage":0,"enemies":"Cultist","floor":3,"turns":2},{"damage":3,"enemies":"Jaw Worm","floor":5,"turns":3},{"damage":0,"enemies":"Exordium Wildlife","floor":8,"turns":2},{"damage":0,"enemies":"2 Fungi Beasts","floor":10,"turns":1},{"damage":0,"enemies":"Large Slime","floor":12,"turns":2},{"damage":14,"enemies":"Red Slaver","floor":14,"turns":2},{"damage":2,"enemies":"Slime Boss","floor":16,"turns":6},{"damage":12,"enemies":"2 Thieves","floor":18,"turns":3},{"damage":0,"enemies":"Chosen","floor":20,"turns":3},{"damage":9,"enemies":"Snecko","floor":22,"turns":4},{"damage":4,"enemies":"Centurion and Healer","floor":23,"turns":3},{"damage":6,"enemies":"Shelled Parasite and Fungi","floor":29,"turns":5},{"damage":13,"enemies":"3 Cultists","floor":30,"turns":4},{"damage":26,"enemies":"Automaton","floor":33,"turns":6},{"damage":10,"enemies":"Orb Walker","floor":35,"turns":2},{"damage":11,"enemies":"3 Darklings","floor":37,"turns":5},{"damage":83,"enemies":"Maw","floor":38,"turns":6},{"damage":28,"enemies":"Spire Growth","floor":39,"turns":5}],"seed_played":"3120519822712733615","potions_obtained":[{"floor":3,"key":"EssenceOfSteel"},{"floor":5,"key":"Strength Potion"},{"floor":10,"key":"FearPotion"},{"floor":16,"key":"Strength Potion"},{"floor":19,"key":"Fruit Juice"},{"floor":19,"key":"sneckomod:MuddlingPotion"},{"floor":19,"key":"LiquidBronze"},{"floor":22,"key":"Dota2Spire:HealingSalve"},{"floor":29,"key":"FairyPotion"},{"floor":38,"key":"Block Potion"}],"is_trial":false,"path_per_floor":["M","$","M","?","M","R","$","M","T","M","?","M","$","M","R","B",null,"M","?","M","?","M","M","R","$","T","T","?","M","M","$","R","B",null,"M","?","M","M","M"],"character_chosen":"WATCHER","items_purchased":["PowerPotion","Membership Card","Vajra","MentalFortress","Toolbox","Pear"],"campfire_rested":4,"item_purchase_floors":[13,25,25,31,31,31],"current_hp_per_floor":[47,47,47,47,44,63,63,63,63,63,63,63,63,49,65,63,65,53,58,58,58,49,45,66,66,66,66,66,60,47,57,80,54,80,70,70,59,24,0,0],"gold":272,"neow_bonus":"WATCHER_SHAOLIN","is_daily":false,"chose_seed":false,"campfire_upgraded":0,"win_rate":0.0,"timestamp":1611986213,"path_taken":["M","$","M","?","M","R","?","M","T","M","?","M","$","?","R","BOSS","M","?","?","?","?","M","R","$","T","?","?","M","M","?","R","BOSS","M","?","M","?","M"],"items_purchased_type":["Potion","Relic","Relic","Card","Relic","Relic"],"build_version":"2020-12-22","purchased_purges":2,"victory":false,"max_hp_per_floor":[65,65,65,65,65,65,65,65,65,65,65,65,65,65,65,65,65,65,70,70,70,70,70,70,70,70,70,70,70,70,80,80,80,80,80,80,80,80,80,80],"card_choices":[{"not_picked":["ReachHeaven","EmptyBody","CrushJoints"],"picked":"SKIP","floor":1},{"not_picked":["DeceiveReality","Nirvana"],"picked":"FollowUp","floor":3},{"not_picked":["ReachHeaven","Prostrate"],"picked":"SashWhip","floor":5},{"not_picked":["FlurryOfBlows","FlyingSleeves","BowlingBash"],"picked":"SKIP","floor":8},{"not_picked":["TH:CursedSword","TH:PixieDust"],"picked":"SKIP","floor":9},{"not_picked":["SignatureMove","Indignation"],"picked":"SashWhip","floor":10},{"not_picked":["Protect","Perseverance","ClearTheMind"],"picked":"SKIP","floor":12},{"not_picked":["CutThroughFate","Halt","DeceiveReality"],"picked":"SKIP","floor":14},{"not_picked":["LessonLearned","Blasphemy"],"picked":"Judgement","floor":16},{"not_picked":["CutThroughFate"],"picked":"SKIP","floor":18},{"not_picked":["Crescendo"],"picked":"SKIP","floor":20},{"not_picked":["SandsOfTime"],"picked":"SKIP","floor":22},{"not_picked":[],"picked":"Prostrate+1","floor":23},{"not_picked":["TH:Mimic"],"picked":"SKIP","floor":26},{"not_picked":["TH:CursedSword"],"picked":"SKIP","floor":27},{"not_picked":[],"picked":"Consecrate","floor":29},{"not_picked":[],"picked":"Alpha","floor":30},{"not_picked":["JustLucky"],"picked":"SKIP","floor":35},{"not_picked":["FlyingSleeves"],"picked":"SKIP","floor":37},{"not_picked":["FollowUp"],"picked":"SKIP","floor":38}],"player_experience":271178,"relics_obtained":[{"floor":9,"key":"Pen Nib"},{"floor":26,"key":"TH:Anvil"},{"floor":27,"key":"PreservedInsect"}],"event_choices":[{"damage_healed":0,"gold_gain":0,"player_choice":"Forge","damage_taken":0,"max_hp_gain":0,"max_hp_loss":0,"event_name":"Accursed Blacksmith","floor":4,"gold_loss":0,"cards_upgraded":["Eruption"]},{"damage_healed":0,"gold_gain":0,"player_choice":"Box","damage_taken":0,"relics_obtained":["Letter Opener"],"max_hp_gain":0,"max_hp_loss":0,"event_name":"Big Fish","floor":11,"gold_loss":0,"cards_obtained":["Regret"]},{"damage_healed":0,"gold_gain":0,"player_choice":"Got Potions","damage_taken":0,"max_hp_gain":0,"max_hp_loss":0,"event_name":"Lab","floor":19,"gold_loss":0},{"damage_healed":0,"gold_gain":0,"player_choice":"Trade","damage_taken":0,"relics_obtained":["SsserpentHead"],"max_hp_gain":0,"max_hp_loss":0,"event_name":"FaceTrader","floor":21,"gold_loss":0},{"damage_healed":0,"gold_gain":0,"player_choice":"Ignored","damage_taken":0,"max_hp_gain":0,"max_hp_loss":0,"event_name":"N\u0027loth","floor":28,"gold_loss":0},{"damage_healed":0,"gold_gain":0,"player_choice":"Upgraded","damage_taken":0,"max_hp_gain":0,"max_hp_loss":0,"event_name":"Upgrade Shrine","floor":36,"gold_loss":0,"cards_upgraded":["MentalFortress"]}],"is_beta":false,"boss_relics":[{"not_picked":["Dota2Spire:Bloodstone","Ectoplasm"],"picked":"Busted Crown"},{"not_picked":["VioletLotus","Snecko Eye"],"picked":"bronze:MakeshiftBattery"}],"items_purged_floors":[7,31],"is_endless":false,"potions_floor_spawned":[3,5,10,14,16,20,22,29,38],"killed_by":"Spire Growth","ascension_level":0}}