{"host":"juoup3p5tvzzktl5","time":1611979756,"event":{"mods":["ATMod(∞¢Ë™Mod)","Aspiration","BaseMod","Better Vampires","BetterRewards","Colored Map","Colored Powertips","Downfall","Friendly Minions","GifTheSpireLib","Hermit","Hubris","Infinite Spire","KinomotoSakuraMod(ƒæ÷Æ±æ”£)","Koishi","KomeijiMod","Marisa£®ÏF”Í°°ƒß¿Ì…≥£©","Minty Spire (QoL Compilation)","Quick Restart","Reimu£®≤©¿ˆ¡È√Œ£©","Relic Filter Mod","Reliquary","Replay The Spire","Shop Mod","StSLib","The Administrix","The Alterego","The Bug Knight","The Construct","The Cursed","The Jungle","The Mystic","The Runesmith","The Senshi","Youmu£®ªÍ∆«—˝√Œ£©","Yuyuko"],"gold_per_floor":[118,134,154,154,175,175,125,158,158,189,189,222,238,252,252,373,373,393,409,430,448,41,79,178,212,238,281,281,299,342,342,342,462,462,478,478,492,367,381,381,422,443,443,484,484,509,544,569,569,693,793,804,814,814,829,841,879,879,872,872,872,883,880,892,892,892,1007,1007,1013,1014,1014,611,611,618,618,618,668,670,672,672,672,690,690,776,776,786,636,736,736,751,784,796,808,847,898,910,921,950,962,974,1111,1123,1149,1161,1182,1182],"floor_reached":105,"language":"ZHS","playtime":4843,"items_purged":["Strike_G","Defend_G","Strike_G","Defend_G","Defend_G","Strike_G","Defend_G"],"score":2939,"play_id":"f90019b9-5b93-42a2-860e-56462c3c2e4e","local_time":"20210130130916","is_ascension_mode":false,"campfire_choices":[{"data":"Underhanded Strike","floor":6.0,"key":"SMITH"},{"floor":32.0,"key":"REST"},{"data":"Acrobatics","floor":40.0,"key":"SMITH"},{"data":"Acrobatics","floor":45.0,"key":"SMITH"},{"data":"Reflex","floor":49.0,"key":"SMITH"},{"data":"Prepared","floor":58.0,"key":"SMITH"},{"data":"hubris:DuctTapeCard","floor":61.0,"key":"SMITH"},{"data":"Burst","floor":66.0,"key":"SMITH"},{"data":"infinitespire:SevenWalls","floor":75.0,"key":"SMITH"},{"floor":80.0,"key":"REST"},{"floor":83.0,"key":"RECALL"},{"data":"infinitespire:DeathsTouch","floor":92.0,"key":"SMITH"},{"data":"Concentrate","floor":100.0,"key":"SMITH"}],"circlet_count":0,"master_deck":["Survivor","Neutralize","Underhanded Strike+1","Acrobatics+1","Bane","Underhanded Strike","Reflex+1","Poisoned Stab","Deadly Poison","Deadly Poison","Acrobatics+1","ReplayTheSpireMod:Necrosis","Backstab+1","Atom Bomb+1","Noxious Fumes+1","Burst+1","hubris:Compulsion","Die Die Die","hubris:Insight","hubris:InfiniteBlow+3273050","Acrobatics+1","AT_ThistleTea+1","Concentrate+1","Prepared+1","Catalyst","Replay:Fractal Strike","infinitespire:DeathsTouch+1","infinitespire:Collect+1","Prepared+1","hubris:DuctTapeCard"],"relics":["Ring of the Snake","AT_ATBox","Orrery","Golden Idol","Chameleon Ring","infinitespire:EmpoweringShard","hexamod:CandleOfCauterizing","Ring of Peace","AT_SunfireAegis","bronze:MakeshiftBattery","aspiration:AnachronicSnailShell","hubris:SphereOfDissonance","Torii","Replay:Baseball","Boot","Ancient Tea Set","ReplayTheSpireMod:SealedPack","HoveringKite","Prayer Wheel","Omamori","Runesmith:Locket","reliquary:Boomerang","Replay:Bottled Snecko","Replay:Wanted Poster","Singing Bowl","hubris:DuctTape","Painkiller Herb","Happy Flower","Gremlin Horn","Toxic Egg 2","theSenshi:SailorFukuRelic","hubris:Backtick","reliquary:KillPill","Ice Cream","MawBank","AT_SpeedBoots","reliquary:PorcupineQuills","Strawberry","hubris:BlackHole"],"acts_visited":["Exordium","TheCity","TheBeyond","Exordium","Exordium","TheBeyond","Exordium"],"potions_floor_usage":[],"damage_taken":[{"damage":0.0,"enemies":"Cultist","floor":1.0,"turns":3.0},{"damage":0.0,"enemies":"Small Slimes","floor":2.0,"turns":3.0},{"damage":2.0,"enemies":"Jaw Worm","floor":3.0,"turns":4.0},{"damage":2.0,"enemies":"Looter","floor":5.0,"turns":3.0},{"damage":6.0,"enemies":"3 Sentries","floor":8.0,"turns":8.0},{"damage":0.0,"enemies":"Lagavulin","floor":10.0,"turns":5.0},{"damage":1.0,"enemies":"3 Sentries","floor":12.0,"turns":6.0},{"damage":0.0,"enemies":"3 Louse","floor":13.0,"turns":2.0},{"damage":0.0,"enemies":"Large Slime","floor":14.0,"turns":4.0},{"damage":4.0,"enemies":"The Guardian","floor":16.0,"turns":6.0},{"damage":4.0,"enemies":"3 Byrds","floor":18.0,"turns":5.0},{"damage":0.0,"enemies":"Shell Parasite","floor":19.0,"turns":3.0},{"damage":0.0,"enemies":"Cultist and Chosen","floor":20.0,"turns":4.0},{"damage":7.0,"enemies":"Centurion and Healer","floor":21.0,"turns":5.0},{"damage":1.0,"enemies":"Book of Stabbing","floor":23.0,"turns":4.0},{"damage":42.0,"enemies":"Nightmare","floor":25.0,"turns":6.0},{"damage":2.0,"enemies":"Slavers","floor":27.0,"turns":4.0},{"damage":7.0,"enemies":"Chosen and Byrds","floor":29.0,"turns":3.0},{"damage":0.0,"enemies":"Book of Stabbing","floor":30.0,"turns":2.0},{"damage":9.0,"enemies":"hubris:MusketHawk","floor":33.0,"turns":5.0},{"damage":17.0,"enemies":"3 Darklings","floor":35.0,"turns":5.0},{"damage":0.0,"enemies":"3 Shapes","floor":37.0,"turns":4.0},{"damage":0.0,"enemies":"Spire Growth","floor":39.0,"turns":1.0},{"damage":0.0,"enemies":"R_Hoarder","floor":41.0,"turns":1.0},{"damage":0.0,"enemies":"Maw","floor":42.0,"turns":1.0},{"damage":0.0,"enemies":"Reptomancer","floor":44.0,"turns":1.0},{"damage":0.0,"enemies":"Transient","floor":46.0,"turns":3.0},{"damage":0.0,"enemies":"R_Hoarder","floor":47.0,"turns":1.0},{"damage":0.0,"enemies":"Spire Growth","floor":48.0,"turns":2.0},{"damage":45.0,"enemies":"Awakened One","floor":50.0,"turns":5.0},{"damage":0.0,"enemies":"Small Slimes","floor":52.0,"turns":1.0},{"damage":0.0,"enemies":"Cultist","floor":53.0,"turns":1.0},{"damage":0.0,"enemies":"2 Louse","floor":55.0,"turns":1.0},{"damage":0.0,"enemies":"Looter","floor":56.0,"turns":1.0},{"damage":0.0,"enemies":"Gremlin Nob","floor":57.0,"turns":1.0},{"damage":1.0,"enemies":"Exordium Thugs","floor":59.0,"turns":3.0},{"damage":0.0,"enemies":"Large Slime","floor":62.0,"turns":1.0},{"damage":0.0,"enemies":"Gremlin Gang","floor":63.0,"turns":2.0},{"damage":0.0,"enemies":"Looter","floor":64.0,"turns":1.0},{"damage":0.0,"enemies":"Large Slime","floor":65.0,"turns":3.0},{"damage":0.0,"enemies":"Fading Forest","floor":67.0,"turns":2.0},{"damage":0.0,"enemies":"theJungle:Flameango_and_Byrd","floor":69.0,"turns":1.0},{"damage":0.0,"enemies":"theJungle:GiantWrat","floor":70.0,"turns":1.0},{"damage":0.0,"enemies":"theJungle:2_Phrogs","floor":74.0,"turns":3.0},{"damage":7.0,"enemies":"theJungle:JungleHuntersEncounter","floor":78.0,"turns":3.0},{"damage":0.0,"enemies":"theJungle:2_Snecko_Cultists","floor":79.0,"turns":2.0},{"damage":0.0,"enemies":"theJungle:SlimyTreeVines","floor":82.0,"turns":1.0},{"damage":0.0,"enemies":"theJungle:TotemBoss","floor":84.0,"turns":2.0},{"damage":0.0,"enemies":"Orb Walker","floor":86.0,"turns":1.0},{"damage":0.0,"enemies":"infinitespire:Three Voidlings","floor":88.0,"turns":1.0},{"damage":0.0,"enemies":"Nightmare_Alpha","floor":88.0,"turns":1.0},{"damage":0.0,"enemies":"3 Darklings","floor":90.0,"turns":1.0},{"damage":0.0,"enemies":"Nightmare_Alpha","floor":91.0,"turns":1.0},{"damage":0.0,"enemies":"Giant Head","floor":95.0,"turns":1.0},{"damage":0.0,"enemies":"Jaw Worm Horde","floor":97.0,"turns":1.0},{"damage":0.0,"enemies":"Transient","floor":98.0,"turns":1.0},{"damage":0.0,"enemies":"hubris:GrandSnecko","floor":101.0,"turns":1.0},{"damage":0.0,"enemies":"Small Slimes","floor":103.0,"turns":1.0},{"damage":0,"enemies":"Cultist","floor":105,"turns":1}],"seed_played":"8442927495370628062","potions_obtained":[{"floor":3.0,"key":"GhostInAJar"},{"floor":5.0,"key":"GamblersBrew"},{"floor":8.0,"key":"Adrenaline Potion"},{"floor":10.0,"key":"Swift Potion"},{"floor":15.0,"key":"Toxic Potion"},{"floor":15.0,"key":"Venom Potion"},{"floor":18.0,"key":"DuplicationPotion"},{"floor":27.0,"key":"ColorlessPotion"},{"floor":30.0,"key":"Fire Potion"},{"floor":33.0,"key":"Swift Potion"},{"floor":39.0,"key":"Fire Potion"},{"floor":50.0,"key":"DistilledChaos"},{"floor":53.0,"key":"Languid Potion"},{"floor":56.0,"key":"RedTea"},{"floor":62.0,"key":"Explosive Potion"},{"floor":74.0,"key":"GrandPatriotsElixir:ReiMu"},{"floor":97.0,"key":"champ:CounterPotion"}],"is_trial":false,"path_per_floor":["M","M","M","?","M","R","?","E","T","E","?","E","M","M","R","B",null,"M","M","M","M","$","E","?","NM","T","E","?","M","E","?","R","B",null,"M","AVR","M","$","M","R","E","M","T","E","R","M","E","M","R","B",null,"M","M","?","M","M","E","R","M","T","R","M","M","M","M","R","B",null,"?","?","?","T","?","E","T","?","T","?","?","T","AVR","?","T","B",null,"?","T","?","AVR","?","NM","T","?","T","E","?","?","?","?","T","B",null,"?","?","?"],"character_chosen":"THE_SILENT","items_purchased":["Orrery","Fire Potion","aspiration:AnachronicSnailShell","Happy Flower","Gremlin Horn"],"campfire_rested":2,"item_purchase_floors":[0,0,22,72,72],"current_hp_per_floor":[62,62,60,43,41,41,41,35,35,35,35,34,34,34,34,30,70,66,66,67,60,60,59,59,17,17,15,30,23,23,23,44,35,70,53,53,53,53,53,53,53,53,53,53,53,53,53,53,53,8,70,70,70,70,70,70,72,72,75,75,75,77,81,85,89,89,91,92,96,100,100,100,100,102,102,78,78,75,79,112,112,116,116,118,118,122,122,124,124,128,130,130,123,123,125,125,129,133,142,142,144,144,148,148,150,150],"gold":1182,"neow_bonus":"","is_daily":false,"chose_seed":false,"campfire_upgraded":10,"win_rate":0.0,"timestamp":1611979756,"path_taken":["M","?","M","?","M","R","?","E","T","E","?","E","M","M","R","BOSS","M","M","M","M","$","E","?","NM","T","E","?","M","E","?","R","BOSS","M","AVR","M","$","M","R","E","M","T","E","R","M","E","?","R","BOSS","M","M","?","M","M","E","R","?","T","R","M","M","?","M","R","BOSS","?","?","?","T","?","E","T","?","T","?","?","T","AVR","?","T","BOSS","?","T","?","AVR","?","NM","T","?","T","E","?","?","?","?","T","BOSS","?","?","?"],"items_purchased_type":["Relic","Potion","Relic","Relic","Relic"],"build_version":"2020-12-22","purchased_purges":7,"victory":false,"max_hp_per_floor":[70,70,70,70,70,70,70,70,70,70,70,70,70,70,70,70,70,70,70,70,70,70,70,70,70,70,70,70,70,70,70,70,70,70,70,70,70,70,70,70,70,70,70,70,70,70,70,70,70,70,70,70,70,70,70,70,72,72,76,76,76,78,82,86,90,90,92,92,96,100,100,100,100,102,102,104,104,108,112,112,112,116,116,118,118,122,122,124,124,128,130,130,123,123,125,125,129,133,142,142,144,144,148,148,150,150],"card_choices":[{"not_picked":["hubris:Counter","Footwork"],"picked":"Underhanded Strike","floor":0.0},{"not_picked":["Fluid Movement","AT_KneejerkReflex"],"picked":"Acrobatics","floor":0.0},{"not_picked":["ReplayTheSpireMod:Exploit Weakness","Distraction"],"picked":"Bane","floor":0.0},{"not_picked":["Outmaneuver","Acrobatics"],"picked":"Underhanded Strike","floor":1.0},{"not_picked":["PiercingWail","hubris:SlightOfHand"],"picked":"Reflex","floor":2.0},{"not_picked":["PiercingWail","Prepared"],"picked":"Poisoned Stab","floor":3.0},{"not_picked":["ReplayTheSpireMod:The Works","ReplayTheSpireMod:Shiv Toss","Caltrops"],"picked":"SKIP","floor":5.0},{"not_picked":["PiercingWail","Dagger Spray"],"picked":"Deadly Poison","floor":8.0},{"not_picked":["PiercingWail","AT_ArcaneSupremacy"],"picked":"Deadly Poison","floor":10.0},{"not_picked":["ReplayTheSpireMod:Shiv Toss","Accuracy","AT_WindFlip"],"picked":"SKIP","floor":12.0},{"not_picked":["AT_MyraUnstableElement","Hidden Blade","PiercingWail"],"picked":"SKIP","floor":13.0},{"not_picked":["AT_WindRun","Finisher"],"picked":"Acrobatics","floor":14.0},{"not_picked":["Wraith Form v2","Atom Bomb"],"picked":"ReplayTheSpireMod:Necrosis","floor":16.0},{"not_picked":["AT_Desolate","Underhanded Strike","AT_WindFlip"],"picked":"SKIP","floor":18.0},{"not_picked":["PiercingWail","Quick Slash+1","AT_WomanClash"],"picked":"SKIP","floor":19.0},{"not_picked":["AT_ThistleTea+1","Endless Agony+1","ReplayTheSpireMod:Exploit Weakness+1"],"picked":"SKIP","floor":20.0},{"not_picked":["Prepared","AT_ThistleTea"],"picked":"Backstab+1","floor":21.0},{"not_picked":["Masterful Stab","Flechettes"],"picked":"Atom Bomb","floor":23.0},{"not_picked":["Sneak Up","Hidden Blade+1","Cloak And Dagger+1"],"picked":"SKIP","floor":25.0},{"not_picked":["Blade Dance","Dash+1"],"picked":"Noxious Fumes+1","floor":27.0},{"not_picked":["AT_FocusSwordFire","Backstab+1"],"picked":"Tactician+1","floor":29.0},{"not_picked":["Dash","Bane","Skewer"],"picked":"SKIP","floor":30.0},{"not_picked":["ReplayTheSpireMod:From All Sides","infinitespire:Neurotoxin"],"picked":"Burst","floor":33.0},{"not_picked":["ReplayTheSpireMod:From All Sides","Bullet Time"],"picked":"Die Die Die","floor":34.0},{"not_picked":["infinitespire:Fortify","infinitespire:Execution"],"picked":"infinitespire:SevenWalls","floor":34.0},{"not_picked":["AT_Homeward","hubris:Ssssneak"],"picked":"hubris:Insight","floor":34.0},{"not_picked":["Quick Slash","AT_TinkerSharpsword"],"picked":"Reflex","floor":35.0},{"not_picked":["AT_TwilightShroud+1","Dagger Spray","Slice+1"],"picked":"SKIP","floor":37.0},{"not_picked":["Dodge and Roll","PiercingWail","Sucker Punch+1"],"picked":"SKIP","floor":37.0},{"not_picked":["Noxious Fumes+1","Escape Plan+1"],"picked":"Acrobatics+1","floor":39.0},{"not_picked":["AT_MyraUnstableElement","Dodge and Roll+1","PiercingWail+1"],"picked":"SKIP","floor":39.0},{"not_picked":["Slice","Cloak And Dagger+1","Quick Slash"],"picked":"SKIP","floor":41.0},{"not_picked":["Concentrate","Choke","Noxious Fumes"],"picked":"SKIP","floor":42.0},{"not_picked":["Backstab","Expertise","Accuracy+1"],"picked":"SKIP","floor":42.0},{"not_picked":["Outmaneuver","Wraith Form v2","hubris:Counter"],"picked":"SKIP","floor":44.0},{"not_picked":["Bane","Slice","Distraction"],"picked":"SKIP","floor":46.0},{"not_picked":["Choke","ReplayTheSpireMod:Tripwire","Poisoned Stab+1"],"picked":"SKIP","floor":46.0},{"not_picked":["Bane","Slice","Distraction"],"picked":"SKIP","floor":46.0},{"not_picked":["Choke","ReplayTheSpireMod:Tripwire","Poisoned Stab+1"],"picked":"SKIP","floor":46.0},{"not_picked":["AT_KingSlayer","Poisoned Stab","Dodge and Roll"],"picked":"SKIP","floor":47.0},{"not_picked":["Flying Knee+1","Eviscerate"],"picked":"AT_ThistleTea+1","floor":48.0},{"not_picked":["Footwork","Hidden Blade","Deflect+1"],"picked":"SKIP","floor":48.0},{"not_picked":["Deflect","Hidden Blade","Backflip"],"picked":"SKIP","floor":52.0},{"not_picked":["Bane","Prepared","ReplayTheSpireMod:Tripwire"],"picked":"SKIP","floor":52.0},{"not_picked":["AT_WomanClash","Reflex","Atom Bomb"],"picked":"SKIP","floor":53.0},{"not_picked":["Masterful Stab","Dagger Throw","hubris:SlightOfHand"],"picked":"SKIP","floor":53.0},{"not_picked":["Deflect","Sucker Punch"],"picked":"Concentrate","floor":55.0},{"not_picked":["Poisoned Stab","Hidden Blade","Underhanded Strike"],"picked":"SKIP","floor":55.0},{"not_picked":["Endless Agony","ReplayTheSpireMod:Speed Training"],"picked":"Prepared","floor":56.0},{"not_picked":["hubris:Counter","Deflect","Accuracy"],"picked":"SKIP","floor":56.0},{"not_picked":["Tools of the Trade","hubris:SlightOfHand","Footwork"],"picked":"Singing Bowl","floor":57.0},{"not_picked":["Dagger Spray","hubris:TrickCloak","Leg Sweep"],"picked":"Singing Bowl","floor":59.0},{"not_picked":["ReplayTheSpireMod:The Works","Sucker Punch","Backstab"],"picked":"Singing Bowl","floor":59.0},{"not_picked":["Deflect","Blade Dance"],"picked":"Catalyst","floor":62.0},{"not_picked":["AT_ThistleTea","ReplayTheSpireMod:Exploit Weakness","Outmaneuver"],"picked":"Singing Bowl","floor":62.0},{"not_picked":["Noxious Fumes","Choke","Wraith Form v2"],"picked":"Singing Bowl","floor":63.0},{"not_picked":["Deadly Poison","hubris:TrickCloak","Backflip"],"picked":"Singing Bowl","floor":63.0},{"not_picked":["Hidden Blade","Sucker Punch","AT_KneejerkReflex"],"picked":"Singing Bowl","floor":64.0},{"not_picked":["Quick Slash","PiercingWail","Deadly Poison"],"picked":"Singing Bowl","floor":64.0},{"not_picked":["Bane","Finisher","Flying Knee"],"picked":"Singing Bowl","floor":65.0},{"not_picked":["Escape Plan","Flying Knee","Venomology"],"picked":"Singing Bowl","floor":65.0},{"not_picked":["infinitespire:Neurotoxin","Phantasmal Killer","AT_KingSlayer"],"picked":"Singing Bowl","floor":67.0},{"not_picked":["Dagger Throw","Replay:Poison Smokescreen","Slice"],"picked":"Singing Bowl","floor":69.0},{"not_picked":["Well Laid Plans","ReplayTheSpireMod:Shiv Toss","Heel Hook+1"],"picked":"Singing Bowl","floor":69.0},{"not_picked":["Outmaneuver+1","Quick Slash","hubris:SlightOfHand"],"picked":"Singing Bowl","floor":70.0},{"not_picked":["Flying Knee","Prepared","Escape Plan"],"picked":"Singing Bowl","floor":70.0},{"not_picked":["Dodge and Roll+1","PiercingWail+1","Corpse Explosion+1"],"picked":"Singing Bowl","floor":74.0},{"not_picked":["infinitespire:Menacing","infinitespire:Gouge","infinitespire:UltimateForm"],"picked":"Singing Bowl","floor":76.0},{"not_picked":["Acrobatics+1","Reflex+1","Underhanded Strike"],"picked":"Singing Bowl","floor":78.0},{"not_picked":["Noxious Fumes","Calculated Gamble+1","Sucker Punch"],"picked":"Singing Bowl","floor":78.0},{"not_picked":["Outmaneuver+1","Draining Mist+1","ReplayTheSpireMod:Speed Training+1"],"picked":"Singing Bowl","floor":79.0},{"not_picked":["hubris:SlightOfHand+1","Deflect+1","Grand Finale"],"picked":"Singing Bowl","floor":79.0},{"not_picked":["Escape Plan+1","Poisoned Stab","Backflip+1"],"picked":"Singing Bowl","floor":82.0},{"not_picked":["Sneak Up+1","Outmaneuver+1","Catalyst+1"],"picked":"Singing Bowl","floor":82.0},{"not_picked":["Tools of the Trade","AT_KingSlayer","Replay:Bag of Tricks+1"],"picked":"Singing Bowl","floor":84.0},{"not_picked":["Cloak And Dagger+1","ReplayTheSpireMod:Speed Training+1","AT_WindRun+1"],"picked":"Singing Bowl","floor":86.0},{"not_picked":["Underhanded Strike","Backflip+1","Slice"],"picked":"Singing Bowl","floor":86.0},{"not_picked":["infinitespire:FinalStrike","infinitespire:TheBestDefense"],"picked":"infinitespire:DeathsTouch","floor":88.0},{"not_picked":["ReplayTheSpireMod:??????????????????????","infinitespire:Oblivion"],"picked":"infinitespire:Collect","floor":88.0},{"not_picked":["Underhanded Strike","AT_ArcaneSupremacy","ReplayTheSpireMod:Shiv Toss+1"],"picked":"Singing Bowl","floor":88.0},{"not_picked":["Underhanded Strike+1","Hidden Blade+1","hubris:SlightOfHand+1"],"picked":"Singing Bowl","floor":90.0},{"not_picked":["Underhanded Strike","Quick Slash+1","Dash"],"picked":"Singing Bowl","floor":90.0},{"not_picked":["infinitespire:SevenWalls","hubris:Fate","infinitespire:NeuralNetwork"],"picked":"Singing Bowl","floor":91.0},{"not_picked":["Dagger Throw","Quick Slash"],"picked":"Prepared+1","floor":91.0},{"not_picked":["Deadly Poison+1","ReplayTheSpireMod:Speed Training+1","Hidden Blade+1"],"picked":"Singing Bowl","floor":95.0},{"not_picked":["Outmaneuver+1","Hidden Blade+1","Tools of the Trade"],"picked":"Singing Bowl","floor":97.0},{"not_picked":["Dagger Spray","Sucker Punch+1","Prepared+1"],"picked":"Singing Bowl","floor":97.0},{"not_picked":["Dodge and Roll+1","Blade Dance+1","Dash"],"picked":"Singing Bowl","floor":98.0},{"not_picked":["Poisoned Stab","Outmaneuver+1","ReplayTheSpireMod:Tripwire+1"],"picked":"Singing Bowl","floor":98.0},{"not_picked":["Deflect+1","Setup+1","Die Die Die"],"picked":"Singing Bowl","floor":99.0},{"not_picked":["Glass Knife","Replay:Bag of Tricks+1","Grand Finale"],"picked":"Singing Bowl","floor":101.0},{"not_picked":["Underhanded Strike","Acrobatics+1","Dodge and Roll+1"],"picked":"Singing Bowl","floor":103.0},{"not_picked":["Blade Dance+1","Dodge and Roll+1","Flying Knee"],"picked":"Singing Bowl","floor":103.0},{"not_picked":["Dodge and Roll+1","Finisher","hubris:SlightOfHand+1"],"picked":"Singing Bowl","floor":105},{"not_picked":["aspiration:Lunge","Poisoned Stab","Backflip+1"],"picked":"SKIP","floor":105}],"player_experience":1122833,"relics_obtained":[{"floor":8.0,"key":"Chameleon Ring"},{"floor":9.0,"key":"infinitespire:EmpoweringShard"},{"floor":10.0,"key":"hexamod:CandleOfCauterizing"},{"floor":11.0,"key":"Ring of Peace"},{"floor":12.0,"key":"AT_SunfireAegis"},{"floor":23.0,"key":"hubris:SphereOfDissonance"},{"floor":25.0,"key":"Torii"},{"floor":26.0,"key":"Replay:Baseball"},{"floor":27.0,"key":"Boot"},{"floor":30.0,"key":"Ancient Tea Set"},{"floor":41.0,"key":"Omamori"},{"floor":43.0,"key":"Runesmith:Locket"},{"floor":44.0,"key":"reliquary:Boomerang"},{"floor":47.0,"key":"Replay:Bottled Snecko"},{"floor":57.0,"key":"Singing Bowl"},{"floor":60.0,"key":"hubris:DuctTape"},{"floor":74.0,"key":"Toxic Egg 2"},{"floor":77.0,"key":"theSenshi:SailorFukuRelic"},{"floor":88.0,"key":"Ice Cream"},{"floor":91.0,"key":"MawBank"},{"floor":94.0,"key":"AT_SpeedBoots"},{"floor":95.0,"key":"reliquary:PorcupineQuills"},{"floor":99.0,"key":"Strawberry"}],"event_choices":[{"damage_healed":0.0,"max_hp_gain":0.0,"max_hp_loss":0.0,"gold_gain":0.0,"event_name":"Golden Idol","player_choice":"Take Damage","floor":4.0,"gold_loss":0.0,"damage_taken":17.0,"relics_obtained":["Golden Idol"]},{"cards_removed":["Strike_G"],"damage_healed":0.0,"max_hp_gain":0.0,"max_hp_loss":0.0,"gold_gain":0.0,"event_name":"The Cleric","player_choice":"Card Removal","floor":7.0,"gold_loss":50.0,"damage_taken":0.0},{"damage_healed":0.0,"max_hp_gain":0.0,"max_hp_loss":0.0,"gold_gain":99.0,"event_name":"Nest","player_choice":"Stole From Cult","floor":24.0,"gold_loss":0.0,"damage_taken":0.0},{"damage_healed":0.0,"max_hp_gain":0.0,"max_hp_loss":0.0,"gold_gain":0.0,"event_name":"Upgrade Shrine","player_choice":"Upgraded","floor":31.0,"gold_loss":0.0,"damage_taken":0.0,"cards_upgraded":["Atom Bomb"]},{"cards_removed":["Strike_G"],"damage_healed":0.0,"max_hp_gain":0.0,"max_hp_loss":0.0,"gold_gain":0.0,"event_name":"Purifier","player_choice":"Purged","floor":54.0,"gold_loss":0.0,"damage_taken":0.0},{"cards_removed":["Defend_G"],"damage_healed":0.0,"max_hp_gain":0.0,"max_hp_loss":0.0,"gold_gain":0.0,"event_name":"Purifier","player_choice":"Purged","floor":88.0,"gold_loss":0.0,"damage_taken":0.0},{"damage_healed":0.0,"max_hp_gain":0.0,"max_hp_loss":7.0,"gold_gain":0.0,"event_name":"Winding Halls","player_choice":"Max HP","floor":93.0,"gold_loss":0.0,"damage_taken":0.0},{"damage_healed":0.0,"max_hp_gain":0.0,"max_hp_loss":0.0,"gold_gain":0.0,"event_name":"NoteForYourself","player_choice":"Ignored","floor":96.0,"gold_loss":0.0,"damage_taken":0.0}],"is_beta":false,"boss_relics":[{"not_picked":["Philosopher\u0027s Stone","Fusion Hammer"],"picked":"bronze:MakeshiftBattery"},{"not_picked":["Pandora\u0027s Box","Snecko Scales"],"picked":"ReplayTheSpireMod:SealedPack"},{"not_picked":["Replay:Drink Me","Replay:Grab Bag"],"picked":"Replay:Wanted Poster"},{"not_picked":["Sozu","reliquary:KinkedSpring"],"picked":"Painkiller Herb"},{"not_picked":["Runesmith:UraniumAnvil","aspiration:FutureDiary"],"picked":"hubris:Backtick"},{"not_picked":["hubris:GrandSneckoEye","Runic Dome"],"picked":"hubris:BlackHole"}],"items_purged_floors":[0,22,36,38,81,87,89],"is_endless":true,"potions_floor_spawned":[3,5,8,10,18,27,30,33,39,41,47,50,53,56,62,63,64,74,78,82,86,88,97,101,103],"killed_by":"Cultist","ascension_level":0}}