{"host":"6xsbn6ynqlzwllfm","time":1611968556,"event":{"mods":["2.2 Compatiblity","BaseMod","Bestiary","Colored Map","Colored Powertips","Curses Come First","Highlight Path","Keyboard Shortcuts","Minty Spire (QoL Compilation)","Relic Stats","Slay the Relics Exporter","StSLib","SuperFastMode"],"gold_per_floor":[118,130,130,146,146,146,177,177,177,177,177,177,202,202,202,326,326,370,470,43,43,81,121,121,121,421,421,460,460,505,505,505,628,628,671,720,1053,1098,1133,1186,168,168,168,168,232,281,281,55,55,55,55,55,29,54,54],"floor_reached":56,"language":"ENG","playtime":2133,"items_purged":["Strike_P","Strike_P","Strike_P"],"score":2130,"play_id":"097e86e3-6abb-4791-a92b-694226cc58f7","local_time":"20210129200236","is_ascension_mode":true,"campfire_choices":[{"data":"CarveReality","floor":6,"key":"SMITH"},{"data":"Consecrate","floor":8,"key":"SMITH"},{"data":"FollowUp","floor":11,"key":"SMITH"},{"data":"CrushJoints","floor":15,"key":"SMITH"},{"floor":24,"key":"REST"},{"floor":32,"key":"REST"},{"data":"Wish","floor":42,"key":"SMITH"},{"floor":47,"key":"RECALL"},{"floor":49,"key":"REST"},{"data":"Alpha","floor":52,"key":"SMITH"}],"circlet_count":0,"master_deck":["AscendersBane","Defend_P","Defend_P+1","Defend_P+1","Defend_P+1","Eruption","Vigilance","CutThroughFate","FollowUp+1","CarveReality+1","Consecrate+1","CrushJoints+1","Wish+1","Wallop","Vault","Meditate","Vault","Vault+1","Wallop+1","Alpha+1","Worship"],"relics":["PureWater","Lizard Tail","Juzu Bracelet","Bag of Preparation","The Courier","Pen Nib","Shuriken","Nunchaku","Snecko Eye","Omamori","Bottled Lightning","Centennial Puzzle","Damaru","Old Coin","TungstenRod","Pear","Cursed Key","StoneCalendar","ClockworkSouvenir","Ginger","Bag of Marbles","Turnip","Pocketwatch","CaptainsWheel","War Paint","Letter Opener"],"acts_visited":["Exordium","TheCity","TheBeyond","TheEnding"],"potions_floor_usage":[7,13,18,23,23,33,38,40,55],"damage_taken":[{"damage":1,"enemies":"Cultist","floor":1,"turns":3},{"damage":3,"enemies":"Jaw Worm","floor":2,"turns":4},{"damage":3,"enemies":"Small Slimes","floor":4,"turns":3},{"damage":10,"enemies":"Gremlin Nob","floor":7,"turns":3},{"damage":7,"enemies":"Lagavulin","floor":13,"turns":6},{"damage":0,"enemies":"Hexaghost","floor":16,"turns":6},{"damage":11,"enemies":"Spheric Guardian","floor":18,"turns":3},{"damage":4,"enemies":"Chosen","floor":22,"turns":3},{"damage":42,"enemies":"Book of Stabbing","floor":23,"turns":6},{"damage":10,"enemies":"Gremlin Leader","floor":28,"turns":3},{"damage":2,"enemies":"Sentry and Sphere","floor":30,"turns":4},{"damage":0,"enemies":"Collector","floor":33,"turns":3},{"damage":6,"enemies":"Orb Walker","floor":35,"turns":4},{"damage":0,"enemies":"3 Darklings","floor":36,"turns":3},{"damage":0,"enemies":"Maw","floor":38,"turns":4},{"damage":3,"enemies":"4 Shapes","floor":39,"turns":3},{"damage":6,"enemies":"Nemesis","floor":40,"turns":5},{"damage":0,"enemies":"Giant Head","floor":45,"turns":7},{"damage":17,"enemies":"Jaw Worm Horde","floor":46,"turns":5},{"damage":33,"enemies":"Awakened One","floor":50,"turns":7},{"damage":0,"enemies":"Shield and Spear","floor":54,"turns":4},{"damage":56,"enemies":"The Heart","floor":55,"turns":8}],"seed_played":"6159127716863440583","potions_obtained":[{"floor":1,"key":"Explosive Potion"},{"floor":7,"key":"BottledMiracle"},{"floor":13,"key":"Fire Potion"},{"floor":21,"key":"FairyPotion"},{"floor":21,"key":"EntropicBrew"},{"floor":23,"key":"DistilledChaos"},{"floor":35,"key":"Energy Potion"},{"floor":36,"key":"LiquidMemories"},{"floor":39,"key":"FearPotion"},{"floor":54,"key":"Ancient Potion"}],"is_trial":false,"path_per_floor":["M","M","?","M","?","R","E","R","T","T","R","?","E","?","R","B",null,"M","?","$","?","M","E","R","?","T","?","E","?","M","?","R","B",null,"M","M","?","M","M","E","$","R","T","?","E","M","R","$","R","B",null,"R","$","E","B",null],"character_chosen":"WATCHER","items_purchased":["Wallop","Omamori","Bottled Lightning","ClockworkSouvenir","Ginger","Bag of Marbles","Turnip","Pocketwatch","War Paint","Worship"],"campfire_rested":3,"item_purchase_floors":[20,20,20,41,41,41,41,41,48,53],"current_hp_per_floor":[46,43,36,33,19,19,9,9,9,9,9,9,2,2,2,2,51,40,40,40,40,36,20,40,40,40,40,30,30,28,38,61,61,73,67,67,67,67,64,58,58,58,58,58,58,41,41,41,64,31,66,66,66,66,10],"gold":54,"neow_bonus":"ONE_RARE_RELIC","is_daily":false,"chose_seed":false,"campfire_upgraded":6,"win_rate":0.0,"timestamp":1611968556,"path_taken":["M","M","?","M","?","R","E","R","T","?","R","?","E","?","R","BOSS","M","?","$","?","M","E","R","?","T","?","E","?","M","?","R","BOSS","M","M","?","M","M","E","$","R","T","?","E","M","R","$","R","BOSS","R","$","E","BOSS"],"items_purchased_type":["Card","Relic","Relic","Relic","Relic","Relic","Relic","Relic","Relic","Card"],"build_version":"2020-12-22","purchased_purges":3,"victory":true,"max_hp_per_floor":[72,72,72,72,72,72,72,72,72,72,72,72,72,67,67,67,67,67,67,67,67,67,67,67,67,67,67,67,67,67,77,77,77,77,77,77,77,77,77,77,77,77,77,77,77,77,77,77,77,77,77,77,77,77,77],"relic_stats":{"counters":[22,97],"StoneCalendar":[104],"Pen Nib":[21],"Juzu Bracelet":3,"Bag of Preparation":[36],"Ginger":[3],"Letter Opener":[25],"War Paint":["Defend_P","Vault"],"Cursed Key":1,"Lizard Tail":0,"Nunchaku":[20],"Centennial Puzzle":[24],"Shuriken":[49],"Snecko Eye":[134,147,130,140],"Turnip":[2],"obtain_stats":[{"StoneCalendar":40,"Juzu Bracelet":3,"Bag of Preparation":7,"Ginger":41,"Cursed Key":34,"Old Coin":26,"ClockworkSouvenir":41,"Lizard Tail":0,"Nunchaku":13,"Centennial Puzzle":23,"Pear":31,"Golden Idol":14,"Damaru":25,"The Courier":9,"Pen Nib":10,"Omamori":20,"Letter Opener":54,"War Paint":48,"CaptainsWheel":45,"Shuriken":12,"Snecko Eye":17,"Turnip":41,"Bag of Marbles":41,"Bottled Lightning":20,"PureWater":0,"TungstenRod":28,"Pocketwatch":41},{"StoneCalendar":17,"Juzu Bracelet":2,"Bag of Preparation":4,"Ginger":17,"Cursed Key":12,"Old Coin":9,"ClockworkSouvenir":17,"Lizard Tail":0,"Nunchaku":5,"Centennial Puzzle":9,"Pear":11,"Golden Idol":5,"Damaru":9,"The Courier":4,"Pen Nib":4,"Omamori":7,"Letter Opener":21,"War Paint":19,"CaptainsWheel":18,"Shuriken":4,"Snecko Eye":6,"Turnip":17,"Bag of Marbles":17,"Bottled Lightning":7,"PureWater":0,"TungstenRod":10,"Pocketwatch":17},{"StoneCalendar":66,"Juzu Bracelet":7,"Bag of Preparation":13,"Ginger":66,"Cursed Key":47,"Old Coin":37,"ClockworkSouvenir":66,"Lizard Tail":0,"Nunchaku":19,"Centennial Puzzle":37,"Pear":44,"Golden Idol":19,"Damaru":37,"The Courier":13,"Pen Nib":13,"Omamori":28,"Letter Opener":89,"War Paint":78,"CaptainsWheel":73,"Shuriken":13,"Snecko Eye":25,"Turnip":66,"Bag of Marbles":66,"Bottled Lightning":28,"PureWater":0,"TungstenRod":40,"Pocketwatch":66}],"TungstenRod":23,"Pocketwatch":[5]},"card_choices":[{"not_picked":["DeceiveReality","EmptyBody"],"picked":"CutThroughFate","floor":1},{"not_picked":["SignatureMove","ClearTheMind"],"picked":"FollowUp","floor":2},{"not_picked":["PathToVictory","SashWhip"],"picked":"CarveReality","floor":4},{"not_picked":["FollowUp","Sanctity"],"picked":"Consecrate","floor":7},{"not_picked":["PathToVictory","Halt"],"picked":"CrushJoints","floor":13},{"not_picked":["DeusExMachina","Judgement"],"picked":"Wish","floor":16},{"not_picked":["JustLucky","EmptyBody","Evaluate"],"picked":"SKIP","floor":18},{"not_picked":["Pray","Halt","Crescendo"],"picked":"SKIP","floor":22},{"not_picked":["Wireheading+1","Swivel"],"picked":"Meditate","floor":28},{"not_picked":["EmptyBody+1","PathToVictory"],"picked":"Vault","floor":30},{"not_picked":["MasterReality","SpiritShield"],"picked":"Vault","floor":33},{"not_picked":["Pray","Halt","Evaluate"],"picked":"SKIP","floor":35},{"not_picked":["ThirdEye","FollowUp"],"picked":"Wallop+1","floor":36},{"not_picked":["Crescendo","FlyingSleeves+1","CrushJoints"],"picked":"SKIP","floor":38},{"not_picked":["PathToVictory+1","JustLucky"],"picked":"Alpha","floor":45}],"player_experience":1237204,"relics_obtained":[{"floor":7,"key":"Bag of Preparation"},{"floor":9,"key":"The Courier"},{"floor":10,"key":"Pen Nib"},{"floor":13,"key":"Nunchaku"},{"floor":23,"key":"Centennial Puzzle"},{"floor":26,"key":"Old Coin"},{"floor":28,"key":"TungstenRod"},{"floor":40,"key":"StoneCalendar"},{"floor":45,"key":"CaptainsWheel"},{"floor":54,"key":"Letter Opener"}],"event_choices":[{"damage_healed":0,"gold_gain":0,"player_choice":"Success","damage_taken":7,"relics_obtained":["Juzu Bracelet"],"max_hp_gain":0,"max_hp_loss":0,"event_name":"Scrap Ooze","floor":3,"gold_loss":0},{"damage_healed":0,"gold_gain":0,"player_choice":"Entered Light","damage_taken":14,"max_hp_gain":0,"max_hp_loss":0,"event_name":"Shining Light","floor":5,"gold_loss":0,"cards_upgraded":["Defend_P","Defend_P"]},{"damage_healed":0,"gold_gain":0,"player_choice":"Searched \u00272\u0027 times","damage_taken":0,"relics_obtained":["Shuriken"],"max_hp_gain":0,"max_hp_loss":0,"event_name":"Dead Adventurer","floor":12,"gold_loss":0},{"damage_healed":0,"gold_gain":0,"player_choice":"Lose Max HP","damage_taken":0,"relics_obtained":["Golden Idol"],"max_hp_gain":0,"max_hp_loss":5,"event_name":"Golden Idol","floor":14,"gold_loss":0},{"damage_healed":0,"gold_gain":100,"player_choice":"Pray","damage_taken":0,"max_hp_gain":0,"max_hp_loss":0,"event_name":"Golden Shrine","floor":19,"gold_loss":0},{"damage_healed":0,"gold_gain":0,"player_choice":"Got Potions","damage_taken":0,"max_hp_gain":0,"max_hp_loss":0,"event_name":"Lab","floor":21,"gold_loss":0},{"damage_healed":0,"gold_gain":0,"player_choice":"Opened","damage_taken":0,"relics_obtained":["Damaru"],"max_hp_gain":0,"max_hp_loss":0,"event_name":"The Mausoleum","floor":25,"gold_loss":0,"cards_obtained":["Writhe"]},{"damage_healed":0,"gold_gain":0,"player_choice":"Read","damage_taken":0,"max_hp_gain":0,"max_hp_loss":0,"event_name":"The Library","floor":27,"gold_loss":0,"cards_obtained":["Vault"]},{"damage_healed":0,"gold_gain":0,"player_choice":"Ignored","damage_taken":0,"max_hp_gain":0,"max_hp_loss":0,"event_name":"Ghosts","floor":29,"gold_loss":0},{"damage_healed":0,"gold_gain":0,"player_choice":"Gave Potion","damage_taken":0,"relics_obtained":["Pear"],"max_hp_gain":0,"max_hp_loss":0,"event_name":"WeMeetAgain","floor":31,"gold_loss":0},{"damage_healed":0,"gold_gain":333,"player_choice":"Gave Idol","damage_taken":0,"max_hp_gain":0,"max_hp_loss":0,"event_name":"The Moai Head","floor":37,"relics_lost":["Golden Idol"],"gold_loss":0},{"cards_removed":["Strike_P"],"damage_healed":0,"gold_gain":0,"player_choice":"Purged","damage_taken":0,"max_hp_gain":0,"max_hp_loss":0,"event_name":"Purifier","floor":44,"gold_loss":0}],"is_beta":false,"boss_relics":[{"not_picked":["Velvet Choker","Ectoplasm"],"picked":"Snecko Eye"},{"not_picked":["Runic Dome","Pandora\u0027s Box"],"picked":"Cursed Key"}],"items_purged_floors":[20,41,48],"is_endless":false,"potions_floor_spawned":[1,7,13,23,28,35,36,39,54],"ascension_level":12}}