{"host":"k2mw1od0xoi9pcfj","time":1611966863,"event":{"mods":["100% Spire Juice","Act Like it!","Aspiration","BaseMod","Beaked The Cultist","Downfall","Energized Spire","Hermit","Highlight Path","Minty Spire (QoL Compilation)","Permanent Neow","Relic Stats","Replay The Spire","Retaliation","StSLib","TheHeartMod"],"gold_per_floor":[99,118,129,145,162,193,193,209,219,233,233,75,75,95,113,210,210,10,30,15,15,33,49,49,65,165,65,82,82,96,96,108,204,154,154,176,208,236,348,360,372,397,409,335,347,405,430,166,176,176,176,206,40,40,40,40],"floor_reached":57,"language":"ENG","playtime":5570,"items_purged":["Amnesia"],"score":1316,"play_id":"0bf69f9d-2c4a-439f-b163-dd402417fd5c","local_time":"20210129183423","is_ascension_mode":false,"campfire_choices":[{"data":"beaked:Ceremony","floor":1,"key":"SMITH"},{"floor":13,"key":"RECALL"},{"floor":18,"key":"DIG"},{"data":"beaked:RitualOfBody","floor":27,"key":"SMITH"},{"data":"beaked:RitualOfBody","floor":29,"key":"SMITH"},{"floor":35,"key":"DIG"},{"data":"beaked:BloodRitual","floor":43,"key":"SMITH"},{"data":"Demon Form","floor":45,"key":"SMITH"},{"data":"beaked:CursingBlood","floor":54,"key":"SMITH"}],"circlet_count":0,"master_deck":["beaked:Ceremony+1","beaked:Ceremony","beaked:Ceremony","beaked:MaddeningMurmurs","beaked:Foresight","beaked:Molting","beaked:MachineSpirit","beaked:Daydream","beaked:SurvivalInstinct","beaked:VigorBurst","beaked:VigorBurst","Demon Form+1","beaked:Sacrifice","beaked:Struggle","beaked:LiftOff","beaked:BraceForImpact","Reaper","beaked:Insight","beaked:Hexing","beaked:ScreechingChant","beaked:RitualOfBody+1","beaked:RitualOfBody+1","beaked:Ceremony","beaked:Redirect","beaked:MaddeningMurmurs","beaked:CheekyTricks","Forethought","Sickly","beaked:BloodRitual+1","beaked:Strike_Y","beaked:Overpower","beaked:FeelMyPain+1","beaked:WildInstinct","Writhe","Shame","CommonCold","Pain","Languid","Parasite","beaked:CursingBlood+1","Parasite","beaked:CursingBlood+1","ReplayTheSpireMod:IOU","beaked:ScreechingChant"],"relics":["beaked:MendingPlumage","Bag of Preparation","Divine Protection","m_ByrdBlood","Pandora\u0027s Box","downfall:HeartBlessingRed","downfall:HeartBlessingGreen","TungstenRod","Replay:Bottled Snecko","downfall:GremlinSack","downfall:HeartBlessingBlue","Nloth\u0027s Gift","energizedSpire:HugeHouse","MawBank","downfall:ExtraCursedKey","Ring of Chaos","ReplayTheSpireMod:Ring of Collecting","Ring of Misfortune","Onion Ring","Girya","Replay:Bottled Flurry","Quantum Egg","Membership Card","Replay:Wax Seal"],"acts_visited":["Exordium","TheCity","TheBeyond","TheEnding"],"potions_floor_usage":[6],"damage_taken":[{"damage":5,"enemies":"2 Louse","floor":2,"turns":9},{"damage":17,"enemies":"Cultist","floor":3,"turns":5},{"damage":14,"enemies":"Jaw Worm","floor":4,"turns":7},{"damage":23,"enemies":"Red Slaver","floor":5,"turns":6},{"damage":34,"enemies":"Gremlin Nob","floor":6,"turns":5},{"damage":4,"enemies":"Blue Slaver","floor":8,"turns":8},{"damage":10,"enemies":"Red Slaver","floor":9,"turns":6},{"damage":19,"enemies":"Lots of Slimes","floor":10,"turns":5},{"damage":0,"enemies":"downfall:FleeingMerchant","floor":12,"turns":4},{"damage":38,"enemies":"Gremlin Gang","floor":14,"turns":7},{"damage":10,"enemies":"2 Fungi Beasts","floor":15,"turns":4},{"damage":58,"enemies":"IC_STATUS_ARCHETYPE","floor":16,"turns":12},{"damage":87,"enemies":"3 Byrds","floor":19,"turns":7},{"damage":12,"enemies":"downfall:FleeingMerchant","floor":20,"turns":4},{"damage":26,"enemies":"Chosen","floor":22,"turns":6},{"damage":73,"enemies":"Snecko","floor":23,"turns":11},{"damage":104,"enemies":"Sentry and Sphere","floor":25,"turns":9},{"damage":50,"enemies":"Sentry and Sphere","floor":26,"turns":5},{"damage":103,"enemies":"Snake Plant","floor":28,"turns":11},{"damage":128,"enemies":"Centurion and Healer","floor":30,"turns":11},{"damage":135,"enemies":"3 Cultists","floor":32,"turns":9},{"damage":259,"enemies":"DF_ARCHETYPE_CLAW","floor":33,"turns":11},{"damage":126,"enemies":"3 Darklings","floor":36,"turns":10},{"damage":93,"enemies":"3 Shapes","floor":37,"turns":9},{"damage":52,"enemies":"Transient","floor":38,"turns":5},{"damage":105,"enemies":"Writhing Mass","floor":42,"turns":8},{"damage":93,"enemies":"3 Darklings","floor":44,"turns":9},{"damage":90,"enemies":"2 Orb Walkers","floor":46,"turns":12},{"damage":129,"enemies":"Transient","floor":47,"turns":5},{"damage":9,"enemies":"downfall:FleeingMerchant","floor":48,"turns":4},{"damage":76,"enemies":"Writhing Mass","floor":49,"turns":10},{"damage":38,"enemies":"WA_ARCHETYPE_DIVINITY","floor":50,"turns":10},{"damage":251,"enemies":"downfall:CharBossMerchant","floor":52,"turns":9},{"damage":36,"enemies":"downfall:NeowBoss","floor":55,"turns":13},{"damage":124,"enemies":"downfall:NeowBossFinal","floor":56,"turns":16}],"seed_played":"-7575281086097097735","potions_obtained":[{"floor":3,"key":"FearPotion"},{"floor":4,"key":"FearPotion"},{"floor":9,"key":"FearPotion"},{"floor":14,"key":"Block Potion"},{"floor":16,"key":"Block Potion"},{"floor":36,"key":"Elixir"}],"is_trial":false,"path_per_floor":["R","M","M","M","M","E","T","M","M","M","?","$","R","M","M","B",null,"R","M","$","T","M","M","T","M","?","R","M","R","M","?","M","B",null,"R","M","M","M","?","?","T","M","R","M","R","?","M","$","M","B",null,"E","$","R","B","B",null],"character_chosen":"BEAKED_THE_CULTIST","items_purchased":["aspiration:Nostalgia","Replay:Bottled Flurry","Membership Card","Replay:Wax Seal","beaked:ScreechingChant"],"campfire_rested":0,"item_purchase_floors":[12,48,53,53,53],"current_hp_per_floor":[35,50,41,48,42,20,20,50,50,49,49,55,55,55,60,60,60,60,63,63,63,66,69,69,72,71,81,88,88,91,91,75,97,92,92,95,93,89,94,94,94,106,106,109,109,112,58,111,112,112,112,112,112,112,102,112],"gold":40,"neow_bonus":"REMOVE_TWO","is_daily":false,"chose_seed":false,"campfire_upgraded":6,"win_rate":0.0,"timestamp":1611966863,"path_taken":["R","M","M","M","M","E","T","M","M","M","?","?","R","?","M","BOSS","R","M","$","?","?","M","T","M","?","R","?","R","M","?","M","BOSS","R","M","M","M","?","?","T","M","R","M","R","?","M","$","M","BOSS","E","$","R","BOSS","BOSS"],"items_purchased_type":["Relic","Relic","Relic","Relic","Card"],"build_version":"2020-12-22","purchased_purges":1,"victory":true,"max_hp_per_floor":[50,50,50,50,50,50,50,50,50,50,50,55,55,55,60,60,60,60,63,63,63,66,69,69,72,75,85,88,88,91,91,94,97,92,92,95,98,98,103,103,103,106,106,109,109,112,112,112,112,112,112,112,112,112,112,112],"relic_stats":{"counters":[35,282],"Pandora\u0027s Box":["beaked:Sacrifice","beaked:Struggle","beaked:LiftOff","beaked:BraceForImpact","beaked:BloodRitual","Reaper","beaked:Insight","beaked:Hexing"],"Bag of Preparation":[61],"Nloth\u0027s Gift":1,"MawBank":156,"obtain_stats":[{"Divine Protection":7,"downfall:HeartBlessingGreen":18,"Bag of Preparation":6,"m_ByrdBlood":12,"downfall:HeartBlessingBlue":27,"downfall:ExtraCursedKey":39,"energizedSpire:HugeHouse":34,"Replay:Bottled Flurry":48,"Replay:Bottled Snecko":24,"Replay:Wax Seal":53,"Girya":46,"downfall:HeartBlessingRed":18,"aspiration:Nostalgia":12,"Quantum Egg":52,"Ring of Chaos":40,"MawBank":35,"downfall:GremlinSack":26,"ReplayTheSpireMod:Ring of Collecting":40,"Ring of Misfortune":41,"Pandora\u0027s Box":17,"Onion Ring":41,"Nloth\u0027s Gift":31,"Membership Card":53,"beaked:MendingPlumage":0,"TungstenRod":18},{"Divine Protection":5,"downfall:HeartBlessingGreen":12,"Bag of Preparation":5,"m_ByrdBlood":9,"downfall:HeartBlessingBlue":18,"downfall:ExtraCursedKey":25,"energizedSpire:HugeHouse":22,"Replay:Bottled Flurry":30,"Replay:Bottled Snecko":16,"Replay:Wax Seal":33,"Girya":28,"downfall:HeartBlessingRed":12,"aspiration:Nostalgia":9,"Quantum Egg":33,"Ring of Chaos":25,"MawBank":22,"downfall:GremlinSack":18,"ReplayTheSpireMod:Ring of Collecting":25,"Ring of Misfortune":25,"Pandora\u0027s Box":12,"Onion Ring":25,"Nloth\u0027s Gift":20,"Membership Card":33,"beaked:MendingPlumage":0,"TungstenRod":12},{"Divine Protection":32,"downfall:HeartBlessingGreen":78,"Bag of Preparation":32,"m_ByrdBlood":55,"downfall:HeartBlessingBlue":120,"downfall:ExtraCursedKey":186,"energizedSpire:HugeHouse":162,"Replay:Bottled Flurry":224,"Replay:Bottled Snecko":106,"Replay:Wax Seal":253,"Girya":215,"downfall:HeartBlessingRed":78,"aspiration:Nostalgia":55,"Quantum Egg":253,"Ring of Chaos":186,"MawBank":162,"downfall:GremlinSack":120,"ReplayTheSpireMod:Ring of Collecting":186,"Ring of Misfortune":186,"Pandora\u0027s Box":78,"Onion Ring":186,"Nloth\u0027s Gift":142,"Membership Card":253,"beaked:MendingPlumage":0,"TungstenRod":78}],"TungstenRod":268},"card_choices":[{"not_picked":["beaked:Foresight","beaked:Pecker"],"picked":"beaked:MaddeningMurmurs","floor":2},{"not_picked":["beaked:Evade","beaked:Tradeoff"],"picked":"beaked:Foresight","floor":3},{"not_picked":["beaked:CursingBlood","beaked:MimicHuntress"],"picked":"beaked:Molting","floor":4},{"not_picked":["beaked:TuckingFeathers","beaked:DigDeeper"],"picked":"beaked:MachineSpirit","floor":5},{"not_picked":["beaked:DarkTribute","beaked:Tradeoff"],"picked":"beaked:Daydream","floor":6},{"not_picked":["beaked:SurvivalInstinct","beaked:DesperateSwing"],"picked":"beaked:Recite","floor":8},{"not_picked":["beaked:FeelMyPain","beaked:SacrificialDive","beaked:Devastation"],"picked":"SKIP","floor":9},{"not_picked":["beaked:Replenish","beaked:BarbedWire","beaked:Devastation"],"picked":"SKIP","floor":10},{"not_picked":["beaked:Windmill","beaked:HuntressSpirit"],"picked":"beaked:VigorBurst","floor":12},{"not_picked":["beaked:CursingBlood","beaked:DigDeep","beaked:Redirect"],"picked":"SKIP","floor":14},{"not_picked":["beaked:Tweet","beaked:Resilience"],"picked":"beaked:VigorBurst","floor":15},{"not_picked":["beaked:SacrificialScars","Hemogenesis"],"picked":"Demon Form","floor":16},{"not_picked":["beaked:CursingBlood+1","beaked:DigDeep","beaked:SurvivalInstinct"],"picked":"SKIP","floor":19},{"not_picked":["beaked:CursingBlood","beaked:Struggle","beaked:FeelMyPain"],"picked":"SKIP","floor":20},{"not_picked":["beaked:Insight","beaked:Molting+1"],"picked":"beaked:ScreechingChant","floor":22},{"not_picked":["beaked:Foresight+1","beaked:SacrificialDive"],"picked":"beaked:RitualOfBody","floor":23},{"not_picked":["beaked:WarriorEssence","beaked:DigDeep"],"picked":"beaked:RitualOfBody","floor":25},{"not_picked":["beaked:Windmill","beaked:Overpower"],"picked":"beaked:BloodRitual","floor":28},{"not_picked":["beaked:Devastation+1","beaked:BraceForImpact","beaked:Poke+1"],"picked":"SKIP","floor":30},{"not_picked":["beaked:CursingBlood+1","beaked:Tweet","beaked:Windmill"],"picked":"SKIP","floor":32},{"not_picked":["beaked:FeelMyPain","beaked:CursingBlood","beaked:Poke"],"picked":"SKIP","floor":36},{"not_picked":["beaked:StunningBlow","beaked:Tradeoff+1","beaked:FullHouse"],"picked":"SKIP","floor":37},{"not_picked":["beaked:Insight","beaked:StickSmack+1"],"picked":"beaked:FeelMyPain+1","floor":38},{"not_picked":["beaked:FeelMyPain","beaked:Redirect"],"picked":"beaked:CursingBlood","floor":42},{"not_picked":["beaked:Struggle","beaked:Flinch","beaked:DigDeep"],"picked":"SKIP","floor":44},{"not_picked":["beaked:Tweet","beaked:DigDeep+1","beaked:Brainwash"],"picked":"SKIP","floor":47},{"not_picked":["beaked:Negation","beaked:Windmill+1","beaked:Tradeoff+1"],"picked":"SKIP","floor":48},{"not_picked":["beaked:MimicMachine+1","ReplayTheSpireMod:RavenHex+1"],"picked":"beaked:CursingBlood+1","floor":49},{"not_picked":["beaked:DesperateSwing","beaked:HuntressEssence","beaked:Resilience+1"],"picked":"SKIP","floor":52}],"player_experience":875227,"relics_obtained":[{"floor":6,"key":"Bag of Preparation"},{"floor":7,"key":"Divine Protection"},{"floor":18,"key":"TungstenRod"},{"floor":24,"key":"Replay:Bottled Snecko"},{"floor":26,"key":"downfall:GremlinSack"},{"floor":35,"key":"MawBank"},{"floor":40,"key":"Ring of Chaos"},{"floor":40,"key":"ReplayTheSpireMod:Ring of Collecting"},{"floor":41,"key":"Ring of Misfortune"},{"floor":41,"key":"Onion Ring"},{"floor":46,"key":"Girya"},{"floor":52,"key":"Quantum Egg"}],"event_choices":[{"damage_healed":0,"gold_gain":0,"player_choice":"Fight","damage_taken":0,"max_hp_gain":0,"max_hp_loss":0,"event_name":"Mysterious Sphere","floor":46,"gold_loss":0}],"is_beta":false,"boss_relics":[{"not_picked":["Replay:Drink Me","Empty Cage"],"picked":"Pandora\u0027s Box"},{"not_picked":["Runic Dome","energizedSpire:OgreHead"],"picked":"energizedSpire:HugeHouse"}],"items_purged_floors":[53],"is_endless":false,"potions_floor_spawned":[3,4,9,14,15,16,22,23,26,30,33,36,46,49],"ascension_level":0}}