{"host":"aqym1xxr3lb31d9m","time":1611980602,"event":{"mods":["BaseMod","Block Reminder","Colored Map","Colored Powertips","DeckTracker","Highlight Path","Minty Spire (QoL Compilation)","Quick Restart","Random Character Button","StSLib","SuperFastMode","UnlockEverythingMod"],"gold_per_floor":[129,204,204,214,230,230,230,230,253,280,280,321,321,335,335,437,437,455,485,526,126,151,151],"floor_reached":22,"language":"JPN","playtime":2120,"items_purged":[],"score":418,"play_id":"fff6e64a-7e9e-4e9a-91d8-f7e91ef26b73","local_time":"20210130132322","is_ascension_mode":true,"campfire_choices":[{"data":"HandOfGreed","floor":6,"key":"SMITH"},{"data":"Zap","floor":11,"key":"SMITH"},{"data":"Steam","floor":13,"key":"SMITH"},{"data":"Ball Lightning","floor":15,"key":"SMITH"}],"circlet_count":0,"master_deck":["AscendersBane","Strike_B","Strike_B","Strike_B","Defend_B","Defend_B","Defend_B","Defend_B","Zap+1","Dualcast","HandOfGreed+1","Ball Lightning+1","White Noise","Sunder+1","White Noise","Cold Snap","Steam+1","Cold Snap","Biased Cognition","Ball Lightning+1","Skim","Ball Lightning+1","Self Repair"],"relics":["Cracked Core","Potion Belt","Kunai","Snecko Eye","Red Mask","Bottled Flame"],"acts_visited":["Exordium","TheCity"],"potions_floor_usage":[10,16,22],"damage_taken":[{"damage":0,"enemies":"Cultist","floor":1,"turns":2},{"damage":2,"enemies":"Jaw Worm","floor":4,"turns":3},{"damage":10,"enemies":"Small Slimes","floor":5,"turns":4},{"damage":0,"enemies":"Gremlin Nob","floor":10,"turns":2},{"damage":8,"enemies":"3 Louse","floor":12,"turns":3},{"damage":13,"enemies":"Gremlin Gang","floor":14,"turns":3},{"damage":6,"enemies":"The Guardian","floor":16,"turns":13},{"damage":6,"enemies":"2 Thieves","floor":18,"turns":3},{"damage":27,"enemies":"Masked Bandits","floor":19,"turns":3},{"damage":20,"enemies":"Shell Parasite","floor":20,"turns":5},{"damage":16,"enemies":"Cultist and Chosen","floor":22,"turns":3}],"seed_played":"4890888614936388162","potions_obtained":[{"floor":5,"key":"BlessingOfTheForge"},{"floor":12,"key":"Regen Potion"},{"floor":19,"key":"SteroidPotion"},{"floor":20,"key":"SteroidPotion"}],"is_trial":false,"path_per_floor":["M","?","?","M","M","R","?","?","T","E","R","M","R","M","R","B",null,"M","?","M","$","M"],"character_chosen":"DEFECT","items_purchased":["Regen Potion","Bottled Flame","Self Repair"],"campfire_rested":0,"item_purchase_floors":[21,21,21],"current_hp_per_floor":[64,53,53,51,41,41,41,41,41,41,41,33,33,20,20,29,55,49,22,2,2,0,0],"gold":151,"neow_bonus":"RANDOM_COLORLESS_2","is_daily":false,"chose_seed":false,"campfire_upgraded":4,"win_rate":0.0,"timestamp":1611980602,"path_taken":["M","?","?","?","M","R","?","?","T","E","R","?","R","M","R","BOSS","M","?","M","$","M"],"items_purchased_type":["Potion","Relic","Card"],"build_version":"2020-12-22","purchased_purges":0,"victory":false,"max_hp_per_floor":[64,64,64,64,64,64,64,64,64,64,64,64,64,64,64,64,64,64,64,64,64,64,64],"card_choices":[{"not_picked":["Secret Weapon","Chrysalis"],"picked":"HandOfGreed","floor":0},{"not_picked":["Skim","Cold Snap"],"picked":"Ball Lightning","floor":1},{"not_picked":["Beam Cell","Reinforced Body"],"picked":"Sunder","floor":4},{"not_picked":["Loop","Stack"],"picked":"White Noise","floor":5},{"not_picked":["Leap","Self Repair"],"picked":"Cold Snap","floor":10},{"not_picked":["Stack","Redo"],"picked":"Steam","floor":12},{"not_picked":["Compile Driver","Barrage"],"picked":"Cold Snap","floor":14},{"not_picked":["Machine Learning","Amplify"],"picked":"Biased Cognition","floor":16},{"not_picked":["Leap","Barrage"],"picked":"Ball Lightning+1","floor":18},{"not_picked":["Sweeping Beam","Hologram"],"picked":"Skim","floor":19},{"not_picked":["Genetic Algorithm","Hologram"],"picked":"Ball Lightning+1","floor":20}],"player_experience":4127178,"relics_obtained":[{"floor":9,"key":"Potion Belt"},{"floor":10,"key":"Kunai"},{"floor":19,"key":"Red Mask"}],"event_choices":[{"damage_healed":0,"gold_gain":75,"player_choice":"Gather Gold","damage_taken":11,"max_hp_gain":0,"max_hp_loss":0,"event_name":"World of Goop","floor":2,"gold_loss":0},{"damage_healed":0,"gold_gain":0,"player_choice":"1 cards matched","damage_taken":0,"max_hp_gain":0,"max_hp_loss":0,"event_name":"Match and Keep!","floor":3,"gold_loss":0,"cards_obtained":["White Noise"]},{"damage_healed":0,"gold_gain":0,"player_choice":"Grow","damage_taken":0,"max_hp_gain":0,"max_hp_loss":0,"event_name":"Living Wall","floor":7,"gold_loss":0,"cards_upgraded":["Sunder"]},{"cards_removed":["Strike_B"],"damage_healed":0,"gold_gain":0,"player_choice":"Purged","damage_taken":0,"max_hp_gain":0,"max_hp_loss":0,"event_name":"Purifier","floor":8,"gold_loss":0},{"damage_healed":0,"gold_gain":0,"player_choice":"Fought Bandits","damage_taken":0,"max_hp_gain":0,"max_hp_loss":0,"event_name":"Masked Bandits","floor":19,"gold_loss":0}],"is_beta":false,"boss_relics":[{"not_picked":["Coffee Dripper","Black Star"],"picked":"Snecko Eye"}],"items_purged_floors":[],"is_endless":false,"potions_floor_spawned":[5,12,19,20],"killed_by":"Cultist and Chosen","ascension_level":20}}