{"host":"Ryley","time":1611976770,"event":{"mods":["BaseMod","Downfall","Minty Spire (QoL Compilation)","StSLib"],"gold_per_floor":[99,115,134,134,44,44,71,71,71,90,90,125,36,47,60,162,162,162,177,177,188,188,204,231,265,280,280,280,230,230,115,134,134,134,134],"floor_reached":33,"language":"ENG","playtime":1275,"items_purged":["downfall:Malfunctioning","downfall:Bewildered"],"score":290,"play_id":"0c198f67-e3f5-4f93-9c67-be0727ae7415","local_time":"20210129211930","is_ascension_mode":false,"campfire_choices":[{"data":"bronze:Replicate","floor":1,"key":"SMITH"},{"data":"bronze:BugBarrage","floor":6,"key":"SMITH"},{"data":"bronze:OilSpill","floor":9,"key":"SMITH"},{"data":"bronze:GetLatest","floor":18,"key":"SMITH"},{"floor":28,"key":"REST"}],"circlet_count":0,"master_deck":["bronze:Strike","bronze:Strike","bronze:Strike+1","bronze:Strike","bronze:Defend+1","bronze:Defend","bronze:Defend+1","bronze:Defend","bronze:Replicate+1","bronze:Goto","bronze:BugBarrage+1","bronze:OilSpill+1","bronze:Shield","bronze:ItsAFeature","bronze:GetLatest+1","bronze:DelayedSlice+1","bronze:Iterate+1","Regret","Parasite"],"relics":["bronze:BronzeCore","Pen Nib","Pear","Ancient Tea Set","Cursed Key","PreservedInsect","Anchor","sneckomod:BabySnecko","CeramicFish"],"acts_visited":["Exordium","TheCity"],"potions_floor_usage":[16,33],"damage_taken":[{"damage":5,"enemies":"Small Slimes","floor":2,"turns":3},{"damage":2,"enemies":"2 Louse","floor":3,"turns":3},{"damage":5,"enemies":"downfall:FleeingMerchant","floor":5,"turns":4},{"damage":3,"enemies":"Jaw Worm","floor":10,"turns":2},{"damage":8,"enemies":"3 Sentries","floor":12,"turns":6},{"damage":0,"enemies":"downfall:FleeingMerchant","floor":13,"turns":4},{"damage":4,"enemies":"2 Fungi Beasts","floor":14,"turns":4},{"damage":0,"enemies":"Large Slime","floor":15,"turns":4},{"damage":17,"enemies":"WA_ARCHETYPE_RETAIN","floor":16,"turns":5},{"damage":2,"enemies":"Shell Parasite","floor":19,"turns":4},{"damage":14,"enemies":"Spheric Guardian","floor":21,"turns":4},{"damage":15,"enemies":"Snake Plant","floor":23,"turns":4},{"damage":9,"enemies":"Book of Stabbing","floor":25,"turns":4},{"damage":17,"enemies":"3 Cultists","floor":26,"turns":6},{"damage":11,"enemies":"downfall:FleeingMerchant","floor":31,"turns":4},{"damage":10,"enemies":"Centurion and Healer","floor":32,"turns":5},{"damage":72,"enemies":"IC_MUSHROOM_ARCHETYPE","floor":33,"turns":7}],"seed_played":"-6533412302328597709","potions_obtained":[{"floor":2,"key":"SpeedPotion"},{"floor":10,"key":"bronze:BuildAFunctionPotion"},{"floor":12,"key":"hexamod:SoulburnPotion"},{"floor":15,"key":"AttackPotion"},{"floor":19,"key":"Dexterity Potion"}],"is_trial":false,"path_per_floor":["R","M","M","?","$","R","T","?","R","M","?","E","$","M","M","B",null,"R","M","?","M","?","M","T","E","M","?","R","?","T","$","M","B"],"character_chosen":"THE_AUTOMATON","items_purchased":["bronze:ItsAFeature"],"campfire_rested":1,"item_purchase_floors":[13],"current_hp_per_floor":[77,72,70,70,65,65,65,68,68,65,70,62,62,58,58,41,92,92,90,90,76,76,61,61,52,35,35,62,92,92,81,71,0,0,0],"gold":134,"neow_bonus":"TEN_PERCENT_HP_BONUS","is_daily":false,"chose_seed":false,"campfire_upgraded":4,"win_rate":0.0,"timestamp":1611976770,"path_taken":["R","M","M","?","$","R","T","?","R","M","?","E","?","M","M","BOSS","R","M","?","M","?","M","T","E","M","?","R","?","?","?","M","BOSS"],"items_purchased_type":["Card"],"build_version":"2020-12-18","purchased_purges":2,"victory":false,"max_hp_per_floor":[77,77,77,77,77,77,77,87,87,87,92,92,92,92,92,92,92,92,92,92,92,92,92,92,92,92,92,92,92,92,92,92,92,92,92],"card_choices":[{"not_picked":["bronze:BronzeOrb","bronze:Repulsor"],"picked":"bronze:BugBarrage","floor":2},{"not_picked":["bronze:Backtrace","bronze:ChildClass"],"picked":"bronze:OilSpill","floor":3},{"not_picked":["bronze:BuggyMess","bronze:Allocate","bronze:Invalidate"],"picked":"SKIP","floor":5},{"not_picked":["bronze:WildBeam","bronze:BitShift"],"picked":"bronze:Shield","floor":10},{"not_picked":["bronze:BugBarrage","bronze:Turbo","bronze:ForLoop"],"picked":"SKIP","floor":12},{"not_picked":["bronze:Deprecate","bronze:Allocate","bronze:Verify"],"picked":"SKIP","floor":13},{"not_picked":["bronze:BuggyMess","bronze:DigitalCarnage"],"picked":"bronze:GetLatest","floor":14},{"not_picked":["bronze:FineTuning","bronze:CloningBeam","bronze:Flail"],"picked":"SKIP","floor":15},{"not_picked":["bronze:Overheat+1","bronze:NullPointer","bronze:Repair"],"picked":"SKIP","floor":19},{"not_picked":["bronze:ChildClass+1","bronze:Safeguard"],"picked":"bronze:DelayedSlice+1","floor":21},{"not_picked":["bronze:DelayedSlice","bronze:Turbo+1"],"picked":"bronze:Iterate+1","floor":23},{"not_picked":["bronze:Boost","bronze:MaxOutput+1","bronze:CloningBeam"],"picked":"SKIP","floor":25},{"not_picked":["bronze:Deprecate","bronze:Repulsor","bronze:CutThrough"],"picked":"SKIP","floor":26},{"not_picked":["bronze:Iterate","bronze:MaxOutput","bronze:Repair"],"picked":"SKIP","floor":31},{"not_picked":["bronze:Return","bronze:ForceShield+1","bronze:WildBeam"],"picked":"SKIP","floor":32}],"player_experience":358225,"relics_obtained":[{"floor":7,"key":"Pen Nib"},{"floor":12,"key":"Ancient Tea Set"},{"floor":24,"key":"PreservedInsect"},{"floor":25,"key":"Anchor"},{"floor":30,"key":"CeramicFish"}],"event_choices":[{"damage_healed":0,"gold_gain":0,"player_choice":"Success","damage_taken":7,"relics_obtained":["Pear"],"max_hp_gain":0,"max_hp_loss":0,"event_name":"Scrap Ooze","floor":8,"gold_loss":0},{"damage_healed":0,"gold_gain":0,"player_choice":"Donut","damage_taken":0,"max_hp_gain":5,"max_hp_loss":0,"event_name":"Big Fish","floor":11,"gold_loss":0}],"is_beta":true,"boss_relics":[{"not_picked":["Pandora\u0027s Box","Philosopher\u0027s Stone"],"picked":"Cursed Key"}],"items_purged_floors":[5,31],"is_endless":false,"potions_floor_spawned":[2,10,12,15,19,21,23,32],"killed_by":"IC_MUSHROOM_ARCHETYPE","ascension_level":0}}