{"host":"dn6kke80v5f7isus","time":1611989038,"event":{"mods":["AchievementEnabler","Act Like it!","BaseMod","Colored Powertips","Custom Start","Defuse TimeMaze Blight","Gremlin Skip","Highlight Path","Hubris","Infinite Spire","Marisa????????","Minty Spire (QoL Compilation)","Rare Cards Sparkle","Replay The Spire","StSLib","The Servant 0.9.4","Uncapped","Unceasing Turn Reminder"],"gold_per_floor":[118,133,147,160,335,335,364,364,445,445,462,462,489,508,508,508,508],"floor_reached":16,"language":"ENG","playtime":549,"items_purged":[],"score":118,"play_id":"1c300400-8536-4339-82ee-d4dcf6a8afde","local_time":"20210130014358","is_ascension_mode":true,"campfire_choices":[{"data":"MachineGunSpark","floor":6,"key":"SMITH"},{"data":"OortCloud","floor":8,"key":"SMITH"},{"floor":15,"key":"REST"}],"circlet_count":0,"master_deck":["Strike_MRS","Strike_MRS","Strike_MRS","Strike_MRS","Defend_MRS","Defend_MRS+1","Defend_MRS","Defend_MRS","MasterSpark+1","UpSweep","OortCloud+1","PropBag","MachineGunSpark+1","StarBarrage"],"relics":["MiniHakkero","NeowsBlessing","Gambling Chip","ReplayTheSpireMod:Ninjato","Chameleon Ring","Meat on the Bone"],"acts_visited":["Exordium"],"potions_floor_usage":[4,11,14,16],"damage_taken":[{"damage":0,"enemies":"Cultist","floor":1,"turns":1},{"damage":0,"enemies":"Small Slimes","floor":2,"turns":1},{"damage":0,"enemies":"Jaw Worm","floor":3,"turns":1},{"damage":0,"enemies":"2 Fungi Beasts","floor":4,"turns":5},{"damage":18,"enemies":"3 Sentries","floor":7,"turns":13},{"damage":6,"enemies":"Exordium Wildlife","floor":11,"turns":3},{"damage":15,"enemies":"Gremlin Nob","floor":13,"turns":4},{"damage":3,"enemies":"Exordium Thugs","floor":14,"turns":3},{"damage":35,"enemies":"Hexaghost","floor":16,"turns":11}],"seed_played":"5240320368312903144","potions_obtained":[{"floor":1,"key":"Toxic Potion"},{"floor":2,"key":"Adrenaline Potion"},{"floor":11,"key":"BlessingOfTheForge"},{"floor":13,"key":"Weak Potion"}],"is_trial":false,"path_per_floor":["M","M","M","M","?","R","E","R","T","?","M","?","E","M","R","B"],"character_chosen":"MARISA","items_purchased":[],"campfire_rested":1,"item_purchase_floors":[],"current_hp_per_floor":[75,75,75,75,75,75,57,57,57,42,36,29,14,11,33,0,0],"gold":508,"neow_bonus":"THREE_ENEMY_KILL","is_daily":false,"chose_seed":false,"campfire_upgraded":2,"win_rate":0.0,"timestamp":1611989038,"path_taken":["M","?","M","M","?","R","E","R","T","?","M","?","E","M","R","BOSS"],"items_purchased_type":[],"build_version":"2020-12-22","purchased_purges":0,"victory":false,"max_hp_per_floor":[75,75,75,75,75,75,75,75,75,75,75,75,75,75,75,75,75],"card_choices":[{"not_picked":["GrandCross","GalacticHalo","EventHorizon"],"picked":"SKIP","floor":1},{"not_picked":["MysteriousBeam","AsteroidBelt"],"picked":"OortCloud","floor":2},{"not_picked":["6A","GalacticHalo"],"picked":"PropBag","floor":3},{"not_picked":["NonDirectionalLaser","LuminesStrike"],"picked":"MachineGunSpark","floor":4},{"not_picked":["PulseMagic","MilkyWay","PowerUp"],"picked":"SKIP","floor":7},{"not_picked":["DarkSpark","StarlightTyphoon"],"picked":"StarBarrage","floor":11},{"not_picked":["SporeBomb","MeteoricShower","NonDirectionalLaser"],"picked":"SKIP","floor":13},{"not_picked":["AsteroidBelt","DoubleSpark","ShootingEcho"],"picked":"SKIP","floor":14}],"player_experience":402858,"relics_obtained":[{"floor":7,"key":"Gambling Chip"},{"floor":9,"key":"ReplayTheSpireMod:Ninjato"},{"floor":13,"key":"Chameleon Ring"}],"event_choices":[{"damage_healed":0,"gold_gain":175,"player_choice":"AGREE","damage_taken":0,"max_hp_gain":0,"max_hp_loss":0,"event_name":"Liars Game","floor":5,"gold_loss":0,"cards_obtained":["Doubt"]},{"damage_healed":0,"gold_gain":0,"player_choice":"Entered Light","damage_taken":15,"max_hp_gain":0,"max_hp_loss":0,"event_name":"Shining Light","floor":10,"gold_loss":0,"cards_upgraded":["MasterSpark","Defend_MRS"]},{"cards_removed":["Doubt"],"damage_healed":0,"gold_gain":0,"player_choice":"Card Removal","damage_taken":7,"max_hp_gain":0,"max_hp_loss":0,"event_name":"Golden Wing","floor":12,"gold_loss":0}],"is_beta":false,"boss_relics":[],"items_purged_floors":[],"is_endless":false,"potions_floor_spawned":[1,2,11,13],"killed_by":"Hexaghost","ascension_level":1}}