{"host":"k0n8pgjylnovu342","time":1611978870,"event":{"mods":["BaseMod","Beaked The Cultist","Colored Powertips","Downfall","Fox Events","Hermit","Hubris","Minty Spire (QoL Compilation)","Replay The Spire","Shop Mod","Spikes Relics","StSLib","The Cursed","The Disciple","The Jungle","The Runesmith","The Servant 0.9.4","The Witch","TheBandit"],"gold_per_floor":[132,192,192,192,246,336,95,95,95,194,119,119,218,293,293,605,605,641,701,701,263,296,398,503,593,644,722,827,902,902,1001,1001,1313,1313,1363,1363,1433,1486,1569,1703,1703,1893,1893,2117,2341,2520,2693,2859,2859,2859],"floor_reached":51,"language":"ENG","playtime":13038,"items_purged":["TheCursedMod:SmokeScreen"],"score":1781,"play_id":"5867b6fc-1adf-4c03-b9ce-47d8c722ada4","local_time":"20210129225430","daily_mods":["Heirloom","Flight","DeadlyEvents","Elite Swarm","Midas"],"is_ascension_mode":false,"campfire_choices":[{"floor":8.0,"key":"REST"},{"floor":12.0,"key":"REST"},{"floor":30,"key":"REST"},{"floor":32,"key":"REST"},{"floor":41,"key":"REST"},{"floor":49,"key":"DIG"}],"circlet_count":0,"master_deck":["TheCursedMod:Strike_TheCursed+1","TheCursedMod:Strike_TheCursed+1","TheCursedMod:Strike_TheCursed+1","TheCursedMod:Strike_TheCursed+1","TheCursedMod:Defend_TheCursed+1","TheCursedMod:Defend_TheCursed+1","TheCursedMod:Defend_TheCursed+1","TheCursedMod:Defend_TheCursed+1","TheCursedMod:CursedWand","TheCursedMod:CleanUpWorkshop","TheCursedMod:Dregs","TheCursedMod:TacticalStrike","TheCursedMod:AshesToAshes","ReplayTheSpireMod:Faulty Equipment","TheCursedMod:HellsGateOpen","TheCursedMod:CursedAmulet","TheCursedMod:VoidForm","TheCursedMod:HellfireBreathing","Master of Strategy","TheCursedMod:Neurasthenia","IllusionOfStrength","TheCursedMod:ForbiddenAlchemy","TheCursedMod:CollectTribute","TheCursedMod:WearCloak","TheCursedMod:SpitefulPray","TheCursedMod:LuckyCharm","TheCursedMod:CircleOfCorruption","Intelligence","DireShriek","TheCursedMod:CollectTribute","TheCursedMod:DemonSword","TheCursedMod:CircleOfAbyss","TheCursedMod:NeowsMight","TheCursedMod:VoidForm","hubris:Greed","TheCursedMod:AbyssShockwave+1","Amnesia","hubris:Greed","TheCursedMod:SpitefulPlan+1","hubris:Greed","hubris:Greed","TheCursedMod:HellfireBreathing+1","hubris:Greed","hubris:Greed","hubris:Greed","TheCursedMod:ReleasedKnowledge+1","hubris:Greed","hubris:Greed","hubris:Greed","hubris:Greed","hubris:Greed","hubris:Greed","hubris:Greed","hubris:Greed","hubris:Greed","hubris:Greed","TheCursedMod:ManaCirculation","hubris:Greed","hubris:Greed","hubris:Greed","hubris:Greed","hubris:Greed","hubris:Greed","hubris:Greed","hubris:Greed","UnnaturalEnergy","hubris:Greed","TheCursedMod:SurpriseAttack"],"relics":["TheCursedMod:BlackMagic101","replay:Trail_Library","Counterbalance","hubris:DisguiseKit","ReplayTheSpireMod:TigerMarble","Sundial","Ornamental Fan","WizardHat","ReplayFunnel","Painkiller Herb","Membership Card","Bird Faced Urn","ReplayTheSpireMod:Lightbulb","HornCleat","FossilizedHelix","Ginger","Boot","Shuriken","Replay:WaspNest","Bag of Marbles","Bottled Tornado","TheCursedMod:OminousMark","Ring of Misfortune","Ring of Hypnosis","Bag of Preparation","Iron Hammer","Onion Ring","BlackRope","ShockBauble","Bottled Flame"],"acts_visited":["Exordium","TheCity","TheBeyond"],"potions_floor_usage":[31,33,33,33,33,33,33,35,37,37,37,37,39,39,39,39,40,40,40,42,42,42,44,44,44,44,45,45,45,47,47,47,47,50,50,50,50,50],"damage_taken":[{"damage":5.0,"enemies":"Small Slimes","floor":1.0,"turns":4.0},{"damage":0.0,"enemies":"2 Louse","floor":2.0,"turns":2.0},{"damage":6.0,"enemies":"Jaw Worm","floor":5.0,"turns":3.0},{"damage":34.0,"enemies":"Lagavulin","floor":6.0,"turns":8.0},{"damage":26.0,"enemies":"3 Sentries","floor":10.0,"turns":5.0},{"damage":9.0,"enemies":"Replay:BlueRogue","floor":13.0,"turns":6.0},{"damage":12.0,"enemies":"3 Sentries","floor":14.0,"turns":5.0},{"damage":29.0,"enemies":"Slime Boss","floor":16.0,"turns":6.0},{"damage":11.0,"enemies":"2 Thieves","floor":18.0,"turns":4.0},{"damage":11.0,"enemies":"3 Byrds","floor":19.0,"turns":4.0},{"damage":0.0,"enemies":"3 Cultists","floor":22.0,"turns":3.0},{"damage":33.0,"enemies":"Slavers","floor":23.0,"turns":5.0},{"damage":3.0,"enemies":"Book of Stabbing","floor":24.0,"turns":5.0},{"damage":6.0,"enemies":"Gremlin Leader","floor":25.0,"turns":5.0},{"damage":0.0,"enemies":"Replay:Snechameleon","floor":27.0,"turns":4.0},{"damage":20.0,"enemies":"Slavers","floor":28.0,"turns":5.0},{"damage":4.0,"enemies":"Replay:Snechameleon","floor":29.0,"turns":5.0},{"damage":19,"enemies":"Book of Stabbing","floor":31,"turns":4},{"damage":0,"enemies":"Pondfish","floor":33,"turns":6},{"damage":20,"enemies":"Orb Walker","floor":35,"turns":4},{"damage":0,"enemies":"3 Darklings","floor":37,"turns":4},{"damage":0,"enemies":"Spire Growth","floor":38,"turns":3},{"damage":0,"enemies":"Maw","floor":39,"turns":4},{"damage":0,"enemies":"Reptomancer","floor":40,"turns":3},{"damage":0,"enemies":"Giant Head","floor":42,"turns":4},{"damage":0,"enemies":"Nemesis","floor":44,"turns":3},{"damage":0,"enemies":"Reptomancer","floor":45,"turns":5},{"damage":0,"enemies":"4 Shapes","floor":46,"turns":3},{"damage":0,"enemies":"Jaw Worm Horde","floor":47,"turns":3},{"damage":0,"enemies":"Sphere and 2 Shapes","floor":48,"turns":5},{"damage":0,"enemies":"Time Eater","floor":50,"turns":4}],"seed_played":"-1005578965168220388","potions_obtained":[{"floor":10.0,"key":"GamblersBrew"},{"floor":13.0,"key":"Fruit Juice"},{"floor":15.0,"key":"Slimebound:ThreeZeroPotion"},{"floor":15.0,"key":"BlessingOfTheForge"},{"floor":16.0,"key":"LiquidMemories"},{"floor":22.0,"key":"sneckomod:MuddlingPotion"},{"floor":24.0,"key":"Adrenaline Potion"},{"floor":25.0,"key":"SteroidPotion"},{"floor":28.0,"key":"Weak Potion"},{"floor":38,"key":"champ:CounterPotion"},{"floor":40,"key":"PowerPotion"},{"floor":42,"key":"Fire Potion"},{"floor":46,"key":"Weak Potion"},{"floor":47,"key":"Reflective Coating"},{"floor":48,"key":"DuplicationPotion"}],"is_trial":true,"path_per_floor":["M","M","?","?","M","E","$","R","T","E","$","R","E","E","R","B",null,"?","?","?","T","?","E","E","E","T","E","E","E","T","E","T","B",null,"?","?","?","?","?","E","T","E","T","E","E","?","?","?","T","B",null],"character_chosen":"THE_CURSED","items_purchased":["TheCursedMod:HellfireBreathing","Master of Strategy","Membership Card","Bird Faced Urn","TheCursedMod:LuckyCharm","ReplayTheSpireMod:Lightbulb"],"campfire_rested":5,"item_purchase_floors":[7,7,21,21,21,21],"current_hp_per_floor":[70,70,70,70,64,30,30,52,52,26,26,48,39,32,32,3,80,69,58,58,58,68,47,58,68,68,82,70,80,82,71,82,82,82,64,64,76,82,82,82,82,82,82,82,82,82,82,82,82,82],"gold":2859,"neow_bonus":"","is_daily":false,"chose_seed":false,"campfire_upgraded":0,"win_rate":0.0,"timestamp":1611978870,"path_taken":["M","M","?","?","M","E","$","R","T","E","$","R","E","E","R","BOSS","?","?","?","T","?","E","E","E","T","E","E","E","T","E","T","BOSS","?","?","?","?","?","E","T","E","T","E","?","?","?","?","T","BOSS"],"items_purchased_type":["Card","Card","Relic","Relic","Card","Relic"],"build_version":"2020-12-22","purchased_purges":1,"victory":true,"max_hp_per_floor":[75,75,75,75,75,75,75,75,75,75,75,75,75,80,80,80,80,80,80,80,80,80,80,80,82,82,82,82,82,82,82,82,82,82,82,82,82,82,82,82,82,82,82,82,82,82,82,82,82,82],"card_choices":[{"not_picked":["TheCursedMod:WearCloak","TheCursedMod:FleshFromBone"],"picked":"TheCursedMod:TacticalStrike","floor":1.0},{"not_picked":["TheCursedMod:SpitefulPlan","TheCursedMod:RapidMovement"],"picked":"TheCursedMod:AshesToAshes","floor":2.0},{"not_picked":["TheCursedMod:BlessingInDisguise","TheCursedMod:Stretching","Thundercloud"],"picked":"TheCursedMod:CursedAmulet","floor":5.0},{"not_picked":["TheCursedMod:ParallelWorld","TheCursedMod:Neurasthenia","Twitch"],"picked":"TheCursedMod:VoidForm","floor":6.0},{"not_picked":["TheCursedMod:ManaCirculation","TheCursedMod:StunningStrike","BloodSabbath"],"picked":"TheCursedMod:Neurasthenia","floor":10.0},{"not_picked":["TheCursedMod:Neurasthenia","TheCursedMod:CircleOfAbyss","TheCursedMod:CursedRelics"],"picked":"IllusionOfStrength","floor":13.0},{"not_picked":["TheCursedMod:Neurasthenia","TheCursedMod:ParallelWorld","RiteOfSpring"],"picked":"TheCursedMod:ForbiddenAlchemy","floor":14.0},{"not_picked":["TheCursedMod:VoidForm","TheCursedMod:OutForBlood","SummonRavenFamiliar"],"picked":"TheCursedMod:CollectTribute","floor":16.0},{"not_picked":["TheCursedMod:SaltUponWound+1","TheCursedMod:PrepareRite","MementoMori"],"picked":"TheCursedMod:WearCloak","floor":18.0},{"not_picked":["TheCursedMod:LuckyCharm+1","TheCursedMod:Hemoplague","MercuryWand"],"picked":"TheCursedMod:SpitefulPray","floor":19.0},{"not_picked":["TheCursedMod:Wield","TheCursedMod:SmokeScreen","Atonement"],"picked":"TheCursedMod:CircleOfCorruption","floor":22.0},{"not_picked":["TheCursedMod:OutForBlood","TheCursedMod:ShockAndAwe","TheCursedMod:Neurasthenia"],"picked":"Intelligence","floor":23.0},{"not_picked":["TheCursedMod:StunningStrike","TheCursedMod:CursedRelics","TheCursedMod:Neurasthenia"],"picked":"DireShriek","floor":24.0},{"not_picked":["TheCursedMod:CursedRelics","TheCursedMod:VoidForm","WalpurgisNight"],"picked":"TheCursedMod:CollectTribute","floor":25.0},{"not_picked":["TheCursedMod:DemonicPact","TheCursedMod:CollectTribute","RiteOfSpring"],"picked":"TheCursedMod:DemonSword","floor":27.0},{"not_picked":["TheCursedMod:AntiAging","TheCursedMod:CollectTribute","Intelligence"],"picked":"TheCursedMod:CircleOfAbyss","floor":28.0},{"not_picked":["TheCursedMod:ParallelWorld","TheCursedMod:Neurasthenia","UnnaturalEnergy"],"picked":"TheCursedMod:NeowsMight","floor":29},{"not_picked":["TheCursedMod:ManaCirculation","TheCursedMod:DemonicPact","TheCursedMod:AntiAging","Twitch"],"picked":"SKIP","floor":31},{"not_picked":["TheCursedMod:DemonicPact","TheCursedMod:DarkBarrier","MysticUnburial"],"picked":"TheCursedMod:VoidForm","floor":33},{"not_picked":["TheCursedMod:RapidMovement","TheCursedMod:Mangle","CrystalResonance"],"picked":"TheCursedMod:AbyssShockwave+1","floor":35},{"not_picked":["TheCursedMod:SoulReap+1","TheCursedMod:Wield+1","CorruptBlood"],"picked":"TheCursedMod:SpitefulPlan+1","floor":37},{"not_picked":["TheCursedMod:SmokeScreen+1","TheCursedMod:Stretching","WickedThoughts"],"picked":"TheCursedMod:HellfireBreathing+1","floor":38},{"not_picked":["TheCursedMod:Grudge","TheCursedMod:CursedBlade+1","RiteOfAutumn"],"picked":"TheCursedMod:ReleasedKnowledge+1","floor":39},{"not_picked":["TheCursedMod:DemonSword","TheCursedMod:CursedRelics","TheCursedMod:StunningStrike","Twitch"],"picked":"SKIP","floor":40},{"not_picked":["TheCursedMod:CursedRelics","TheCursedMod:ShockAndAwe","MysticUnburial"],"picked":"TheCursedMod:ManaCirculation","floor":42},{"not_picked":["TheCursedMod:ParallelWorld","TheCursedMod:CircleOfAbyss","TheCursedMod:DemonicPact","DarkProcession"],"picked":"SKIP","floor":44},{"not_picked":["TheCursedMod:CursedRelics","TheCursedMod:UltimatePain","TheCursedMod:DemonSword"],"picked":"UnnaturalEnergy","floor":45},{"not_picked":["TheCursedMod:Stigma","TheCursedMod:VitalStrike+1","TheCursedMod:DoubleShield+1","CorruptBlood"],"picked":"SKIP","floor":46},{"not_picked":["TheCursedMod:Stigma","TheCursedMod:CircleOfWindfury+1","TheCursedMod:BloodBarrier+1","SaltCircle"],"picked":"SKIP","floor":47},{"not_picked":["TheCursedMod:Stigma+1","TheCursedMod:CursedBoomerang+1","TheCursedMod:SmokeScreen","GrimVengeance"],"picked":"SKIP","floor":48}],"player_experience":171790,"relics_obtained":[{"floor":6.0,"key":"ReplayTheSpireMod:TigerMarble"},{"floor":9.0,"key":"Sundial"},{"floor":10.0,"key":"Ornamental Fan"},{"floor":13.0,"key":"WizardHat"},{"floor":14.0,"key":"ReplayFunnel"},{"floor":23.0,"key":"HornCleat"},{"floor":24.0,"key":"FossilizedHelix"},{"floor":25.0,"key":"Ginger"},{"floor":26.0,"key":"Boot"},{"floor":27.0,"key":"Shuriken"},{"floor":28.0,"key":"Replay:WaspNest"},{"floor":29,"key":"Bag of Marbles"},{"floor":31,"key":"Bottled Tornado"},{"floor":36,"key":"Ring of Misfortune"},{"floor":36,"key":"Ring of Hypnosis"},{"floor":40,"key":"Bag of Preparation"},{"floor":42,"key":"Iron Hammer"},{"floor":43,"key":"Onion Ring"},{"floor":44,"key":"BlackRope"},{"floor":45,"key":"ShockBauble"},{"floor":49,"key":"Bottled Flame"}],"event_choices":[{"damage_healed":0.0,"max_hp_gain":0.0,"max_hp_loss":0.0,"gold_gain":0.0,"event_name":"Back to Basics","player_choice":"Simplicity","floor":20.0,"gold_loss":0.0,"damage_taken":0.0,"cards_upgraded":["TheCursedMod:Strike_TheCursed","TheCursedMod:Strike_TheCursed","TheCursedMod:Strike_TheCursed","TheCursedMod:Strike_TheCursed","TheCursedMod:Defend_TheCursed","TheCursedMod:Defend_TheCursed","TheCursedMod:Defend_TheCursed","TheCursedMod:Defend_TheCursed"]}],"is_beta":false,"boss_relics":[{"not_picked":["ChewingGum","Replay:Grab Bag"],"picked":"Painkiller Herb"},{"not_picked":["sneckomod:SneckoTalon","Replay:Wanted Poster"],"picked":"TheCursedMod:OminousMark"}],"items_purged_floors":[11],"is_endless":false,"potions_floor_spawned":[10,13,16,22,24,25,28,38,40,42,46,47,48],"ascension_level":0}}