{"host":"o3b7ow6d1xe49css","time":1611989842,"event":{"mods":["Act Like it!","Aspiration","BaseMod","Bestiary","Better Altar","Better Match","Better Note","Better Sensory Stone","Better Skull","Better Third Choice","Colored Powertips","Conspire","Energized Spire","Force Act Four","GifTheSpireLib","Halation","Hermit","Hubris","Infinite Spire","Lobotomy","Minty Spire (QoL Compilation)","Quick Restart","Rare Cards Sparkle","Relic Filter Mod","Reliquary","Replay The Spire","Spicy Shops","Spikes Relics","Spire Arcade","StSLib","Stuff the Spire","The Blue Laboratory","Wandering Minibosses"],"gold_per_floor":[118,135,148,167,190,27,62,62,62,62,62,96,96,124,124,124,124],"floor_reached":16,"language":"ENG","playtime":540,"items_purged":[],"score":148,"play_id":"3fe707c3-4968-4433-a383-4c4fb5a5e20e","local_time":"20210129215722","daily_mods":["Heirloom","Flight"],"is_ascension_mode":true,"campfire_choices":[{"data":"Zap","floor":8,"key":"SMITH"},{"data":"Defragment","floor":11,"key":"SMITH"},{"data":"Double Energy","floor":13,"key":"SMITH"},{"data":"Leap","floor":15,"key":"SMITH"}],"circlet_count":0,"master_deck":["Strike_B","Strike_B","Strike_B","Strike_B","Defend_B","Defend_B","Defend_B","Defend_B","Zap+1","Dualcast+1","OldLady","Double Energy+1","Defragment+1","Cold Snap","Leap+1","UniverseFragment","Hologram"],"relics":["Cracked Core","Ring of Chaos","Replay:Towering Pillar of Hats","CogitoBucket","halation:PrussianBluePaint","hubris:BundleOfHerbs","infinitespire:FocusingShard","Omamori"],"acts_visited":["Exordium"],"potions_floor_usage":[4,7],"damage_taken":[{"damage":1,"enemies":"Cultist","floor":1,"turns":3},{"damage":0,"enemies":"conspire:RoseBush","floor":2,"turns":3},{"damage":7,"enemies":"Small Slimes","floor":3,"turns":3},{"damage":1,"enemies":"2 Fungi Beasts","floor":4,"turns":2},{"damage":23,"enemies":"3 Sentries","floor":7,"turns":5},{"damage":16,"enemies":"Lagavulin","floor":12,"turns":5},{"damage":9,"enemies":"3 Sentries","floor":14,"turns":7},{"damage":24,"enemies":"Hexaghost","floor":16,"turns":12}],"seed_played":"-4101872114678650196","potions_obtained":[{"floor":2,"key":"blueLaboratory:FruitPunch"},{"floor":3,"key":"blueLaboratory:EnragingPotion"},{"floor":4,"key":"PotionOfCapacity"}],"is_trial":true,"path_per_floor":["M","M","M","M","T","$","E","R","T","?","R","E","R","E","R","B"],"character_chosen":"DEFECT","items_purchased":["Defragment","Cold Snap"],"campfire_rested":0,"item_purchase_floors":[6,6],"current_hp_per_floor":[74,74,67,68,68,68,45,45,45,45,45,29,29,20,20,0,0],"gold":124,"neow_bonus":"","is_daily":false,"chose_seed":false,"campfire_upgraded":4,"win_rate":0.0,"timestamp":1611989842,"path_taken":["M","M","M","M","?","$","E","R","T","?","R","E","R","E","R","BOSS"],"items_purchased_type":["Card","Card"],"build_version":"2020-12-22","purchased_purges":0,"victory":false,"max_hp_per_floor":[75,75,75,77,77,77,77,77,77,77,77,77,77,77,77,77,77],"card_choices":[{"not_picked":["BeautyBeast","WallGazer"],"picked":"OldLady","floor":1},{"not_picked":["Stack","Rebound"],"picked":"Double Energy","floor":1},{"not_picked":["MHz","Wellcheers","MeatLantern"],"picked":"Singing Bowl","floor":2},{"not_picked":["Sweeping Beam","Aggregate","Hologram"],"picked":"SKIP","floor":2},{"not_picked":["Porccubus","Variant","FieryBird"],"picked":"Singing Bowl","floor":3},{"not_picked":["StuffTheSpire:Rend","Blizzard","conspire:SharedLibrary"],"picked":"SKIP","floor":3},{"not_picked":["BeautyBeast","Scarecrow","ShyLook"],"picked":"Singing Bowl","floor":4},{"not_picked":["conspire:Rain","Conserve Battery","StuffTheSpire:LoadUp"],"picked":"SKIP","floor":4},{"not_picked":["SpiderBud","MHz","PunishingBird"],"picked":"Singing Bowl","floor":7},{"not_picked":["Recycle","Stack"],"picked":"Leap","floor":7},{"not_picked":["VoidDream","MHz"],"picked":"UniverseFragment","floor":12},{"not_picked":["StuffTheSpire:LoadUp","Genetic Algorithm"],"picked":"Hologram","floor":12},{"not_picked":["SnowQueen","FairyFestival","CrumblingArmor"],"picked":"Singing Bowl","floor":14},{"not_picked":["ReplayTheSpireMod:System Scan","Hello World","Sunder"],"picked":"SKIP","floor":14}],"player_experience":1906306,"relics_obtained":[{"floor":5,"key":"halation:PrussianBluePaint"},{"floor":7,"key":"hubris:BundleOfHerbs"},{"floor":12,"key":"infinitespire:FocusingShard"},{"floor":14,"key":"Omamori"}],"event_choices":[],"is_beta":false,"boss_relics":[],"items_purged_floors":[],"is_endless":false,"potions_floor_spawned":[2,3,4],"killed_by":"Hexaghost","ascension_level":5}}