{"host":"39erygfi9n0tobyn","time":1611969044,"event":{"mods":["2.2 Compatiblity","BaseMod","Bestiary","Colored Map","Colored Powertips","Curses Come First","Highlight Path","Keyboard Shortcuts","Minty Spire (QoL Compilation)","Relic Stats","StSLib","SuperFastMode"],"gold_per_floor":[114,114,132,26,36,71,48,48,126,126,126,144,159,192,192,294,294,305,285,210,210,229,229,229],"floor_reached":23,"language":"ENG","playtime":736,"items_purged":[],"score":201,"play_id":"14bcb004-28e8-4666-8443-f97ff378e567","local_time":"20210129221044","is_ascension_mode":false,"campfire_choices":[{"floor":8,"key":"REST"},{"data":"Chill","floor":11,"key":"SMITH"},{"floor":15,"key":"REST"}],"circlet_count":0,"master_deck":["Strike_B","Strike_B","Strike_B","Defend_B","Defend_B","Defend_B","Zap","Dualcast+1","Sweeping Beam","Compile Driver","Storm","Doom and Gloom","Undo","Chill+1","Stack","Leap","Loop","Amplify","Echo Form","Reprogram","Leap+1","RitualDagger","Steam+1"],"relics":["FrozenCore","NeowsBlessing","Vajra","Kunai","TungstenRod"],"acts_visited":["Exordium","TheCity"],"potions_floor_usage":[16,16,23,23],"damage_taken":[{"damage":0,"enemies":"Small Slimes","floor":1,"turns":1},{"damage":0,"enemies":"Cultist","floor":3,"turns":1},{"damage":0,"enemies":"2 Louse","floor":5,"turns":1},{"damage":26,"enemies":"Gremlin Nob","floor":6,"turns":4},{"damage":23,"enemies":"Exordium Thugs","floor":12,"turns":4},{"damage":8,"enemies":"Looter","floor":13,"turns":3},{"damage":14,"enemies":"Lagavulin","floor":14,"turns":6},{"damage":33,"enemies":"The Guardian","floor":16,"turns":11},{"damage":22,"enemies":"Spheric Guardian","floor":18,"turns":6},{"damage":14,"enemies":"2 Thieves","floor":19,"turns":5},{"damage":0,"enemies":"Snecko","floor":22,"turns":7},{"damage":37,"enemies":"Book of Stabbing","floor":23,"turns":7}],"seed_played":"-462087131286345637","potions_obtained":[{"floor":3,"key":"ColorlessPotion"},{"floor":5,"key":"FocusPotion"},{"floor":12,"key":"ColorlessPotion"},{"floor":22,"key":"AttackPotion"}],"is_trial":false,"path_per_floor":["M","?","M","$","M","E","$","R","T","?","R","M","M","E","R","B",null,"M","M","?","?","M","E"],"character_chosen":"DEFECT","items_purchased":["Storm","Doom and Gloom","Stack"],"campfire_rested":2,"item_purchase_floors":[4,4,7],"current_hp_per_floor":[75,75,75,75,75,49,49,71,71,64,64,41,33,19,41,8,75,53,39,39,34,34,0,0],"gold":229,"neow_bonus":"THREE_ENEMY_KILL","is_daily":false,"chose_seed":false,"campfire_upgraded":1,"win_rate":0.0,"timestamp":1611969044,"path_taken":["M","?","?","$","M","E","$","R","T","?","R","M","M","E","R","BOSS","M","M","?","?","M","E"],"items_purchased_type":["Card","Card","Card"],"build_version":"2020-12-22","purchased_purges":0,"victory":false,"max_hp_per_floor":[75,75,75,75,75,75,75,75,75,75,75,75,75,75,75,75,75,75,75,75,75,75,75,75],"relic_stats":{"counters":[12,55],"Kunai":[0],"obtain_stats":[{"NeowsBlessing":0,"Vajra":6,"Kunai":9,"Cracked Core":0,"TungstenRod":14,"FrozenCore":17},{"NeowsBlessing":0,"Vajra":4,"Kunai":4,"Cracked Core":0,"TungstenRod":7,"FrozenCore":8},{"NeowsBlessing":0,"Vajra":7,"Kunai":7,"Cracked Core":0,"TungstenRod":19,"FrozenCore":30}],"TungstenRod":28,"FrozenCore":[9]},"card_choices":[{"not_picked":["Hologram","Beam Cell"],"picked":"Sweeping Beam","floor":1},{"not_picked":["Rebound","Tempest"],"picked":"Compile Driver","floor":3},{"not_picked":["Aggregate","Compile Driver"],"picked":"Undo","floor":5},{"not_picked":["Capacitor","Undo"],"picked":"Chill","floor":6},{"not_picked":["Rebound","Barrage"],"picked":"Leap","floor":12},{"not_picked":["Coolheaded","Ball Lightning"],"picked":"Loop","floor":13},{"not_picked":["Turbo","Hello World"],"picked":"Amplify","floor":14},{"not_picked":["Thunder Strike","Seek"],"picked":"Echo Form","floor":16},{"not_picked":["Streamline","Go for the Eyes"],"picked":"Reprogram","floor":18},{"not_picked":["Compile Driver","Consume"],"picked":"Leap+1","floor":19},{"not_picked":["Gash","Conserve Battery"],"picked":"Steam+1","floor":22}],"player_experience":54992,"relics_obtained":[{"floor":6,"key":"Vajra"},{"floor":9,"key":"Kunai"},{"floor":14,"key":"TungstenRod"}],"event_choices":[{"damage_healed":0,"gold_gain":0,"player_choice":"Upgraded","damage_taken":0,"max_hp_gain":0,"max_hp_loss":0,"event_name":"Upgrade Shrine","floor":2,"gold_loss":0,"cards_upgraded":["Dualcast"]},{"cards_removed":["Strike_B"],"damage_healed":0,"gold_gain":0,"player_choice":"Card Removal","damage_taken":7,"max_hp_gain":0,"max_hp_loss":0,"event_name":"Golden Wing","floor":10,"gold_loss":0},{"cards_removed":["Defend_B"],"damage_healed":0,"gold_gain":0,"player_choice":"Gave Gold","damage_taken":0,"max_hp_gain":0,"max_hp_loss":0,"event_name":"Beggar","floor":20,"gold_loss":75},{"damage_healed":0,"gold_gain":0,"player_choice":"Joined the Cult","damage_taken":6,"max_hp_gain":0,"max_hp_loss":0,"event_name":"Nest","floor":21,"gold_loss":0,"cards_obtained":["RitualDagger"]}],"is_beta":false,"boss_relics":[{"not_picked":["Runic Pyramid","Sozu"],"picked":"FrozenCore"}],"items_purged_floors":[],"is_endless":false,"potions_floor_spawned":[3,5,12,22],"killed_by":"Book of Stabbing","ascension_level":0}}