{"host":"08sn1703g14rasc1","time":1611987893,"event":{"mods":["AchievementEnabler","BaseMod","Colored Map","Colored Powertips","Hermit","Minty Spire (QoL Compilation)","StSLib"],"gold_per_floor":[117,42,42,59,59,59,73,73,148,148,177,177,4,17,17,122,122,87,87,87,107,9,9,9,9],"floor_reached":24,"language":"ENG","playtime":495,"items_purged":["Strike_P","Strike_P"],"score":325,"play_id":"f4ef79be-6145-4a31-abaa-ff6c88e95285","local_time":"20210129222453","is_ascension_mode":true,"campfire_choices":[{"floor":6.0,"key":"REST"},{"data":"Eruption","floor":8.0,"key":"SMITH"},{"data":"WindmillStrike","floor":10.0,"key":"SMITH"},{"data":"CarveReality","floor":12.0,"key":"SMITH"},{"data":"Pray","floor":15.0,"key":"SMITH"},{"floor":23.0,"key":"REST"}],"circlet_count":0,"master_deck":["Defend_P+1","Defend_P+1","Eruption+1","Vigilance","Conclude","MentalFortress","CarveReality+1","WindmillStrike+1","LikeWater","ConjureBlade","Pray+1","MasterReality","Vengeance+1","CarveReality+1","Wish+1","WindmillStrike+1","Necronomicurse","TalkToTheHand+1","Panacea"],"relics":["SacredBark","Molten Egg 2","Odd Mushroom","Astrolabe","Necronomicon"],"acts_visited":["Exordium","TheCity"],"potions_floor_usage":[],"damage_taken":[{"damage":0.0,"enemies":"2 Louse","floor":1.0,"turns":3.0},{"damage":2.0,"enemies":"Jaw Worm","floor":4.0,"turns":3.0},{"damage":0.0,"enemies":"Cultist","floor":7.0,"turns":3.0},{"damage":0.0,"enemies":"The Mushroom Lair","floor":11.0,"turns":2.0},{"damage":0.0,"enemies":"Exordium Wildlife","floor":14.0,"turns":3.0},{"damage":0.0,"enemies":"Slime Boss","floor":16.0,"turns":6.0},{"damage":38.0,"enemies":"2 Thieves","floor":18.0,"turns":5.0},{"damage":0.0,"enemies":"Spheric Guardian","floor":21.0,"turns":2.0},{"damage":78,"enemies":"Slavers","floor":24,"turns":5}],"seed_played":"7634433661203191408","potions_obtained":[{"floor":1.0,"key":"ColorlessPotion"},{"floor":14.0,"key":"Block Potion"}],"is_trial":false,"path_per_floor":["M","$","?","M","?","R","M","R","T","R","?","R","$","M","R","B",null,"M","?","?","M","$","R","E"],"character_chosen":"WATCHER","items_purchased":["ConjureBlade","Panacea"],"campfire_rested":2,"item_purchase_floors":[13,22],"current_hp_per_floor":[65,65,65,63,49,70,70,70,70,70,70,70,70,70,70,70,72,34,58,42,42,42,63,0,0],"gold":9,"neow_bonus":"BOSS_RELIC","is_daily":false,"chose_seed":false,"campfire_upgraded":4,"win_rate":0.0,"timestamp":1611987893,"path_taken":["M","$","?","M","?","R","M","R","T","R","?","R","$","M","R","BOSS","M","?","?","M","$","R","E"],"items_purchased_type":["Card","Card"],"build_version":"2020-12-22","purchased_purges":2,"victory":false,"max_hp_per_floor":[72,72,72,72,72,72,72,72,72,72,72,72,72,72,72,72,72,72,72,72,72,72,72,72,72],"card_choices":[{"not_picked":["ClearTheMind","ForeignInfluence"],"picked":"Conclude","floor":1.0},{"not_picked":["FlyingSleeves","CrushJoints"],"picked":"CarveReality","floor":4.0},{"not_picked":["FollowUp","EmptyFist"],"picked":"WindmillStrike","floor":7.0},{"not_picked":["Halt","Crescendo"],"picked":"LikeWater","floor":11.0},{"not_picked":["Halt","SashWhip+1"],"picked":"Pray","floor":14.0},{"not_picked":["Wish","Blasphemy"],"picked":"MasterReality","floor":16.0},{"not_picked":["ReachHeaven+1","Wireheading"],"picked":"WindmillStrike+1","floor":18.0},{"not_picked":["FlurryOfBlows+1","JustLucky+1"],"picked":"TalkToTheHand+1","floor":21.0}],"player_experience":492825,"relics_obtained":[{"floor":9.0,"key":"Molten Egg 2"},{"floor":11.0,"key":"Odd Mushroom"},{"floor":20.0,"key":"Necronomicon"}],"event_choices":[{"damage_healed":0.0,"max_hp_gain":0.0,"max_hp_loss":0.0,"gold_gain":0.0,"cards_transformed":["Defend_P"],"event_name":"Living Wall","player_choice":"Change","floor":3.0,"gold_loss":0.0,"damage_taken":0.0,"cards_obtained":["MentalFortress"]},{"damage_healed":0.0,"max_hp_gain":0.0,"max_hp_loss":0.0,"gold_gain":0.0,"event_name":"Shining Light","player_choice":"Entered Light","floor":5.0,"gold_loss":0.0,"damage_taken":14.0,"cards_upgraded":["Defend_P","Defend_P"]},{"damage_healed":0.0,"max_hp_gain":0.0,"max_hp_loss":0.0,"gold_gain":0.0,"event_name":"Mushrooms","player_choice":"Fought Mushrooms","floor":11.0,"gold_loss":0.0,"damage_taken":0.0},{"damage_healed":24.0,"max_hp_gain":0.0,"max_hp_loss":0.0,"gold_gain":0.0,"event_name":"The Library","player_choice":"Heal","floor":19.0,"gold_loss":0.0,"damage_taken":0.0},{"damage_healed":0.0,"max_hp_gain":0.0,"max_hp_loss":0.0,"gold_gain":0.0,"event_name":"Cursed Tome","player_choice":"Obtained Book","floor":20.0,"gold_loss":0.0,"damage_taken":16.0}],"is_beta":false,"boss_relics":[{"not_picked":["Calling Bell","Black Star"],"picked":"Astrolabe"}],"items_purged_floors":[2,13],"is_endless":false,"potions_floor_spawned":[1,14],"killed_by":"Slavers","ascension_level":8}}