{"host":"roto7j7840a50pxh","time":1611979841,"event":{"mods":["Act Like it!","BaseMod","Better Altar","Better Note","Better Sensory Stone","Better Skull","Better Third Choice","BetterRewards","Colored Map","Colored Powertips","Downfall","Hermit","Highlight Path","Hubris","Infinite Spire","Minty Spire (QoL Compilation)","Replay The Spire","Robot Space Explorer","Shade Mod","Spicy Shops","StSLib","The Construct","The Cursed","The Dragon Tamer","The Hierophant","The Necromancer","The Runesmith","The Servant 0.9.4","TheVacant"],"gold_per_floor":[99,114,130,130,144,154,206,318,335,26,44,61,87,262,279,383,383,383,403,403,114,130,130,177,177,177,207,218,229,229,245,256,256,256,256],"floor_reached":33,"language":"ENG","playtime":3686,"items_purged":[],"score":348,"play_id":"79a43c4c-ec10-4c97-aebf-a1a0a9a22d56","local_time":"20210129231041","is_ascension_mode":false,"campfire_choices":[{"data":"hexamod:Float","floor":1.0,"key":"SMITH"},{"data":"hexamod:TimeOfNeed","floor":18,"key":"SMITH"},{"data":"hexamod:FastForward","floor":26,"key":"SMITH"},{"floor":30,"key":"REST"}],"circlet_count":0,"master_deck":["hexamod:Strike","hexamod:Strike","hexamod:Strike","hexamod:Defend+1","hexamod:Defend","hexamod:Defend+1","hexamod:Defend","hexamod:Sear","hexamod:Float+1","hexamod:FlameSwitch","hexamod:NightmareGuise","hexamod:PowerFromBeyond","hexamod:RetreatToShadows+1","hexamod:FastForward+1","hexamod:PhantomFireball","hexamod:SpectersWail","hexamod:SpectersWail","hexamod:DynamicBlow","hexamod:UnleashSpirits","hexamod:HeatCrush","hexamod:FlamesFromBeyond","hexamod:GhostLash","hexamod:SpectersWail","hexamod:TimeOfNeed+1","hexamod:GhostLash","DTMod:ExcessFootwork","hexamod:GhostLash","hexamod:SwordOfDarkness","expansioncontent:StudyTheSpire","hexamod:SoulSteal","RitualDagger","hexamod:FirstSeal","hexamod:ShieldOfDarkness","hexamod:RainOfEmbers","hexamod:NightmareGuise","hexamod:SpectersWail+1","hexamod:AdvancingGuard"],"relics":["hexamod:SpiritBrand","Pet Ghost","Omamori","War Paint","Replay:Mystery Machine","Tiny Chest","Replay:Wax Seal"],"acts_visited":["Exordium","TheCity"],"potions_floor_usage":[21,27,27,27,27,27,28,33,33],"damage_taken":[{"damage":0.0,"enemies":"Small Slimes","floor":2.0,"turns":4.0},{"damage":3.0,"enemies":"2 Louse","floor":3.0,"turns":3.0},{"damage":0.0,"enemies":"Cultist","floor":5.0,"turns":5.0},{"damage":0.0,"enemies":"3 Louse","floor":6.0,"turns":3.0},{"damage":0.0,"enemies":"2 Fungi Beasts","floor":9.0,"turns":4.0},{"damage":0.0,"enemies":"downfall:FleeingMerchant","floor":10.0,"turns":4.0},{"damage":5.0,"enemies":"Exordium Thugs","floor":11.0,"turns":2.0},{"damage":8.0,"enemies":"Large Slime","floor":12.0,"turns":5.0},{"damage":0.0,"enemies":"Lagavulin","floor":13.0,"turns":7.0},{"damage":0.0,"enemies":"Blue Slaver","floor":15.0,"turns":3.0},{"damage":18.0,"enemies":"WA_ARCHETYPE_RETAIN","floor":16.0,"turns":7.0},{"damage":9,"enemies":"Spheric Guardian","floor":19,"turns":4},{"damage":10,"enemies":"downfall:FleeingMerchant","floor":21,"turns":4},{"damage":5,"enemies":"3 Byrds","floor":22,"turns":3},{"damage":8,"enemies":"Gremlin Leader","floor":27,"turns":4},{"damage":16,"enemies":"Shelled Parasite and Fungi","floor":28,"turns":5},{"damage":8,"enemies":"3 Cultists","floor":29,"turns":4},{"damage":10,"enemies":"Sentry and Sphere","floor":31,"turns":5},{"damage":3,"enemies":"Snecko","floor":32,"turns":4},{"damage":47,"enemies":"IC_MUSHROOM_ARCHETYPE","floor":33,"turns":7}],"seed_played":"7506431216906258372","potions_obtained":[{"floor":2.0,"key":"hexamod:EctoCoolerPotion"},{"floor":12.0,"key":"Explosive Potion"},{"floor":15.0,"key":"EntropicBrew"},{"floor":16.0,"key":"SteroidPotion"},{"floor":19,"key":"champ:CounterPotion"},{"floor":22,"key":"Energy Potion"},{"floor":31,"key":"Fire Potion"},{"floor":32,"key":"sneckomod:MuddlingPotion"}],"is_trial":false,"path_per_floor":["R","M","M","?","M","M","T","?","M","$","M","M","E","?","M","B",null,"R","M","?","$","M","?","T","?","R","E","M","M","R","M","M","B"],"character_chosen":"THE_SPIRIT","items_purchased":["hexamod:DynamicBlow","hexamod:UnleashSpirits","Omamori","hexamod:SwordOfDarkness","Replay:Mystery Machine","expansioncontent:StudyTheSpire"],"campfire_rested":1,"item_purchase_floors":[10,10,10,21,21,21],"current_hp_per_floor":[70,70,67,67,67,67,67,59,59,59,54,46,46,46,46,28,70,70,61,61,51,46,40,40,33,33,25,9,8,29,26,30,0,0,0],"gold":256,"neow_bonus":"ONE_RANDOM_RARE_CARD","is_daily":false,"chose_seed":false,"campfire_upgraded":3,"win_rate":0.0,"timestamp":1611979841,"path_taken":["R","M","M","?","M","M","T","?","M","$","M","?","E","?","M","BOSS","R","M","?","$","M","?","T","?","R","E","M","M","R","M","M","BOSS"],"items_purchased_type":["Card","Card","Relic","Card","Relic","Card"],"build_version":"2020-12-22","purchased_purges":0,"victory":false,"max_hp_per_floor":[70,70,70,70,70,70,70,70,70,70,70,70,70,70,70,70,70,70,70,70,70,70,70,70,70,70,70,70,70,70,70,70,70,70,70],"card_choices":[{"not_picked":["hexamod:HeatMetal","hexamod:GhostShield"],"picked":"hexamod:NightmareGuise","floor":2.0},{"not_picked":["hexamod:HeatMetal","hexamod:NightmareStrike"],"picked":"hexamod:PowerFromBeyond","floor":3.0},{"not_picked":["hexamod:NightmareStrike","hexamod:ShieldOfDarkness"],"picked":"hexamod:FastForward","floor":5.0},{"not_picked":["hexamod:FastForward","hexamod:BacktrackSmack"],"picked":"hexamod:PhantomFireball","floor":6.0},{"not_picked":["hexamod:InspiringFlames","hexamod:FirstSeal"],"picked":"hexamod:SpectersWail","floor":9.0},{"not_picked":["hexamod:FastForward","hexamod:RecurringNightmare"],"picked":"hexamod:SpectersWail","floor":10.0},{"not_picked":["hexamod:GhostShield","hexamod:PhantomCloak"],"picked":"hexamod:HeatCrush","floor":11.0},{"not_picked":["hexamod:Rewind","hexamod:SearingWound"],"picked":"hexamod:FlamesFromBeyond","floor":12.0},{"not_picked":["hexamod:HeatMetal","hexamod:SkipABeat"],"picked":"hexamod:GhostLash","floor":13.0},{"not_picked":["hexamod:FastForward","hexamod:ShieldOfDarkness"],"picked":"hexamod:SpectersWail","floor":15.0},{"not_picked":["hexamod:ApocalypticArmor","hexamod:GhostflameInferno"],"picked":"hexamod:TimeOfNeed","floor":16.0},{"not_picked":["hexamod:NightmareGuise","hexamod:EtherealExpedition"],"picked":"hexamod:GhostLash","floor":19},{"not_picked":["hexamod:NightmareGuise","hexamod:SpectralSpark"],"picked":"hexamod:GhostLash","floor":21},{"not_picked":["hexamod:ShieldOfDarkness","hexamod:CatchUp+1"],"picked":"hexamod:SoulSteal","floor":22},{"not_picked":["hexamod:NightmareStrike","hexamod:HeatMetal"],"picked":"hexamod:ShieldOfDarkness","floor":27},{"not_picked":["hexamod:ThirdSeal","hexamod:BurningTouch"],"picked":"hexamod:RainOfEmbers","floor":28},{"not_picked":["hexamod:Toasty","hexamod:PhantomCloak"],"picked":"hexamod:NightmareGuise","floor":29},{"not_picked":["hexamod:AdvancingGuard+1","hexamod:CatchUp"],"picked":"hexamod:SpectersWail+1","floor":31},{"not_picked":["hexamod:ThermalTransfer+1","hexamod:TimeWarp"],"picked":"hexamod:AdvancingGuard","floor":32}],"player_experience":1727285,"relics_obtained":[{"floor":7.0,"key":"Pet Ghost"},{"floor":13.0,"key":"War Paint"},{"floor":24,"key":"Tiny Chest"},{"floor":27,"key":"Replay:Wax Seal"}],"event_choices":[{"damage_healed":0.0,"max_hp_gain":0.0,"max_hp_loss":0.0,"gold_gain":112.0,"event_name":"betterSkull:BetterSkull","player_choice":"GO ","floor":8.0,"gold_loss":0.0,"damage_taken":9.0,"cards_upgraded":[],"relics_obtained":[]},{"cards_removed":["hexamod:TimeOfNeed"],"damage_healed":0,"gold_gain":0,"player_choice":"Take \u0026 Give","damage_taken":0,"max_hp_gain":0,"max_hp_loss":0,"event_name":"betterNote:BetterNote","floor":20,"gold_loss":0,"cards_obtained":["DTMod:ExcessFootwork"]}],"is_beta":false,"boss_relics":[{"not_picked":["hubris:CrackedHourglass","ReplayTheSpireMod:DimensionalGlitch","Replay:Drink Me"]}],"items_purged_floors":[],"is_endless":false,"potions_floor_spawned":[2,12,15,16,19,22,31,32],"killed_by":"IC_MUSHROOM_ARCHETYPE","ascension_level":0}}