{"host":"w0r0bzsul0vy4upc","time":1611985732,"event":{"mods":["AchievementEnabler","Aspiration","BaseMod","Better Altar","Better Third Choice","BetterRewards","Colored Map","Colored Powertips","Downfall","Gold Saver","Minty Spire (QoL Compilation)","Quick Restart","Rare Cards Sparkle","Relic Stats","Shop Mod","Spicy Shops","StSLib","The Blue Laboratory","The Mystic","The Necromancer","The Poker Player"],"gold_per_floor":[146,146,161,179,199,299,325,666,698,717,717,750,750,750,764,867,867,867,878,890,135,145,145,171,33,49,68,168,168,168,197,213,308,308,308,318,318,317,327,316,316,41,41,333,348,361,361,395,409,409,409,409],"floor_reached":50,"language":"FRA","playtime":9946,"items_purged":["Slimebound:Tackle","Slimebound:WasteNot","Pain","Pride"],"score":627,"play_id":"05f7c7dc-f7f9-4efe-9926-0d8725be242b","local_time":"20210130004852","is_ascension_mode":false,"campfire_choices":[{"data":"Slimebound:Defend_Slimebound","floor":1,"key":"SMITH"},{"floor":8,"key":"REST"},{"floor":11,"key":"REST"},{"floor":13,"key":"REST"},{"data":"Slimebound:PrepareCrush","floor":18,"key":"SMITH"},{"floor":30,"key":"REST"},{"floor":35,"key":"RECALL"},{"data":"Slimebound:Defend_Slimebound","floor":47,"key":"PURGE"}],"circlet_count":0,"master_deck":["Slimebound:Defend_Slimebound+1","Slimebound:Defend_Slimebound","Slimebound:Defend_Slimebound","Slimebound:Split","Slimebound:CorrosiveSpit","Slimebound:Repurpose","Slimebound:ItLooksTasty","Slimebound:SplitBruiser","Slimebound:MegaLick","Slimebound:PrepareCrush+1","Slimebound:Grow","Slimebound:Prepare","Slimebound:SamplingLick+1","Slimebound:SlimeSpikes+1","Slimebound:RainOfGoop","The Bomb","Slimebound:RejuvenatingLick","Slimebound:ProtectTheBoss","Slimebound:DisruptingSlam+1","Slimebound:RollThrough+1","Purity","expansioncontent:QuickStudy","Slimebound:Chomp","Slimebound:ItLooksTasty+1","Slimebound:ComboTackle","Slimebound:LivingWall","Slimebound:RejuvenatingLick","Slimebound:FormOfPuddle+1","Slimebound:Teamwork","Slimebound:RainOfGoop+1","Slimebound:SplitMire","Slimebound:LivingWall","Slimebound:RollThrough","Slimebound:HauntingLick+1","Dramatic Entrance","Slimebound:ProtectTheBoss","Apotheosis","Slimebound:SplitAcid+1","Slimebound:HauntingLick+1","Slimebound:Dissolve","Secret Technique","Madness","Slimebound:OozeBath","expansioncontent:InvincibleStrength","expansioncontent:YouAreMine","Slimebound:OneTwoCombo","Parasite","Slimebound:HauntingLick+1","Slimebound:RejuvenatingLick+1"],"relics":["Slimebound:AbsorbEndCombat","Blue Candle","Ancient Tea Set","Bottled Lightning","aspiration:DSix","aspiration:SecretTechniqueScroll","MerchantsRug","Frozen Eye","Bronze Scales","Strawberry","Lee\u0027s Waffle","downfall:KnowingSkull","Slimebound:MaxSlimesRelic","Regal Pillow","Prayer Wheel","Sundial","Meat on the Bone","Torii","Fusion Hammer","Vajra","Juzu Bracelet","Chemical X","TheAbacus","Peace Pipe","Ornamental Fan","Happy Flower","aspiration:FetidBarrel","Bottled Flame"],"acts_visited":["Exordium","TheCity","TheBeyond"],"potions_floor_usage":[15,25,27,28,31,32,33,48],"damage_taken":[{"damage":9,"enemies":"Jaw Worm","floor":3,"turns":4},{"damage":3,"enemies":"Small Slimes","floor":4,"turns":3},{"damage":0,"enemies":"2 Louse","floor":5,"turns":3},{"damage":18,"enemies":"Lagavulin","floor":9,"turns":5},{"damage":11,"enemies":"Large Slime","floor":10,"turns":5},{"damage":43,"enemies":"3 Sentries","floor":12,"turns":7},{"damage":10,"enemies":"Exordium Thugs","floor":15,"turns":3},{"damage":42,"enemies":"IC_STATUS_ARCHETYPE","floor":16,"turns":10},{"damage":15,"enemies":"Spheric Guardian","floor":19,"turns":4},{"damage":24,"enemies":"3 Byrds","floor":20,"turns":6},{"damage":2,"enemies":"downfall:FleeingMerchant","floor":21,"turns":4},{"damage":8,"enemies":"Snecko","floor":22,"turns":5},{"damage":7,"enemies":"downfall:FleeingMerchant","floor":25,"turns":4},{"damage":15,"enemies":"3 Cultists","floor":26,"turns":5},{"damage":18,"enemies":"Snake Plant","floor":27,"turns":4},{"damage":32,"enemies":"Colosseum Nobs","floor":28,"turns":4},{"damage":33,"enemies":"Book of Stabbing","floor":31,"turns":5},{"damage":2,"enemies":"Centurion and Healer","floor":32,"turns":6},{"damage":31,"enemies":"WA_ARCHETYPE_CALM","floor":33,"turns":9},{"damage":2,"enemies":"Orb Walker","floor":36,"turns":3},{"damage":11,"enemies":"downfall:FleeingMerchant","floor":38,"turns":4},{"damage":26,"enemies":"3 Shapes","floor":39,"turns":3},{"damage":4,"enemies":"downfall:FleeingMerchant","floor":40,"turns":2},{"damage":0,"enemies":"3 Darklings","floor":45,"turns":2},{"damage":1,"enemies":"Writhing Mass","floor":46,"turns":4},{"damage":2,"enemies":"Giant Head","floor":48,"turns":7},{"damage":7,"enemies":"Sphere and 2 Shapes","floor":49,"turns":2},{"damage":85,"enemies":"DF_ARCHETYPE_ORBS","floor":50,"turns":4}],"seed_played":"4318350957383912963","potions_obtained":[{"floor":3,"key":"Slimebound:SlimyTonguePotion"},{"floor":15,"key":"EntropicBrew"},{"floor":16,"key":"Fire Potion"},{"floor":19,"key":"blueLaboratory:BottledHope"},{"floor":27,"key":"hexamod:SoulburnPotion"},{"floor":31,"key":"Slimebound:SlimedPotion"},{"floor":33,"key":"blueLaboratory:NullPotion"},{"floor":39,"key":"blueLaboratory:CorrosionFlask"},{"floor":45,"key":"blueLaboratory:LouseDecoction"},{"floor":48,"key":"blueLaboratory:FruitPunch"}],"is_trial":false,"path_per_floor":["R","?","M","M","M","?","T","R","E","M","R","E","R","?","M","B",null,"R","M","M","$","M","?","T","$","M","M","?","?","R","E","M","B",null,"R","M","?","$","M","$","T","?","?","?","M","M","R","E","M","B"],"character_chosen":"SLIMEBOUND","items_purchased":["MerchantsRug","Slimebound:RainOfGoop","The Bomb","Slimebound:RejuvenatingLick","Slimebound:ProtectTheBoss","Frozen Eye","Bronze Scales","Strawberry","Lee\u0027s Waffle","Slimebound:MaxSlimesRelic","Purity","expansioncontent:QuickStudy","Regal Pillow","DuplicationPotion","LiquidMemories","Dramatic Entrance","Slimebound:ProtectTheBoss","Apotheosis","Vajra","Juzu Bracelet","Chemical X","TheAbacus","blueLaboratory:SavagePotion","blueLaboratory:BottleOfVodka","Secret Technique","Peace Pipe","Ornamental Fan","Happy Flower","Madness","Slimebound:OozeBath"],"campfire_rested":4,"item_purchase_floors":[21,21,21,21,21,21,21,21,21,25,25,25,25,25,25,38,38,38,38,38,38,38,38,38,40,40,40,40,40,40],"current_hp_per_floor":[71,66,59,58,60,60,60,71,57,50,71,34,55,55,47,11,71,71,56,38,85,77,71,71,66,57,43,11,11,51,36,54,43,85,85,84,84,79,55,53,53,53,48,74,74,74,74,74,73,0,0,0],"gold":409,"neow_bonus":"TEN_PERCENT_HP_BONUS","is_daily":false,"chose_seed":false,"campfire_upgraded":2,"win_rate":0.0,"timestamp":1611985732,"path_taken":["R","?","M","M","M","?","T","R","E","M","R","E","R","?","M","BOSS","R","M","M","$","M","?","T","$","M","?","?","?","R","E","M","BOSS","R","M","?","$","M","?","T","?","?","?","M","M","R","E","M","BOSS"],"items_purchased_type":["Relic","Card","Card","Card","Card","Relic","Relic","Relic","Relic","Relic","Card","Card","Relic","Potion","Potion","Card","Card","Card","Relic","Relic","Relic","Relic","Potion","Potion","Card","Relic","Relic","Relic","Card","Card"],"build_version":"2020-12-22","purchased_purges":4,"victory":false,"max_hp_per_floor":[71,71,71,71,71,71,71,71,71,71,71,71,71,71,71,71,71,71,71,71,85,85,85,85,85,85,85,85,85,85,85,85,85,85,85,85,85,85,85,85,85,85,85,74,74,74,74,74,74,74,74,74],"relic_stats":{"Lee\u0027s Waffle":40,"Regal Pillow":15,"Torii":18,"Happy Flower":[6],"counters":[28,125],"Blue Candle":[7],"Juzu Bracelet":1,"Peace Pipe":2,"TheAbacus":[6],"Sundial":[2],"Ornamental Fan":[16],"Bronze Scales":[175],"Prayer Wheel":6,"Chemical X":[3],"obtain_stats":[{"Regal Pillow":25,"Torii":31,"Vajra":38,"Juzu Bracelet":38,"Ancient Tea Set":7,"Frozen Eye":21,"Slimebound:MaxSlimesRelic":25,"TheAbacus":38,"Sundial":28,"Strawberry":21,"downfall:KnowingSkull":23,"Prayer Wheel":28,"Fusion Hammer":34,"Chemical X":38,"aspiration:DSix":12,"MerchantsRug":21,"Lee\u0027s Waffle":21,"Happy Flower":40,"aspiration:FetidBarrel":41,"Blue Candle":2,"aspiration:SecretTechniqueScroll":17,"Peace Pipe":40,"Bottled Flame":48,"Ornamental Fan":40,"Bronze Scales":21,"Slimebound:AbsorbEndCombat":0,"Bottled Lightning":9,"Meat on the Bone":29},{"Regal Pillow":13,"Torii":17,"Vajra":21,"Juzu Bracelet":21,"Ancient Tea Set":3,"Frozen Eye":11,"Slimebound:MaxSlimesRelic":13,"TheAbacus":21,"Sundial":16,"Strawberry":11,"downfall:KnowingSkull":12,"Prayer Wheel":16,"Fusion Hammer":19,"Chemical X":21,"aspiration:DSix":6,"MerchantsRug":11,"Lee\u0027s Waffle":11,"Happy Flower":23,"aspiration:FetidBarrel":23,"Blue Candle":0,"aspiration:SecretTechniqueScroll":8,"Peace Pipe":23,"Bottled Flame":26,"Ornamental Fan":23,"Bronze Scales":11,"Slimebound:AbsorbEndCombat":0,"Bottled Lightning":4,"Meat on the Bone":16},{"Regal Pillow":61,"Torii":79,"Vajra":101,"Juzu Bracelet":101,"Ancient Tea Set":9,"Frozen Eye":52,"Slimebound:MaxSlimesRelic":61,"TheAbacus":101,"Sundial":74,"Strawberry":52,"downfall:KnowingSkull":57,"Prayer Wheel":74,"Fusion Hammer":94,"Chemical X":101,"aspiration:DSix":26,"MerchantsRug":52,"Lee\u0027s Waffle":52,"Happy Flower":106,"aspiration:FetidBarrel":106,"Blue Candle":0,"aspiration:SecretTechniqueScroll":39,"Peace Pipe":106,"Bottled Flame":119,"Ornamental Fan":106,"Bronze Scales":52,"Slimebound:AbsorbEndCombat":0,"Bottled Lightning":14,"Meat on the Bone":74}],"Meat on the Bone":36},"card_choices":[{"not_picked":["Slimebound:Schlurp","Slimebound:RejuvenatingLick"],"picked":"Slimebound:Repurpose","floor":3},{"not_picked":["Slimebound:GoopTackle","Slimebound:Prepare"],"picked":"Slimebound:LevelUp","floor":4},{"not_picked":["Slimebound:SplitMire","Slimebound:Dissolve"],"picked":"Slimebound:ItLooksTasty","floor":5},{"not_picked":["Slimebound:Replication","Slimebound:SpikyOuterGoop"],"picked":"Slimebound:SplitBruiser","floor":9},{"not_picked":["Slimebound:LivingWall","Slimebound:SpikyOuterGoop"],"picked":"Slimebound:MegaLick","floor":10},{"not_picked":["Slimebound:Equalize","Slimebound:SlimeBarrage"],"picked":"Slimebound:PrepareCrush","floor":12},{"not_picked":["Slimebound:ItLooksTasty","Slimebound:Chomp"],"picked":"Slimebound:Grow","floor":15},{"not_picked":["Slimebound:MassFeed","Slimebound:MinionMaster"],"picked":"Slimebound:WasteNot","floor":16},{"not_picked":["Slimebound:GoopTackle+1","Slimebound:HauntingLick+1"],"picked":"Slimebound:Prepare","floor":19},{"not_picked":["Slimebound:DisruptingSlam","Slimebound:LevelUp"],"picked":"Slimebound:SamplingLick+1","floor":20},{"not_picked":["Slimebound:RallyTheTroops","Slimebound:FinishingTackle"],"picked":"Slimebound:SlimeSpikes+1","floor":21},{"not_picked":["Slimebound:MegaLick","Slimebound:ItLooksTasty"],"picked":"Slimebound:DisruptingSlam+1","floor":22},{"not_picked":["Slimebound:FinishingTackle","Slimebound:LevelUp"],"picked":"Slimebound:RollThrough+1","floor":25},{"not_picked":["Slimebound:RollThrough","Slimebound:FinishingTackle"],"picked":"Slimebound:Chomp","floor":26},{"not_picked":["Slimebound:GoopTackle","Slimebound:MegaLick+1"],"picked":"Slimebound:ItLooksTasty+1","floor":27},{"not_picked":["Slimebound:LeadByExample+1","Slimebound:HauntingLick"],"picked":"Slimebound:ComboTackle","floor":28},{"not_picked":["Slimebound:FinishingTackle","Slimebound:GoopTackle+1"],"picked":"Slimebound:LivingWall","floor":31},{"not_picked":["Slimebound:LeechingTouch","Slimebound:Chomp"],"picked":"Slimebound:RejuvenatingLick","floor":32},{"not_picked":["Slimebound:Repurpose+1","Slimebound:HauntingLick"],"picked":"Slimebound:FormOfPuddle+1","floor":32},{"not_picked":["Slimebound:PrepareCrush","Slimebound:RallyTheTroops"],"picked":"Slimebound:Teamwork","floor":33},{"not_picked":["Slimebound:SplitLeeching","Slimebound:ItLooksTasty"],"picked":"Slimebound:RainOfGoop+1","floor":36},{"not_picked":["Slimebound:ViciousTackle+1","Slimebound:RollThrough+1","Slimebound:ProtectTheBoss+1"],"picked":"SKIP","floor":36},{"not_picked":["Slimebound:ComboTackle+1","Slimebound:SamplingLick"],"picked":"Slimebound:HauntingLick+1","floor":38},{"not_picked":["Slimebound:Teamwork","Slimebound:PressTheAttack+1"],"picked":"Slimebound:SplitAcid+1","floor":39},{"not_picked":["Slimebound:FinishingTackle+1","Slimebound:Gluttony"],"picked":"Slimebound:HauntingLick+1","floor":39},{"not_picked":["Slimebound:Repurpose","Slimebound:SplitLeeching"],"picked":"Slimebound:Dissolve","floor":40},{"not_picked":["expansioncontent:Chronoboost","expansioncontent:Hexaburn"],"picked":"expansioncontent:InvincibleStrength","floor":43},{"not_picked":["expansioncontent:DecaShield","expansioncontent:PolyBeam"],"picked":"expansioncontent:YouAreMine","floor":43},{"not_picked":["Slimebound:SplitAcid+1","Slimebound:FlameTackle"],"picked":"Slimebound:OneTwoCombo","floor":45},{"not_picked":["Slimebound:SplitMire+1","Slimebound:LeechEnergy+1","Slimebound:RollThrough"],"picked":"SKIP","floor":45},{"not_picked":["Slimebound:PressTheAttack","Slimebound:SplitBruiser","Slimebound:FlameTackle+1"],"picked":"SKIP","floor":46},{"not_picked":["Slimebound:LeechEnergy+1","Slimebound:ItLooksTasty+1","Slimebound:ForwardTackle"],"picked":"SKIP","floor":46},{"not_picked":["Slimebound:Prepare+1","Slimebound:OneTwoCombo"],"picked":"Slimebound:HauntingLick+1","floor":48},{"not_picked":["Slimebound:FinishingTackle+1","Slimebound:Equalize"],"picked":"Slimebound:RejuvenatingLick+1","floor":49},{"not_picked":["Slimebound:RainOfGoop","Slimebound:Chomp+1","Slimebound:GoopTackle+1"],"picked":"SKIP","floor":49}],"player_experience":132364,"relics_obtained":[{"floor":7,"key":"Ancient Tea Set"},{"floor":9,"key":"Bottled Lightning"},{"floor":12,"key":"aspiration:DSix"},{"floor":28,"key":"Prayer Wheel"},{"floor":28,"key":"Sundial"},{"floor":31,"key":"Torii"},{"floor":41,"key":"aspiration:FetidBarrel"},{"floor":48,"key":"Bottled Flame"}],"event_choices":[{"damage_healed":0,"gold_gain":0,"player_choice":"Stole Relic","damage_taken":0,"relics_obtained":["Meat on the Bone"],"max_hp_gain":0,"max_hp_loss":0,"event_name":"Addict","floor":29,"gold_loss":0,"cards_obtained":["Pride"]}],"is_beta":false,"boss_relics":[{"not_picked":["Cursed Key","Busted Crown"],"picked":"aspiration:SecretTechniqueScroll"},{"not_picked":["Empty Cage","SacredBark"],"picked":"Fusion Hammer"}],"items_purged_floors":[38,40,42,42],"is_endless":false,"potions_floor_spawned":[3,15,16,19,20,27,31,33,39,45,48],"killed_by":"DF_ARCHETYPE_ORBS","ascension_level":0}}