{"host":"lv7etzzgwahaenh9","time":1611973212,"event":{"mods":["AchievementEnabler","BaseMod","Colored Map","Colored Powertips","Highlight Path","Minty Spire (QoL Compilation)","Permanent Neow","Quick Restart","Random Character Button","StSLib"],"gold_per_floor":[119,119,5,22,32,57,57,11,11,29,56,56,81,101,101,201,201,211,227,227,227,227,227,254,254,278,309,309,309,343,359,359,457,457,471,123,134,134,134,160,511,511,511,165,190,207,207,221,221,221,221,221,140,166,166],"floor_reached":56,"language":"ENG","playtime":3335,"items_purged":["Normality","Cold Snap","Doom and Gloom"],"score":1951,"play_id":"a295f3f4-9b09-4c93-b8cd-e531aecf70a4","local_time":"20210129182012","is_ascension_mode":true,"campfire_choices":[{"floor":7,"key":"REST"},{"data":"Hologram","floor":15,"key":"SMITH"},{"data":"Ghostly","floor":23,"key":"SMITH"},{"data":"Ghostly","floor":25,"key":"SMITH"},{"data":"Ghostly","floor":29,"key":"SMITH"},{"data":"Ghostly","floor":32,"key":"SMITH"},{"floor":47,"key":"RECALL"},{"data":"Echo Form","floor":49,"key":"SMITH"},{"data":"Ghostly","floor":52,"key":"SMITH"}],"circlet_count":0,"master_deck":["Zap+1","Dualcast","All For One","Gash","Self Repair","Go for the Eyes","Beam Cell","Leap","Undo","Streamline","Hologram+1","Biased Cognition","Reprogram+1","Gash","Ghostly+1","Ghostly+1","Ghostly+1","Ghostly+1","Ghostly+1","Gash","Skim","J.A.X.","Echo Form+1","Go for the Eyes","Go for the Eyes","All For One","Hologram","Gash","Defragment+1","Beam Cell+1","Barrage","Recycle+1","Enlightenment"],"relics":["Cracked Core","Cables","Orichalcum","Anchor","Potion Belt","Nuclear Battery","DataDisk","Pen Nib","Regal Pillow","Symbiotic Virus","Pandora\u0027s Box","HandDrill","Kunai","Old Coin","Sling","Pear","Bag of Preparation"],"acts_visited":["Exordium","TheCity","TheBeyond","TheEnding"],"potions_floor_usage":[6,13,33,45,55,55,55,55,55,55,55,55,55,55],"damage_taken":[{"damage":7,"enemies":"Jaw Worm","floor":1,"turns":3},{"damage":0,"enemies":"Cultist","floor":4,"turns":2},{"damage":6,"enemies":"2 Louse","floor":5,"turns":2},{"damage":30,"enemies":"Lagavulin","floor":6,"turns":6},{"damage":4,"enemies":"Exordium Thugs","floor":10,"turns":4},{"damage":12,"enemies":"3 Sentries","floor":11,"turns":5},{"damage":13,"enemies":"Gremlin Nob","floor":13,"turns":3},{"damage":0,"enemies":"Large Slime","floor":14,"turns":3},{"damage":0,"enemies":"Slime Boss","floor":16,"turns":9},{"damage":4,"enemies":"2 Thieves","floor":18,"turns":3},{"damage":12,"enemies":"3 Byrds","floor":19,"turns":5},{"damage":4,"enemies":"Slavers","floor":24,"turns":10},{"damage":0,"enemies":"Book of Stabbing","floor":27,"turns":5},{"damage":28,"enemies":"Slavers","floor":30,"turns":4},{"damage":0,"enemies":"Snecko","floor":31,"turns":3},{"damage":13,"enemies":"Automaton","floor":33,"turns":10},{"damage":0,"enemies":"Orb Walker","floor":35,"turns":3},{"damage":4,"enemies":"3 Shapes","floor":37,"turns":4},{"damage":0,"enemies":"Giant Head","floor":40,"turns":6},{"damage":16,"enemies":"2 Orb Walkers","floor":41,"turns":6},{"damage":18,"enemies":"Reptomancer","floor":45,"turns":4},{"damage":0,"enemies":"3 Darklings","floor":46,"turns":4},{"damage":0,"enemies":"Spire Growth","floor":48,"turns":4},{"damage":4,"enemies":"Donu and Deca","floor":50,"turns":7},{"damage":2,"enemies":"Shield and Spear","floor":54,"turns":5},{"damage":42,"enemies":"The Heart","floor":55,"turns":8}],"seed_played":"-59370788037515420","potions_obtained":[{"floor":5,"key":"ColorlessPotion"},{"floor":6,"key":"PotionOfCapacity"},{"floor":11,"key":"SneckoOil"},{"floor":24,"key":"BlessingOfTheForge"},{"floor":27,"key":"DuplicationPotion"},{"floor":30,"key":"Weak Potion"},{"floor":40,"key":"PotionOfCapacity"},{"floor":41,"key":"SpeedPotion"},{"floor":46,"key":"PowerPotion"}],"is_trial":false,"path_per_floor":["M","?","$","M","M","E","R","$","T","M","E","?","E","M","R","B",null,"M","M","?","?","?","R","E","R","T","E","?","R","E","M","R","B",null,"M","$","M","?","?","E","?","?","T","$","E","M","R","M","R","B",null,"R","$","E","B",null],"character_chosen":"DEFECT","items_purchased":["Self Repair","Leap","HandDrill","EntropicBrew","Sling","LiquidBronze","Enlightenment"],"campfire_rested":1,"item_purchase_floors":[3,8,36,36,44,44,53],"current_hp_per_floor":[61,61,61,68,62,39,61,61,61,64,52,52,46,53,53,60,71,67,62,37,37,37,37,37,37,37,37,37,37,16,23,23,17,32,32,32,35,35,35,37,28,28,28,28,20,34,34,41,41,44,46,46,46,47,12],"gold":166,"neow_bonus":"THREE_RARE_CARDS","is_daily":false,"chose_seed":false,"campfire_upgraded":7,"win_rate":0.0,"timestamp":1611973212,"path_taken":["M","?","$","M","M","E","R","?","T","M","E","?","E","M","R","BOSS","M","M","?","?","?","R","E","R","T","E","?","R","E","?","R","BOSS","M","$","M","?","?","E","?","?","T","$","E","M","R","?","R","BOSS","R","$","E","BOSS"],"items_purchased_type":["Card","Card","Relic","Potion","Relic","Potion","Card"],"build_version":"2020-12-22","purchased_purges":3,"victory":true,"max_hp_per_floor":[75,75,75,75,75,75,75,75,75,75,75,75,75,75,75,75,75,75,75,37,37,37,37,37,37,37,37,37,37,37,37,37,37,37,37,37,37,37,37,37,37,37,37,37,47,47,47,47,47,47,47,47,47,47,47],"card_choices":[{"not_picked":["Thunder Strike","Seek"],"picked":"All For One","floor":0},{"not_picked":["Compile Driver","Go for the Eyes"],"picked":"Gash","floor":1},{"not_picked":["Rip and Tear","Steam Power"],"picked":"Go for the Eyes","floor":4},{"not_picked":["Compile Driver","Conserve Battery"],"picked":"Ball Lightning","floor":5},{"not_picked":["Recycle","Streamline"],"picked":"Beam Cell","floor":6},{"not_picked":["Double Energy","Turbo"],"picked":"Undo","floor":10},{"not_picked":["Stack","Tempest"],"picked":"Streamline","floor":11},{"not_picked":["Core Surge","Hello World"],"picked":"Hologram","floor":13},{"not_picked":["Barrage","Conserve Battery"],"picked":"Cold Snap","floor":14},{"not_picked":["Meteor Strike","Reboot"],"picked":"Biased Cognition","floor":16},{"not_picked":["Go for the Eyes","Stack"],"picked":"Reprogram+1","floor":18},{"not_picked":["Beam Cell","Skim"],"picked":"Gash","floor":19},{"not_picked":["Conserve Battery","Redo","Genetic Algorithm"],"picked":"SKIP","floor":24},{"not_picked":["Go for the Eyes","Loop"],"picked":"Skim","floor":27},{"not_picked":["Coolheaded","Leap","Double Energy"],"picked":"SKIP","floor":30},{"not_picked":["Storm+1","Leap","Barrage"],"picked":"SKIP","floor":31},{"not_picked":["Hyperbeam","Electrodynamics"],"picked":"Echo Form","floor":33},{"not_picked":["Heatsinks","Stack+1","Rebound+1"],"picked":"SKIP","floor":35},{"not_picked":["Rebound","Streamline"],"picked":"Defragment+1","floor":37},{"not_picked":["Hologram+1","Reprogram+1","Ball Lightning"],"picked":"SKIP","floor":40},{"not_picked":["Glacier","Rebound"],"picked":"Beam Cell+1","floor":41},{"not_picked":["Hello World","Double Energy","Turbo+1"],"picked":"SKIP","floor":45},{"not_picked":["Conserve Battery","Lockon","Self Repair+1"],"picked":"SKIP","floor":46},{"not_picked":["Conserve Battery","Fusion+1"],"picked":"Recycle+1","floor":48},{"not_picked":["Defragment","Ball Lightning","Streamline+1"],"picked":"SKIP","floor":54}],"player_experience":312258,"relics_obtained":[{"floor":6,"key":"Cables"},{"floor":9,"key":"Orichalcum"},{"floor":11,"key":"Anchor"},{"floor":13,"key":"Potion Belt"},{"floor":24,"key":"DataDisk"},{"floor":26,"key":"Pen Nib"},{"floor":27,"key":"Regal Pillow"},{"floor":30,"key":"Symbiotic Virus"},{"floor":40,"key":"Kunai"},{"floor":41,"key":"Old Coin"},{"floor":45,"key":"Pear"},{"floor":54,"key":"Bag of Preparation"}],"event_choices":[{"damage_healed":0,"gold_gain":0,"player_choice":"Upgraded","damage_taken":0,"max_hp_gain":0,"max_hp_loss":0,"event_name":"Upgrade Shrine","floor":2,"gold_loss":0,"cards_upgraded":["Zap"]},{"cards_removed":["Strike_B"],"damage_healed":0,"gold_gain":0,"player_choice":"Purged","damage_taken":0,"max_hp_gain":0,"max_hp_loss":0,"event_name":"Purifier","floor":12,"gold_loss":0},{"damage_healed":0,"gold_gain":0,"player_choice":"Became a Ghost","damage_taken":0,"max_hp_gain":0,"max_hp_loss":38,"event_name":"Ghosts","floor":20,"gold_loss":0,"cards_obtained":["Ghostly","Ghostly","Ghostly","Ghostly","Ghostly"]},{"damage_healed":0,"gold_gain":0,"player_choice":"Read","damage_taken":0,"max_hp_gain":0,"max_hp_loss":0,"event_name":"The Library","floor":21,"gold_loss":0,"cards_obtained":["Gash"]},{"damage_healed":0,"gold_gain":0,"player_choice":"Ignored","damage_taken":0,"max_hp_gain":0,"max_hp_loss":0,"event_name":"Vampires","floor":22,"gold_loss":0},{"damage_healed":0,"gold_gain":0,"player_choice":"Obtain J.A.X.","damage_taken":0,"max_hp_gain":0,"max_hp_loss":0,"event_name":"Drug Dealer","floor":28,"gold_loss":0,"cards_obtained":["J.A.X."]},{"cards_removed":["Beam Cell"],"damage_healed":0,"gold_gain":0,"player_choice":"Removed Attack","damage_taken":0,"max_hp_gain":0,"max_hp_loss":0,"event_name":"Falling","floor":38,"gold_loss":0},{"damage_healed":0,"gold_gain":0,"player_choice":"Ignored","damage_taken":0,"max_hp_gain":0,"max_hp_loss":0,"event_name":"Tomb of Lord Red Mask","floor":39,"gold_loss":0},{"damage_healed":0,"gold_gain":0,"player_choice":"Fight","damage_taken":0,"max_hp_gain":0,"max_hp_loss":0,"event_name":"Mysterious Sphere","floor":41,"gold_loss":0},{"damage_healed":0,"gold_gain":0,"cards_transformed":["Ball Lightning"],"player_choice":"Transformed","damage_taken":0,"max_hp_gain":0,"max_hp_loss":0,"event_name":"Transmorgrifier","floor":42,"gold_loss":0,"cards_obtained":["Barrage"]}],"is_beta":false,"boss_relics":[{"not_picked":["Runic Pyramid","Inserter"],"picked":"Nuclear Battery"},{"not_picked":["Cursed Key","Runic Dome"],"picked":"Pandora\u0027s Box"}],"items_purged_floors":[3,36,44],"is_endless":false,"potions_floor_spawned":[5,6,11,24,27,30,40,41,46],"ascension_level":9}}