{"host":"684z1xpuwaoqmmh1","time":1611978036,"event":{"mods":["BaseMod","Downfall","Hermit","Jorbs\u0027s Wanderer Trilogy","Marisa????????","Minty Spire (QoL Compilation)","Robot Space Explorer","Shade Mod","StSLib","The Bug Knight","The Cursed","The Dragon Tamer","The Hayseed","The Hierophant","The Marked","The Mystic","The Runesmith","The Senshi"],"gold_per_floor":[109,124,142,142,155,190,190,224,224,224,224,249,249,19,19,121,121,131,144,156,156,0,0,0],"floor_reached":23,"language":"ENG","playtime":1100,"items_purged":["Runesmith:Strike_RS"],"score":337,"play_id":"fbcac263-600f-4576-8896-2e96e61b9d7c","local_time":"20210130054036","is_ascension_mode":true,"campfire_choices":[{"data":"Runesmith:Fortify","floor":7,"key":"SMITH"},{"floor":11,"key":"REST"},{"data":"Runesmith:LithiumIon","floor":13,"key":"SMITH"},{"data":"Runesmith:Permafrost","floor":15,"key":"SMITH"}],"circlet_count":0,"master_deck":["Runesmith:Strike_RS","Runesmith:Strike_RS","Runesmith:Defend_RS","Runesmith:Defend_RS","Runesmith:Defend_RS","Runesmith:Defend_RS","Runesmith:CraftFirestone+1","Runesmith:Fortify+1","Runesmith:HeatExchange","Runesmith:ChiselStab","Runesmith:CraftProtectio","Runesmith:CraftMagma","Runesmith:Supernova","Runesmith:LithiumIon+1","Runesmith:Permafrost+1","Runesmith:ReplicatingBarrier","Runesmith:ChargedHammer","Runesmith:HeatedChisel+1","Runesmith:UnstableHammer","Runesmith:LithiumIon"],"relics":["Runesmith:BrokenRuby","Bag of Marbles","Shovel","StoneCalendar","Turnip","Lee\u0027s Waffle","sneckomod:SneckoTalon","MutagenicStrength"],"acts_visited":["Exordium","TheCity"],"potions_floor_usage":[12],"damage_taken":[{"damage":0,"enemies":"Small Slimes","floor":1,"turns":4},{"damage":0,"enemies":"2 Louse","floor":2,"turns":2},{"damage":0,"enemies":"Jaw Worm","floor":3,"turns":4},{"damage":0,"enemies":"Blue Slaver","floor":5,"turns":4},{"damage":12,"enemies":"HollowMod:MossKnight","floor":6,"turns":11},{"damage":11,"enemies":"Lagavulin","floor":8,"turns":7},{"damage":10,"enemies":"3 Sentries","floor":12,"turns":6},{"damage":0,"enemies":"Slime Boss","floor":16,"turns":7},{"damage":6,"enemies":"Shell Parasite","floor":18,"turns":5},{"damage":10,"enemies":"Cultist and Chosen","floor":19,"turns":7},{"damage":41,"enemies":"Snecko","floor":20,"turns":6},{"damage":25,"enemies":"Gremlin Leader","floor":23,"turns":6}],"seed_played":"2298276504294954120","potions_obtained":[{"floor":1,"key":"SpeedPotion"},{"floor":3,"key":"Ancient Potion"},{"floor":8,"key":"Strength Potion"},{"floor":20,"key":"Energy Potion"}],"is_trial":false,"path_per_floor":["M","M","M","?","M","E","R","E","T","?","R","E","R","$","R","B",null,"M","M","M","?","$","E"],"character_chosen":"RUNESMITH_CLASS","items_purchased":["Lee\u0027s Waffle","Runesmith:Permafrost","Runesmith:LithiumIon"],"campfire_rested":1,"item_purchase_floors":[14,14,22],"current_hp_per_floor":[63,63,63,56,56,44,44,33,33,38,60,50,50,82,82,82,82,76,66,25,25,25,0,0],"gold":0,"neow_bonus":"UPGRADE_CARD","is_daily":false,"chose_seed":false,"campfire_upgraded":3,"win_rate":0.0,"timestamp":1611978036,"path_taken":["M","M","M","?","M","E","R","E","T","?","R","E","R","?","R","BOSS","M","M","M","?","$","E"],"items_purchased_type":["Relic","Card","Card"],"build_version":"2020-12-22","purchased_purges":1,"victory":false,"max_hp_per_floor":[70,70,70,70,70,70,70,70,70,75,75,75,75,82,82,82,82,82,82,82,82,82,82,82],"card_choices":[{"not_picked":["Runesmith:Electrocute","Runesmith:Repurpose"],"picked":"Runesmith:HeatExchange","floor":1},{"not_picked":["Runesmith:ElementalConversion","Runesmith:CraftReservo","Runesmith:MakeshiftArmor"],"picked":"SKIP","floor":2},{"not_picked":["Runesmith:Repurpose","Runesmith:HammerThrow"],"picked":"Runesmith:ChiselStab","floor":3},{"not_picked":["Runesmith:Repurpose","Runesmith:StaticCage"],"picked":"Runesmith:CraftProtectio","floor":5},{"not_picked":["Runesmith:ChargedHammer","Runesmith:ChiselStab"],"picked":"Runesmith:CraftMagma","floor":6},{"not_picked":["Runesmith:HeatExchange","Runesmith:Empowerment"],"picked":"Runesmith:Supernova","floor":8},{"not_picked":["Runesmith:HeatedChisel","Runesmith:Accelerate"],"picked":"Runesmith:LithiumIon","floor":12},{"not_picked":["Runesmith:DuctTape","Runesmith:Supernova"],"picked":"Runesmith:ReplicatingBarrier","floor":16},{"not_picked":["Runesmith:Grindstone","Runesmith:ShiftingStrike+1"],"picked":"Runesmith:ChargedHammer","floor":18},{"not_picked":["Runesmith:Empowerment","Runesmith:EnergizedChisel"],"picked":"Runesmith:HeatedChisel+1","floor":19},{"not_picked":["Runesmith:RuneHurl+1","Runesmith:Refine"],"picked":"Runesmith:UnstableHammer","floor":20}],"player_experience":2995066,"relics_obtained":[{"floor":6,"key":"Bag of Marbles"},{"floor":8,"key":"Shovel"},{"floor":9,"key":"StoneCalendar"},{"floor":12,"key":"Turnip"}],"event_choices":[{"cards_removed":["Runesmith:Strike_RS"],"damage_healed":0,"gold_gain":0,"player_choice":"Card Removal","damage_taken":7,"max_hp_gain":0,"max_hp_loss":0,"event_name":"Golden Wing","floor":4,"gold_loss":0},{"damage_healed":0,"gold_gain":0,"player_choice":"Donut","damage_taken":0,"max_hp_gain":5,"max_hp_loss":0,"event_name":"Big Fish","floor":10,"gold_loss":0},{"damage_healed":0,"gold_gain":0,"player_choice":"Inject Mutagens","damage_taken":0,"relics_obtained":["MutagenicStrength"],"max_hp_gain":0,"max_hp_loss":0,"event_name":"Drug Dealer","floor":21,"gold_loss":0}],"is_beta":false,"boss_relics":[{"not_picked":["Runesmith:CoreCrystal","Ectoplasm"],"picked":"sneckomod:SneckoTalon"}],"items_purged_floors":[22],"is_endless":false,"potions_floor_spawned":[1,3,8,20],"killed_by":"Gremlin Leader","ascension_level":6}}