{"host":"2se5dq1do2gp0x9k","time":1611995684,"event":{"mods":["AchievementEnabler","BaseMod","Block Reminder","Colored Map","Colored Powertips","Minty Spire (QoL Compilation)","Relic Stats","StSLib","SuperFastMode"],"gold_per_floor":[110,125,125,136,148,148,180,180,203,78,94,109,121,136,136,211,211,223,233,244,244,244,244,244,244,268,268,281,281,281,281],"floor_reached":30,"language":"ENG","playtime":671,"items_purged":["Strike_B"],"score":508,"play_id":"8ea61cda-d3f7-4ab6-80f7-53ec4aa3f5ad","local_time":"20210130003444","is_ascension_mode":true,"campfire_choices":[{"data":"Go for the Eyes","floor":6,"key":"SMITH"},{"data":"Zap","floor":8,"key":"SMITH"},{"data":"Hologram","floor":15,"key":"SMITH"},{"floor":23,"key":"REST"},{"data":"Chill","floor":25,"key":"SMITH"},{"floor":29,"key":"REST"}],"circlet_count":0,"master_deck":["AscendersBane","Strike_B+1","Strike_B+1","Strike_B+1","Defend_B+1","Defend_B+1","Defend_B+1","Defend_B+1","Zap+1","Dualcast","Ball Lightning","Electrodynamics","Go for the Eyes+1","Ball Lightning","Leap","Leap","Aggregate","Hologram+1","Chill+1","Core Surge","Coolheaded","Cold Snap","Decay","Capacitor"],"relics":["Cracked Core","NeowsBlessing","Bag of Marbles","Bronze Scales","Sozu","Enchiridion","Nunchaku"],"acts_visited":["Exordium","TheCity"],"potions_floor_usage":[16,16,20,24],"damage_taken":[{"damage":0,"enemies":"2 Louse","floor":1,"turns":1},{"damage":0,"enemies":"Cultist","floor":2,"turns":1},{"damage":0,"enemies":"Small Slimes","floor":4,"turns":1},{"damage":6,"enemies":"2 Fungi Beasts","floor":5,"turns":2},{"damage":24,"enemies":"Gremlin Nob","floor":7,"turns":4},{"damage":3,"enemies":"Exordium Wildlife","floor":11,"turns":3},{"damage":9,"enemies":"Lots of Slimes","floor":12,"turns":2},{"damage":0,"enemies":"Blue Slaver","floor":13,"turns":2},{"damage":0,"enemies":"Exordium Thugs","floor":14,"turns":3},{"damage":14,"enemies":"Hexaghost","floor":16,"turns":9},{"damage":0,"enemies":"3 Byrds","floor":18,"turns":3},{"damage":6,"enemies":"Spheric Guardian","floor":19,"turns":3},{"damage":11,"enemies":"Snake Plant","floor":20,"turns":4},{"damage":12,"enemies":"Gremlin Leader","floor":24,"turns":4},{"damage":18,"enemies":"Shelled Parasite and Fungi","floor":28,"turns":3},{"damage":46,"enemies":"Slavers","floor":30,"turns":3}],"seed_played":"1224257983212454211","potions_obtained":[{"floor":11,"key":"SteroidPotion"},{"floor":12,"key":"PotionOfCapacity"},{"floor":13,"key":"EntropicBrew"}],"is_trial":false,"path_per_floor":["M","M","?","M","M","R","E","R","T","$","M","M","M","M","R","B",null,"M","M","M","?","?","R","E","R","T","?","M","R","E"],"character_chosen":"DEFECT","items_purchased":["Leap"],"campfire_rested":2,"item_purchase_floors":[10],"current_hp_per_floor":[64,64,69,69,63,63,39,39,39,39,36,27,27,27,27,13,57,57,51,40,19,19,40,28,28,28,28,10,31,0,0],"gold":281,"neow_bonus":"THREE_ENEMY_KILL","is_daily":false,"chose_seed":false,"campfire_upgraded":4,"win_rate":0.0,"timestamp":1611995684,"path_taken":["M","M","?","M","?","R","E","R","T","$","M","M","M","M","R","BOSS","M","M","?","?","?","R","E","R","T","?","?","R","E"],"items_purchased_type":["Card"],"build_version":"2020-12-22","purchased_purges":1,"victory":false,"max_hp_per_floor":[71,71,71,71,71,71,71,71,71,71,71,71,71,71,71,71,71,71,71,71,71,71,71,71,71,71,71,71,71,71,71],"relic_stats":{"Sozu":1,"Nunchaku":[0],"counters":[16,48],"Bronze Scales":[163],"obtain_stats":[{"Sozu":17,"Nunchaku":26,"NeowsBlessing":0,"Bronze Scales":9,"Enchiridion":21,"Bag of Marbles":7,"Cracked Core":0},{"Sozu":10,"Nunchaku":14,"NeowsBlessing":0,"Bronze Scales":5,"Enchiridion":13,"Bag of Marbles":5,"Cracked Core":0},{"Sozu":28,"Nunchaku":42,"NeowsBlessing":0,"Bronze Scales":9,"Enchiridion":38,"Bag of Marbles":9,"Cracked Core":0}]},"card_choices":[{"not_picked":["Leap","Coolheaded"],"picked":"Streamline","floor":1},{"not_picked":["Consume","Sweeping Beam"],"picked":"Ball Lightning","floor":2},{"not_picked":["Leap","Turbo"],"picked":"Electrodynamics","floor":4},{"not_picked":["Hologram","Steam"],"picked":"Go for the Eyes","floor":5},{"not_picked":["Stack","Heatsinks"],"picked":"Ball Lightning","floor":7},{"not_picked":["Melter","Recycle"],"picked":"Leap","floor":11},{"not_picked":["Gash","Scrape"],"picked":"Aggregate","floor":12},{"not_picked":["Rebound","Conserve Battery"],"picked":"Hologram","floor":13},{"not_picked":["Rip and Tear","Buffer"],"picked":"Chill","floor":14},{"not_picked":["Reboot","Hyperbeam"],"picked":"Core Surge","floor":16},{"not_picked":["Redo+1","Steam","Rebound"],"picked":"SKIP","floor":18},{"not_picked":["Stack+1","Steam Power"],"picked":"Coolheaded","floor":19},{"not_picked":["Turbo","Rebound"],"picked":"Cold Snap","floor":20},{"not_picked":["Streamline","Compile Driver"],"picked":"Capacitor","floor":28}],"player_experience":3989888,"relics_obtained":[{"floor":7,"key":"Bag of Marbles"},{"floor":9,"key":"Bronze Scales"},{"floor":21,"key":"Enchiridion"},{"floor":26,"key":"Nunchaku"}],"event_choices":[{"cards_removed":["Streamline"],"damage_healed":5,"gold_gain":0,"player_choice":"Offered Common","damage_taken":0,"max_hp_gain":0,"max_hp_loss":0,"event_name":"Bonfire Elementals","floor":3,"gold_loss":0},{"cards_removed":["Streamline"],"damage_healed":5,"gold_gain":0,"player_choice":"Offered Special","damage_taken":0,"max_hp_gain":0,"max_hp_loss":0,"event_name":"Bonfire Elementals","floor":3,"gold_loss":0},{"damage_healed":0,"gold_gain":0,"player_choice":"Obtained Book","damage_taken":21,"max_hp_gain":0,"max_hp_loss":0,"event_name":"Cursed Tome","floor":21,"gold_loss":0},{"damage_healed":0,"gold_gain":0,"player_choice":"Smashed Altar","damage_taken":0,"max_hp_gain":0,"max_hp_loss":0,"event_name":"Forgotten Altar","floor":22,"gold_loss":0,"cards_obtained":["Decay"]},{"damage_healed":0,"gold_gain":0,"player_choice":"Simplicity","damage_taken":0,"max_hp_gain":0,"max_hp_loss":0,"event_name":"Back to Basics","floor":27,"gold_loss":0,"cards_upgraded":["Strike_B","Strike_B","Strike_B","Defend_B","Defend_B","Defend_B","Defend_B"]}],"is_beta":false,"boss_relics":[{"not_picked":["Coffee Dripper","Busted Crown"],"picked":"Sozu"}],"items_purged_floors":[10],"is_endless":false,"potions_floor_spawned":[11,12,13,14,20],"killed_by":"Slavers","ascension_level":20}}