{"host":"Sylvester","time":1611985807,"event":{"mods":["BaseMod","Colored Map","Lobotomy","Minty Spire (QoL Compilation)","Replay The Spire","StSLib"],"gold_per_floor":[113,188,188,202,212,242,258,272,272,272,272,272,290,73,73,148,148,245,245,259,159,176,176,176],"floor_reached":23,"language":"ENG","playtime":1518,"items_purged":["Amnesia","Strike_G"],"score":191,"play_id":"72d3e749-5753-477c-b930-7bf1893b49e1","local_time":"20210129215007","is_ascension_mode":false,"campfire_choices":[{"floor":12,"key":"REST"},{"floor":17,"key":"REST"}],"circlet_count":0,"master_deck":["Strike_G+1","Strike_G","Strike_G","Strike_G+1","Defend_G","Defend_G","Defend_G","Defend_G","Defend_G","Survivor","Neutralize","Cloak And Dagger","HeroicMonk","Calculated Gamble","QueenOfHatred","Burst","OldLady","Acrobatics","UniverseFragment","Bouncing Flask","Burst","Footwork","QueenBee","Corpse Explosion","Noxious Fumes","Laetitia","Mercenary","PiercingWail","BlueStar"],"relics":["Ring of the Snake","CogitoBucket","Basket Of Snakes","ResearcherNote","Girya","Thread and Needle","ReplayTheSpireMod:CursedCoin","Painkiller Herb"],"acts_visited":["Exordium","TheCity"],"potions_floor_usage":[6,6,23],"damage_taken":[{"damage":1,"enemies":"2 Louse","floor":1,"turns":3},{"damage":0,"enemies":"Jaw Worm","floor":4,"turns":3},{"damage":4,"enemies":"Small Slimes","floor":5,"turns":3},{"damage":33,"enemies":"Lagavulin","floor":6,"turns":9},{"damage":16,"enemies":"Blue Slaver","floor":7,"turns":3},{"damage":27,"enemies":"Gremlin Gang","floor":8,"turns":10},{"damage":20,"enemies":"Exordium Thugs","floor":13,"turns":12},{"damage":13,"enemies":"The Guardian","floor":18,"turns":10},{"damage":0,"enemies":"Chosen","floor":20,"turns":5},{"damage":9,"enemies":"Spheric Guardian","floor":22,"turns":7},{"damage":56,"enemies":"Centurion and Healer","floor":23,"turns":3}],"seed_played":"174140724982778874","potions_obtained":[{"floor":4,"key":"Dexterity Potion"},{"floor":5,"key":"DuplicationPotion"},{"floor":7,"key":"Elixir"},{"floor":13,"key":"SteroidPotion"},{"floor":18,"key":"Weak Potion"}],"is_trial":false,"path_per_floor":["M","?","?","M","M","E","M","M","T","PTL","PTL","R","M","$","?","$","R","B",null,"?","T","?","?"],"character_chosen":"THE_SILENT","items_purchased":["Corpse Explosion","Noxious Fumes","ReplayTheSpireMod:CursedCoin"],"campfire_rested":2,"item_purchase_floors":[14,14,16],"current_hp_per_floor":[69,58,44,44,46,22,18,6,6,6,6,27,46,46,13,13,34,24,70,70,70,64,14,14],"gold":176,"neow_bonus":"","is_daily":false,"chose_seed":false,"campfire_upgraded":0,"win_rate":0.0,"timestamp":1611985807,"path_taken":["M","?","?","M","M","E","M","M","T","PTL","PTL","R","M","$","?","?","R","BOSS","?","T","?","?"],"items_purchased_type":["Card","Card","Relic"],"build_version":"2020-11-17","purchased_purges":2,"victory":false,"max_hp_per_floor":[70,70,70,70,70,70,70,70,70,70,70,70,70,70,70,70,70,70,70,70,70,70,70,70],"card_choices":[{"not_picked":["Prepared","Outmaneuver"],"picked":"Cloak And Dagger","floor":1},{"not_picked":["PunishingBird","CherryBlossoms"],"picked":"HeroicMonk","floor":1},{"not_picked":["Noxious Fumes","Blur"],"picked":"Calculated Gamble","floor":4},{"not_picked":["WallGazer","Yin","Bloodbath"],"picked":"Singing Bowl","floor":4},{"not_picked":["CrumblingArmor","VoidDream"],"picked":"QueenOfHatred","floor":4},{"not_picked":["Acrobatics","Blade Dance"],"picked":"Burst","floor":5},{"not_picked":["CrumblingArmor","Wellcheers","BeautyBeast"],"picked":"Singing Bowl","floor":5},{"not_picked":["ShyLook","Yin"],"picked":"OldLady","floor":5},{"not_picked":["Reflex","ReplayTheSpireMod:Shiv Toss"],"picked":"Acrobatics","floor":6},{"not_picked":["Rudolta","PunishingBird","VoidDream"],"picked":"Singing Bowl","floor":6},{"not_picked":["BeautyBeast","MHz"],"picked":"UniverseFragment","floor":6},{"not_picked":["Deflect","Blade Dance"],"picked":"Bouncing Flask","floor":7},{"not_picked":["Variant","MeatLantern","CherryBlossoms"],"picked":"Singing Bowl","floor":7},{"not_picked":["Dagger Throw","Prepared"],"picked":"Burst","floor":8},{"not_picked":["WallGazer","RedShoes"],"picked":"CherryBlossoms","floor":8},{"not_picked":["Deflect","Endless Agony"],"picked":"Footwork","floor":13},{"not_picked":["ShyLook","CrumblingArmor","FieryBird"],"picked":"Singing Bowl","floor":13},{"not_picked":["CherryBlossoms","Rudolta"],"picked":"QueenBee","floor":13},{"not_picked":["FieryBird","RedShoes"],"picked":"Laetitia","floor":18},{"not_picked":["BigBird","Porccubus"],"picked":"Mercenary","floor":20},{"not_picked":["Bouncing Flask","Draining Mist"],"picked":"PiercingWail","floor":20},{"not_picked":["SpiderBud","Freischutz","DreamingCurrent"],"picked":"Singing Bowl","floor":22},{"not_picked":["DespairKnight","Scarecrow"],"picked":"BlueStar","floor":22},{"not_picked":["Dagger Throw","Fluid Movement","Prepared"],"picked":"SKIP","floor":22}],"player_experience":168577,"relics_obtained":[{"floor":6,"key":"Basket Of Snakes"},{"floor":9,"key":"Girya"}],"event_choices":[{"damage_healed":0,"gold_gain":75,"player_choice":"Gather Gold","damage_taken":11,"max_hp_gain":0,"max_hp_loss":0,"event_name":"World of Goop","floor":2,"gold_loss":0},{"damage_healed":0,"gold_gain":0,"player_choice":"Entered Light","damage_taken":14,"max_hp_gain":0,"max_hp_loss":0,"event_name":"Shining Light","floor":3,"gold_loss":0,"cards_upgraded":["Strike_G","Strike_G"]},{"damage_healed":0,"gold_gain":0,"player_choice":"Success","damage_taken":33,"relics_obtained":["Thread and Needle"],"max_hp_gain":0,"max_hp_loss":0,"event_name":"Scrap Ooze","floor":15,"gold_loss":0}],"is_beta":true,"boss_relics":[{"not_picked":["Empty Cage","Sozu"],"picked":"Painkiller Herb"}],"items_purged_floors":[16,21],"is_endless":false,"potions_floor_spawned":[4,5,7,13,18,20],"killed_by":"Centurion and Healer","ascension_level":0}}