{"host":"yyfz7fpozqrhk2m1","time":1611976531,"event":{"mods":["BaseMod","Minty Spire (QoL Compilation)","Relic Stats"],"gold_per_floor":[112,130,148,148,163,163,177,205,284,58,58,58,58,5,5,102,102,116,131,131,147,147,147,173,173,251,251,262,262,295,32,32,136,136,147,162,162,162],"floor_reached":37,"language":"ENG","playtime":3206,"items_purged":["Strike_B","Defend_B"],"score":509,"play_id":"f0bfc989-07f2-49a8-98cc-93fc57624e36","local_time":"20210129221531","is_ascension_mode":true,"campfire_choices":[{"data":"Electrodynamics","floor":6,"key":"SMITH"},{"floor":11,"key":"DIG"},{"floor":13,"key":"DIG"},{"floor":15,"key":"REST"},{"floor":23,"key":"REST"},{"floor":25,"key":"REST"},{"floor":27,"key":"DIG"},{"floor":32,"key":"REST"}],"circlet_count":0,"master_deck":["Strike_B","Strike_B","Strike_B","Defend_B","Defend_B","Defend_B","Zap","Dualcast","Electrodynamics+1","Go for the Eyes","Chaos","Turbo","Tempest","Leap","Multi-Cast","Leap+1","Lockon","Hologram+1","Coolheaded","Undo","Fission","Self Repair"],"relics":["Cracked Core","Shovel","Bottled Tornado","DataDisk","StoneCalendar","Strawberry","Inserter","PreservedInsect","Dream Catcher","The Courier","Oddly Smooth Stone","Art of War","Regal Pillow","Cursed Key"],"acts_visited":["Exordium","TheCity","TheBeyond"],"potions_floor_usage":[16,30,30],"damage_taken":[{"damage":3,"enemies":"2 Louse","floor":1,"turns":2},{"damage":2,"enemies":"Jaw Worm","floor":2,"turns":3},{"damage":13,"enemies":"Small Slimes","floor":3,"turns":3},{"damage":6,"enemies":"Looter","floor":5,"turns":3},{"damage":8,"enemies":"Exordium Thugs","floor":7,"turns":3},{"damage":20,"enemies":"Lagavulin","floor":8,"turns":6},{"damage":11,"enemies":"Hexaghost","floor":16,"turns":9},{"damage":17,"enemies":"Spheric Guardian","floor":18,"turns":4},{"damage":10,"enemies":"2 Thieves","floor":19,"turns":2},{"damage":19,"enemies":"Snake Plant","floor":21,"turns":3},{"damage":35,"enemies":"Book of Stabbing","floor":24,"turns":6},{"damage":14,"enemies":"Chosen and Byrds","floor":28,"turns":5},{"damage":8,"enemies":"Slavers","floor":30,"turns":2},{"damage":46,"enemies":"Collector","floor":33,"turns":10},{"damage":0,"enemies":"3 Darklings","floor":35,"turns":2},{"damage":18,"enemies":"3 Shapes","floor":36,"turns":2},{"damage":80,"enemies":"Writhing Mass","floor":37,"turns":5}],"seed_played":"4206232573248907541","potions_obtained":[{"floor":3,"key":"Dexterity Potion"},{"floor":8,"key":"SteroidPotion"},{"floor":16,"key":"FocusPotion"},{"floor":19,"key":"SteroidPotion"},{"floor":21,"key":"Energy Potion"},{"floor":24,"key":"FairyPotion"},{"floor":33,"key":"PotionOfCapacity"},{"floor":35,"key":"SpeedPotion"}],"is_trial":false,"path_per_floor":["M","M","M","?","M","R","M","E","T","$","R","?","R","$","R","B",null,"M","M","?","M","?","R","E","R","T","R","M","?","E","$","R","B",null,"M","M","M"],"character_chosen":"DEFECT","items_purchased":["DataDisk","Leap","Regal Pillow","Undo"],"campfire_rested":4,"item_purchase_floors":[10,14,31,31],"current_hp_per_floor":[65,63,50,55,49,49,41,21,21,21,21,21,28,28,52,41,70,53,43,43,24,24,48,13,37,37,37,23,23,15,15,54,8,62,62,44,0,0],"gold":162,"neow_bonus":"THREE_RARE_CARDS","is_daily":false,"chose_seed":false,"campfire_upgraded":1,"win_rate":0.0,"timestamp":1611976531,"path_taken":["M","M","M","?","M","R","M","E","T","$","R","?","R","$","R","BOSS","M","M","?","M","?","R","E","R","T","R","M","?","E","$","R","BOSS","M","M","M"],"items_purchased_type":["Relic","Card","Relic","Card"],"build_version":"2020-12-22","purchased_purges":2,"victory":false,"max_hp_per_floor":[68,68,68,73,73,73,73,73,73,73,73,73,80,80,80,80,80,80,80,80,80,80,80,80,80,80,80,80,80,80,80,80,80,80,80,80,80,80],"relic_stats":{"Dream Catcher":2,"Regal Pillow":15,"Shovel":3,"Inserter":[20],"counters":[17,70],"StoneCalendar":[104],"PreservedInsect":82,"Art of War":[8],"Cursed Key":0,"obtain_stats":[{"Regal Pillow":31,"Inserter":17,"Oddly Smooth Stone":27,"StoneCalendar":11,"PreservedInsect":20,"The Courier":26,"Bottled Tornado":9,"Cursed Key":34,"DataDisk":10,"Dream Catcher":24,"Shovel":8,"Strawberry":13,"Art of War":30,"Cracked Core":0},{"Regal Pillow":13,"Inserter":7,"Oddly Smooth Stone":11,"StoneCalendar":6,"PreservedInsect":9,"The Courier":11,"Bottled Tornado":6,"Cursed Key":14,"DataDisk":6,"Dream Catcher":11,"Shovel":6,"Strawberry":6,"Art of War":13,"Cracked Core":0},{"Regal Pillow":51,"Inserter":29,"Oddly Smooth Stone":44,"StoneCalendar":20,"PreservedInsect":35,"The Courier":44,"Bottled Tornado":20,"Cursed Key":61,"DataDisk":20,"Dream Catcher":44,"Shovel":20,"Strawberry":20,"Art of War":51,"Cracked Core":0}]},"card_choices":[{"not_picked":["Thunder Strike","Fission"],"picked":"Electrodynamics","floor":0},{"not_picked":["Redo","Chill"],"picked":"Go for the Eyes","floor":1},{"not_picked":["Coolheaded","Steam"],"picked":"Chaos","floor":2},{"not_picked":["Steam Power","Redo","Stack"],"picked":"SKIP","floor":3},{"not_picked":["Gash","Rebound","Hologram"],"picked":"SKIP","floor":5},{"not_picked":["Stack","Static Discharge"],"picked":"Turbo","floor":7},{"not_picked":["Turbo","Coolheaded"],"picked":"Tempest","floor":8},{"not_picked":["Amplify","Reboot"],"picked":"Multi-Cast","floor":16},{"not_picked":["Barrage","Loop"],"picked":"Leap+1","floor":18},{"not_picked":["Stack","Capacitor","Hello World"],"picked":"SKIP","floor":19},{"not_picked":["Steam Power","Turbo","Steam"],"picked":"SKIP","floor":21},{"not_picked":["Stack","Machine Learning"],"picked":"Lockon","floor":24},{"not_picked":["Leap","Compile Driver+1"],"picked":"Hologram+1","floor":25},{"not_picked":["Stack+1","Sweeping Beam","Tempest"],"picked":"SKIP","floor":28},{"not_picked":["Go for the Eyes","Hologram"],"picked":"Coolheaded","floor":30},{"not_picked":["Multi-Cast","Creative AI"],"picked":"Fission","floor":33},{"not_picked":["Beam Cell","Hologram"],"picked":"Self Repair","floor":35},{"not_picked":["Stack","Beam Cell","Sweeping Beam"],"picked":"SKIP","floor":36},{"not_picked":["Stack","Beam Cell","Sweeping Beam"],"picked":"SKIP","floor":36}],"player_experience":649744,"relics_obtained":[{"floor":8,"key":"Shovel"},{"floor":9,"key":"Bottled Tornado"},{"floor":11,"key":"StoneCalendar"},{"floor":13,"key":"Strawberry"},{"floor":24,"key":"Dream Catcher"},{"floor":26,"key":"The Courier"},{"floor":27,"key":"Oddly Smooth Stone"},{"floor":30,"key":"Art of War"}],"event_choices":[{"damage_healed":0,"gold_gain":0,"player_choice":"Donut","damage_taken":0,"max_hp_gain":5,"max_hp_loss":0,"event_name":"Big Fish","floor":4,"gold_loss":0},{"damage_healed":0,"gold_gain":0,"player_choice":"Ignored","damage_taken":0,"max_hp_gain":0,"max_hp_loss":0,"event_name":"Shining Light","floor":12,"gold_loss":0},{"damage_healed":0,"gold_gain":0,"player_choice":"Opened","damage_taken":0,"relics_obtained":["PreservedInsect"],"max_hp_gain":0,"max_hp_loss":0,"event_name":"The Mausoleum","floor":20,"gold_loss":0},{"damage_healed":0,"gold_gain":0,"player_choice":"Ignored","damage_taken":0,"max_hp_gain":0,"max_hp_loss":0,"event_name":"Cursed Tome","floor":22,"gold_loss":0},{"damage_healed":0,"gold_gain":0,"player_choice":"Ignored","damage_taken":0,"max_hp_gain":0,"max_hp_loss":0,"event_name":"Vampires","floor":29,"gold_loss":0}],"is_beta":false,"boss_relics":[{"not_picked":["Black Star","Empty Cage"],"picked":"Inserter"},{"not_picked":["FrozenCore","Runic Dome"],"picked":"Cursed Key"}],"items_purged_floors":[10,31],"is_endless":false,"potions_floor_spawned":[3,8,16,19,21,24,28,33,35],"killed_by":"Writhing Mass","ascension_level":5}}