{"host":"5ddwedapke4fsx0r","time":1611996365,"event":{"mods":["BaseMod","Downfall","Infinite Spire","Jedi Mod","Minty Spire (QoL Compilation)","Reliquary","StSLib","The Gatherer","The Servant 0.9.4","TheHero","TheSurvivalist"],"gold_per_floor":[99,109,119,219,204,104,128,128,128,128,154,154,169,204,215,316,316,316,335,351,351,368,368,446,152,184,200,212,238,238,408,408,408,408,408,408,408,408,408,408,408,408,408,408],"floor_reached":43,"language":"ENG","playtime":3218,"items_purged":[],"score":503,"play_id":"9e91b34e-6748-4272-be7c-cacc9529b72e","local_time":"20210130094605","is_ascension_mode":false,"campfire_choices":[{"floor":1.0,"key":"RECALL"},{"data":"animeID:ShootStyle","floor":6.0,"key":"SMITH"},{"data":"animeID:DetroitDelaware","floor":8.0,"key":"SMITH"},{"data":"animeID:TodorokiShoto","floor":10.0,"key":"SMITH"},{"data":"animeID:DetroitSmash","floor":12.0,"key":"SMITH"},{"data":"animeID:ProminenceBurn","floor":18.0,"key":"SMITH"},{"data":"animeID:RedRiot","floor":23.0,"key":"SMITH"},{"floor":30.0,"key":"REST"},{"data":"animeID:MirioTogata","floor":35.0,"key":"SMITH"}],"circlet_count":0,"master_deck":["animeID:Deku","animeID:Bakugo","animeID:Smash","animeID:Smash+1","animeID:Smash","animeID:Smash","animeID:DefendMH","animeID:DefendMH","animeID:DefendMH","animeID:DefendMH","animeID:DetroitDelaware+1","animeID:ShootStyle+1","animeID:DetroitSmash+1","animeID:Iida+1","animeID:GranTorino","animeID:ProminenceBurn+1","animeID:Kirishima+1","animeID:RedRiot+1","animeID:DelawareSmash","animeID:Iida+1","animeID:Iida+1","animeID:HighFive","animeID:Tomura+1","animeID:Rei+1","animeID:MirioTogata+1","animeID:Tsuyu+1","animeID:NightEye","Parasite","expansioncontent:Chronoboost"],"relics":["animeID:HeroCostume","downfall:HeartBlessingRed","infinitespire:Beetle Shell","Mango","Anchor","SlaversCollar","jedi:heavyjacket","Membership Card","Bottled Lightning","Bottled Flame","Smiling Mask","jedi:ominousloannote","reliquary:Buckler","jedi:gremlinknob","Black Star","Mercury Hourglass"],"acts_visited":["Exordium","TheCity","TheBeyond"],"potions_floor_usage":[],"damage_taken":[{"damage":1.0,"enemies":"Jaw Worm","floor":2.0,"turns":5.0},{"damage":3.0,"enemies":"Small Slimes","floor":3.0,"turns":4.0},{"damage":3.0,"enemies":"downfall:FleeingMerchant","floor":5.0,"turns":4.0},{"damage":13.0,"enemies":"3 Sentries","floor":11.0,"turns":7.0},{"damage":0.0,"enemies":"Cultist","floor":13.0,"turns":4.0},{"damage":14.0,"enemies":"Gremlin Nob","floor":14.0,"turns":3.0},{"damage":0.0,"enemies":"Exordium Thugs","floor":15.0,"turns":3.0},{"damage":69.0,"enemies":"WA_ARCHETYPE_RETAIN","floor":16.0,"turns":12.0},{"damage":18.0,"enemies":"Spheric Guardian","floor":19.0,"turns":5.0},{"damage":34.0,"enemies":"3 Byrds","floor":20.0,"turns":6.0},{"damage":11.0,"enemies":"Shelled Parasite and Fungi","floor":22.0,"turns":9.0},{"damage":0.0,"enemies":"downfall:FleeingMerchant","floor":25.0,"turns":4.0},{"damage":17.0,"enemies":"Book of Stabbing","floor":26.0,"turns":7.0},{"damage":0.0,"enemies":"Sentry and Sphere","floor":27.0,"turns":6.0},{"damage":0.0,"enemies":"Chosen and Byrds","floor":28.0,"turns":4.0},{"damage":0.0,"enemies":"Nightmare","floor":29.0,"turns":6.0},{"damage":0.0,"enemies":"downfall:FleeingMerchant","floor":31.0,"turns":4.0},{"damage":0.0,"enemies":"Snake Plant","floor":32.0,"turns":2.0},{"damage":28.0,"enemies":"SI_MIRROR_ARCHETYPE","floor":33.0,"turns":13.0},{"damage":0.0,"enemies":"3 Darklings","floor":36.0,"turns":7.0},{"damage":23.0,"enemies":"3 Shapes","floor":37.0,"turns":6.0},{"damage":41.0,"enemies":"Writhing Mass","floor":38.0,"turns":7.0},{"damage":0.0,"enemies":"Spire Growth","floor":42.0,"turns":8.0},{"damage":61,"enemies":"Nightmare","floor":43,"turns":13}],"seed_played":"-6021400524634109055","potions_obtained":[{"floor":11.0,"key":"Dexterity Potion"},{"floor":13.0,"key":"champ:CounterPotion"},{"floor":22.0,"key":"jedi:mysterypotion"},{"floor":26.0,"key":"jedi:mysterypotion"},{"floor":27.0,"key":"DistilledChaos"},{"floor":28.0,"key":"FearPotion"},{"floor":32.0,"key":"jedi:hoardpotion"},{"floor":37.0,"key":"jedi:wingpotion"},{"floor":38.0,"key":"SteroidPotion"}],"is_trial":false,"path_per_floor":["R","M","M","?","$","R","T","R","?","R","E","R","M","E","M","B",null,"R","M","M","?","M","R","T","$","E","M","M","NM","R","$","M","B",null,"R","M","M","M","?","?","T","M","NM"],"character_chosen":"THE_HERO","items_purchased":["Membership Card","Bottled Lightning","jedi:ominousloannote","reliquary:Buckler","jedi:gremlinknob"],"campfire_rested":1,"item_purchase_floors":[25,25,31,31,31],"current_hp_per_floor":[82,82,81,81,80,80,80,80,80,80,85,85,87,73,75,14,96,96,80,50,50,45,45,45,47,36,42,46,50,78,82,84,68,96,96,96,75,38,38,38,38,46,0,0],"gold":408,"neow_bonus":"TEN_PERCENT_HP_BONUS","is_daily":false,"chose_seed":false,"campfire_upgraded":7,"win_rate":0.0,"timestamp":1611996365,"path_taken":["R","M","M","?","$","R","T","R","?","R","E","R","M","E","M","BOSS","R","M","M","?","?","R","T","?","E","M","M","NM","R","$","M","BOSS","R","M","M","M","?","?","T","M","NM"],"items_purchased_type":["Relic","Relic","Relic","Relic","Relic"],"build_version":"2020-12-22","purchased_purges":0,"victory":false,"max_hp_per_floor":[82,82,82,82,82,82,82,82,82,82,96,96,96,96,96,96,96,96,96,96,96,96,96,96,96,96,96,96,96,96,96,96,96,96,96,96,96,96,96,96,96,96,96,96],"card_choices":[{"not_picked":["animeID:Mezo","animeID:Himiko"],"picked":"animeID:TodorokiShoto","floor":2.0},{"not_picked":["animeID:Aoyama","animeID:TodorokiShoto"],"picked":"animeID:DetroitDelaware","floor":3.0},{"not_picked":["animeID:TodorokiShoto","animeID:Iida"],"picked":"animeID:ShootStyle","floor":5.0},{"not_picked":["animeID:Kirishima","animeID:Bakugo"],"picked":"animeID:DetroitSmash","floor":11.0},{"not_picked":["animeID:Mineta","animeID:Kurono"],"picked":"animeID:Iida","floor":13.0},{"not_picked":["animeID:Crystallize","animeID:Kaminari","animeID:Aoyama"],"picked":"SKIP","floor":14.0},{"not_picked":["animeID:DetroitSmash","animeID:Nomu"],"picked":"animeID:GranTorino","floor":15.0},{"not_picked":["animeID:Chisaki","animeID:AllMight"],"picked":"animeID:ProminenceBurn","floor":16.0},{"not_picked":["animeID:DetroitSmash","animeID:Aoyama+1"],"picked":"animeID:Kirishima","floor":19.0},{"not_picked":["animeID:ToruHagakure","animeID:Bakugo+1","animeID:Uraraka"],"picked":"SKIP","floor":20.0},{"not_picked":["animeID:DetroitSmash+1","animeID:Mina"],"picked":"animeID:RedRiot","floor":22.0},{"not_picked":["animeID:Uraraka","animeID:Aoyama"],"picked":"animeID:DelawareSmash","floor":25.0},{"not_picked":["animeID:Kaminari","animeID:DelawareSmash"],"picked":"animeID:Iida+1","floor":26.0},{"not_picked":["animeID:Aoyama","animeID:Mina+1"],"picked":"animeID:Iida+1","floor":27.0},{"not_picked":["animeID:PresentMic","animeID:Hatsume","animeID:Tomura+1"],"picked":"SKIP","floor":28.0},{"not_picked":["animeID:Iida","animeID:Mezo"],"picked":"animeID:HighFive","floor":29.0},{"not_picked":["animeID:Kirishima","animeID:TodorokiShoto+1"],"picked":"animeID:Tomura+1","floor":31.0},{"not_picked":["animeID:Kirishima+1","animeID:GranTorino"],"picked":"animeID:Rei+1","floor":32.0},{"not_picked":["animeID:AllMight","animeID:RedRiot"],"picked":"animeID:MirioTogata","floor":33.0},{"not_picked":["animeID:DetroitSmash+1","animeID:GentleCriminal"],"picked":"animeID:Tsuyu+1","floor":36.0},{"not_picked":["animeID:Muscular+1","animeID:Mina"],"picked":"animeID:NightEye","floor":37.0},{"not_picked":["animeID:Kaminari","animeID:Mina","animeID:Tsuyu"],"picked":"SKIP","floor":38.0},{"not_picked":["expansioncontent:Hexaburn","expansioncontent:HyperBeam"],"picked":"expansioncontent:Chronoboost","floor":40.0},{"not_picked":["animeID:Hatsume","animeID:Aoyama+1","animeID:Rappa+1"],"picked":"SKIP","floor":42.0}],"player_experience":474486,"relics_obtained":[{"floor":7.0,"key":"infinitespire:Beetle Shell"},{"floor":11.0,"key":"Mango"},{"floor":14.0,"key":"Anchor"},{"floor":24.0,"key":"jedi:heavyjacket"},{"floor":26.0,"key":"Bottled Flame"},{"floor":29.0,"key":"Smiling Mask"},{"floor":41.0,"key":"Mercury Hourglass"}],"event_choices":[{"damage_healed":0.0,"max_hp_gain":0.0,"max_hp_loss":0.0,"gold_gain":0.0,"event_name":"Accursed Blacksmith","player_choice":"Forge","floor":21.0,"gold_loss":0.0,"damage_taken":0.0,"cards_upgraded":["animeID:Iida"]},{"cards_removed":["animeID:TodorokiShoto"],"damage_healed":0.0,"max_hp_gain":0.0,"max_hp_loss":0.0,"gold_gain":0.0,"event_name":"Falling","player_choice":"Removed Skill","floor":39.0,"gold_loss":0.0,"damage_taken":0.0}],"is_beta":false,"boss_relics":[{"not_picked":["Coffee Dripper","Busted Crown"],"picked":"SlaversCollar"},{"not_picked":["construct:ClawGrip","Runic Dome"],"picked":"Black Star"}],"items_purged_floors":[],"is_endless":true,"potions_floor_spawned":[11,13,22,26,27,28,32,37,38],"killed_by":"Nightmare","ascension_level":0}}