{"host":"yx5rao87132cy5xq","time":1611979696,"event":{"mods":["2.2 Compatiblity","AchievementEnabler","BaseMod","Bestiary","Colored Map","Colored Powertips","Minty Spire (QoL Compilation)","Quick Restart","Relic Stats","Slay-I","SuperFastMode"],"gold_per_floor":[112,126,136,155,155,183,183,183,183,183,183,211,211,240,240,240,240],"floor_reached":16,"language":"ENG","playtime":0,"items_purged":[],"score":207,"play_id":"38a5ad29-fc7c-4c00-ae38-339df784eaae","local_time":"20210130050816","is_ascension_mode":true,"campfire_choices":[{"data":"Bash","floor":7.0,"key":"SMITH"},{"floor":11.0,"key":"REST"},{"floor":15,"key":"REST"}],"circlet_count":0,"master_deck":["AscendersBane","Strike_R","Strike_R","Strike_R","Strike_R","Strike_R","Defend_R","Defend_R","Defend_R","Defend_R","Bash+1","Sword Boomerang+1","Feel No Pain","Feel No Pain","Clash","Anger","Reckless Charge","Corruption"],"relics":["Burning Blood","FossilizedHelix","CaptainsWheel","Art of War","Magic Flower","TungstenRod","Prayer Wheel"],"acts_visited":["Exordium"],"potions_floor_usage":[16,16],"damage_taken":[{"damage":1.0,"enemies":"Cultist","floor":1.0,"turns":4.0},{"damage":7.0,"enemies":"Small Slimes","floor":2.0,"turns":3.0},{"damage":7.0,"enemies":"2 Louse","floor":3.0,"turns":4.0},{"damage":22.0,"enemies":"2 Fungi Beasts","floor":4.0,"turns":4.0},{"damage":20.0,"enemies":"3 Sentries","floor":6.0,"turns":11.0},{"damage":30.0,"enemies":"Gremlin Nob","floor":12.0,"turns":5.0},{"damage":15,"enemies":"Lagavulin","floor":14,"turns":6},{"damage":47,"enemies":"Hexaghost","floor":16,"turns":14}],"seed_played":"-1958117952654093061","potions_obtained":[{"floor":4.0,"key":"HeartOfIron"},{"floor":6.0,"key":"Block Potion"}],"is_trial":false,"path_per_floor":["M","M","M","M","T","E","R","?","T","?","R","E","?","E","R","B"],"character_chosen":"IRONCLAD","items_purchased":[],"campfire_rested":2,"item_purchase_floors":[],"current_hp_per_floor":[80,79,78,62,62,48,48,43,43,43,67,46,46,40,64,17,17],"gold":240,"neow_bonus":"TEN_PERCENT_HP_BONUS","is_daily":false,"chose_seed":false,"campfire_upgraded":1,"win_rate":0.0,"timestamp":1611979696,"path_taken":["M","M","M","M","?","E","R","?","T","?","R","E","?","E","R","BOSS"],"items_purchased_type":[],"build_version":"2020-12-22","purchased_purges":0,"victory":false,"max_hp_per_floor":[82,82,82,82,82,82,82,82,82,82,82,82,82,82,82,82,82],"relic_stats":{"counters":[8,51],"Magic Flower":[6],"Prayer Wheel":0,"Art of War":[1],"obtain_stats":[{"CaptainsWheel":6,"Magic Flower":9,"Prayer Wheel":14,"Art of War":8,"Burning Blood":0,"FossilizedHelix":5,"TungstenRod":12},{"CaptainsWheel":5,"Magic Flower":5,"Prayer Wheel":7,"Art of War":5,"Burning Blood":0,"FossilizedHelix":4,"TungstenRod":6},{"CaptainsWheel":26,"Magic Flower":26,"Prayer Wheel":37,"Art of War":26,"Burning Blood":0,"FossilizedHelix":15,"TungstenRod":31}],"Burning Blood":48,"TungstenRod":12},"card_choices":[{"not_picked":["Pommel Strike","True Grit"],"picked":"Sword Boomerang","floor":1.0},{"not_picked":["Clothesline","Armaments"],"picked":"Feel No Pain","floor":2.0},{"not_picked":["Clash","Demon Form"],"picked":"Feel No Pain","floor":3.0},{"not_picked":["Entrench","Twin Strike"],"picked":"Clash","floor":4.0},{"not_picked":["Thunderclap","Clothesline"],"picked":"Anger","floor":6.0},{"not_picked":["Wild Strike","Pommel Strike"],"picked":"Reckless Charge","floor":12.0},{"not_picked":["Twin Strike","Fire Breathing"],"picked":"Corruption","floor":14}],"player_experience":908628,"relics_obtained":[{"floor":5.0,"key":"FossilizedHelix"},{"floor":6.0,"key":"CaptainsWheel"},{"floor":9.0,"key":"Magic Flower"},{"floor":12.0,"key":"TungstenRod"},{"floor":14,"key":"Prayer Wheel"}],"event_choices":[{"damage_healed":0.0,"max_hp_gain":0.0,"max_hp_loss":0.0,"gold_gain":0.0,"event_name":"Scrap Ooze","player_choice":"Success","floor":8.0,"gold_loss":0.0,"damage_taken":5.0,"relics_obtained":["Art of War"]},{"damage_healed":0.0,"max_hp_gain":0.0,"max_hp_loss":0.0,"gold_gain":0.0,"event_name":"Living Wall","player_choice":"Grow","floor":10.0,"gold_loss":0.0,"damage_taken":0.0,"cards_upgraded":["Sword Boomerang"]},{"damage_healed":0.0,"max_hp_gain":0.0,"max_hp_loss":0.0,"gold_gain":0.0,"event_name":"Liars Game","player_choice":"Ignored","floor":13.0,"gold_loss":0.0,"damage_taken":0.0}],"is_beta":false,"boss_relics":[],"items_purged_floors":[],"is_endless":false,"potions_floor_spawned":[4,6,14],"killed_by":"Hexaghost","ascension_level":15}}