{"host":"gfxjwtol062e9znw","time":1611987550,"event":{"mods":["BaseMod","Colored Map","Minty Spire (QoL Compilation)"],"gold_per_floor":[114,132,20,20,47,82,100,100,100,115,115,132,165,181,181,279,279,294,294,393,404,223,255,105,105,105,125,125,125,125,125,125,223,223,241,241,166,181,198,198,198],"floor_reached":40,"language":"ENG","playtime":1866,"items_purged":["Defend_G","Defend_G"],"score":615,"play_id":"adec6525-96c3-42cf-9e7c-8a8a33904b77","local_time":"20210130171910","is_ascension_mode":true,"campfire_choices":[{"floor":11,"key":"REST"},{"floor":15,"key":"REST"},{"data":"Phantasmal Killer","floor":25,"key":"SMITH"},{"floor":28,"key":"REST"},{"floor":32,"key":"REST"}],"circlet_count":0,"master_deck":["Strike_G","Strike_G","Strike_G","Strike_G","Defend_G","Survivor","Neutralize","Infinite Blades","Calculated Gamble","Escape Plan","Prepared","Phantasmal Killer+1","Backstab","Tactician","Blade Dance","Cloak And Dagger","Die Die Die","Finisher","Accuracy","Backflip","Acrobatics+1","Skewer","Night Terror+1","Blade Dance+1","Distraction+1","Footwork"],"relics":["Ring of the Snake","NeowsBlessing","MealTicket","Omamori","Question Card","Snake Skull","SlaversCollar","Letter Opener","Darkstone Periapt","Toxic Egg 2","Enchiridion","Black Star","Smiling Mask"],"acts_visited":["Exordium","TheCity","TheBeyond"],"potions_floor_usage":[13,13,16,23,23,27,33,35,39],"damage_taken":[{"damage":0,"enemies":"2 Louse","floor":1,"turns":1},{"damage":0,"enemies":"Jaw Worm","floor":2,"turns":1},{"damage":0,"enemies":"Gremlin Nob","floor":6,"turns":1},{"damage":0,"enemies":"Cultist","floor":7,"turns":4},{"damage":9,"enemies":"2 Fungi Beasts","floor":10,"turns":3},{"damage":10,"enemies":"3 Louse","floor":12,"turns":4},{"damage":22,"enemies":"3 Sentries","floor":13,"turns":5},{"damage":1,"enemies":"Blue Slaver","floor":14,"turns":4},{"damage":1,"enemies":"Slime Boss","floor":16,"turns":7},{"damage":0,"enemies":"3 Byrds","floor":18,"turns":3},{"damage":24,"enemies":"Spheric Guardian","floor":21,"turns":4},{"damage":22,"enemies":"Book of Stabbing","floor":23,"turns":6},{"damage":7,"enemies":"Chosen and Byrds","floor":27,"turns":4},{"damage":7,"enemies":"Automaton","floor":33,"turns":6},{"damage":29,"enemies":"3 Darklings","floor":35,"turns":6},{"damage":9,"enemies":"3 Shapes","floor":38,"turns":3},{"damage":17,"enemies":"Maw","floor":39,"turns":5},{"damage":15,"enemies":"Reptomancer","floor":40,"turns":2}],"seed_played":"4287710098793833804","potions_obtained":[{"floor":1,"key":"SpeedPotion"},{"floor":2,"key":"Strength Potion"},{"floor":6,"key":"Weak Potion"},{"floor":14,"key":"Strength Potion"},{"floor":23,"key":"Fire Potion"},{"floor":33,"key":"Poison Potion"},{"floor":38,"key":"PowerPotion"}],"is_trial":false,"path_per_floor":["M","M","$","?","T","E","M","?","T","M","R","M","E","M","R","B",null,"M","?","?","M","$","E","$","R","T","M","R","T","?","?","R","B",null,"M","?","?","M","M","E"],"character_chosen":"THE_SILENT","items_purchased":["Escape Plan","Accuracy","GhostInAJar","Block Potion"],"campfire_rested":4,"item_purchase_floors":[3,22,22,24],"current_hp_per_floor":[63,63,63,63,63,63,63,63,63,54,70,60,38,37,58,57,67,67,67,67,43,58,36,51,51,51,44,65,65,65,49,70,63,68,39,39,39,30,13,0,0],"gold":198,"neow_bonus":"THREE_ENEMY_KILL","is_daily":false,"chose_seed":false,"campfire_upgraded":1,"win_rate":0.0,"timestamp":1611987550,"path_taken":["M","M","$","?","?","E","M","?","T","?","R","M","E","M","R","BOSS","M","?","?","M","$","E","$","R","T","M","R","?","?","?","R","BOSS","M","?","?","?","M","E"],"items_purchased_type":["Card","Card","Potion","Potion"],"build_version":"2020-12-22","purchased_purges":2,"victory":false,"max_hp_per_floor":[70,70,70,70,70,70,70,70,70,70,70,70,70,70,70,70,70,70,70,70,70,70,70,70,70,70,70,70,70,70,70,70,70,70,70,70,70,70,70,70,70],"card_choices":[{"not_picked":["Endless Agony","Sucker Punch"],"picked":"Infinite Blades","floor":1},{"not_picked":["Deflect","Heel Hook"],"picked":"Calculated Gamble","floor":2},{"not_picked":["Distraction","Underhanded Strike"],"picked":"Prepared","floor":6},{"not_picked":["Choke","Footwork"],"picked":"Phantasmal Killer","floor":7},{"not_picked":["Distraction","Flying Knee","Endless Agony"],"picked":"Backstab","floor":10},{"not_picked":["Riddle With Holes","Deadly Poison","Expertise"],"picked":"Tactician","floor":12},{"not_picked":["Concentrate","A Thousand Cuts","Bane"],"picked":"Blade Dance","floor":13},{"not_picked":["Predator","Underhanded Strike","Bane"],"picked":"Cloak And Dagger","floor":14},{"not_picked":["Phantasmal Killer","Envenom","Night Terror"],"picked":"Die Die Die","floor":16},{"not_picked":["Dagger Throw","Quick Slash","Leg Sweep+1"],"picked":"Finisher","floor":18},{"not_picked":["Deadly Poison+1","Acrobatics","Prepared","Bane"],"picked":"SKIP","floor":21},{"not_picked":["Tactician","PiercingWail","Flying Knee"],"picked":"Backflip","floor":23},{"not_picked":["Backflip","Masterful Stab","Noxious Fumes"],"picked":"Leg Sweep+1","floor":27},{"not_picked":["Die Die Die","After Image","Unload"],"picked":"Night Terror+1","floor":33},{"not_picked":["Acrobatics+1","Dash+1","Bouncing Flask+1"],"picked":"Blade Dance+1","floor":35},{"not_picked":["Poisoned Stab+1","Reflex+1","Calculated Gamble+1"],"picked":"Distraction+1","floor":38},{"not_picked":["Slice","Crippling Poison+1","Bane+1"],"picked":"Footwork","floor":39}],"player_experience":46427,"relics_obtained":[{"floor":5,"key":"MealTicket"},{"floor":6,"key":"Omamori"},{"floor":9,"key":"Question Card"},{"floor":13,"key":"Snake Skull"},{"floor":23,"key":"Letter Opener"},{"floor":26,"key":"Darkstone Periapt"},{"floor":29,"key":"Toxic Egg 2"},{"floor":31,"key":"Enchiridion"}],"event_choices":[{"damage_healed":0,"gold_gain":0,"player_choice":"Ignored","damage_taken":0,"max_hp_gain":0,"max_hp_loss":0,"event_name":"Golden Wing","floor":4,"gold_loss":0},{"cards_removed":["Defend_G"],"damage_healed":0,"gold_gain":0,"player_choice":"Offered Basic","damage_taken":0,"max_hp_gain":0,"max_hp_loss":0,"event_name":"Bonfire Elementals","floor":8,"gold_loss":0},{"damage_healed":0,"gold_gain":0,"player_choice":"Ignored","damage_taken":0,"max_hp_gain":0,"max_hp_loss":0,"event_name":"Vampires","floor":19,"gold_loss":0},{"damage_healed":0,"gold_gain":99,"player_choice":"Stole From Cult","damage_taken":0,"max_hp_gain":0,"max_hp_loss":0,"event_name":"Nest","floor":20,"gold_loss":0},{"damage_healed":0,"gold_gain":0,"cards_transformed":["Strike_G","Leg Sweep"],"player_choice":"Became Test Subject","damage_taken":0,"max_hp_gain":0,"max_hp_loss":0,"event_name":"Drug Dealer","floor":30,"gold_loss":0,"cards_obtained":["Acrobatics","Skewer"]},{"damage_healed":0,"gold_gain":0,"player_choice":"Obtained Book","damage_taken":16,"max_hp_gain":0,"max_hp_loss":0,"event_name":"Cursed Tome","floor":31,"gold_loss":0},{"cards_removed":["Defend_G"],"damage_healed":0,"gold_gain":0,"player_choice":"Removed Skill","damage_taken":0,"max_hp_gain":0,"max_hp_loss":0,"event_name":"Falling","floor":36,"gold_loss":0},{"damage_healed":0,"gold_gain":0,"player_choice":"Paid Gold","damage_taken":0,"relics_obtained":["Smiling Mask"],"max_hp_gain":0,"max_hp_loss":0,"event_name":"WeMeetAgain","floor":37,"gold_loss":75}],"is_beta":false,"boss_relics":[{"not_picked":["Runic Pyramid","Ring of the Serpent"],"picked":"SlaversCollar"},{"not_picked":["Astrolabe","SacredBark"],"picked":"Black Star"}],"items_purged_floors":[3,24],"is_endless":false,"potions_floor_spawned":[1,2,6,10,14,23,33,38],"killed_by":"Reptomancer","ascension_level":8}}