{"host":"9gwavclf33b2mpxe","time":1611992157,"event":{"mods":["BaseMod","Bestiary","Block Reminder","Colored Map","Colored Powertips","Downfall","Highlight Path","Minty Spire (QoL Compilation)","Permanent Neow","Quick Restart","Relic Stats","StSLib","SuperFastMode"],"gold_per_floor":[99,117,131,145,245,245,245,245],"floor_reached":6,"language":"ENG","playtime":631,"items_purged":[],"score":36,"play_id":"e04050f3-9ab2-4284-ae3d-2a8db6b71baf","local_time":"20210130153557","is_ascension_mode":false,"campfire_choices":[{"floor":1,"key":"RECALL"}],"circlet_count":0,"master_deck":["bronze:Strike","bronze:Defend","bronze:Defend","bronze:Defend","bronze:Defend","bronze:Replicate","bronze:Goto","bronze:Invalidate+1","bronze:CutThrough","bronze:WhirlingStrike","bronze:ForceShield","bronze:BronzeArmor"],"relics":["bronze:BronzeCore"],"acts_visited":["Exordium"],"potions_floor_usage":[6],"damage_taken":[{"damage":1,"enemies":"Cultist","floor":2,"turns":4},{"damage":2,"enemies":"2 Louse","floor":3,"turns":2},{"damage":4,"enemies":"Small Slimes","floor":4,"turns":3},{"damage":35,"enemies":"downfall:Heads","floor":5,"turns":5},{"damage":28,"enemies":"3 Sentries","floor":6,"turns":5}],"seed_played":"-2263367324946685434","potions_obtained":[{"floor":5,"key":"DuplicationPotion"}],"is_trial":false,"path_per_floor":["R","M","M","M","?","E"],"character_chosen":"THE_AUTOMATON","items_purchased":[],"campfire_rested":0,"item_purchase_floors":[],"current_hp_per_floor":[70,69,67,63,28,0,0,0],"gold":245,"neow_bonus":"REMOVE_CARD","is_daily":false,"chose_seed":false,"campfire_upgraded":0,"win_rate":0.0,"timestamp":1611992157,"path_taken":["R","M","M","?","?","E"],"items_purchased_type":[],"build_version":"2020-12-22","purchased_purges":0,"victory":false,"max_hp_per_floor":[70,70,70,70,70,70,70,70],"relic_stats":{"counters":[5,19],"obtain_stats":[{"bronze:BronzeCore":0},{"bronze:BronzeCore":0},{"bronze:BronzeCore":0}]},"card_choices":[{"not_picked":["bronze:Overheat","bronze:DelayedSlice"],"picked":"bronze:Invalidate","floor":2},{"not_picked":["bronze:Branch","bronze:Terminator"],"picked":"bronze:CutThrough","floor":3},{"not_picked":["bronze:BuggyMess","bronze:Iterate"],"picked":"bronze:WhirlingStrike","floor":4},{"not_picked":["bronze:Turbo","bronze:Repulsor"],"picked":"bronze:BronzeArmor","floor":5}],"player_experience":127710,"relics_obtained":[],"event_choices":[],"is_beta":false,"boss_relics":[],"items_purged_floors":[],"is_endless":false,"potions_floor_spawned":[5],"killed_by":"3 Sentries","ascension_level":0}}