{"host":"21ilc3txkeir89i9","time":1611990276,"event":{"mods":["BaseMod","BetterRewards","Block Reminder","Card Forge","Hermit","Minty Spire (QoL Compilation)","Spicy Shops","StSLib","The Jungle"],"gold_per_floor":[117,133,145,160,235,235,269,42,42,100,100,120,193,220,220,325,325,341,356,356,373,386,419,334,334,389,389,422,422,442,462,462,561,561,590,590,614,836,897,940,636,636,645,681,706,729,752,761,761,761,761],"floor_reached":50,"language":"ENG","playtime":2719,"items_purged":[],"score":894,"play_id":"1184e39f-db59-4bf5-967e-eb19c0a5b943","local_time":"20210129230436","is_ascension_mode":true,"campfire_choices":[{"floor":6,"key":"RECALL"},{"floor":11,"key":"REST"},{"data":"hermit:EternalForm","floor":15,"key":"SMITH"},{"floor":25,"key":"REST"},{"floor":29,"key":"REST"},{"floor":32,"key":"REST"},{"floor":42,"key":"REST"},{"floor":49,"key":"REST"}],"circlet_count":0,"master_deck":["hermit:Strike_Hermit+1","hermit:Strike_Hermit+1","hermit:Strike_Hermit+1","hermit:Defend_Hermit+1","hermit:Defend_Hermit+1","hermit:Defend_Hermit+1","hermit:Defend_Hermit+1","hermit:Snapshot+1","hermit:Covet+1","Panache+1","hermit:Malice+1","hermit:Ricochet+1","hermit:Manifest+1","hermit:Dive+1","hermit:Misfire+1","hermit:Snipe+1","hermit:Virtue+1","hermit:Dive+1","hermit:ShadowCloak+1","hermit:Maintenance+1","hermit:Brawl+1","hermit:EternalForm+1","hermit:RoundhouseKick+1","hermit:Gestalt+1","hermit:Ricochet+1","hermit:Coalescence+1","hermit:NoHoldsBarred+1","hermit:Feint+1","hermit:Roughhouse+1","Normality","hermit:Headshot+1","hermit:Ricochet+1","hermit:DeadMansHand+1","hermit:Purgatory+1","CurseOfTheBell","hermit:GoldenBullet+1","hermit:CursedWeapon+1","hermit:Enervate+1","hermit:Quickdraw+1","Writhe","hermit:Dive+1","hermit:ItchyTrigger+1","hermit:TrackingShot+1","hermit:ItchyTrigger+1","Dramatic Entrance+1"],"relics":["hermit:Momento","Hammer of Thor","Seething Fire","Anvil of the Gods","FossilizedHelix","Akabeko","Blood Vial","Bronze Scales","TungstenRod","Lizard Tail","Cursed Key","hermit:Horseshoe","Oddly Smooth Stone","Vajra","Red Mask","Calling Bell","Mango","CeramicFish","Eternal Feather","Ginger","Blue Candle","Regal Pillow","Potion Belt","hermit:RyeStalk","StrikeDummy"],"acts_visited":["Exordium","TheCity","TheBeyond"],"potions_floor_usage":[10,22,39,39,50],"damage_taken":[{"damage":0,"enemies":"Cultist","floor":1,"turns":2},{"damage":0,"enemies":"Small Slimes","floor":2,"turns":2},{"damage":0,"enemies":"2 Louse","floor":3,"turns":3},{"damage":0,"enemies":"Large Slime","floor":4,"turns":3},{"damage":0,"enemies":"3 Sentries","floor":7,"turns":4},{"damage":8,"enemies":"3 Sentries","floor":10,"turns":5},{"damage":0,"enemies":"Gremlin Gang","floor":12,"turns":4},{"damage":0,"enemies":"Lagavulin","floor":14,"turns":6},{"damage":8,"enemies":"The Guardian","floor":16,"turns":6},{"damage":0,"enemies":"2 Thieves","floor":18,"turns":3},{"damage":0,"enemies":"Chosen","floor":19,"turns":4},{"damage":16,"enemies":"3 Cultists","floor":21,"turns":5},{"damage":0,"enemies":"Centurion and Healer","floor":22,"turns":3},{"damage":17,"enemies":"Gremlin Leader","floor":23,"turns":5},{"damage":0,"enemies":"Masked Bandits","floor":28,"turns":1},{"damage":2,"enemies":"Chosen and Byrds","floor":30,"turns":2},{"damage":10,"enemies":"Shelled Parasite and Fungi","floor":31,"turns":4},{"damage":29,"enemies":"Automaton","floor":33,"turns":9},{"damage":17,"enemies":"3 Darklings","floor":35,"turns":3},{"damage":47,"enemies":"3 Shapes","floor":37,"turns":2},{"damage":23,"enemies":"2 Orb Walkers","floor":39,"turns":6},{"damage":60,"enemies":"Giant Head","floor":40,"turns":10},{"damage":16,"enemies":"Nemesis","floor":44,"turns":9},{"damage":28,"enemies":"3 Darklings","floor":45,"turns":3},{"damage":1,"enemies":"Writhing Mass","floor":46,"turns":4},{"damage":26,"enemies":"Sphere and 2 Shapes","floor":47,"turns":5},{"damage":100,"enemies":"Awakened One","floor":50,"turns":11}],"seed_played":"6938845990624593840","potions_obtained":[{"floor":3,"key":"DistilledChaos"},{"floor":7,"key":"LiquidBronze"},{"floor":10,"key":"GamblersBrew"},{"floor":14,"key":"Swift Potion"},{"floor":16,"key":"DuplicationPotion"},{"floor":19,"key":"hermit:Tonic"},{"floor":28,"key":"AttackPotion"},{"floor":30,"key":"LiquidBronze"},{"floor":33,"key":"EssenceOfSteel"},{"floor":39,"key":"hermit:Tonic"},{"floor":40,"key":"PowerPotion"}],"is_trial":false,"path_per_floor":["M","M","M","M","?","R","E","$","T","?","R","M","?","E","R","B",null,"M","M","?","M","M","E","?","R","T","?","?","R","M","M","R","B",null,"M","?","M","?","?","E","$","R","T","E","M","M","M","?","R","B"],"character_chosen":"HERMIT","items_purchased":["FossilizedHelix","Panache","Akabeko","hermit:Malice","hermit:Ricochet","hermit:Manifest","Bronze Scales","hermit:ShadowCloak","Regal Pillow","Potion Belt"],"campfire_rested":6,"item_purchase_floors":[0,0,0,0,0,0,8,8,41,41],"current_hp_per_floor":[75,75,75,75,68,68,68,68,68,62,75,75,75,75,75,67,75,75,75,75,59,61,46,46,68,68,68,70,75,73,65,75,46,89,72,72,27,27,6,29,29,89,89,73,47,48,24,24,89,0,0],"gold":761,"neow_bonus":"","is_daily":false,"chose_seed":false,"campfire_upgraded":1,"win_rate":0.0,"timestamp":1611990276,"path_taken":["M","M","?","M","?","R","E","?","T","?","R","M","?","E","R","BOSS","M","M","?","?","M","E","?","R","T","?","?","R","M","M","R","BOSS","M","?","?","?","?","E","$","R","T","E","M","?","?","?","R","BOSS"],"items_purchased_type":["Relic","Card","Relic","Card","Card","Card","Relic","Card","Relic","Relic"],"build_version":"2020-12-22","purchased_purges":0,"victory":false,"max_hp_per_floor":[75,75,75,75,75,75,75,75,75,75,75,75,75,75,75,75,75,75,75,75,75,75,75,75,75,75,75,75,75,75,75,75,75,89,89,89,89,89,89,89,89,89,89,89,89,89,89,89,89,89,89],"card_choices":[{"not_picked":["hermit:Glare","hermit:WideOpen"],"picked":"hermit:Dive","floor":1},{"not_picked":["hermit:Coalescence","hermit:HighCaliber"],"picked":"hermit:Misfire","floor":2},{"not_picked":["hermit:Shortfuse","hermit:ItchyTrigger"],"picked":"hermit:Snipe","floor":3},{"not_picked":["hermit:Vantage","hermit:Enervate"],"picked":"hermit:Virtue","floor":4},{"not_picked":["hermit:Grudge","hermit:HighCaliber"],"picked":"hermit:Dive","floor":7},{"not_picked":["hermit:Misfire","hermit:BodyArmor"],"picked":"hermit:Maintenance","floor":10},{"not_picked":["hermit:TrackingShot","hermit:Virtue"],"picked":"hermit:Brawl","floor":12},{"not_picked":["hermit:Roughhouse","hermit:SprayPray"],"picked":"hermit:EternalForm","floor":14},{"not_picked":["hermit:EternalForm","hermit:Purgatory"],"picked":"hermit:RoundhouseKick","floor":16},{"not_picked":["hermit:Midnight","hermit:Maintenance"],"picked":"hermit:Gestalt","floor":18},{"not_picked":["hermit:Showdown","hermit:Horror"],"picked":"hermit:Ricochet","floor":19},{"not_picked":["hermit:Desperado","hermit:Combo"],"picked":"hermit:NoHoldsBarred+1","floor":21},{"not_picked":["hermit:Brawl","hermit:WideOpen"],"picked":"hermit:Feint+1","floor":22},{"not_picked":["hermit:Glare","hermit:Ricochet+1"],"picked":"hermit:Roughhouse","floor":23},{"not_picked":["hermit:LowProfile+1","hermit:WideOpen"],"picked":"hermit:Headshot","floor":28},{"not_picked":["hermit:ShadowCloak","hermit:HoleUp"],"picked":"hermit:Ricochet","floor":30},{"not_picked":["hermit:Vantage+1","hermit:Glare"],"picked":"hermit:DeadMansHand+1","floor":31},{"not_picked":["hermit:HighNoon","hermit:Reprieve"],"picked":"hermit:Purgatory","floor":33},{"not_picked":["hermit:Glare+1","hermit:Dive"],"picked":"hermit:GoldenBullet","floor":35},{"not_picked":["hermit:Vantage","hermit:Dive+1"],"picked":"hermit:CursedWeapon","floor":37},{"not_picked":["hermit:TrackingShot+1","hermit:ItchyTrigger+1"],"picked":"hermit:Enervate+1","floor":39},{"not_picked":["hermit:LuckOfTheDraw","hermit:Showdown"],"picked":"hermit:Quickdraw+1","floor":40},{"not_picked":["hermit:Roulette+1","hermit:Coalescence+1"],"picked":"hermit:Dive","floor":44},{"not_picked":["hermit:Desperado","hermit:Misfire"],"picked":"hermit:ItchyTrigger","floor":45},{"not_picked":["hermit:Roulette+1","hermit:LoneWolf"],"picked":"hermit:TrackingShot+1","floor":46},{"not_picked":["hermit:Feint","hermit:Misfire"],"picked":"hermit:ItchyTrigger+1","floor":47},{"not_picked":["Good Instincts","Secret Weapon"],"picked":"Dramatic Entrance","floor":48}],"player_experience":263050,"relics_obtained":[{"floor":7,"key":"Blood Vial"},{"floor":14,"key":"Lizard Tail"},{"floor":23,"key":"hermit:Horseshoe"},{"floor":26,"key":"Vajra"},{"floor":28,"key":"Red Mask"},{"floor":34,"key":"Mango"},{"floor":34,"key":"CeramicFish"},{"floor":34,"key":"Eternal Feather"},{"floor":39,"key":"Ginger"},{"floor":40,"key":"Blue Candle"},{"floor":43,"key":"hermit:RyeStalk"},{"floor":44,"key":"StrikeDummy"}],"event_choices":[{"damage_healed":0,"gold_gain":75,"player_choice":"Touch","damage_taken":7,"max_hp_gain":0,"max_hp_loss":0,"event_name":"FaceTrader","floor":5,"gold_loss":0},{"damage_healed":0,"gold_gain":0,"player_choice":"Searched \u00272\u0027 times","damage_taken":0,"relics_obtained":["TungstenRod"],"max_hp_gain":0,"max_hp_loss":0,"event_name":"Dead Adventurer","floor":10,"gold_loss":0},{"damage_healed":0,"gold_gain":73,"player_choice":"Gained Gold","damage_taken":0,"max_hp_gain":0,"max_hp_loss":0,"event_name":"Golden Wing","floor":13,"gold_loss":0},{"damage_healed":0,"gold_gain":0,"cards_transformed":["hermit:Strike_Hermit"],"player_choice":"Transformed","damage_taken":0,"max_hp_gain":0,"max_hp_loss":0,"event_name":"Transmorgrifier","floor":20,"gold_loss":0,"cards_obtained":["hermit:Coalescence"]},{"damage_healed":0,"gold_gain":0,"player_choice":"Obtained Relic","damage_taken":0,"relics_obtained":["Oddly Smooth Stone"],"max_hp_gain":0,"max_hp_loss":0,"event_name":"Addict","floor":24,"gold_loss":85},{"damage_healed":0,"gold_gain":0,"player_choice":"Ignored","damage_taken":0,"max_hp_gain":0,"max_hp_loss":0,"event_name":"Vampires","floor":27,"gold_loss":0},{"damage_healed":0,"gold_gain":0,"player_choice":"Fought Bandits","damage_taken":0,"max_hp_gain":0,"max_hp_loss":0,"event_name":"Masked Bandits","floor":28,"gold_loss":0},{"damage_healed":0,"gold_gain":0,"player_choice":"Ignored","damage_taken":0,"max_hp_gain":0,"max_hp_loss":0,"event_name":"Upgrade Shrine","floor":36,"gold_loss":0},{"damage_healed":0,"gold_gain":222,"player_choice":"Wore Mask","damage_taken":0,"max_hp_gain":0,"max_hp_loss":0,"event_name":"Tomb of Lord Red Mask","floor":38,"gold_loss":0},{"damage_healed":0,"gold_gain":0,"player_choice":"Fight","damage_taken":0,"max_hp_gain":0,"max_hp_loss":0,"event_name":"Mysterious Sphere","floor":39,"gold_loss":0},{"damage_healed":0,"gold_gain":0,"player_choice":"Memory 1","damage_taken":0,"max_hp_gain":0,"max_hp_loss":0,"event_name":"SensoryStone","floor":48,"gold_loss":0}],"is_beta":false,"boss_relics":[{"not_picked":["Astrolabe","Empty Cage"],"picked":"Cursed Key"},{"not_picked":["Sozu","Snecko Eye"],"picked":"Calling Bell"}],"items_purged_floors":[],"is_endless":false,"potions_floor_spawned":[3,7,10,14,16,19,28,30,33,37,39,40],"killed_by":"Awakened One","ascension_level":1}}