{"host":"hpn0uxah5qjr7pa6","time":1611992438,"event":{"mods":["Act Like it!","BaseMod","BetterRewards","Colored Powertips","Conspire","Downfall","Hallownest","Hermit","Hubris","Infinite Spire","Minty Spire (QoL Compilation)","Quick Restart","Replay The Spire","StSLib","The Jungle"],"gold_per_floor":[0,19,39,39,59,79,79,99,86,105,119,104,104,104,119,119,119,119],"floor_reached":16,"language":"ENG","playtime":704,"items_purged":[],"score":110,"play_id":"cc5d5a00-8d1c-4f17-bece-3b0f436696fb","local_time":"20210129234038","is_ascension_mode":true,"campfire_choices":[{"data":"bronze:Replicate","floor":1.0,"key":"SMITH"},{"floor":13,"key":"REST"}],"circlet_count":0,"master_deck":["bronze:Strike","bronze:Strike","bronze:Strike","bronze:Strike","bronze:Defend","bronze:Defend","bronze:Defend","bronze:Defend","bronze:Replicate+1","bronze:DelayedSlice","bronze:AlphaBuild","bronze:Terminator"],"relics":["bronze:BronzeCore","Bag of Preparation"],"acts_visited":["Exordium"],"potions_floor_usage":[16,16,16],"damage_taken":[{"damage":14.0,"enemies":"Small Slimes","floor":2.0,"turns":4.0},{"damage":1.0,"enemies":"Cultist","floor":3.0,"turns":4.0},{"damage":2.0,"enemies":"2 Louse","floor":5.0,"turns":3.0},{"damage":3.0,"enemies":"Gremlin Gang","floor":6.0,"turns":4.0},{"damage":0.0,"enemies":"Blue Slaver","floor":8.0,"turns":1.0},{"damage":0.0,"enemies":"downfall:FleeingMerchant","floor":9.0,"turns":4.0},{"damage":12.0,"enemies":"Exordium Thugs","floor":10.0,"turns":4.0},{"damage":6.0,"enemies":"Lots of Slimes","floor":11.0,"turns":2.0},{"damage":10.0,"enemies":"downfall:FleeingMerchant","floor":12.0,"turns":4.0},{"damage":2,"enemies":"2 Fungi Beasts","floor":15,"turns":2},{"damage":97,"enemies":"WA_ARCHETYPE_RETAIN","floor":16,"turns":10}],"seed_played":"4226712191806517124","potions_obtained":[{"floor":3.0,"key":"Explosive Potion"},{"floor":5.0,"key":"Regen Potion"},{"floor":6.0,"key":"sneckomod:MuddlingPotion"},{"floor":11.0,"key":"SteroidPotion"},{"floor":15,"key":"Weak Potion"}],"is_trial":false,"path_per_floor":["R","M","M","?","M","M","T","M","$","M","M","$","R","?","M","B"],"character_chosen":"THE_AUTOMATON","items_purchased":[],"campfire_rested":1,"item_purchase_floors":[],"current_hp_per_floor":[84,70,69,69,67,76,76,76,76,64,58,48,73,73,71,0,0,0],"gold":119,"neow_bonus":"TWENTY_PERCENT_HP_BONUS","is_daily":false,"chose_seed":false,"campfire_upgraded":1,"win_rate":0.0,"timestamp":1611992438,"path_taken":["R","M","M","?","M","M","T","M","$","M","M","?","R","?","M","BOSS"],"items_purchased_type":[],"build_version":"2020-12-22","purchased_purges":0,"victory":false,"max_hp_per_floor":[84,84,84,84,84,84,84,84,84,84,84,84,84,84,84,84,84,84],"card_choices":[{"not_picked":["bronze:Invalidate","bronze:BitShift","bronze:Shield"],"picked":"SKIP","floor":2.0},{"not_picked":["bronze:FineTuning","bronze:MaxOutput"],"picked":"bronze:DelayedSlice","floor":3.0},{"not_picked":["bronze:Separator","bronze:NullPointer"],"picked":"bronze:Terminator","floor":5.0},{"not_picked":["bronze:Shield","bronze:Refactor","bronze:Return"],"picked":"SKIP","floor":6.0},{"not_picked":["bronze:BitShift","bronze:WildBeam","bronze:Frontload"],"picked":"SKIP","floor":8.0},{"not_picked":["bronze:Fortify","bronze:Deprecate","bronze:ItsAFeature"],"picked":"SKIP","floor":9.0},{"not_picked":["bronze:ItsAFeature","bronze:Shield","bronze:Library"],"picked":"SKIP","floor":10.0},{"not_picked":["bronze:BitShift","bronze:Frontload","bronze:Deprecate"],"picked":"SKIP","floor":11.0},{"not_picked":["bronze:Shield","bronze:WildBeam"],"picked":"bronze:Separator","floor":12},{"not_picked":["bronze:DelayedGuard","bronze:Shield","bronze:DarkDash"],"picked":"SKIP","floor":15}],"player_experience":128096,"relics_obtained":[{"floor":7.0,"key":"Bag of Preparation"}],"event_choices":[],"is_beta":false,"boss_relics":[],"items_purged_floors":[],"is_endless":false,"potions_floor_spawned":[3,5,6,11,15],"killed_by":"WA_ARCHETYPE_RETAIN","ascension_level":3}}