{"host":"uvmuduost5bzvojs","time":1611972369,"event":{"mods":["Aspiration","Bard","BaseMod","Better Match","Block Reminder","Conspire","Hermit","Highlight Path","Hubris","Infinite Spire","Jorbs\u0027s Wanderer Trilogy","Mad Scientist","Marisa????????","Mimic Mod","Minty Spire (QoL Compilation)","Potionbrewer","Replay The Spire","Robot Space Explorer","StSLib","The Blackbeard","The Construct","The Cursed","The Disciple","The Hayseed","The Hierophant","The Juggle","The Jungle","The Poker Player","The Runesmith","The Servant 0.9.4","The Spell Scribe","The Valiant","TheBandit"],"gold_per_floor":[109,123,143,163,163,163,192,192,192,56,56,10,55,87,87,87,87,87],"floor_reached":16,"language":"ENG","playtime":1960,"items_purged":[],"score":110,"play_id":"08df4765-c633-43f9-bd3b-b64d86ad245d","local_time":"20210129210609","is_ascension_mode":false,"campfire_choices":[{"data":"blackbeard:SwordDance","floor":8,"key":"SMITH"},{"data":"blackbeard:Sharpening","floor":15,"key":"SMITH"}],"circlet_count":0,"master_deck":["blackbeard:BlackbeardStrike","blackbeard:BlackbeardStrike","blackbeard:BlackbeardStrike","blackbeard:BlackbeardStrike","blackbeard:IntimidatingStrike","blackbeard:BlackbeardDefend","blackbeard:BlackbeardDefend","blackbeard:BlackbeardDefend","blackbeard:BlackbeardDefend+1","blackbeard:Cutlass+1","blackbeard:Dagger","blackbeard:Sharpening+1","blackbeard:BlindAttacks","blackbeard:CloakAndCannonball","blackbeard:SwordDance+1","blackbeard:BountyHunter","blackbeard:Spear","blackbeard:Sharpening","blackbeard:Fencing"],"relics":["blackbeard:LoadTheCannons","StrikeDummy","conspire:BottledYoYo","Huge Egg"],"acts_visited":["Exordium"],"potions_floor_usage":[16],"damage_taken":[{"damage":0,"enemies":"conspire:RoseBush","floor":1,"turns":3},{"damage":5,"enemies":"Small Slimes","floor":2,"turns":3},{"damage":9,"enemies":"2 Louse","floor":3,"turns":3},{"damage":7,"enemies":"Blue Slaver","floor":4,"turns":3},{"damage":21,"enemies":"Lagavulin","floor":7,"turns":7},{"damage":16,"enemies":"Gremlin Nob","floor":13,"turns":3},{"damage":0,"enemies":"2 Fungi Beasts","floor":14,"turns":2},{"damage":41,"enemies":"Fading Forest","floor":16,"turns":4}],"seed_played":"-8732060983347339810","potions_obtained":[{"floor":3,"key":"SkillPotion"},{"floor":13,"key":"potionbrewer:FreezingPotion"},{"floor":14,"key":"Dexterity Potion"}],"is_trial":false,"path_per_floor":["M","M","M","M","?","?","E","R","T","$","?","$","E","M","R","B"],"character_chosen":"BLACKBEARD_CLASS","items_purchased":["blackbeard:BountyHunter","blackbeard:Spear"],"campfire_rested":0,"item_purchase_floors":[10,12],"current_hp_per_floor":[82,77,68,61,61,61,40,40,40,40,40,40,24,24,24,0,0,0],"gold":87,"neow_bonus":"TEN_PERCENT_HP_BONUS","is_daily":false,"chose_seed":false,"campfire_upgraded":2,"win_rate":0.0,"timestamp":1611972369,"path_taken":["M","M","M","M","?","?","E","R","T","$","?","?","E","M","R","BOSS"],"items_purchased_type":["Card","Card"],"build_version":"2020-12-22","purchased_purges":0,"victory":false,"max_hp_per_floor":[82,82,82,82,82,82,82,82,82,82,82,82,82,82,82,82,82,82],"card_choices":[{"not_picked":["blackbeard:BeatUp","blackbeard:FishingNets"],"picked":"blackbeard:Dagger","floor":1},{"not_picked":["blackbeard:Dagger","blackbeard:BlindAttacks"],"picked":"blackbeard:Sharpening","floor":2},{"not_picked":["blackbeard:RearmingStrike","blackbeard:GoldenDefense"],"picked":"blackbeard:BlindAttacks","floor":3},{"not_picked":["blackbeard:TerrorOfTheSeas","blackbeard:Dagger"],"picked":"blackbeard:CloakAndCannonball","floor":4},{"not_picked":["blackbeard:BlindAttacks","blackbeard:GoldenDefense"],"picked":"blackbeard:SwordDance","floor":7},{"not_picked":["blackbeard:DeadlyArsenal","blackbeard:Lifeboat"],"picked":"blackbeard:Sharpening","floor":13},{"not_picked":["blackbeard:BeatUp","blackbeard:CannonBarrage"],"picked":"blackbeard:Fencing","floor":14}],"player_experience":1916545,"relics_obtained":[{"floor":7,"key":"StrikeDummy"},{"floor":9,"key":"conspire:BottledYoYo"},{"floor":13,"key":"Huge Egg"}],"event_choices":[{"damage_healed":0,"gold_gain":0,"player_choice":"Ignored","damage_taken":0,"max_hp_gain":0,"max_hp_loss":0,"event_name":"Golden Wing","floor":6,"gold_loss":0}],"is_beta":false,"boss_relics":[],"items_purged_floors":[],"is_endless":false,"potions_floor_spawned":[3,13,14],"killed_by":"Fading Forest","ascension_level":0}}