{"host":"141e8mu1xuvwtmt1","time":1611991087,"event":{"mods":["AchievementEnabler","BaseMod","BetterRewards","Colored Map","Colored Powertips","Downfall","Highlight Path","Minty Spire (QoL Compilation)","Replay The Spire","StSLib"],"gold_per_floor":[99,118,118,130,130,130,130,25,59,76,76,95,105,44,58,156,156,156,172,172,172,185,205,219,219,219,231,242,255,255,6,19,0,12,107,107,107,127,143,161,161,161,161,17,35,46,95,123,135,162,191,203,203,203],"floor_reached":52,"language":"ENG","playtime":8018,"items_purged":[],"score":619,"play_id":"674919c0-fc01-4456-805d-1cff94391837","local_time":"20210130081807","is_ascension_mode":false,"campfire_choices":[{"data":"Slimebound:CorrosiveSpit","floor":1,"key":"SMITH"},{"data":"Slimebound:Split","floor":11,"key":"SMITH"},{"data":"Slimebound:MassRepurpose","floor":18,"key":"SMITH"},{"floor":37,"key":"DIG"},{"data":"Slimebound:LeadByExample","floor":42,"key":"SMITH"},{"floor":49,"key":"REST"}],"circlet_count":0,"master_deck":["Slimebound:Tackle","Slimebound:Defend_Slimebound","Slimebound:Defend_Slimebound","Slimebound:Defend_Slimebound","Slimebound:Defend_Slimebound","Slimebound:Split+1","Slimebound:CorrosiveSpit+1","Slimebound:HauntingLick","Slimebound:SplitLeeching","Slimebound:LeechingTouch","Slimebound:MassRepurpose+1","Slimebound:SplitLeeching","Slimebound:SplitLeeching","Slimebound:LeadByExample+1","Slimebound:GoopSpray","Slimebound:SplitMire","Slimebound:ItLooksTasty","Slimebound:SplitMire","Slimebound:PressTheAttack","Slimebound:GrowthPunch","Slimebound:GrowthPunch","Slimebound:Repurpose","Slimebound:OneTwoCombo","Slimebound:SlimeBarrage","Slimebound:SplitAcid","Slimebound:SamplingLick","Slimebound:ItLooksTasty","downfall:Icky","Slimebound:Equalize+1","Slimebound:HauntingLick+1","Slimebound:LivingWall","Slimebound:SamplingLick+1","Slimebound:Replication+1","Slimebound:SplitAcid","Slimebound:ProtectTheBoss","Slimebound:FinishingTackle","Slimebound:LevelUp","Slimebound:PressTheAttack","Slimebound:SplitAcid","Slimebound:SlimeSlap","Slimebound:LevelUp","Slimebound:SplitLeeching","Voices","Slimebound:ComboTackle","Slimebound:SplitLeeching+1","Slimebound:DouseInSlime","ReplayTheSpireMod:Restless Dread","Parasite","Slimebound:SamplingLick+1","Slimebound:RejuvenatingLick+1","Slimebound:SplitMire+1","Slimebound:AcidTongue+1","Slimebound:SlimeBarrage","Slimebound:ForwardTackle","Slimebound:ComboTackle","Slimebound:ComboTackle","Slimebound:LeechingTouch+1","Slimebound:SpikyOuterGoop+1","Slimebound:SplitBruiser+1","Slimebound:RainOfGoop+1","Slimebound:GoopSpray+1","Slimebound:ComboTackle+1"],"relics":["Slimebound:AbsorbEndCombat","The Courier","Counterbalance","Velvet Choker","Meat on the Bone","Enchiridion","Orrery","Slimebound:SelfDamagePreventRelic","ReplayTheSpireMod:CursedCoin","Orichalcum","Ornamental Fan","Kintsugi","Blue Doll","Darkstone Periapt","Replay:Towering Pillar of Hats","MawBank"],"acts_visited":["Exordium","TheCity","TheBeyond"],"potions_floor_usage":[12,22,28,29,31,35,35,40,46,47,48,52],"damage_taken":[{"damage":8,"enemies":"Small Slimes","floor":2,"turns":4},{"damage":1,"enemies":"Jaw Worm","floor":4,"turns":5},{"damage":0,"enemies":"Cultist","floor":6,"turns":1},{"damage":0,"enemies":"downfall:FleeingMerchant","floor":8,"turns":4},{"damage":5,"enemies":"3 Sentries","floor":9,"turns":8},{"damage":2,"enemies":"Lots of Slimes","floor":10,"turns":4},{"damage":0,"enemies":"Large Slime","floor":12,"turns":4},{"damage":4,"enemies":"2 Fungi Beasts","floor":13,"turns":4},{"damage":7,"enemies":"downfall:FleeingMerchant","floor":14,"turns":4},{"damage":0,"enemies":"Blue Slaver","floor":15,"turns":3},{"damage":12,"enemies":"IC_STATUS_ARCHETYPE","floor":16,"turns":6},{"damage":4,"enemies":"Shell Parasite","floor":19,"turns":4},{"damage":0,"enemies":"3 Byrds","floor":22,"turns":4},{"damage":18,"enemies":"Snake Plant","floor":23,"turns":4},{"damage":3,"enemies":"Cultist and Chosen","floor":24,"turns":5},{"damage":2,"enemies":"Chosen and Byrds","floor":27,"turns":4},{"damage":15,"enemies":"Shelled Parasite and Fungi","floor":28,"turns":4},{"damage":27,"enemies":"Centurion and Healer","floor":29,"turns":3},{"damage":0,"enemies":"downfall:FleeingMerchant","floor":31,"turns":4},{"damage":10,"enemies":"Cultist and Chosen","floor":32,"turns":4},{"damage":0,"enemies":"downfall:FleeingMerchant","floor":33,"turns":3},{"damage":10,"enemies":"Snake Plant","floor":34,"turns":3},{"damage":23,"enemies":"DF_ARCHETYPE_CLAW","floor":35,"turns":7},{"damage":9,"enemies":"Orb Walker","floor":38,"turns":3},{"damage":11,"enemies":"3 Shapes","floor":39,"turns":3},{"damage":47,"enemies":"Transient","floor":40,"turns":5},{"damage":24,"enemies":"3 Darklings","floor":45,"turns":5},{"damage":0,"enemies":"Maw","floor":46,"turns":6},{"damage":18,"enemies":"2 Orb Walkers","floor":47,"turns":5},{"damage":52,"enemies":"Nemesis","floor":48,"turns":7},{"damage":12,"enemies":"Transient","floor":50,"turns":5},{"damage":44,"enemies":"Jaw Worm Horde","floor":51,"turns":6},{"damage":41,"enemies":"WA_ARCHETYPE_DIVINITY","floor":52,"turns":7}],"seed_played":"3310630645894385223","potions_obtained":[{"floor":4,"key":"Strength Potion"},{"floor":9,"key":"EssenceOfSteel"},{"floor":10,"key":"Reflective Coating"},{"floor":19,"key":"hexamod:SoulburnPotion"},{"floor":27,"key":"Guardian:BlockOnCardUsePotion"},{"floor":28,"key":"Fire Potion"},{"floor":32,"key":"Explosive Potion"},{"floor":34,"key":"Explosive Potion"},{"floor":35,"key":"Adrenaline Potion"},{"floor":38,"key":"Reflective Coating"},{"floor":45,"key":"CultistPotion"},{"floor":48,"key":"Slimebound:ThreeZeroPotion"}],"is_trial":false,"path_per_floor":["R","M","?","M","?","M","T","$","E","M","R","M","M","$","M","B",null,"R_BF","M","PTL","PTL","M","M","M","?","T","M","M","M","?","$","M","$","M","B",null,"R_BF","M","M","M","?","R","T","$","M","M","?","E","R","M","M","B"],"character_chosen":"SLIMEBOUND","items_purchased":["Slimebound:SplitLeeching","Slimebound:LeadByExample","Slimebound:GrowthPunch","Orrery","Slimebound:SelfDamagePreventRelic","Slimebound:SlimeSlap","Slimebound:LevelUp","Slimebound:SplitLeeching","ReplayTheSpireMod:CursedCoin","Slimebound:ComboTackle","Orichalcum","Ornamental Fan","Slimebound:AcidTongue+1","Slimebound:SlimeBarrage","Slimebound:ForwardTackle","Slimebound:ComboTackle"],"campfire_rested":1,"item_purchase_floors":[8,8,14,31,31,33,33,33,33,33,33,33,44,44,44,44],"current_hp_per_floor":[71,65,70,73,73,73,73,76,73,76,76,76,74,75,76,72,76,76,74,74,74,76,60,63,63,63,65,58,39,23,41,47,53,49,42,76,76,69,70,41,41,41,41,41,35,55,45,23,45,39,21,0,0,0],"gold":203,"neow_bonus":"TEN_PERCENT_HP_BONUS","is_daily":false,"chose_seed":false,"campfire_upgraded":4,"win_rate":0.0,"timestamp":1611991087,"path_taken":["R","M","?","M","?","M","T","?","E","M","R","M","?","$","M","BOSS","R_BF","M","PTL","PTL","M","?","M","?","T","M","M","M","?","$","M","$","M","BOSS","R_BF","M","M","M","?","R","T","$","M","M","?","E","R","M","M","BOSS"],"items_purchased_type":["Card","Card","Card","Relic","Relic","Card","Card","Card","Relic","Card","Relic","Relic","Card","Card","Card","Card"],"build_version":"2020-12-22","purchased_purges":0,"victory":false,"max_hp_per_floor":[71,71,76,76,76,76,76,76,76,76,76,76,76,76,76,76,76,76,76,76,76,76,76,76,76,76,76,76,76,76,76,76,76,76,76,76,76,76,76,76,76,76,76,76,76,76,76,76,76,76,76,76,76,76],"card_choices":[{"not_picked":["Slimebound:GoopTackle","Slimebound:Replication"],"picked":"Slimebound:HauntingLick","floor":2},{"not_picked":["Slimebound:DisruptingSlam","Slimebound:ForwardTackle"],"picked":"Slimebound:SplitLeeching","floor":4},{"not_picked":["Slimebound:DisruptingSlam","Slimebound:SlimeSpikes"],"picked":"Slimebound:LeechingTouch","floor":6},{"not_picked":["Slimebound:PressTheAttack","Slimebound:SplitLeeching"],"picked":"Slimebound:MassRepurpose","floor":8},{"not_picked":["Slimebound:ProtectTheBoss","Slimebound:FormOfPuddle"],"picked":"Slimebound:GoopSpray","floor":9},{"not_picked":["Slimebound:BestDefense","Slimebound:ViciousTackle"],"picked":"Slimebound:SplitMire","floor":10},{"not_picked":["Slimebound:RollThrough","Slimebound:Schlurp"],"picked":"Slimebound:ItLooksTasty","floor":12},{"not_picked":["Slimebound:ViciousTackle","Slimebound:SplitLeeching"],"picked":"Slimebound:SplitMire","floor":13},{"not_picked":["Slimebound:GrowthPunch","Slimebound:LeechLife"],"picked":"Slimebound:PressTheAttack","floor":14},{"not_picked":["Slimebound:ItLooksTasty","Slimebound:FormOfPuddle"],"picked":"Slimebound:Repurpose","floor":15},{"not_picked":["Slimebound:PrepareCrush","Slimebound:WasteNot"],"picked":"Slimebound:OneTwoCombo","floor":16},{"not_picked":["Slimebound:FlameTackle","Slimebound:ProtectTheBoss+1"],"picked":"Slimebound:SlimeBarrage","floor":19},{"not_picked":["Slimebound:MegaLick","Slimebound:PressTheAttack"],"picked":"Slimebound:SplitAcid","floor":22},{"not_picked":["Slimebound:Nibble","Slimebound:ForwardTackle"],"picked":"Slimebound:SamplingLick","floor":23},{"not_picked":["Slimebound:Prepare","Slimebound:Nibble"],"picked":"Slimebound:ItLooksTasty","floor":24},{"not_picked":["Slimebound:SplitAcid","Slimebound:Schlurp"],"picked":"Slimebound:Equalize+1","floor":27},{"not_picked":["Slimebound:SamplingLick","Slimebound:LeechingTouch"],"picked":"Slimebound:HauntingLick+1","floor":28},{"not_picked":["Slimebound:HauntingLick","Slimebound:GoopTackle"],"picked":"Slimebound:LivingWall","floor":29},{"not_picked":["Slimebound:FirmFortitude","Slimebound:ComboTackle"],"picked":"Slimebound:SamplingLick+1","floor":31},{"not_picked":["Slimebound:SelfFormingGoo","Slimebound:GoopTackle+1"],"picked":"Slimebound:Replication+1","floor":31},{"not_picked":["Slimebound:ItLooksTasty","Slimebound:FlameTackle"],"picked":"Slimebound:SplitAcid","floor":31},{"not_picked":["Slimebound:ComboTackle","Slimebound:DisruptingSlam"],"picked":"Slimebound:ProtectTheBoss","floor":31},{"not_picked":["Slimebound:TongueLash","Slimebound:Dissolve"],"picked":"Slimebound:FinishingTackle","floor":31},{"not_picked":["Slimebound:LeechingTouch","Slimebound:ComboTackle"],"picked":"Slimebound:LevelUp","floor":31},{"not_picked":["Slimebound:TongueLash","Slimebound:ComboTackle"],"picked":"Slimebound:PressTheAttack","floor":32},{"not_picked":["Slimebound:Equalize+1","Slimebound:PressTheAttack"],"picked":"Slimebound:SplitAcid","floor":33},{"not_picked":["Slimebound:Schlurp","Slimebound:LeechingTouch"],"picked":"Slimebound:SplitLeeching+1","floor":34},{"not_picked":["Slimebound:PrepareCrush","Slimebound:MassRepurpose"],"picked":"Slimebound:DouseInSlime","floor":35},{"not_picked":["Slimebound:Grow+1","Slimebound:FormOfPuddle+1"],"picked":"Slimebound:SamplingLick+1","floor":38},{"not_picked":["Slimebound:GoopSpray","Slimebound:SlimeBarrage"],"picked":"Slimebound:RejuvenatingLick+1","floor":39},{"not_picked":["Slimebound:SpikyOuterGoop+1","Slimebound:RejuvenatingLick+1"],"picked":"Slimebound:SplitMire+1","floor":40},{"not_picked":["Slimebound:HauntingLick","Slimebound:MassRepurpose"],"picked":"Slimebound:LeechingTouch+1","floor":45},{"not_picked":["Slimebound:SplitMire","Slimebound:TongueLash"],"picked":"Slimebound:SpikyOuterGoop+1","floor":46},{"not_picked":["Slimebound:LeechEnergy","Slimebound:RejuvenatingLick+1"],"picked":"Slimebound:SplitBruiser+1","floor":47},{"not_picked":["Slimebound:MegaLick","Slimebound:SplitLeeching"],"picked":"Slimebound:RainOfGoop+1","floor":48},{"not_picked":["Slimebound:Schlurp+1","Slimebound:PressTheAttack+1"],"picked":"Slimebound:GoopSpray+1","floor":50},{"not_picked":["Slimebound:RejuvenatingLick+1","Slimebound:PressTheAttack"],"picked":"Slimebound:ComboTackle+1","floor":51}],"player_experience":204860,"relics_obtained":[{"floor":7,"key":"The Courier"},{"floor":9,"key":"Counterbalance"},{"floor":26,"key":"Meat on the Bone"},{"floor":30,"key":"Enchiridion"},{"floor":37,"key":"Blue Doll"},{"floor":43,"key":"Darkstone Periapt"},{"floor":47,"key":"Replay:Towering Pillar of Hats"},{"floor":48,"key":"MawBank"}],"event_choices":[{"damage_healed":0,"gold_gain":0,"player_choice":"Donut","damage_taken":0,"max_hp_gain":5,"max_hp_loss":0,"event_name":"Big Fish","floor":3,"gold_loss":0},{"damage_healed":0,"gold_gain":0,"player_choice":"Fight","damage_taken":0,"max_hp_gain":0,"max_hp_loss":0,"event_name":"Mysterious Sphere","floor":47,"gold_loss":0}],"is_beta":false,"boss_relics":[{"not_picked":["Sozu","Philosopher\u0027s Stone"],"picked":"Velvet Choker"},{"not_picked":["Fusion Hammer","Runic Dome"],"picked":"Kintsugi"}],"items_purged_floors":[],"is_endless":false,"potions_floor_spawned":[4,9,10,19,27,28,32,34,35,38,39,45,48],"killed_by":"WA_ARCHETYPE_DIVINITY","ascension_level":0}}