{"host":"ebj6lkgm8suah319","time":1611979386,"event":{"mods":["2.2 Compatiblity","AchievementEnabler","BaseMod","Block Reminder","Colored Map","Colored Powertips","Minty Spire (QoL Compilation)","Quick Restart","Rare Cards Sparkle","Relic Stats","SuperFastMode"],"gold_per_floor":[109,11,11,21,33,60,60,86,86,86,116,135,35,0,0,103,103,116,116,128,140,10,36,56,56,80,80,115,190,216,216,216],"floor_reached":31,"language":"ENG","playtime":1048,"items_purged":["Regret","Strike_G","Flying Knee"],"score":414,"play_id":"4cd3515c-182d-4cb8-b241-a5ccb7d88b3e","local_time":"20210129230306","is_ascension_mode":true,"campfire_choices":[{"data":"Calculated Gamble","floor":7,"key":"SMITH"},{"floor":10,"key":"REST"},{"data":"Deadly Poison","floor":15,"key":"SMITH"},{"floor":25,"key":"REST"}],"circlet_count":0,"master_deck":["Survivor","Neutralize","Sucker Punch","Quick Slash","Infinite Blades","Poisoned Stab","Deadly Poison+1","Calculated Gamble+1","PiercingWail","Escape Plan+1","Poisoned Stab","Backflip+1","Burst+1","Heel Hook","Die Die Die","PiercingWail+1","Deadly Poison+1","Unload","Reflex+1","Terror+1","Phantasmal Killer+1","Leg Sweep+1","Footwork","Catalyst+1","Backflip+1","Eviscerate"],"relics":["Ring of the Snake","Tough Bandages","The Courier","Toxic Egg 2","Pear","Pandora\u0027s Box","Letter Opener","Tiny Chest","Nilry\u0027s Codex","Mercury Hourglass","Blue Candle"],"acts_visited":["Exordium","TheCity"],"potions_floor_usage":[16,28],"damage_taken":[{"damage":4,"enemies":"Cultist","floor":1,"turns":4},{"damage":2,"enemies":"Small Slimes","floor":4,"turns":4},{"damage":0,"enemies":"2 Louse","floor":5,"turns":3},{"damage":16,"enemies":"Lagavulin","floor":6,"turns":6},{"damage":25,"enemies":"3 Sentries","floor":8,"turns":11},{"damage":17,"enemies":"Gremlin Nob","floor":11,"turns":4},{"damage":0,"enemies":"Exordium Thugs","floor":12,"turns":5},{"damage":74,"enemies":"Slime Boss","floor":16,"turns":16},{"damage":0,"enemies":"Spheric Guardian","floor":18,"turns":4},{"damage":18,"enemies":"3 Byrds","floor":20,"turns":3},{"damage":0,"enemies":"Centurion and Healer","floor":21,"turns":4},{"damage":12,"enemies":"Gremlin Leader","floor":23,"turns":5},{"damage":13,"enemies":"Snake Plant","floor":24,"turns":5},{"damage":10,"enemies":"Book of Stabbing","floor":28,"turns":5},{"damage":21,"enemies":"Gremlin Leader","floor":30,"turns":5},{"damage":7,"enemies":"Snecko","floor":31,"turns":2}],"seed_played":"-8561059601979576707","potions_obtained":[{"floor":4,"key":"LiquidBronze"},{"floor":5,"key":"GhostInAJar"},{"floor":11,"key":"SpeedPotion"},{"floor":20,"key":"FearPotion"},{"floor":24,"key":"SkillPotion"}],"is_trial":false,"path_per_floor":["M","$","?","M","M","E","R","E","T","R","E","M","$","?","R","B",null,"M","?","M","M","$","E","M","R","T","?","E","?","E","M"],"character_chosen":"THE_SILENT","items_purchased":["Quick Slash","Backflip+1","Footwork"],"campfire_rested":2,"item_purchase_floors":[2,13,22],"current_hp_per_floor":[80,80,80,78,78,62,62,37,37,62,55,55,55,78,78,4,72,72,72,54,54,54,42,29,57,57,41,31,22,1,0,0],"gold":216,"neow_bonus":"TWENTY_PERCENT_HP_BONUS","is_daily":false,"chose_seed":false,"campfire_upgraded":2,"win_rate":0.0,"timestamp":1611979386,"path_taken":["M","$","?","M","M","E","R","E","T","R","E","M","?","?","R","BOSS","M","?","M","M","?","E","?","R","T","?","E","?","E","?"],"items_purchased_type":["Card","Card","Card"],"build_version":"2020-12-22","purchased_purges":3,"victory":false,"max_hp_per_floor":[84,84,84,84,84,84,84,84,84,84,94,94,94,94,94,94,94,94,94,94,94,94,94,94,94,94,94,94,94,94,94,94],"relic_stats":{"Tough Bandages":[168],"counters":[16,86],"Blue Candle":[0],"Pandora\u0027s Box":["Heel Hook","Flying Knee","Die Die Die","PiercingWail","All Out Attack","Deadly Poison","Unload","Reflex"],"Tiny Chest":0,"Letter Opener":[46],"obtain_stats":[{"Tough Bandages":6,"Pear":11,"Nilry\u0027s Codex":27,"Blue Candle":30,"Pandora\u0027s Box":17,"Tiny Chest":26,"The Courier":8,"Letter Opener":23,"Toxic Egg 2":9,"Ring of the Snake":0,"Mercury Hourglass":28},{"Tough Bandages":4,"Pear":6,"Nilry\u0027s Codex":13,"Blue Candle":15,"Pandora\u0027s Box":8,"Tiny Chest":13,"The Courier":5,"Letter Opener":12,"Toxic Egg 2":5,"Ring of the Snake":0,"Mercury Hourglass":14},{"Tough Bandages":17,"Pear":32,"Nilry\u0027s Codex":74,"Blue Candle":84,"Pandora\u0027s Box":53,"Tiny Chest":74,"The Courier":28,"Letter Opener":69,"Toxic Egg 2":28,"Ring of the Snake":0,"Mercury Hourglass":79}],"Ring of the Snake":[32],"Mercury Hourglass":[30]},"card_choices":[{"not_picked":["Prepared","Slice"],"picked":"Sucker Punch","floor":1},{"not_picked":["Prepared","Concentrate"],"picked":"Poisoned Stab","floor":4},{"not_picked":["Choke","Finisher"],"picked":"Deadly Poison","floor":5},{"not_picked":["Flying Knee","Flechettes"],"picked":"Calculated Gamble","floor":6},{"not_picked":["Deadly Poison","All Out Attack"],"picked":"PiercingWail","floor":8},{"not_picked":["Poisoned Stab","Tactician+1"],"picked":"Escape Plan+1","floor":11},{"not_picked":["Tactician+1","Concentrate+1"],"picked":"Poisoned Stab","floor":12},{"not_picked":["Phantasmal Killer+1","Storm of Steel+1"],"picked":"Burst+1","floor":16},{"not_picked":["Bane","Acrobatics+1"],"picked":"Terror+1","floor":18},{"not_picked":["Flying Knee+1","Choke+1"],"picked":"Leg Sweep+1","floor":20},{"not_picked":["Bane+1","Terror+1","Outmaneuver+1"],"picked":"SKIP","floor":21},{"not_picked":["Blade Dance+1","Expertise+1"],"picked":"Catalyst+1","floor":23},{"not_picked":["Flying Knee","Cloak And Dagger+1","Sucker Punch"],"picked":"SKIP","floor":24},{"not_picked":["Flechettes","Expertise+1"],"picked":"Backflip+1","floor":28},{"not_picked":["Setup+1","All Out Attack"],"picked":"Eviscerate","floor":30}],"player_experience":94435,"relics_obtained":[{"floor":6,"key":"Tough Bandages"},{"floor":8,"key":"The Courier"},{"floor":9,"key":"Toxic Egg 2"},{"floor":11,"key":"Pear"},{"floor":23,"key":"Letter Opener"},{"floor":26,"key":"Tiny Chest"},{"floor":27,"key":"Nilry\u0027s Codex"},{"floor":28,"key":"Mercury Hourglass"},{"floor":30,"key":"Blue Candle"}],"event_choices":[{"damage_healed":0,"gold_gain":0,"cards_transformed":["Strike_G"],"player_choice":"Transformed","damage_taken":0,"max_hp_gain":0,"max_hp_loss":0,"event_name":"Transmorgrifier","floor":3,"gold_loss":0,"cards_obtained":["Infinite Blades"]},{"damage_healed":23,"gold_gain":0,"player_choice":"Healed","damage_taken":0,"max_hp_gain":0,"max_hp_loss":0,"event_name":"The Cleric","floor":14,"gold_loss":35},{"damage_healed":0,"gold_gain":0,"cards_transformed":["All Out Attack"],"player_choice":"Transformed","damage_taken":0,"max_hp_gain":0,"max_hp_loss":0,"event_name":"Transmorgrifier","floor":19,"gold_loss":0,"cards_obtained":["Phantasmal Killer"]},{"damage_healed":0,"gold_gain":0,"player_choice":"Obtained Book","damage_taken":16,"max_hp_gain":0,"max_hp_loss":0,"event_name":"Cursed Tome","floor":27,"gold_loss":0},{"damage_healed":0,"gold_gain":75,"player_choice":"Touch","damage_taken":9,"max_hp_gain":0,"max_hp_loss":0,"event_name":"FaceTrader","floor":29,"gold_loss":0}],"is_beta":false,"boss_relics":[{"not_picked":["SlaversCollar","Sozu"],"picked":"Pandora\u0027s Box"}],"items_purged_floors":[2,13,22],"is_endless":false,"potions_floor_spawned":[4,5,11,20,24],"killed_by":"Snecko","ascension_level":5}}