{"host":"v9ordiuf4xzdpttp","time":1611972543,"event":{"mods":["AchievementEnabler","Act Like it!","BaseMod","Better Third Choice","Better Vampires","BetterRewards","Colored Map","Gold Saver","Infinite Spire","Marked Mod","Minty Spire (QoL Compilation)","Remove Card Discount Mod","Shop Mod","Spicy Shops","StSLib"],"gold_per_floor":[239,102,8,24,0,0,0,0,0,13,25,41,41,59,59,162,162,173,188,188,0,13,13,13,33,105,105,105,124,138,148,148,252,252,271,17,34,48,98,98,98,110,134,134,134,134],"floor_reached":45,"language":"ENG","playtime":11389,"items_purged":["Strike_G","Defend_G","Strike_G","Defend_G"],"score":459,"play_id":"4b55c3d6-66d1-472d-8e29-69f89d3a59f3","local_time":"20210129210903","is_ascension_mode":false,"campfire_choices":[{"floor":6,"key":"RECALL"},{"floor":15,"key":"REST"},{"floor":23,"key":"REST"},{"data":"Crippling Poison","floor":27,"key":"SMITH"},{"floor":32,"key":"REST"},{"floor":40,"key":"REST"}],"circlet_count":0,"master_deck":["Survivor","Neutralize","Crippling Poison+1","Noxious Fumes","Quick Slash","Noxious Fumes","Bane","infinitespire:NeuralNetwork","Backflip","Dagger Spray","Deadly Poison","Setup","Phantasmal Killer","Concentrate+1","Well Laid Plans","infinitespire:Fortify","infinitespire:Punishment","After Image","Deadly Poison","Burst+1","Predator","Die Die Die","Reflex","All Out Attack","Bouncing Flask","Envenom","Slice","Choke","Infinite Blades","Flying Knee","Madness","Madness"],"relics":["Ring of the Snake","Regal Pillow","FaceOfCleric","SlaversCollar","infinitespire:Lucky Rock","infinitespire:Satchel","Eternal Feather","Ginger","Philosopher\u0027s Stone","Pandora\u0027s Box","Strange Spoon","Tingsha","Toy Ornithopter"],"acts_visited":["Exordium","TheCity","TheBeyond"],"potions_floor_usage":[10,16,25,29,30,33,33,38,39],"damage_taken":[{"damage":13,"enemies":"Jaw Worm","floor":1,"turns":8},{"damage":0,"enemies":"Cultist","floor":4,"turns":4},{"damage":0,"enemies":"2 Louse","floor":10,"turns":3},{"damage":13,"enemies":"Large Slime","floor":11,"turns":5},{"damage":9,"enemies":"Exordium Thugs","floor":12,"turns":4},{"damage":4,"enemies":"Looter","floor":14,"turns":3},{"damage":35,"enemies":"Slime Boss","floor":16,"turns":8},{"damage":20,"enemies":"Spheric Guardian","floor":18,"turns":5},{"damage":20,"enemies":"3 Byrds","floor":19,"turns":4},{"damage":23,"enemies":"Centurion and Healer","floor":22,"turns":7},{"damage":23,"enemies":"Cultist and Chosen","floor":25,"turns":5},{"damage":0,"enemies":"Sentry and Sphere","floor":29,"turns":3},{"damage":19,"enemies":"Centurion and Healer","floor":30,"turns":6},{"damage":8,"enemies":"3 Cultists","floor":31,"turns":4},{"damage":46,"enemies":"Automaton","floor":33,"turns":7},{"damage":3,"enemies":"Orb Walker","floor":35,"turns":3},{"damage":19,"enemies":"3 Shapes","floor":37,"turns":3},{"damage":8,"enemies":"Jaw Worm Horde","floor":38,"turns":4},{"damage":0,"enemies":"Mind Bloom Boss Battle","floor":39,"turns":4},{"damage":37,"enemies":"Spire Growth","floor":42,"turns":4},{"damage":60,"enemies":"Writhing Mass","floor":45,"turns":4}],"seed_played":"-4497090951159820391","potions_obtained":[{"floor":4,"key":"Block Potion"},{"floor":12,"key":"Strength Potion"},{"floor":16,"key":"FearPotion"},{"floor":19,"key":"LiquidBronze"},{"floor":22,"key":"Swift Potion"},{"floor":25,"key":"Explosive Potion"},{"floor":30,"key":"LiquidBronze"},{"floor":35,"key":"Dexterity Potion"},{"floor":38,"key":"SkillPotion"}],"is_trial":false,"path_per_floor":["M","?","$","M","$","R","?","?","T","M","M","M","?","M","R","B",null,"M","M","?","$","M","R","?","M","T","R","AVR","M","M","M","R","B",null,"M","$","M","M","?","R","?","M","T","?","M"],"character_chosen":"THE_SILENT","items_purchased":["Noxious Fumes","Quick Slash","Bane","infinitespire:Satchel","Predator","Choke","Strange Spoon"],"campfire_rested":4,"item_purchase_floors":[3,3,5,21,21,36,36],"current_hp_per_floor":[64,64,64,64,64,64,45,45,45,45,32,23,23,20,58,24,79,60,41,41,41,19,58,82,60,60,72,72,73,55,48,86,41,87,85,85,67,60,61,91,80,44,44,44,0,0],"gold":134,"neow_bonus":"TEN_PERCENT_HP_BONUS","is_daily":false,"chose_seed":false,"campfire_upgraded":1,"win_rate":0.0,"timestamp":1611972543,"path_taken":["M","?","$","?","?","R","?","?","T","M","M","M","?","M","R","BOSS","M","M","?","$","M","R","?","M","T","R","AVR","?","M","M","R","BOSS","M","$","M","M","?","R","?","M","T","?","M"],"items_purchased_type":["Card","Card","Card","Relic","Card","Card","Relic"],"build_version":"2020-12-22","purchased_purges":4,"victory":false,"max_hp_per_floor":[77,77,77,77,77,77,77,77,77,77,77,77,77,78,78,79,79,80,81,81,81,82,82,82,83,83,83,83,84,85,86,86,87,87,88,88,89,90,91,91,91,92,92,92,92,92],"card_choices":[{"not_picked":["Slice","PiercingWail"],"picked":"Crippling Poison","floor":1},{"not_picked":["Skewer","Quick Slash"],"picked":"Noxious Fumes","floor":4},{"not_picked":["infinitespire:SevenWalls","infinitespire:Menacing"],"picked":"infinitespire:NeuralNetwork","floor":7},{"not_picked":["Poisoned Stab","Bane"],"picked":"Backflip","floor":10},{"not_picked":["Blade Dance","Venomology"],"picked":"Dagger Spray","floor":11},{"not_picked":["Cloak And Dagger","Bouncing Flask"],"picked":"Deadly Poison","floor":12},{"not_picked":["Bouncing Flask","All Out Attack"],"picked":"Setup","floor":14},{"not_picked":["Night Terror","Glass Knife"],"picked":"Phantasmal Killer","floor":16},{"not_picked":["Prepared","Endless Agony+1"],"picked":"Concentrate+1","floor":18},{"not_picked":["Setup+1","All Out Attack+1"],"picked":"Well Laid Plans","floor":19},{"not_picked":["PiercingWail","Concentrate","Expertise"],"picked":"SKIP","floor":22},{"not_picked":["Choke","PiercingWail","Setup"],"picked":"SKIP","floor":25},{"not_picked":["Sucker Punch+1","Underhanded Strike"],"picked":"After Image","floor":29},{"not_picked":["PiercingWail","Quick Slash","Dagger Throw"],"picked":"SKIP","floor":30},{"not_picked":["Dagger Spray","Prepared"],"picked":"Deadly Poison","floor":31},{"not_picked":["Glass Knife","Malaise"],"picked":"Burst","floor":33},{"not_picked":["Poisoned Stab","Dodge and Roll+1"],"picked":"Slice","floor":35},{"not_picked":["All Out Attack","Calculated Gamble"],"picked":"Infinite Blades","floor":37},{"not_picked":["Setup","Cloak And Dagger","Underhanded Strike+1"],"picked":"SKIP","floor":38},{"not_picked":["Finisher","Doppelganger"],"picked":"Flying Knee","floor":39},{"not_picked":["Predator","Dash+1","Dagger Throw"],"picked":"SKIP","floor":42}],"player_experience":224104,"relics_obtained":[{"floor":26,"key":"Eternal Feather"},{"floor":39,"key":"Tingsha"},{"floor":43,"key":"Toy Ornithopter"}],"event_choices":[{"damage_healed":0,"gold_gain":0,"player_choice":"Paid Gold","damage_taken":0,"relics_obtained":["Regal Pillow"],"max_hp_gain":0,"max_hp_loss":0,"event_name":"WeMeetAgain","floor":2,"gold_loss":137},{"damage_healed":0,"gold_gain":0,"player_choice":"Ignored","damage_taken":0,"max_hp_gain":0,"max_hp_loss":0,"event_name":"Golden Wing","floor":8,"gold_loss":0},{"damage_healed":0,"gold_gain":0,"player_choice":"Trade","damage_taken":0,"relics_obtained":["FaceOfCleric"],"max_hp_gain":0,"max_hp_loss":0,"event_name":"FaceTrader","floor":13,"gold_loss":0},{"damage_healed":0,"gold_gain":0,"player_choice":"Opened","damage_taken":0,"relics_obtained":["infinitespire:Lucky Rock"],"max_hp_gain":0,"max_hp_loss":0,"event_name":"The Mausoleum","floor":20,"gold_loss":0},{"cards_removed":["Predator"],"damage_healed":24,"gold_gain":0,"player_choice":"Offered Uncommon","damage_taken":0,"max_hp_gain":0,"max_hp_loss":0,"event_name":"Bonfire Elementals","floor":24,"gold_loss":0},{"damage_healed":0,"gold_gain":0,"player_choice":"Fight","damage_taken":0,"max_hp_gain":0,"max_hp_loss":0,"event_name":"MindBloom","floor":39,"gold_loss":0},{"damage_healed":0,"gold_gain":0,"player_choice":"Embrace Madness","damage_taken":11,"max_hp_gain":0,"max_hp_loss":0,"event_name":"Winding Halls","floor":41,"gold_loss":0,"cards_obtained":["Madness","Madness"]},{"damage_healed":0,"gold_gain":0,"player_choice":"Forge","damage_taken":0,"max_hp_gain":0,"max_hp_loss":0,"event_name":"Accursed Blacksmith","floor":44,"gold_loss":0,"cards_upgraded":["Burst"]}],"is_beta":false,"boss_relics":[{"not_picked":["Velvet Choker","Empty Cage"],"picked":"SlaversCollar"},{"not_picked":["Coffee Dripper","Runic Dome"],"picked":"Pandora\u0027s Box"}],"items_purged_floors":[3,3,5,28],"is_endless":false,"potions_floor_spawned":[4,12,16,19,22,25,30,35,38],"killed_by":"Writhing Mass","ascension_level":0}}