{"host":"hcfgv6p6h0ubjkk0","time":1611980063,"event":{"mods":["AchievementEnabler","BaseMod","Beaked The Cultist","Downfall","Highlight Path","Minty Spire (QoL Compilation)","Quick Restart","StSLib"],"gold_per_floor":[99,99,99,99,109,109,190,190,290,290,320,348,377,396,416,512,512,412,423,442,442,101,101,101,6,35,25,25,42,42,59,77,177,177,177,194,74,74,84,84,84,84,84,84,99,111,146,24,39,39],"floor_reached":51,"language":"ENG","playtime":1904,"items_purged":["bronze:Strike","bronze:Strike","bronze:Defend","bronze:Defend"],"score":801,"play_id":"b353e186-ffd4-404f-842f-83572529085e","local_time":"20210130041423","is_ascension_mode":false,"campfire_choices":[{"data":"bronze:Goto","floor":1,"key":"SMITH"},{"data":"bronze:Flail","floor":8,"key":"SMITH"},{"data":"bronze:Branch","floor":10,"key":"SMITH"},{"data":"bronze:RecursiveStrike","floor":18,"key":"SMITH"},{"data":"expansioncontent:DashGenerateEvil","floor":28,"key":"SMITH"},{"data":"bronze:HardenedForm","floor":30,"key":"SMITH"},{"floor":35,"key":"RECALL"},{"data":"expansioncontent:QuickStudy","floor":40,"key":"SMITH"}],"circlet_count":0,"master_deck":["bronze:Defend","bronze:Replicate+1","bronze:Goto+1","bronze:Flail+1","bronze:CloningBeam","bronze:Branch+1","bronze:RecursiveStrike+1","bronze:HardenedForm+1","expansioncontent:DashGenerateEvil+1","expansioncontent:QuickStudy+1","bronze:RecursiveStrike","expansioncontent:AwakenDeath","Doubt"],"relics":["bronze:BronzeCore","Bronze Scales","Happy Flower","The Courier","Ancient Tea Set","Odd Mushroom","Lantern","SlaversCollar","downfall:HeartBlessingGreen","Bottled Tornado","Vajra","Bag of Preparation","FossilizedHelix","beaked:SacredDeck","bronze:BottledCode","Smiling Mask","ClockworkSouvenir"],"acts_visited":["Exordium","TheCity","TheBeyond"],"potions_floor_usage":[16,25,47],"damage_taken":[{"damage":7,"enemies":"Small Slimes","floor":5,"turns":4},{"damage":11,"enemies":"downfall:Heads","floor":9,"turns":4},{"damage":6,"enemies":"Gremlin Nob","floor":11,"turns":3},{"damage":0,"enemies":"The Mushroom Lair","floor":12,"turns":2},{"damage":20,"enemies":"Lagavulin","floor":13,"turns":5},{"damage":0,"enemies":"2 Louse","floor":14,"turns":1},{"damage":1,"enemies":"Jaw Worm","floor":15,"turns":3},{"damage":16,"enemies":"IC_STATUS_ARCHETYPE","floor":16,"turns":5},{"damage":0,"enemies":"Spheric Guardian","floor":19,"turns":2},{"damage":0,"enemies":"3 Byrds","floor":20,"turns":2},{"damage":0,"enemies":"downfall:FleeingMerchant","floor":22,"turns":4},{"damage":0,"enemies":"downfall:FleeingMerchant","floor":25,"turns":4},{"damage":0,"enemies":"Gremlin Leader","floor":26,"turns":3},{"damage":0,"enemies":"downfall:FleeingMerchant","floor":27,"turns":1},{"damage":0,"enemies":"Centurion and Healer","floor":29,"turns":2},{"damage":0,"enemies":"Snake Plant","floor":31,"turns":1},{"damage":0,"enemies":"3 Cultists","floor":32,"turns":3},{"damage":0,"enemies":"WA_ARCHETYPE_CALM","floor":33,"turns":4},{"damage":0,"enemies":"Orb Walker","floor":36,"turns":2},{"damage":20,"enemies":"3 Darklings","floor":39,"turns":3},{"damage":0,"enemies":"Jaw Worm Horde","floor":45,"turns":2},{"damage":5,"enemies":"Sphere and 2 Shapes","floor":46,"turns":3},{"damage":12,"enemies":"beaked:SuperParasite","floor":47,"turns":5},{"damage":0,"enemies":"Spire Growth","floor":49,"turns":3},{"damage":12,"enemies":"DF_ARCHETYPE_ORBS","floor":50,"turns":5}],"seed_played":"5406428433782485636","potions_obtained":[{"floor":5,"key":"Fire Potion"},{"floor":9,"key":"Weak Potion"},{"floor":11,"key":"Explosive Potion"},{"floor":14,"key":"AttackPotion"},{"floor":15,"key":"DistilledChaos"},{"floor":29,"key":"BlessingOfTheForge"},{"floor":31,"key":"SpeedPotion"},{"floor":32,"key":"Guardian:BlockOnCardUsePotion"},{"floor":49,"key":"Explosive Potion"}],"is_trial":false,"path_per_floor":["R","?","?","?","M","T","T","R","?","R","E","?","E","M","M","B",null,"R","M","M","?","$","T","T","$","E","$","R","M","R","M","M","B",null,"R","M","$","?","M","R","T","?","?","?","M","M","E","$","M","B",null],"character_chosen":"THE_AUTOMATON","items_purchased":["expansioncontent:DashGenerateEvil","expansioncontent:QuickStudy","FossilizedHelix","ClockworkSouvenir"],"campfire_rested":0,"item_purchase_floors":[22,22,27,48],"current_hp_per_floor":[77,77,77,77,70,70,70,70,59,59,53,53,33,33,32,16,77,77,77,77,77,77,77,77,77,77,77,77,77,77,77,77,77,77,77,77,77,67,47,47,47,47,47,67,67,62,50,50,50,38],"gold":39,"neow_bonus":"TEN_PERCENT_HP_BONUS","is_daily":false,"chose_seed":false,"campfire_upgraded":7,"win_rate":0.0,"timestamp":1611980063,"path_taken":["R","?","?","?","M","?","T","R","?","R","E","?","E","M","M","BOSS","R","M","M","?","$","?","T","$","E","$","R","M","R","M","M","BOSS","R","M","$","?","M","R","T","?","?","?","M","M","E","$","M","BOSS"],"items_purchased_type":["Card","Card","Relic","Relic"],"build_version":"2020-12-22","purchased_purges":4,"victory":true,"max_hp_per_floor":[77,77,77,77,77,77,77,77,77,77,77,77,77,77,77,77,77,77,77,77,77,77,77,77,77,77,77,77,77,77,77,77,77,77,77,77,77,67,67,67,67,67,67,67,67,67,67,67,67,67],"card_choices":[{"not_picked":["bronze:BitShift","bronze:FineTuning"],"picked":"bronze:Flail","floor":5},{"not_picked":["bronze:Allocate","bronze:ForLoop"],"picked":"bronze:Branch","floor":9},{"not_picked":["bronze:ForceShield","bronze:Branch","bronze:Philosophize"],"picked":"SKIP","floor":11},{"not_picked":["bronze:OilSpill","bronze:ShipIt","bronze:Branch"],"picked":"SKIP","floor":13},{"not_picked":["bronze:Iterate","bronze:Allocate","bronze:BitShift"],"picked":"SKIP","floor":14},{"not_picked":["bronze:BugBarrage","bronze:FineTuning","bronze:DigitalCarnage"],"picked":"SKIP","floor":15},{"not_picked":["bronze:ShipIt","bronze:HyperBeam"],"picked":"bronze:RecursiveStrike","floor":16},{"not_picked":["bronze:Deprecate","bronze:Overload","bronze:Turbo"],"picked":"SKIP","floor":19},{"not_picked":["bronze:Shield","bronze:DelayedGuard+1","bronze:DarkDash"],"picked":"SKIP","floor":20},{"not_picked":["bronze:Repulsor","bronze:Philosophize"],"picked":"bronze:HardenedForm","floor":22},{"not_picked":["bronze:Return+1","bronze:Deprecate","bronze:Iterate+1"],"picked":"SKIP","floor":25},{"not_picked":["bronze:BugBarrage","bronze:WildBeam","bronze:Turbo"],"picked":"SKIP","floor":26},{"not_picked":["bronze:ClassDefault","bronze:OilSpill+1","bronze:WhirlingStrike"],"picked":"SKIP","floor":27},{"not_picked":["bronze:Turbo","bronze:CutThrough","bronze:Shell+1"],"picked":"SKIP","floor":29},{"not_picked":["bronze:NullPointer","bronze:Return","bronze:Deprecate"],"picked":"SKIP","floor":31},{"not_picked":["bronze:ForceShield","bronze:Deprecate","bronze:RecursiveStrike"],"picked":"SKIP","floor":32},{"not_picked":["bronze:Mutator","bronze:BurnOut"],"picked":"bronze:RecursiveStrike","floor":33},{"not_picked":["bronze:CutThrough","bronze:Overheat","bronze:Branch"],"picked":"SKIP","floor":36},{"not_picked":["bronze:Safeguard","bronze:Frontload","bronze:ChildClass+1"],"picked":"SKIP","floor":39},{"not_picked":["bronze:BugBarrage","bronze:Overheat","bronze:NullPointer+1"],"picked":"SKIP","floor":45},{"not_picked":["bronze:BuggyMess","bronze:Overheat","bronze:DelayedSlice+1"],"picked":"SKIP","floor":46},{"not_picked":["bronze:Format","bronze:FineTuning","bronze:Turbo+1"],"picked":"SKIP","floor":47},{"not_picked":["bronze:BuggyMess","bronze:OilSpill+1","bronze:Optimize"],"picked":"SKIP","floor":49}],"player_experience":172251,"relics_obtained":[{"floor":6,"key":"Happy Flower"},{"floor":7,"key":"The Courier"},{"floor":11,"key":"Ancient Tea Set"},{"floor":12,"key":"Odd Mushroom"},{"floor":13,"key":"Lantern"},{"floor":23,"key":"Bottled Tornado"},{"floor":24,"key":"Vajra"},{"floor":26,"key":"Bag of Preparation"},{"floor":47,"key":"Smiling Mask"}],"event_choices":[{"damage_healed":0,"gold_gain":0,"player_choice":"Box","damage_taken":0,"relics_obtained":["Bronze Scales"],"max_hp_gain":0,"max_hp_loss":0,"event_name":"Big Fish","floor":3,"gold_loss":0,"cards_obtained":["Regret"]},{"damage_healed":0,"gold_gain":0,"player_choice":"Fought Mushrooms","damage_taken":0,"max_hp_gain":0,"max_hp_loss":0,"event_name":"Mushrooms","floor":12,"gold_loss":0},{"cards_removed":["bronze:Defend"],"damage_healed":0,"gold_gain":0,"player_choice":"Removed Skill","damage_taken":0,"max_hp_gain":0,"max_hp_loss":0,"event_name":"Falling","floor":42,"gold_loss":0}],"is_beta":false,"boss_relics":[{"not_picked":["Cursed Key","Black Star"],"picked":"SlaversCollar"},{"not_picked":["Pandora\u0027s Box","bronze:MakeshiftBattery"],"picked":"beaked:SacredDeck"}],"items_purged_floors":[22,25,27,37],"is_endless":false,"potions_floor_spawned":[5,9,11,14,15,29,31,32,33,45,46,49],"ascension_level":0}}