{"host":"y76clbnovzmw9ubx","time":1611971204,"event":{"mods":["AchievementEnabler","BaseMod","Minty Spire (QoL Compilation)","Permanent Neow","Relic Stats"],"gold_per_floor":[119,132,144,160,160,185,185,197,224,257,257,317,339,349,349,427,427,437,28,28,41,55,80,80,110,183,183,198,233,233,247,247,322,322,342,57,0,20,20,20,45,45,116,116,149,160,160,160],"floor_reached":47,"language":"ENG","playtime":2885,"items_purged":[],"score":1206,"play_id":"2f8465fd-14c9-48b2-9d38-1908e5366b4a","local_time":"20210129204644","is_ascension_mode":true,"campfire_choices":[{"data":"Cloak And Dagger","floor":7,"key":"SMITH"},{"floor":11,"key":"REST"},{"floor":15,"key":"REST"},{"data":"Skewer","floor":24,"key":"SMITH"},{"data":"Cloak And Dagger","floor":27,"key":"SMITH"},{"data":"Cloak And Dagger","floor":30,"key":"SMITH"},{"data":"Catalyst","floor":32,"key":"SMITH"},{"data":"Panache","floor":40,"key":"SMITH"},{"data":"Footwork","floor":44,"key":"SMITH"}],"circlet_count":0,"master_deck":["AscendersBane","Strike_G","Strike_G","Strike_G+1","Strike_G","Strike_G+1","Defend_G","Defend_G","Defend_G+1","Defend_G","Defend_G","Survivor+1","Neutralize","After Image","Cloak And Dagger+1","Slice","Dagger Spray","Sucker Punch","Noxious Fumes","Deflect","Blade Dance","Endless Agony","A Thousand Cuts","PiercingWail","Skewer+1","Acrobatics","Cloak And Dagger+1","Backflip","Cloak And Dagger+1","Catalyst+1","Malaise","Footwork+1","Cloak And Dagger","Panache+1","Cloak And Dagger","Backflip"],"relics":["Ring of the Snake","Bag of Preparation","Omamori","Pen Nib","War Paint","Odd Mushroom","Coffee Dripper","PreservedInsect","Chemical X","Whetstone","Ancient Tea Set","InkBottle","Lizard Tail","SlaversCollar","Snake Skull","Red Mask","Molten Egg 2","Shuriken"],"acts_visited":["Exordium","TheCity","TheBeyond"],"potions_floor_usage":[6,10,16,23,25,29,33,41],"damage_taken":[{"damage":4,"enemies":"Cultist","floor":1,"turns":6},{"damage":0,"enemies":"Jaw Worm","floor":2,"turns":6},{"damage":3,"enemies":"2 Louse","floor":3,"turns":4},{"damage":7,"enemies":"Looter","floor":4,"turns":4},{"damage":17,"enemies":"3 Sentries","floor":6,"turns":8},{"damage":3,"enemies":"3 Louse","floor":8,"turns":4},{"damage":6,"enemies":"Gremlin Nob","floor":10,"turns":3},{"damage":16,"enemies":"3 Sentries","floor":12,"turns":8},{"damage":2,"enemies":"The Mushroom Lair","floor":13,"turns":5},{"damage":0,"enemies":"Exordium Wildlife","floor":14,"turns":2},{"damage":35,"enemies":"Slime Boss","floor":16,"turns":10},{"damage":0,"enemies":"Spheric Guardian","floor":18,"turns":4},{"damage":7,"enemies":"3 Byrds","floor":21,"turns":4},{"damage":8,"enemies":"3 Cultists","floor":22,"turns":4},{"damage":11,"enemies":"Slavers","floor":23,"turns":3},{"damage":5,"enemies":"Book of Stabbing","floor":25,"turns":3},{"damage":9,"enemies":"Centurion and Healer","floor":28,"turns":5},{"damage":0,"enemies":"Gremlin Leader","floor":29,"turns":4},{"damage":0,"enemies":"Cultist and Chosen","floor":31,"turns":4},{"damage":49,"enemies":"Automaton","floor":33,"turns":9},{"damage":0,"enemies":"Orb Walker","floor":35,"turns":1},{"damage":20,"enemies":"3 Darklings","floor":38,"turns":7},{"damage":5,"enemies":"Giant Head","floor":41,"turns":5},{"damage":20,"enemies":"Nemesis","floor":45,"turns":3},{"damage":0,"enemies":"Transient","floor":46,"turns":6},{"damage":28,"enemies":"4 Shapes","floor":47,"turns":3}],"seed_played":"2329447312938849642","potions_obtained":[{"floor":1,"key":"Explosive Potion"},{"floor":4,"key":"Strength Potion"},{"floor":13,"key":"ColorlessPotion"},{"floor":16,"key":"Dexterity Potion"},{"floor":18,"key":"SpeedPotion"},{"floor":23,"key":"DistilledChaos"},{"floor":29,"key":"Poison Potion"},{"floor":33,"key":"LiquidBronze"},{"floor":38,"key":"CultistPotion"},{"floor":41,"key":"Dexterity Potion"}],"is_trial":false,"path_per_floor":["M","M","M","M","?","E","R","M","T","E","R","?","?","M","R","B",null,"M","$","?","M","M","E","R","E","T","R","M","E","R","M","R","B",null,"M","$","?","M","?","R","E","$","T","R","E","M","M"],"character_chosen":"THE_SILENT","items_purchased":["PreservedInsect","Chemical X","Skewer","Footwork","Snake Skull","Regen Potion"],"campfire_rested":2,"item_purchase_floors":[19,19,19,36,36,36],"current_hp_per_floor":[55,55,52,45,50,33,33,30,30,24,43,27,25,25,44,9,51,51,51,64,57,49,38,38,33,33,33,24,24,24,24,24,32,57,57,57,57,37,37,37,46,46,46,46,26,26,0,0],"gold":160,"neow_bonus":"THREE_RARE_CARDS","is_daily":false,"chose_seed":false,"campfire_upgraded":7,"win_rate":0.0,"timestamp":1611971204,"path_taken":["M","M","?","M","?","E","R","M","T","E","R","?","?","M","R","BOSS","M","$","?","M","M","E","R","E","T","R","M","E","R","M","R","BOSS","M","$","?","M","?","R","E","?","T","R","E","M","M"],"items_purchased_type":["Relic","Relic","Card","Card","Relic","Potion"],"build_version":"2020-12-22","purchased_purges":0,"victory":false,"max_hp_per_floor":[60,60,60,60,65,65,65,65,65,65,65,65,65,65,65,65,65,65,65,65,65,65,65,65,65,65,65,65,65,65,65,65,65,65,65,65,65,65,65,65,65,65,65,65,65,65,65,65],"relic_stats":{"counters":[26,125],"Pen Nib":[31],"PreservedInsect":313,"Snake Skull":[9],"Bag of Preparation":[44],"Whetstone":["Strike_G","Strike_G"],"War Paint":["Defend_G","Survivor"],"Lizard Tail":32,"Shuriken":[8],"Chemical X":[22],"obtain_stats":[{"Pen Nib":10,"PreservedInsect":19,"Snake Skull":36,"Bag of Preparation":6,"Omamori":9,"Whetstone":23,"War Paint":12,"Odd Mushroom":13,"Ancient Tea Set":25,"SlaversCollar":34,"Lizard Tail":29,"Shuriken":45,"Molten Egg 2":41,"Coffee Dripper":17,"Red Mask":37,"Chemical X":19,"InkBottle":26,"Ring of the Snake":0},{"Pen Nib":7,"PreservedInsect":12,"Snake Skull":21,"Bag of Preparation":5,"Omamori":6,"Whetstone":15,"War Paint":8,"Odd Mushroom":9,"Ancient Tea Set":16,"SlaversCollar":20,"Lizard Tail":18,"Shuriken":24,"Molten Egg 2":23,"Coffee Dripper":11,"Red Mask":21,"Chemical X":12,"InkBottle":16,"Ring of the Snake":0},{"Pen Nib":35,"PreservedInsect":64,"Snake Skull":101,"Bag of Preparation":28,"Omamori":32,"Whetstone":75,"War Paint":43,"Odd Mushroom":48,"Ancient Tea Set":78,"SlaversCollar":100,"Lizard Tail":87,"Shuriken":116,"Molten Egg 2":113,"Coffee Dripper":60,"Red Mask":101,"Chemical X":64,"InkBottle":78,"Ring of the Snake":0}],"InkBottle":[29],"Ring of the Snake":[55]},"card_choices":[{"not_picked":["Adrenaline","Unload"],"picked":"After Image","floor":0},{"not_picked":["Finisher","Flying Knee"],"picked":"Cloak And Dagger","floor":1},{"not_picked":["Acrobatics","Dodge and Roll"],"picked":"Slice","floor":2},{"not_picked":["Expertise","Eviscerate"],"picked":"Dagger Spray","floor":3},{"not_picked":["Underhanded Strike","Dagger Spray","PiercingWail"],"picked":"SKIP","floor":4},{"not_picked":["Crippling Poison","Outmaneuver","PiercingWail"],"picked":"SKIP","floor":6},{"not_picked":["Setup","Bane"],"picked":"Sucker Punch","floor":8},{"not_picked":["Underhanded Strike","Calculated Gamble"],"picked":"Noxious Fumes","floor":10},{"not_picked":["Bouncing Flask","Quick Slash"],"picked":"Deflect","floor":12},{"not_picked":["Reflex","Prepared"],"picked":"Blade Dance","floor":13},{"not_picked":["Backflip","Choke"],"picked":"Endless Agony","floor":14},{"not_picked":["Night Terror","Adrenaline"],"picked":"A Thousand Cuts","floor":16},{"not_picked":["Dagger Spray","Acrobatics"],"picked":"PiercingWail","floor":18},{"not_picked":["Riddle With Holes","Prepared"],"picked":"Acrobatics","floor":21},{"not_picked":["Concentrate","A Thousand Cuts","Dagger Throw"],"picked":"SKIP","floor":22},{"not_picked":["Poisoned Stab","Quick Slash"],"picked":"Cloak And Dagger","floor":23},{"not_picked":["Deadly Poison","PiercingWail"],"picked":"Backflip","floor":25},{"not_picked":["Bullet Time","Slice"],"picked":"Cloak And Dagger","floor":28},{"not_picked":["Deflect","Bane","Slice"],"picked":"SKIP","floor":29},{"not_picked":["Dagger Spray","Sucker Punch"],"picked":"Catalyst","floor":31},{"not_picked":["Corpse Explosion","Night Terror"],"picked":"Malaise","floor":33},{"not_picked":["Dagger Spray","Outmaneuver+1","Calculated Gamble"],"picked":"SKIP","floor":35},{"not_picked":["Dagger Throw","Endless Agony"],"picked":"Cloak And Dagger","floor":38},{"not_picked":["Thinking Ahead","Finesse"],"picked":"Panache","floor":39},{"not_picked":["Flying Knee+1","Infinite Blades"],"picked":"Cloak And Dagger","floor":41},{"not_picked":["Riddle With Holes+1","Choke+1","Dagger Throw+1"],"picked":"SKIP","floor":45},{"not_picked":["Blade Dance","Crippling Poison"],"picked":"Backflip","floor":46}],"player_experience":3142934,"relics_obtained":[{"floor":6,"key":"Bag of Preparation"},{"floor":9,"key":"Omamori"},{"floor":10,"key":"Pen Nib"},{"floor":12,"key":"War Paint"},{"floor":13,"key":"Odd Mushroom"},{"floor":23,"key":"Whetstone"},{"floor":25,"key":"Ancient Tea Set"},{"floor":26,"key":"InkBottle"},{"floor":29,"key":"Lizard Tail"},{"floor":41,"key":"Molten Egg 2"},{"floor":45,"key":"Shuriken"}],"event_choices":[{"damage_healed":0,"gold_gain":0,"player_choice":"Donut","damage_taken":0,"max_hp_gain":5,"max_hp_loss":0,"event_name":"Big Fish","floor":5,"gold_loss":0},{"damage_healed":0,"gold_gain":0,"player_choice":"Searched \u00272\u0027 times","damage_taken":0,"max_hp_gain":0,"max_hp_loss":0,"event_name":"Dead Adventurer","floor":12,"gold_loss":0},{"damage_healed":0,"gold_gain":0,"player_choice":"Fought Mushrooms","damage_taken":0,"max_hp_gain":0,"max_hp_loss":0,"event_name":"Mushrooms","floor":13,"gold_loss":0},{"damage_healed":13,"gold_gain":0,"player_choice":"Heal","damage_taken":0,"max_hp_gain":0,"max_hp_loss":0,"event_name":"The Library","floor":20,"gold_loss":0},{"damage_healed":0,"gold_gain":0,"player_choice":"Paid","damage_taken":0,"relics_obtained":["Red Mask"],"max_hp_gain":0,"max_hp_loss":0,"event_name":"Tomb of Lord Red Mask","floor":37,"gold_loss":57},{"damage_healed":0,"gold_gain":0,"player_choice":"Memory 1","damage_taken":0,"max_hp_gain":0,"max_hp_loss":0,"event_name":"SensoryStone","floor":39,"gold_loss":0}],"is_beta":false,"boss_relics":[{"not_picked":["Ring of the Serpent","SacredBark"],"picked":"Coffee Dripper"},{"not_picked":["Tiny House","Philosopher\u0027s Stone"],"picked":"SlaversCollar"}],"items_purged_floors":[],"is_endless":false,"potions_floor_spawned":[1,4,13,16,18,23,29,33,38,41],"killed_by":"4 Shapes","ascension_level":20}}