{"host":"uclt3t1usqzz4m5p","time":1611991580,"event":{"mods":["AchievementEnabler","BaseMod","Better Altar","Better Match","Better Sensory Stone","Better Skull","Better Third Choice","Booster Modes","Card Forge","Colored Powertips","Displayed Cursed Tome","Downfall","GifTheSpireLib","Gremlin Skip","Minty Spire (QoL Compilation)","Permanent Neow","Quick Restart","StSLib","SuperFastMode"],"gold_per_floor":[219,234,5,25,43,77,77,91,91,91,91,91],"floor_reached":11,"language":"ENG","playtime":482,"items_purged":[],"score":79,"play_id":"4a5542f9-f82a-4539-a219-9014ac624fa3","local_time":"20210129232620","is_ascension_mode":true,"campfire_choices":[{"data":"Footwork","floor":7,"key":"SMITH"},{"data":"Noxious Fumes","floor":10,"key":"SMITH"}],"circlet_count":0,"master_deck":["Strike_G","Strike_G","Strike_G","Strike_G","Strike_G","Defend_G","Defend_G","Defend_G","Defend_G","Defend_G","Survivor","Neutralize","Dagger Spray","Sucker Punch","Flying Knee","Prepared","Dark Shackles","Quick Slash","Grand Finale","Footwork+1","Noxious Fumes+1"],"relics":["Ring of the Snake","Hammer of Thor","Seething Fire","Anvil of the Gods","Blue Candle","Letter Opener"],"acts_visited":["Exordium"],"potions_floor_usage":[5,11],"damage_taken":[{"damage":8,"enemies":"Small Slimes","floor":1,"turns":3},{"damage":0,"enemies":"Cultist","floor":2,"turns":3},{"damage":3,"enemies":"Jaw Worm","floor":4,"turns":4},{"damage":2,"enemies":"Large Slime","floor":5,"turns":6},{"damage":29,"enemies":"Lagavulin","floor":6,"turns":8},{"damage":11,"enemies":"Looter","floor":8,"turns":4},{"damage":20,"enemies":"Gremlin Nob","floor":11,"turns":3}],"seed_played":"-6129892458661612332","potions_obtained":[{"floor":6,"key":"Energy Potion"},{"floor":8,"key":"FearPotion"}],"is_trial":false,"path_per_floor":["M","M","$","M","M","E","R","M","T","R","E"],"character_chosen":"THE_SILENT","items_purchased":["Flying Knee","Prepared","Dark Shackles","Explosive Potion"],"campfire_rested":0,"item_purchase_floors":[3,3,3,3],"current_hp_per_floor":[62,62,62,59,57,28,28,17,17,17,0,0],"gold":91,"neow_bonus":"HUNDRED_GOLD","is_daily":false,"chose_seed":false,"campfire_upgraded":2,"win_rate":0.0,"timestamp":1611991580,"path_taken":["M","M","$","M","M","E","R","M","T","R","E"],"items_purchased_type":["Card","Card","Card","Potion"],"build_version":"2020-12-22","purchased_purges":0,"victory":false,"max_hp_per_floor":[70,70,70,70,70,70,70,70,70,70,70,70],"card_choices":[{"not_picked":["Masterful Stab","Caltrops"],"picked":"Dagger Spray","floor":1},{"not_picked":["Slice","Flechettes"],"picked":"Sucker Punch","floor":2},{"not_picked":["Flying Knee","Dagger Spray"],"picked":"Quick Slash","floor":4},{"not_picked":["Concentrate","Eviscerate"],"picked":"Grand Finale","floor":5},{"not_picked":["Predator","All Out Attack"],"picked":"Footwork","floor":6},{"not_picked":["Crippling Poison","Bouncing Flask"],"picked":"Noxious Fumes","floor":8}],"player_experience":637672,"relics_obtained":[{"floor":6,"key":"Blue Candle"},{"floor":9,"key":"Letter Opener"}],"event_choices":[],"is_beta":false,"boss_relics":[],"items_purged_floors":[],"is_endless":false,"potions_floor_spawned":[6,8],"killed_by":"Gremlin Nob","ascension_level":1}}