{"host":"4drr8xlp2cyffoza","time":1611975476,"event":{"mods":["Bard","BaseMod","Better Third Choice","Colored Powertips","Downfall","Hermit","KomeijiMod","Luminous","Marisa£¨ìFÓê¡¡Ä§ÀíÉ³£©","Minty Spire (QoL Compilation)","Quick Restart","Replay The Spire","Shop Mod","Spicy Shops","StSLib","The Administrix","The Animator","The Cursed","The Servant 0.9.4","óô»ðÖ¸ÄÏ"],"gold_per_floor":[109,109,128,20,35,50,63,91,91,111,111,15,26,26,26,26,26],"floor_reached":16,"language":"ZHS","playtime":1561,"items_purged":[],"score":104,"play_id":"a0b1212f-e469-4b59-9003-827c84bc9e69","local_time":"20210130105756","is_ascension_mode":false,"campfire_choices":[{"floor":15.0,"key":"REST"}],"circlet_count":0,"master_deck":["Strike_Komeiji+1","Strike_Komeiji","Strike_Komeiji","Strike_Komeiji","Defend_Komeiji","Defend_Komeiji","Defend_Komeiji","Defend_Komeiji","Dash_Komeiji+1","SeekerWire+1","YoukiSo+1","YoukiSo+1","KinbakuJin+1","SeekerDolls","DochyakuKami+1","MusouMyousyu","KokorosuKi+1","RikonNoKama+1","NingyouMusou+1","Parasite"],"relics":["KomeijisEye","SpellCardsRule","MusicBox","Blood Vial","InkBottle"],"acts_visited":["Exordium"],"potions_floor_usage":[16],"damage_taken":[{"damage":3.0,"enemies":"2 Louse","floor":1.0,"turns":5.0},{"damage":0.0,"enemies":"Cultist","floor":3.0,"turns":6.0},{"damage":6.0,"enemies":"Jaw Worm","floor":5.0,"turns":5.0},{"damage":11.0,"enemies":"Exordium Thugs","floor":6.0,"turns":8.0},{"damage":9.0,"enemies":"3 Louse","floor":7.0,"turns":7.0},{"damage":26.0,"enemies":"Lagavulin","floor":8.0,"turns":9.0},{"damage":1.0,"enemies":"2 Fungi Beasts","floor":10.0,"turns":4.0},{"damage":2.0,"enemies":"Looter","floor":13.0,"turns":4.0},{"damage":85,"enemies":"Fading Forest","floor":16,"turns":10}],"seed_played":"5314398394946419785","potions_obtained":[{"floor":3.0,"key":"Regen Potion"},{"floor":5.0,"key":"Strength Potion"},{"floor":7.0,"key":"Ancient Potion"}],"is_trial":false,"path_per_floor":["M","?","M","$","M","M","M","E","T","M","?","$","M","?","R","B"],"character_chosen":"KomeijiSatori","items_purchased":["YoukiSo+1","RikonNoKama+1"],"campfire_rested":1,"item_purchase_floors":[4,12],"current_hp_per_floor":[47,47,49,49,43,32,23,12,12,15,15,15,19,31,46,0,0],"gold":26,"neow_bonus":"UPGRADE_CARD","is_daily":false,"chose_seed":false,"campfire_upgraded":0,"win_rate":0.0,"timestamp":1611975476,"path_taken":["M","?","?","$","M","M","M","E","T","M","?","?","M","?","R","BOSS"],"items_purchased_type":["Card","Card"],"build_version":"2020-12-22","purchased_purges":0,"victory":false,"max_hp_per_floor":[50,50,50,50,50,50,50,50,50,50,50,50,50,50,50,50,50],"card_choices":[{"not_picked":["MusuNoYume","JyouchiJin+1"],"picked":"SeekerWire+1","floor":1.0},{"not_picked":["JyouchiJin+1","KeiseiJin+1"],"picked":"YoukiSo+1","floor":3.0},{"not_picked":["ShyakuBuku","KouPou+1"],"picked":"KinbakuJin+1","floor":5.0},{"not_picked":["KinbakuJin+1","MakuraSeki"],"picked":"SeekerDolls","floor":6.0},{"not_picked":["HagoromoMizu","ShyakuBuku"],"picked":"DochyakuKami+1","floor":7.0},{"not_picked":["Agarareta+1","SuitokuNoKyoryu"],"picked":"MusouMyousyu","floor":8.0},{"not_picked":["KeiseiJin+1","JyouchiJin+1"],"picked":"KokorosuKi+1","floor":10.0},{"not_picked":["KinbakuJin+1","ShyakuBuku"],"picked":"NingyouMusou+1","floor":13.0}],"player_experience":63192,"relics_obtained":[{"floor":8.0,"key":"Blood Vial"},{"floor":9.0,"key":"InkBottle"}],"event_choices":[{"damage_healed":0.0,"max_hp_gain":0.0,"max_hp_loss":0.0,"gold_gain":0.0,"event_name":"Accursed Blacksmith","player_choice":"Forge","floor":2.0,"gold_loss":0.0,"damage_taken":0.0,"cards_upgraded":["Strike_Komeiji"]},{"damage_healed":0.0,"max_hp_gain":0.0,"max_hp_loss":0.0,"gold_gain":0.0,"event_name":"Golden Wing","player_choice":"Ignored","floor":11.0,"gold_loss":0.0,"damage_taken":0.0},{"damage_healed":12.0,"max_hp_gain":0.0,"max_hp_loss":0.0,"gold_gain":0.0,"event_name":"Mushrooms","player_choice":"Healed and dodged fight","floor":14.0,"gold_loss":0.0,"damage_taken":0.0,"cards_obtained":["Parasite"]}],"is_beta":false,"boss_relics":[],"items_purged_floors":[],"is_endless":false,"potions_floor_spawned":[3,5,7],"killed_by":"Fading Forest","ascension_level":0}}