{"host":"bxd97rc2ofc6op20","time":1611994637,"event":{"mods":["BaseMod","Colored Map","Colored Powertips","Googly Eyes","Highlight Path","Minty Spire (QoL Compilation)","Quick Restart","Rare Cards Sparkle"],"gold_per_floor":[117,117,134,153,173,206,206,246,272,307,336,336,378,401,401,401,401],"floor_reached":16,"language":"ENG","playtime":1685,"items_purged":[],"score":165,"play_id":"fc7f421f-5bd6-4c7d-801d-eba05b23cf54","local_time":"20210130001717","is_ascension_mode":true,"campfire_choices":[{"data":"Neutralize","floor":7,"key":"SMITH"},{"floor":12,"key":"REST"},{"data":"Caltrops","floor":15,"key":"SMITH"}],"circlet_count":0,"master_deck":["Strike_G","Strike_G","Strike_G","Strike_G","Strike_G","Defend_G","Defend_G","Defend_G","Defend_G","Defend_G","Survivor","Neutralize+1","Predator","Acrobatics","Deflect","Caltrops+1","Cloak And Dagger","Escape Plan","Well Laid Plans","Leg Sweep","Malaise","Dagger Spray"],"relics":["Ring of the Snake","NlothsMask","Boot","CeramicFish","Lantern","Ice Cream"],"acts_visited":["Exordium"],"potions_floor_usage":[6,8,8,10,11,16],"damage_taken":[{"damage":2,"enemies":"Small Slimes","floor":1,"turns":4},{"damage":0,"enemies":"Cultist","floor":3,"turns":3},{"damage":3,"enemies":"2 Louse","floor":4,"turns":3},{"damage":5,"enemies":"Exordium Wildlife","floor":5,"turns":7},{"damage":39,"enemies":"3 Sentries","floor":6,"turns":12},{"damage":6,"enemies":"Gremlin Nob","floor":8,"turns":3},{"damage":16,"enemies":"3 Sentries","floor":10,"turns":11},{"damage":6,"enemies":"Lots of Slimes","floor":11,"turns":4},{"damage":13,"enemies":"Lagavulin","floor":13,"turns":12},{"damage":5,"enemies":"2 Fungi Beasts","floor":14,"turns":3},{"damage":50,"enemies":"Slime Boss","floor":16,"turns":12}],"seed_played":"7708903234097168394","potions_obtained":[{"floor":0,"key":"Regen Potion"},{"floor":0,"key":"SneckoOil"},{"floor":0,"key":"Ancient Potion"},{"floor":4,"key":"FearPotion"},{"floor":6,"key":"Strength Potion"},{"floor":8,"key":"Poison Potion"},{"floor":10,"key":"SmokeBomb"},{"floor":13,"key":"FairyPotion"},{"floor":14,"key":"DistilledChaos"}],"is_trial":false,"path_per_floor":["M","?","M","M","M","E","R","E","T","E","M","R","E","M","R","B"],"character_chosen":"THE_SILENT","items_purchased":[],"campfire_rested":1,"item_purchase_floors":[],"current_hp_per_floor":[68,68,68,65,60,36,36,30,30,14,8,29,16,11,11,0,0],"gold":401,"neow_bonus":"THREE_SMALL_POTIONS","is_daily":false,"chose_seed":false,"campfire_upgraded":2,"win_rate":0.0,"timestamp":1611994637,"path_taken":["M","?","M","M","M","E","R","E","T","E","M","R","E","M","R","BOSS"],"items_purchased_type":[],"build_version":"2020-12-22","purchased_purges":0,"victory":false,"max_hp_per_floor":[70,70,70,70,70,70,70,70,70,70,70,70,70,70,70,70,70],"card_choices":[{"not_picked":["Acrobatics","Prepared"],"picked":"Predator","floor":1},{"not_picked":["Cloak And Dagger","Dagger Spray"],"picked":"Acrobatics","floor":3},{"not_picked":["Prepared","Sucker Punch"],"picked":"Deflect","floor":4},{"not_picked":["Sucker Punch","Reflex"],"picked":"Caltrops","floor":5},{"not_picked":["Quick Slash","Underhanded Strike"],"picked":"Cloak And Dagger","floor":6},{"not_picked":["Finisher","Outmaneuver"],"picked":"Escape Plan","floor":8},{"not_picked":["Slice","Sucker Punch"],"picked":"Well Laid Plans","floor":10},{"not_picked":["Concentrate","Predator"],"picked":"Leg Sweep","floor":11},{"not_picked":["Flechettes","Well Laid Plans"],"picked":"Malaise","floor":13},{"not_picked":["Deflect","Acrobatics"],"picked":"Dagger Spray","floor":14}],"player_experience":415866,"relics_obtained":[{"floor":6,"key":"Boot"},{"floor":8,"key":"CeramicFish"},{"floor":10,"key":"Lantern"},{"floor":13,"key":"Ice Cream"}],"event_choices":[{"damage_healed":0,"gold_gain":0,"player_choice":"Trade","damage_taken":0,"relics_obtained":["NlothsMask"],"max_hp_gain":0,"max_hp_loss":0,"event_name":"FaceTrader","floor":2,"gold_loss":0}],"is_beta":false,"boss_relics":[],"items_purged_floors":[],"is_endless":false,"potions_floor_spawned":[4,6,8,10,13,14],"killed_by":"Slime Boss","ascension_level":5}}