{"host":"rantoq7h0pygex6x","time":1611982383,"event":{"mods":["AchievementEnabler","BaseMod","BetterRewards","Minty Spire (QoL Compilation)"],"gold_per_floor":[118,118,132,97,112,112,138,62,62,62,75,75,31,51,51,128,178,189,204,42,61,61,61,61,61,61,61,90,101,119,139,139,216,216,230,244,144,157,32,32,62,62,116,116,130,130,130],"floor_reached":46,"language":"ENG","playtime":1353,"items_purged":["Strike_B","Regret","Strike_B"],"score":1245,"play_id":"ab9d050c-0111-4b49-b656-f7bde2c592c9","local_time":"20210130125303","is_ascension_mode":true,"campfire_choices":[{"data":"Bandage Up","floor":6.0,"key":"SMITH"},{"data":"Defragment","floor":10.0,"key":"SMITH"},{"data":"Loop","floor":15.0,"key":"SMITH"},{"data":"Capacitor","floor":23.0,"key":"SMITH"},{"data":"Zap","floor":25.0,"key":"SMITH"},{"data":"Storm","floor":27.0,"key":"SMITH"},{"data":"Sunder","floor":32.0,"key":"SMITH"},{"data":"Capacitor","floor":40.0,"key":"SMITH"},{"floor":42.0,"key":"REST"}],"circlet_count":0,"master_deck":["AscendersBane","Strike_B","Strike_B","Defend_B","Defend_B","Defend_B","Defend_B+1","Zap+1","Dualcast","Bandage Up+1","Force Field","Gash","Loop+1","Undo","Defragment+1","Hologram","Self Repair","Cold Snap","Thunder Strike+1","Storm+1","Gash","Capacitor+1","BootSequence","Sunder+1","Stack","Electrodynamics","Capacitor+1","Gash+1","Barrage","Undo+1"],"relics":["Cracked Core","Anchor","Meat on the Bone","Bronze Scales","White Beast Statue","Bag of Preparation","Tiny House","DataDisk","MutagenicStrength","Kunai","Question Card","MealTicket","Busted Crown","Turnip","Strawberry"],"acts_visited":["Exordium","TheCity","TheBeyond"],"potions_floor_usage":[46,46],"damage_taken":[{"damage":1.0,"enemies":"Small Slimes","floor":1.0,"turns":4.0},{"damage":9.0,"enemies":"Jaw Worm","floor":3.0,"turns":5.0},{"damage":0.0,"enemies":"2 Louse","floor":5.0,"turns":3.0},{"damage":0.0,"enemies":"Red Slaver","floor":11.0,"turns":3.0},{"damage":5.0,"enemies":"3 Louse","floor":14.0,"turns":4.0},{"damage":40.0,"enemies":"Hexaghost","floor":16.0,"turns":10.0},{"damage":10.0,"enemies":"Chosen","floor":18.0,"turns":4.0},{"damage":16.0,"enemies":"Shell Parasite","floor":19.0,"turns":5.0},{"damage":37.0,"enemies":"Centurion and Healer","floor":21.0,"turns":7.0},{"damage":53.0,"enemies":"Gremlin Leader","floor":28.0,"turns":6.0},{"damage":25.0,"enemies":"Sentry and Sphere","floor":29.0,"turns":4.0},{"damage":11.0,"enemies":"3 Cultists","floor":30.0,"turns":5.0},{"damage":20.0,"enemies":"Cultist and Chosen","floor":31.0,"turns":4.0},{"damage":42.0,"enemies":"Collector","floor":33.0,"turns":7.0},{"damage":58.0,"enemies":"3 Darklings","floor":35.0,"turns":4.0},{"damage":7.0,"enemies":"Orb Walker","floor":36.0,"turns":3.0},{"damage":41.0,"enemies":"Spire Growth","floor":38.0,"turns":5.0},{"damage":60.0,"enemies":"Nemesis","floor":41.0,"turns":7.0},{"damage":1.0,"enemies":"4 Shapes","floor":45.0,"turns":3.0},{"damage":68,"enemies":"Giant Head","floor":46,"turns":6}],"seed_played":"-665640217984217419","potions_obtained":[{"floor":1.0,"key":"LiquidMemories"},{"floor":11.0,"key":"Strength Potion"},{"floor":16.0,"key":"Fire Potion"},{"floor":17.0,"key":"Ancient Potion"},{"floor":18.0,"key":"EssenceOfDarkness"},{"floor":21.0,"key":"Fruit Juice"},{"floor":28.0,"key":"BlessingOfTheForge"},{"floor":29.0,"key":"CultistPotion"},{"floor":30.0,"key":"LiquidMemories"},{"floor":31.0,"key":"DuplicationPotion"},{"floor":33.0,"key":"Energy Potion"},{"floor":35.0,"key":"SkillPotion"},{"floor":36.0,"key":"Fruit Juice"},{"floor":38.0,"key":"LiquidBronze"},{"floor":41.0,"key":"AttackPotion"}],"is_trial":false,"path_per_floor":["M","?","M","?","M","R","T","$","T","R","M","?","$","M","R","B",null,"M","M","$","M","?","R","?","R","T","R","E","M","M","M","R","B",null,"M","M","$","M","$","R","E","R","T","?","M","E"],"character_chosen":"DEFECT","items_purchased":["Anchor","Bandage Up","Force Field","Defragment","Self Repair","DataDisk"],"campfire_rested":1,"item_purchase_floors":[0,0,0,8,13,20],"current_hp_per_floor":[45,34,41,58,58,58,58,58,58,58,64,64,64,65,65,50,71,74,67,67,60,60,60,60,60,60,60,32,32,39,37,37,20,66,26,49,64,41,56,56,21,46,53,53,59,0,0],"gold":130,"neow_bonus":"","is_daily":false,"chose_seed":false,"campfire_upgraded":8,"win_rate":0.0,"timestamp":1611982383,"path_taken":["M","?","M","?","M","R","?","?","T","R","M","?","?","M","R","BOSS","M","M","$","M","?","R","?","R","T","R","E","M","?","M","R","BOSS","M","M","$","M","$","R","E","R","T","?","?","E"],"items_purchased_type":["Relic","Card","Card","Card","Card","Relic"],"build_version":"2020-12-22","purchased_purges":3,"victory":false,"max_hp_per_floor":[71,71,71,71,71,71,71,71,71,71,71,71,71,71,71,71,76,76,76,76,81,81,81,81,81,81,81,81,81,81,81,81,81,81,81,86,86,86,86,86,86,86,93,93,93,93,93],"card_choices":[{"not_picked":["Auto Shields","FTL"],"picked":"Gash","floor":1.0},{"not_picked":["Aggregate","Beam Cell"],"picked":"Loop","floor":3.0},{"not_picked":["Aggregate","Skim"],"picked":"Undo","floor":5.0},{"not_picked":["Streamline","Skim"],"picked":"Hologram","floor":11.0},{"not_picked":["Leap","Barrage"],"picked":"Cold Snap","floor":14.0},{"not_picked":["Amplify","Rainbow"],"picked":"Thunder Strike","floor":16.0},{"not_picked":["Glacier","Reinforced Body"],"picked":"Storm","floor":17.0},{"not_picked":["Stack","Coolheaded"],"picked":"Gash","floor":18.0},{"not_picked":["Streamline","Rebound","Turbo"],"picked":"SKIP","floor":19.0},{"not_picked":["Streamline","Compile Driver"],"picked":"Capacitor","floor":21.0},{"not_picked":["Coolheaded","Streamline","Doom and Gloom+1"],"picked":"BootSequence","floor":28.0},{"not_picked":["Rip and Tear","Glacier","Scrape"],"picked":"Sunder","floor":29.0},{"not_picked":["Gash","Chill","Leap+1"],"picked":"Stack","floor":30.0},{"not_picked":["Hello World","Streamline","Rip and Tear","Hologram+1"],"picked":"SKIP","floor":31.0},{"not_picked":["Creative AI","Rainbow","Reboot"],"picked":"Electrodynamics","floor":33.0},{"not_picked":["Go for the Eyes+1"],"picked":"Capacitor","floor":35.0},{"not_picked":["Steam"],"picked":"Gash+1","floor":36.0},{"not_picked":["Doom and Gloom","Auto Shields"],"picked":"SKIP","floor":38.0},{"not_picked":["Recycle"],"picked":"Barrage","floor":41.0},{"not_picked":["Static Discharge"],"picked":"Undo+1","floor":45.0}],"player_experience":968133,"relics_obtained":[{"floor":7.0,"key":"Bronze Scales"},{"floor":9.0,"key":"White Beast Statue"},{"floor":26.0,"key":"Question Card"},{"floor":28.0,"key":"MealTicket"},{"floor":41.0,"key":"Turnip"},{"floor":43.0,"key":"Strawberry"}],"event_choices":[{"damage_healed":0.0,"max_hp_gain":0.0,"max_hp_loss":0.0,"gold_gain":0.0,"event_name":"Scrap Ooze","player_choice":"Success","floor":2.0,"gold_loss":0.0,"damage_taken":11.0,"relics_obtained":["Meat on the Bone"]},{"damage_healed":17.0,"max_hp_gain":0.0,"max_hp_loss":0.0,"gold_gain":0.0,"event_name":"The Cleric","player_choice":"Healed","floor":4.0,"gold_loss":35.0,"damage_taken":0.0},{"damage_healed":0.0,"max_hp_gain":0.0,"max_hp_loss":0.0,"gold_gain":0.0,"event_name":"Big Fish","player_choice":"Box","floor":12.0,"gold_loss":0.0,"damage_taken":0.0,"relics_obtained":["Bag of Preparation"],"cards_obtained":["Regret"]},{"damage_healed":0.0,"max_hp_gain":0.0,"max_hp_loss":0.0,"gold_gain":0.0,"event_name":"Drug Dealer","player_choice":"Inject Mutagens","floor":22.0,"gold_loss":0.0,"damage_taken":0.0,"relics_obtained":["MutagenicStrength"]},{"damage_healed":0.0,"max_hp_gain":0.0,"max_hp_loss":0.0,"gold_gain":0.0,"event_name":"WeMeetAgain","player_choice":"Gave Potion","floor":24.0,"gold_loss":0.0,"damage_taken":0.0,"relics_obtained":["Kunai"]},{"damage_healed":0.0,"max_hp_gain":0.0,"max_hp_loss":0.0,"gold_gain":0.0,"event_name":"Upgrade Shrine","player_choice":"Upgraded","floor":44.0,"gold_loss":0.0,"damage_taken":0.0,"cards_upgraded":["Thunder Strike"]}],"is_beta":false,"boss_relics":[{"not_picked":["Sozu","Runic Pyramid"],"picked":"Tiny House"},{"not_picked":["Velvet Choker","Pandora\u0027s Box"],"picked":"Busted Crown"}],"items_purged_floors":[0,37,39],"is_endless":false,"potions_floor_spawned":[1,11,14,16,18,19,21,28,29,30,31,33,35,36,38,41,45],"killed_by":"Giant Head","ascension_level":20}}