{"host":"6xsbn6ynqlzwllfm","time":1611966397,"event":{"mods":["2.2 Compatiblity","BaseMod","Bestiary","Colored Map","Colored Powertips","Curses Come First","Highlight Path","Keyboard Shortcuts","Minty Spire (QoL Compilation)","Relic Stats","Slay the Relics Exporter","StSLib","SuperFastMode"],"gold_per_floor":[119,134,146,146,2,2,31,106,106,120,120,145,95,129,129,231,231,242,258,2,2,2,2],"floor_reached":22,"language":"ENG","playtime":772,"items_purged":["Strike_P"],"score":363,"play_id":"b59a6579-0608-40d8-bd4a-1ad98e203325","local_time":"20210129192637","is_ascension_mode":true,"campfire_choices":[{"data":"SandsOfTime","floor":6,"key":"SMITH"},{"data":"Tantrum","floor":11,"key":"SMITH"},{"data":"TalkToTheHand","floor":15,"key":"SMITH"}],"circlet_count":0,"master_deck":["AscendersBane","Strike_P","Defend_P","Defend_P","Defend_P","Eruption","Vigilance","SignatureMove","SandsOfTime+1","Evaluate","Halt","TalkToTheHand+1","Tantrum+1","LikeWater","Vault","CurseOfTheBell","Conclude+1","Evaluate+1","MentalFortress","Consecrate+1","FlurryOfBlows+1"],"relics":["SlaversCollar","Membership Card","Kunai","Akabeko","Blue Candle","Centennial Puzzle","Calling Bell","Molten Egg 2","MealTicket","Shovel","PreservedInsect","HandDrill"],"acts_visited":["Exordium","TheCity"],"potions_floor_usage":[3,7,18,22],"damage_taken":[{"damage":5,"enemies":"2 Louse","floor":1,"turns":4},{"damage":0,"enemies":"Cultist","floor":2,"turns":4},{"damage":5,"enemies":"Small Slimes","floor":3,"turns":4},{"damage":6,"enemies":"Lagavulin","floor":7,"turns":7},{"damage":5,"enemies":"Blue Slaver","floor":10,"turns":3},{"damage":2,"enemies":"Gremlin Nob","floor":12,"turns":3},{"damage":0,"enemies":"Lagavulin","floor":14,"turns":4},{"damage":8,"enemies":"The Guardian","floor":16,"turns":7},{"damage":22,"enemies":"2 Thieves","floor":18,"turns":4},{"damage":17,"enemies":"Shell Parasite","floor":19,"turns":3},{"damage":41,"enemies":"Sentry and Sphere","floor":22,"turns":3}],"seed_played":"2662704996330184328","potions_obtained":[{"floor":1,"key":"Dexterity Potion"},{"floor":2,"key":"GamblersBrew"},{"floor":12,"key":"Regen Potion"},{"floor":16,"key":"BottledMiracle"}],"is_trial":false,"path_per_floor":["M","M","M","?","$","R","E","?","T","M","R","E","?","E","R","B",null,"M","M","$","?","M"],"character_chosen":"WATCHER","items_purchased":["Membership Card","PreservedInsect","MentalFortress","Consecrate+1","FlurryOfBlows+1","HandDrill"],"campfire_rested":0,"item_purchase_floors":[5,20,20,20,20,20],"current_hp_per_floor":[60,60,55,55,55,55,49,38,38,33,33,31,31,31,31,23,60,38,21,36,36,0,0],"gold":2,"neow_bonus":"BOSS_RELIC","is_daily":false,"chose_seed":false,"campfire_upgraded":3,"win_rate":0.0,"timestamp":1611966397,"path_taken":["M","M","M","?","$","R","E","?","T","M","R","E","?","E","R","BOSS","M","M","$","?","?"],"items_purchased_type":["Relic","Relic","Card","Card","Card","Relic"],"build_version":"2020-12-22","purchased_purges":1,"victory":false,"max_hp_per_floor":[72,72,72,72,72,72,72,72,72,72,72,72,72,72,72,72,72,72,72,72,72,72,72],"relic_stats":{"Centennial Puzzle":[12],"Shovel":0,"counters":[11,46],"Blue Candle":[1],"MealTicket":15,"PreservedInsect":0,"HandDrill":[0],"Kunai":[7],"obtain_stats":[{"Blue Candle":12,"PreservedInsect":20,"Akabeko":9,"Calling Bell":17,"SlaversCollar":0,"Centennial Puzzle":14,"Shovel":17,"Molten Egg 2":17,"MealTicket":17,"HandDrill":20,"Membership Card":5,"Kunai":7,"PureWater":0},{"Blue Candle":6,"PreservedInsect":10,"Akabeko":4,"Calling Bell":8,"SlaversCollar":0,"Centennial Puzzle":7,"Shovel":8,"Molten Egg 2":8,"MealTicket":8,"HandDrill":10,"Membership Card":3,"Kunai":4,"PureWater":0},{"Blue Candle":25,"PreservedInsect":43,"Akabeko":19,"Calling Bell":36,"SlaversCollar":0,"Centennial Puzzle":29,"Shovel":36,"Molten Egg 2":36,"MealTicket":36,"HandDrill":43,"Membership Card":12,"Kunai":19,"PureWater":0}]},"card_choices":[{"not_picked":["EmptyMind","Perseverance"],"picked":"SignatureMove","floor":1},{"not_picked":["JustLucky","Meditate"],"picked":"SandsOfTime","floor":2},{"not_picked":["EmptyBody","ThirdEye"],"picked":"Evaluate","floor":3},{"not_picked":["SandsOfTime","Perseverance"],"picked":"TalkToTheHand","floor":7},{"not_picked":["WheelKick","Protect"],"picked":"Tantrum","floor":10},{"not_picked":["Fasting2","WindmillStrike"],"picked":"LikeWater","floor":12},{"not_picked":["Scrawl","Omniscience"],"picked":"Vault","floor":16},{"not_picked":["Halt","SashWhip+1"],"picked":"Conclude+1","floor":18},{"not_picked":["CrushJoints+1","CutThroughFate+1"],"picked":"Evaluate+1","floor":19}],"player_experience":1236432,"relics_obtained":[{"floor":7,"key":"Kunai"},{"floor":9,"key":"Akabeko"},{"floor":12,"key":"Blue Candle"},{"floor":14,"key":"Centennial Puzzle"},{"floor":17,"key":"Molten Egg 2"},{"floor":17,"key":"MealTicket"},{"floor":17,"key":"Shovel"}],"event_choices":[{"damage_healed":0,"gold_gain":0,"cards_transformed":["Defend_P"],"player_choice":"Change","damage_taken":0,"max_hp_gain":0,"max_hp_loss":0,"event_name":"Living Wall","floor":4,"gold_loss":0,"cards_obtained":["Halt"]},{"damage_healed":0,"gold_gain":75,"player_choice":"Gather Gold","damage_taken":11,"max_hp_gain":0,"max_hp_loss":0,"event_name":"World of Goop","floor":8,"gold_loss":0},{"cards_removed":["Strike_P"],"damage_healed":0,"gold_gain":0,"player_choice":"Card Removal","damage_taken":0,"max_hp_gain":0,"max_hp_loss":0,"event_name":"The Cleric","floor":13,"gold_loss":50},{"cards_removed":["Strike_P"],"damage_healed":0,"gold_gain":0,"player_choice":"Purged","damage_taken":0,"max_hp_gain":0,"max_hp_loss":0,"event_name":"Purifier","floor":21,"gold_loss":0}],"is_beta":false,"boss_relics":[{"not_picked":["Runic Dome","Ectoplasm"],"picked":"Calling Bell"}],"items_purged_floors":[20],"is_endless":false,"potions_floor_spawned":[1,2,12,16],"killed_by":"Sentry and Sphere","ascension_level":12}}