{"host":"00z1c2b3ygquf4t5","time":1611969675,"event":{"mods":["AchievementEnabler","Aspiration","BaseMod","Better Altar","Better Match","Better Skull","Better Third Choice","Displayed Cursed Tome","Hubris","Minty Spire (QoL Compilation)","Replay The Spire","Spicy Shops","StSLib","The Alterego"],"gold_per_floor":[117,117,82,99,116,149,149,183,183,203,128,141,141,141,141,246,246,256,267,166,179,94,94,123,123,123,123,123,141,170,189,189,189,189],"floor_reached":33,"language":"ENG","playtime":2896,"items_purged":["Strike_G"],"score":354,"play_id":"9eaf4a7f-26a9-4e42-864e-52452765d9ed","local_time":"20210130012115","is_ascension_mode":true,"campfire_choices":[{"data":"Blade Dance","floor":7.0,"key":"SMITH"},{"floor":13.0,"key":"REST"},{"floor":15.0,"key":"DIG"},{"data":"Envenom","floor":23.0,"key":"SMITH"},{"data":"Finisher","floor":25.0,"key":"SMITH"},{"floor":32.0,"key":"REST"}],"circlet_count":0,"master_deck":["Strike_G+1","Strike_G+1","Strike_G+1","Strike_G+1","Defend_G+1","Defend_G+1","Defend_G+1","Defend_G+1","Defend_G+1","Survivor","Neutralize","Cloak And Dagger+1","Cloak And Dagger+1","Blade Dance+1","Footwork","Blade Dance","Cloak And Dagger+1","Envenom+1","Finisher+1"],"relics":["Ring of the Serpent","aspiration:Nostalgia","Replay:M_SmolderingBlood","Iron Hammer","Garlic","Replay:Bottled Eggs","Bag of Marbles","BargainBundle","aspiration:ChemicalBlood","Oddly Smooth Stone","hubris:Icosahedron","Centennial Puzzle"],"acts_visited":["Exordium","TheCity"],"potions_floor_usage":[33,33],"damage_taken":[{"damage":8.0,"enemies":"Jaw Worm","floor":1.0,"turns":7.0},{"damage":4.0,"enemies":"Small Slimes","floor":4.0,"turns":5.0},{"damage":0.0,"enemies":"2 Louse","floor":5.0,"turns":3.0},{"damage":16.0,"enemies":"3 Sentries","floor":6.0,"turns":14.0},{"damage":13.0,"enemies":"Gremlin Nob","floor":8.0,"turns":3.0},{"damage":1.0,"enemies":"Looter","floor":10.0,"turns":3.0},{"damage":0.0,"enemies":"Exordium Wildlife","floor":12.0,"turns":3.0},{"damage":29.0,"enemies":"Hexaghost","floor":16.0,"turns":12.0},{"damage":14.0,"enemies":"Spheric Guardian","floor":18.0,"turns":4.0},{"damage":0.0,"enemies":"3 Byrds","floor":19.0,"turns":5.0},{"damage":0.0,"enemies":"Centurion and Healer","floor":21.0,"turns":4.0},{"damage":18.0,"enemies":"Gremlin Leader","floor":24.0,"turns":5.0},{"damage":5.0,"enemies":"Shelled Parasite and Fungi","floor":29.0,"turns":6.0},{"damage":10.0,"enemies":"Replay:Snechameleon","floor":30.0,"turns":7.0},{"damage":17.0,"enemies":"3 Cultists","floor":31.0,"turns":5.0},{"damage":61,"enemies":"Champ","floor":33,"turns":6}],"seed_played":"2937116903196241305","potions_obtained":[{"floor":6.0,"key":"Swift Potion"},{"floor":10.0,"key":"FearPotion"},{"floor":16.0,"key":"AttackPotion"},{"floor":18.0,"key":"Flashbang"}],"is_trial":false,"path_per_floor":["M","?","?","M","M","E","R","E","T","M","$","M","R","?","R","B",null,"M","M","$","M","?","R","E","R","T","?","?","M","E","M","R","B"],"character_chosen":"THE_SILENT","items_purchased":["BargainBundle","SkillPotion","PowerPotion"],"campfire_rested":2,"item_purchase_floors":[20,20,20],"current_hp_per_floor":[62,62,70,66,66,50,50,37,37,36,36,36,57,57,57,28,70,56,56,56,56,56,56,38,38,38,38,38,33,23,15,36,0,0],"gold":189,"neow_bonus":"NOSTALGIA","is_daily":false,"chose_seed":false,"campfire_upgraded":3,"win_rate":0.0,"timestamp":1611969675,"path_taken":["M","?","?","M","M","E","R","E","T","M","$","M","R","?","R","BOSS","M","M","$","M","?","R","E","R","T","?","?","?","E","M","R","BOSS"],"items_purchased_type":["Relic","Potion","Potion"],"build_version":"2020-12-22","purchased_purges":1,"victory":false,"max_hp_per_floor":[70,70,70,70,70,70,70,70,70,70,70,70,70,70,70,70,70,70,70,70,70,70,70,70,70,70,70,70,70,70,70,70,70,70],"card_choices":[{"not_picked":["Headbutt","Swivel"],"picked":"Cloak And Dagger","floor":1.0},{"not_picked":["Deadly Poison","Sucker Punch"],"picked":"Cloak And Dagger","floor":4.0},{"not_picked":["Underhanded Strike","ReplayTheSpireMod:Speed Training","PiercingWail"],"picked":"SKIP","floor":5.0},{"not_picked":["Expertise","Poison Darts"],"picked":"Blade Dance","floor":6.0},{"not_picked":["Calculated Gamble","Searing Blow"],"picked":"Footwork","floor":8.0},{"not_picked":["Poisoned Stab","Bane"],"picked":"Blade Dance","floor":10.0},{"not_picked":["Reflex","Fluid Movement"],"picked":"Cloak And Dagger","floor":12.0},{"not_picked":["Unload","Replay:Bag of Tricks"],"picked":"Envenom","floor":16.0},{"not_picked":["Dagger Throw","hubris:TrickCloak","Underhanded Strike"],"picked":"SKIP","floor":18.0},{"not_picked":["Poisoned Stab+1","Distraction"],"picked":"Finisher","floor":19.0},{"not_picked":["hubris:SlightOfHand","Hidden Blade+1","Acrobatics+1"],"picked":"SKIP","floor":21.0},{"not_picked":["Footwork","Backflip","Dodge and Roll"],"picked":"SKIP","floor":24.0},{"not_picked":["Bouncing Flask","Backflip","Adrenaline"],"picked":"SKIP","floor":29.0},{"not_picked":["ReplayTheSpireMod:The Works","Backflip","PiercingWail"],"picked":"SKIP","floor":30.0},{"not_picked":["Poisoned Stab","Hidden Blade","ReplayTheSpireMod:Scrap Shanks"],"picked":"SKIP","floor":31.0}],"player_experience":384721,"relics_obtained":[{"floor":6.0,"key":"Iron Hammer"},{"floor":8.0,"key":"Garlic"},{"floor":9.0,"key":"Replay:Bottled Eggs"},{"floor":15.0,"key":"Bag of Marbles"},{"floor":24.0,"key":"Oddly Smooth Stone"},{"floor":30.0,"key":"Centennial Puzzle"}],"event_choices":[{"damage_healed":17.0,"max_hp_gain":0.0,"max_hp_loss":0.0,"gold_gain":0.0,"event_name":"The Cleric","player_choice":"Healed","floor":3.0,"gold_loss":35.0,"damage_taken":0.0},{"damage_healed":0.0,"max_hp_gain":0.0,"max_hp_loss":0.0,"gold_gain":0.0,"event_name":"Golden Wing","player_choice":"Ignored","floor":14.0,"gold_loss":0.0,"damage_taken":0.0},{"damage_healed":0.0,"max_hp_gain":0.0,"max_hp_loss":0.0,"gold_gain":0.0,"event_name":"Addict","player_choice":"Obtained Relic","floor":22.0,"gold_loss":85.0,"damage_taken":0.0,"relics_obtained":["aspiration:ChemicalBlood"]},{"damage_healed":0.0,"max_hp_gain":0.0,"max_hp_loss":8.0,"gold_gain":0.0,"event_name":"betterThird:BetterWriting","player_choice":"Simplicity","floor":27.0,"gold_loss":0.0,"damage_taken":0.0}],"is_beta":false,"boss_relics":[{"not_picked":["hubris:Backtick","Astrolabe"],"picked":"Ring of the Serpent"}],"items_purged_floors":[11],"is_endless":false,"potions_floor_spawned":[6,10,16,18,29],"killed_by":"Champ","ascension_level":4}}