{"host":"bq4pt811tk9yrmjl","time":1611975350,"event":{"mods":["AchievementEnabler","BaseMod","Colored Map","Colored Powertips","Defuse TimeMaze Blight","Hermit","Minty Spire (QoL Compilation)","StSLib","SuperFastMode"],"gold_per_floor":[117,117,117,129,129,129,156,156,156,156,156,181,194,213,213,316,316,330,330,41,41,60,60,60,78,78,78,104,404,421,46,46,46,46],"floor_reached":33,"language":"ENG","playtime":576,"items_purged":["Writhe"],"score":332,"play_id":"931ca6c3-a6b8-4af5-a49e-568b9bd8dcce","local_time":"20210130005550","is_ascension_mode":true,"campfire_choices":[{"data":"hermit:Shortfuse","floor":6.0,"key":"SMITH"},{"data":"hermit:Snapshot","floor":8.0,"key":"SMITH"},{"data":"hermit:Covet","floor":11.0,"key":"SMITH"},{"data":"hermit:GhostlyPresence","floor":15.0,"key":"SMITH"},{"floor":24,"key":"REST"},{"data":"hermit:Shortfuse","floor":27,"key":"SMITH"},{"floor":32,"key":"REST"}],"circlet_count":0,"master_deck":["hermit:Strike_Hermit+1","hermit:Strike_Hermit+1","hermit:Strike_Hermit+1","hermit:Strike_Hermit+1","hermit:Defend_Hermit+1","hermit:Defend_Hermit+1","hermit:Defend_Hermit+1","hermit:Defend_Hermit+1","hermit:Snapshot+1","hermit:Covet+1","hermit:Shortfuse+1","Regret","hermit:Shortfuse+1","hermit:GhostlyPresence+1","CurseOfTheBell","hermit:Maintenance+1","hermit:Glare+1","hermit:Virtue+1","hermit:TakeCover+1","hermit:Brawl+1"],"relics":["hermit:Momento","NeowsBlessing","Juzu Bracelet","hermit:Spyglass","Incense Burner","Calling Bell","Orichalcum","Frozen Egg 2","Unceasing Top","Toxic Egg 2","Pen Nib","Pear","Old Coin","OrangePellets","Happy Flower"],"acts_visited":["Exordium","TheCity"],"potions_floor_usage":[23,28,33],"damage_taken":[{"damage":0.0,"enemies":"Jaw Worm","floor":1.0,"turns":1.0},{"damage":0.0,"enemies":"Small Slimes","floor":4.0,"turns":1.0},{"damage":0.0,"enemies":"Gremlin Nob","floor":7.0,"turns":1.0},{"damage":9.0,"enemies":"3 Sentries","floor":12.0,"turns":4.0},{"damage":0.0,"enemies":"2 Louse","floor":13.0,"turns":1.0},{"damage":0.0,"enemies":"Looter","floor":14.0,"turns":2.0},{"damage":25.0,"enemies":"The Guardian","floor":16.0,"turns":12.0},{"damage":5.0,"enemies":"2 Thieves","floor":18.0,"turns":3.0},{"damage":14,"enemies":"Spheric Guardian","floor":22,"turns":4},{"damage":15,"enemies":"Book of Stabbing","floor":23,"turns":6},{"damage":0,"enemies":"Centurion and Healer","floor":25,"turns":6},{"damage":30,"enemies":"Gremlin Leader","floor":28,"turns":9},{"damage":13,"enemies":"Snake Plant","floor":30,"turns":4},{"damage":47,"enemies":"Automaton","floor":33,"turns":10}],"seed_played":"-3454765565425328475","potions_obtained":[{"floor":1.0,"key":"SteroidPotion"},{"floor":4.0,"key":"DistilledChaos"},{"floor":12.0,"key":"SmokeBomb"},{"floor":16.0,"key":"Energy Potion"},{"floor":28,"key":"Strength Potion"}],"is_trial":false,"path_per_floor":["M","?","?","M","$","R","E","R","T","$","R","E","M","M","R","B",null,"M","?","$","?","M","E","R","M","T","R","E","?","M","$","R","B"],"character_chosen":"HERMIT","items_purchased":["Toxic Egg 2","hermit:Maintenance+1","OrangePellets","Happy Flower"],"campfire_rested":2,"item_purchase_floors":[20,20,31,31],"current_hp_per_floor":[75,75,75,75,75,75,75,75,75,75,75,66,66,66,66,41,75,70,70,70,70,56,41,63,63,63,63,43,43,30,30,55,8,8],"gold":46,"neow_bonus":"THREE_ENEMY_KILL","is_daily":false,"chose_seed":false,"campfire_upgraded":5,"win_rate":0.0,"timestamp":1611975350,"path_taken":["M","?","?","M","$","R","E","R","T","?","R","E","M","M","R","BOSS","M","?","$","?","M","E","R","M","T","R","E","?","M","$","R","BOSS"],"items_purchased_type":["Relic","Card","Relic","Relic"],"build_version":"2020-12-22","purchased_purges":1,"victory":false,"max_hp_per_floor":[75,75,75,75,75,75,75,75,75,75,75,75,75,75,75,75,75,75,75,75,75,75,75,75,75,75,75,85,85,85,85,85,85,85],"card_choices":[{"not_picked":["hermit:Manifest","hermit:Feint"],"picked":"hermit:Shortfuse","floor":1.0},{"not_picked":["hermit:WideOpen","hermit:Midnight","hermit:LowProfile"],"picked":"SKIP","floor":4.0},{"not_picked":["hermit:WideOpen","hermit:BodyArmor","hermit:NoHoldsBarred"],"picked":"SKIP","floor":7.0},{"not_picked":["hermit:LoneWolf","hermit:EternalForm"],"picked":"hermit:Shortfuse","floor":12.0},{"not_picked":["hermit:Cheat","hermit:Roulette","hermit:DeadMansHand"],"picked":"SKIP","floor":13.0},{"not_picked":["hermit:SprayPray","hermit:Grudge"],"picked":"hermit:GhostlyPresence","floor":14.0},{"not_picked":["hermit:SprayPray+1","hermit:Snipe","hermit:Roulette"],"picked":"SKIP","floor":18.0},{"not_picked":["hermit:CalledShot","hermit:HoleUp+1"],"picked":"hermit:Glare+1","floor":22},{"not_picked":["hermit:ShadowCloak+1","hermit:Spite+1"],"picked":"hermit:Virtue+1","floor":25},{"not_picked":["hermit:LowProfile+1","hermit:NoHoldsBarred"],"picked":"hermit:TakeCover+1","floor":28},{"not_picked":["hermit:TakeAim+1","hermit:Manifest+1"],"picked":"hermit:Brawl+1","floor":30}],"player_experience":284494,"relics_obtained":[{"floor":7.0,"key":"hermit:Spyglass"},{"floor":12.0,"key":"Incense Burner"},{"floor":17.0,"key":"Orichalcum"},{"floor":17.0,"key":"Frozen Egg 2"},{"floor":17.0,"key":"Unceasing Top"},{"floor":26,"key":"Pen Nib"},{"floor":28,"key":"Pear"}],"event_choices":[{"damage_healed":0.0,"max_hp_gain":0.0,"max_hp_loss":0.0,"gold_gain":0.0,"event_name":"The Cleric","player_choice":"Leave","floor":2.0,"gold_loss":0.0,"damage_taken":0.0},{"damage_healed":0.0,"max_hp_gain":0.0,"max_hp_loss":0.0,"gold_gain":0.0,"event_name":"Big Fish","player_choice":"Box","floor":3.0,"gold_loss":0.0,"damage_taken":0.0,"relics_obtained":["Juzu Bracelet"],"cards_obtained":["Regret"]},{"damage_healed":0.0,"max_hp_gain":0.0,"max_hp_loss":0.0,"gold_gain":0.0,"event_name":"Back to Basics","player_choice":"Simplicity","floor":19.0,"gold_loss":0.0,"damage_taken":0.0,"cards_upgraded":["hermit:Strike_Hermit","hermit:Strike_Hermit","hermit:Strike_Hermit","hermit:Strike_Hermit","hermit:Defend_Hermit","hermit:Defend_Hermit","hermit:Defend_Hermit","hermit:Defend_Hermit"]},{"damage_healed":0,"gold_gain":0,"player_choice":"Ignored","damage_taken":0,"max_hp_gain":0,"max_hp_loss":0,"event_name":"Cursed Tome","floor":21,"gold_loss":0},{"damage_healed":0,"gold_gain":0,"player_choice":"Opened","damage_taken":0,"relics_obtained":["Old Coin"],"max_hp_gain":0,"max_hp_loss":0,"event_name":"The Mausoleum","floor":29,"gold_loss":0,"cards_obtained":["Writhe"]}],"is_beta":false,"boss_relics":[{"not_picked":["Coffee Dripper","Astrolabe"],"picked":"Calling Bell"}],"items_purged_floors":[31],"is_endless":false,"potions_floor_spawned":[1,4,12,16,22,23,28],"killed_by":"Automaton","ascension_level":1}}