{"host":"2i1rjl87isetstuj","time":1611990951,"event":{"mods":["BaseMod","Better Vampires","Challenge The Spire","Lobotomy","LobotomyExtend","Marked Mod","Minty Spire (QoL Compilation)","Quick Restart","Shop Mod","StSLib","Waifu the Spire","óô»ðÖ¸ÄÏ"],"gold_per_floor":[116,136,148,113,113,152,152,152,152],"floor_reached":8,"language":"ZHS","playtime":310,"items_purged":[],"score":59,"play_id":"d0c0f60a-15a5-4c98-8fdb-94571702db64","local_time":"20210130151551","is_ascension_mode":true,"campfire_choices":[{"floor":7,"key":"REST"}],"circlet_count":0,"master_deck":["Strike_R","Strike_R","Strike_R","Strike_R","Strike_R","Defend_R","Defend_R","Defend_R","Defend_R","Bash","HappyTeddy","Rage","FieryBird","Rampage","Murderer","Second Wind","Whirlwind","CherryBlossoms","Barricade"],"relics":["Burning Blood","CogitoBucket","LetterFromLob","Golden Idol","Darkstone Periapt"],"acts_visited":["Exordium"],"potions_floor_usage":[],"damage_taken":[{"damage":1,"enemies":"Cultist","floor":1,"turns":3},{"damage":6,"enemies":"Jaw Worm","floor":2,"turns":3},{"damage":9,"enemies":"Small Slimes","floor":3,"turns":3},{"damage":42,"enemies":"3 Sentries","floor":6,"turns":6},{"damage":78,"enemies":"Gremlin Nob","floor":8,"turns":5}],"seed_played":"-2849890317266061379","potions_obtained":[{"floor":3,"key":"GamblersBrew"}],"is_trial":false,"path_per_floor":["M","M","M","$","?","E","R","E"],"character_chosen":"IRONCLAD","items_purchased":["Whirlwind"],"campfire_rested":1,"item_purchase_floors":[4],"current_hp_per_floor":[80,80,77,77,74,38,60,0,0],"gold":152,"neow_bonus":"","is_daily":false,"chose_seed":false,"campfire_upgraded":0,"win_rate":0.0,"timestamp":1611990951,"path_taken":["M","M","M","$","?","E","R","E"],"items_purchased_type":["Card"],"build_version":"2020-12-22","purchased_purges":0,"victory":false,"max_hp_per_floor":[80,80,80,80,74,74,74,74,74],"card_choices":[{"not_picked":["CrumblingArmor","PunishingBird"],"picked":"HappyTeddy","floor":1},{"not_picked":["Sword Boomerang","Body Slam"],"picked":"Rage","floor":1},{"not_picked":["OldLady","MHz"],"picked":"FieryBird","floor":2},{"not_picked":["Reckless Charge","Clothesline"],"picked":"Rampage","floor":2},{"not_picked":["Murderer","ShyLook","OldLady"],"picked":"Singing Bowl","floor":3},{"not_picked":["ShyLook","OldLady"],"picked":"Murderer","floor":3},{"not_picked":["Headbutt","Shrug It Off"],"picked":"Second Wind","floor":3},{"not_picked":["WhitesApple","BeautyBeast"],"picked":"CherryBlossoms","floor":6},{"not_picked":["Cleave","Flame Barrier"],"picked":"Barricade","floor":6}],"player_experience":115937,"relics_obtained":[{"floor":1,"key":"LetterFromLob"},{"floor":6,"key":"Darkstone Periapt"}],"event_choices":[{"damage_healed":0,"gold_gain":0,"player_choice":"Lose Max HP","damage_taken":0,"relics_obtained":["Golden Idol"],"max_hp_gain":0,"max_hp_loss":6,"event_name":"Golden Idol","floor":5,"gold_loss":0}],"is_beta":false,"boss_relics":[],"items_purged_floors":[],"is_endless":false,"potions_floor_spawned":[3],"killed_by":"Gremlin Nob","ascension_level":1}}