{"host":"h7xtspmc2x3i8s2i","time":1611975655,"event":{"mods":["2.2 Compatiblity","AchievementEnabler","Act Like it!","AlwaysNeverKeys","Aspiration","Astrologer","BaseMod","Beaked The Cultist","Bestiary","Better Altar","Better Match","Better Note","Better Sensory Stone","Better Skull","Better Third Choice","Better Vampires","Better-Laid Plans","BetterRewards","Challenge The Spire","Colored Map","Colored Powertips","Colorless Booster Pack","Curses Come First","Defuse TimeMaze Blight","Dio Mod","Disable Question Mark Monsters","Dota2Spire","Downfall","Duelist Mod","EXCEPTION","Emptier Cage","Energized Spire","Evolution","Friendly Minions","GifTheSpireLib","Gold Saver","Gremlin Skip","Halation","Hubris","Ironclad Rager","Jedi Mod","Key Reminder","Marked Mod","Minty Spire (QoL Compilation)","Permanent Neow","Potion Indicator Mod","Quick Restart","Random Character Button","Random Character Mod","Rare Cards Sparkle","Relic Filter","Relic Stats","Reliquary","Replay The Spire","SacredBarkPlus","Shop Mod","Somnambulant","Spicy Shops","Spikes Relics","Spire Birthday Party","StSLib","Steal the Spire","Stuff the Spire","SuperFastMode","The Awakened One except there are too many feathers","The Blue Laboratory","The Cursed","The Death Knight","The Dragon Tamer","The Edgeheg","The Hierophant","The Problem Sleuth","The Runesmith","The Wild Card","TheVelvet","Transform Curses","Uncapped","Unceasing Turn Reminder","Virulent Crown","Wide Potions","everything is the same but u backflip on backflip","slay the spire mod where everything is the same but ironclad has a cowboy hat"],"gold_per_floor":[247,247,263,274,274,304,334,334,334,353,283,310,310,326,326,421,421,436,40,40,53,53,72,91,91,173,200,16,35,35,35,35,138,138,154,56,56,101,101,128,148,164,164,44,44,44,44,44,44,44,44,44,7,51,51],"floor_reached":56,"language":"ENG","playtime":2588,"items_purged":[],"score":1376,"play_id":"7a7d8962-5c0b-44dd-86a8-bce4ecf6002b","local_time":"20210129220055","is_ascension_mode":false,"campfire_choices":[{"floor":8,"key":"RECALL"},{"floor":13,"key":"REST"},{"floor":15,"key":"REST"},{"floor":32,"key":"REST"},{"floor":45,"key":"REST"},{"floor":49,"key":"DIG"},{"data":"Runesmith:HammerThrow","floor":52,"key":"SMITH"}],"circlet_count":0,"master_deck":["Runesmith:Strike_RS","Runesmith:Strike_RS","Runesmith:Strike_RS","Runesmith:Strike_RS","Runesmith:Defend_RS","Runesmith:Defend_RS","Runesmith:Defend_RS","Runesmith:CraftFirestone","Runesmith:Fortify","Runesmith:HammerAndChisel+1","Runesmith:HammerThrow+1","Runesmith:UnstableHammer","Runesmith:ChargedHammer","Runesmith:RuneHurl","Runesmith:DuctTape","Runesmith:HammerAndChisel+1","Runesmith:ChargedHammer+1","Runesmith:GoWithTheFlow","Runesmith:Discharge","ReplayTheSpireMod:Brewmster+1","Runesmith:Grindstone","Runesmith:ReplicatingBarrier+1","Runesmith:BackupBattery+1","Violence","Runesmith:HammerThrow+1"],"relics":["Runesmith:BrokenRuby","EVO:Axolotl","StuffTheSpire:DarkSteelAnvil","Replay:Bottled Eggs","Odd Mushroom","StuffTheSpire:Wildfire","aspiration:FetidBarrel","sneckomod:SneckoTalon","theSleuth:Spyglass","CosmicIsotope","MerchantsRug","StuffTheSpire:GreaterSneckoEye","Guardian:GemstoneGun","hubris:Towel","Dota2Spire:Desolator","ReplayTheSpireMod:Shallot","hubris:Icosahedron","hubris:TenFootPole","MiniBlackHole","Happy Flower"],"acts_visited":["Exordium","TheCity","TheBeyond","TheEnding"],"potions_floor_usage":[3,6,12,23,24,29,33,33,35,38,38,40,40,40,40,41,41,42,42,54,55,55],"damage_taken":[{"damage":1,"enemies":"2 Louse","floor":1,"turns":3},{"damage":3,"enemies":"Jaw Worm","floor":3,"turns":4},{"damage":12,"enemies":"Small Slimes","floor":4,"turns":3},{"damage":23,"enemies":"3 Sentries","floor":6,"turns":8},{"damage":0,"enemies":"The Mushroom Lair","floor":7,"turns":3},{"damage":1,"enemies":"Red Slaver","floor":10,"turns":2},{"damage":0,"enemies":"Lagavulin","floor":12,"turns":3},{"damage":3,"enemies":"Lots of Slimes","floor":14,"turns":3},{"damage":10,"enemies":"Fading Forest","floor":16,"turns":11},{"damage":19,"enemies":"2 Thieves","floor":18,"turns":3},{"damage":3,"enemies":"Chosen","floor":21,"turns":4},{"damage":17,"enemies":"Centurion and Healer","floor":23,"turns":4},{"damage":31,"enemies":"3 Cultists","floor":24,"turns":5},{"damage":8,"enemies":"theDuelist:KaibaA2","floor":27,"turns":3},{"damage":0,"enemies":"Shelled Parasite and Fungi","floor":29,"turns":3},{"damage":0,"enemies":"StardustCrusaders","floor":33,"turns":5},{"damage":8,"enemies":"3 Darklings","floor":35,"turns":3},{"damage":8,"enemies":"2 Orb Walkers","floor":38,"turns":3},{"damage":0,"enemies":"Nemesis","floor":40,"turns":4},{"damage":5,"enemies":"3 Shapes","floor":41,"turns":4},{"damage":0,"enemies":"3 Darklings","floor":42,"turns":1},{"damage":28,"enemies":"Jotaro","floor":50,"turns":5},{"damage":13,"enemies":"Shield and Spear","floor":54,"turns":3},{"damage":21,"enemies":"The Heart","floor":55,"turns":7}],"seed_played":"1720321315832849527","potions_obtained":[{"floor":1,"key":"Regen Potion"},{"floor":4,"key":"Milkshake"},{"floor":10,"key":"Energy Potion"},{"floor":21,"key":"DeathKnight:RimePotion"},{"floor":23,"key":"Dota2Spire:HealingSalve"},{"floor":27,"key":"blueLaboratory:HorrorPotion"},{"floor":35,"key":"hexamod:SoulburnPotion"},{"floor":38,"key":"Elixir"},{"floor":40,"key":"Energy Potion"}],"is_trial":false,"path_per_floor":["M","?","M","M","?","E","?","R","T","M","?","E","R","M","R","B",null,"M","$","?","M","?","M","M","?","T","E","$","M","?","?","R","B",null,"M","$","?","?","?","E","M","M","T","$","R","?","?","?","R_BF","B",null,"R","$","E","B",null],"character_chosen":"RUNESMITH_CLASS","items_purchased":["theSleuth:Spyglass","reliquary:IridiumChain","ReplayTheSpireMod:Brewmster","MerchantsRug","Guide Book","Replay:Baseball","MiniBlackHole"],"campfire_rested":4,"item_purchase_floors":[19,19,28,36,36,44,53],"current_hp_per_floor":[69,66,63,51,56,33,33,33,33,32,32,32,54,51,73,73,75,56,56,56,53,53,36,14,14,24,19,19,19,48,48,74,74,88,82,82,62,54,54,54,49,49,49,49,76,76,76,76,76,48,90,90,90,77,56],"gold":51,"neow_bonus":"REMOVE_CARD","is_daily":false,"chose_seed":false,"campfire_upgraded":1,"win_rate":0.0,"timestamp":1611975655,"path_taken":["M","?","M","M","?","E","?","R","T","?","?","E","R","M","R","BOSS","M","?","?","M","?","M","M","?","T","E","$","M","?","?","R","BOSS","M","?","?","?","?","E","M","M","T","$","R","?","?","?","R_BF","BOSS","R","$","E","BOSS"],"items_purchased_type":["Relic","Relic","Card","Relic","Relic","Relic","Relic"],"build_version":"2020-12-22","purchased_purges":0,"victory":true,"max_hp_per_floor":[70,70,70,70,75,75,75,75,75,75,75,75,75,75,75,75,75,75,75,75,75,75,75,75,75,85,88,88,88,88,88,88,88,88,90,90,90,90,90,90,90,90,90,90,90,90,90,90,90,90,90,90,90,90,90],"relic_stats":{"Happy Flower":[2],"counters":[24,97],"obtain_stats":[{"StuffTheSpire:Rhapsscallions":27,"theSleuth:Spyglass":19,"EVO:Axolotl":0,"theSleuth:JesterOfEncumbrance":25,"hubris:Icosahedron":48,"MiniBlackHole":53,"Replay:Bottled Eggs":6,"MerchantsRug":36,"Runesmith:BrokenRuby":0,"Pear":26,"Happy Flower":54,"aspiration:FetidBarrel":12,"Guide Book":36,"Guardian:GemstoneGun":38,"StuffTheSpire:Wildfire":11,"Odd Mushroom":7,"hubris:Towel":39,"sneckomod:SneckoTalon":17,"reliquary:IridiumChain":19,"keyreminder:keyreminder":6,"Replay:Baseball":44,"ReplayTheSpireMod:Shallot":43,"StuffTheSpire:GreaterSneckoEye":37,"StuffTheSpire:DarkSteelAnvil":2,"CosmicIsotope":34,"hubris:TenFootPole":49,"Dota2Spire:Desolator":40},{"StuffTheSpire:Rhapsscallions":14,"theSleuth:Spyglass":10,"EVO:Axolotl":0,"theSleuth:JesterOfEncumbrance":13,"hubris:Icosahedron":21,"MiniBlackHole":22,"Replay:Bottled Eggs":4,"MerchantsRug":17,"Runesmith:BrokenRuby":0,"Pear":13,"Happy Flower":23,"aspiration:FetidBarrel":7,"Guide Book":17,"Guardian:GemstoneGun":18,"StuffTheSpire:Wildfire":6,"Odd Mushroom":5,"hubris:Towel":18,"sneckomod:SneckoTalon":9,"reliquary:IridiumChain":10,"keyreminder:keyreminder":4,"Replay:Baseball":21,"ReplayTheSpireMod:Shallot":21,"StuffTheSpire:GreaterSneckoEye":17,"StuffTheSpire:DarkSteelAnvil":1,"CosmicIsotope":16,"hubris:TenFootPole":21,"Dota2Spire:Desolator":19},{"StuffTheSpire:Rhapsscallions":59,"theSleuth:Spyglass":43,"EVO:Axolotl":0,"theSleuth:JesterOfEncumbrance":56,"hubris:Icosahedron":82,"MiniBlackHole":87,"Replay:Bottled Eggs":18,"MerchantsRug":70,"Runesmith:BrokenRuby":0,"Pear":56,"Happy Flower":90,"aspiration:FetidBarrel":26,"Guide Book":70,"Guardian:GemstoneGun":73,"StuffTheSpire:Wildfire":23,"Odd Mushroom":21,"hubris:Towel":73,"sneckomod:SneckoTalon":40,"reliquary:IridiumChain":43,"keyreminder:keyreminder":18,"Replay:Baseball":82,"ReplayTheSpireMod:Shallot":82,"StuffTheSpire:GreaterSneckoEye":70,"StuffTheSpire:DarkSteelAnvil":3,"CosmicIsotope":67,"hubris:TenFootPole":82,"Dota2Spire:Desolator":77}]},"card_choices":[{"not_picked":["Runesmith:FieryHammer","Runesmith:HammerTime"],"picked":"Runesmith:HammerAndChisel","floor":1},{"not_picked":["Runesmith:CraftProtectio","Runesmith:EnergizedChisel"],"picked":"Runesmith:HammerThrow","floor":3},{"not_picked":["Runesmith:Grindstone","Runesmith:MakeshiftArmor"],"picked":"Runesmith:UnstableHammer","floor":4},{"not_picked":["Runesmith:CraftVitae","Runesmith:HeatedChisel","Runesmith:HeatExchange"],"picked":"SKIP","floor":6},{"not_picked":["Runesmith:Electrocute","Runesmith:Retool"],"picked":"Runesmith:ChargedHammer","floor":7},{"not_picked":["Runesmith:HeatExchange","Runesmith:Repurpose"],"picked":"Runesmith:RuneHurl","floor":10},{"not_picked":["Runesmith:ShiftingStrike","Runesmith:Prism","Runesmith:HammerThrow"],"picked":"SKIP","floor":12},{"not_picked":["Runesmith:EarthShield","Runesmith:CraftObretio","Runesmith:HeatExchange"],"picked":"SKIP","floor":14},{"not_picked":["Runesmith:ArcReactor","Runesmith:Supernova"],"picked":"Runesmith:DuctTape","floor":16},{"not_picked":["Runesmith:EarthShield","Runesmith:Grindstone"],"picked":"Runesmith:HammerAndChisel","floor":18},{"not_picked":["Runesmith:Grindstone","Runesmith:LightningRod"],"picked":"Runesmith:ChargedHammer+1","floor":21},{"not_picked":["Runesmith:Permafrost","Runesmith:ElementalConversion+1","Runesmith:CraftMagma"],"picked":"SKIP","floor":23},{"not_picked":["Runesmith:StaticCage","Runesmith:UnstableHammer"],"picked":"Runesmith:GoWithTheFlow","floor":24},{"not_picked":["Runesmith:BackupBattery","Runesmith:Retool"],"picked":"Runesmith:Discharge","floor":27},{"not_picked":["Runesmith:Repurpose","Runesmith:CraftMagma"],"picked":"Runesmith:Grindstone","floor":29},{"not_picked":["Runesmith:DuctTape","Runesmith:FissionHammer"],"picked":"Runesmith:ReplicatingBarrier","floor":33},{"not_picked":["Runesmith:MakeshiftArmor","Runesmith:Overpower","Runesmith:HeatedChisel+1"],"picked":"SKIP","floor":35},{"not_picked":["Runesmith:CraftProtectio","Runesmith:PerfectChisel"],"picked":"Runesmith:BackupBattery+1","floor":38},{"not_picked":["aspiration:UnbridledHammer","Runesmith:HeatedChisel","Runesmith:Terraform+1"],"picked":"SKIP","floor":40},{"not_picked":["Runesmith:ChiselStab+1","Runesmith:ShiftingStrike+1","Runesmith:HeatedChisel"],"picked":"SKIP","floor":41},{"not_picked":["Runesmith:Prism+1","Runesmith:CraftObretio","Runesmith:CraftIndustria"],"picked":"SKIP","floor":42},{"not_picked":["Poisoned Strike","Deep Breath"],"picked":"Violence","floor":47},{"not_picked":["Runesmith:RuneHurl+1","Runesmith:ShiftingStrike+1"],"picked":"Runesmith:HammerThrow+1","floor":54}],"player_experience":632746,"relics_obtained":[{"floor":6,"key":"Replay:Bottled Eggs"},{"floor":7,"key":"Odd Mushroom"},{"floor":12,"key":"aspiration:FetidBarrel"},{"floor":26,"key":"Pear"},{"floor":27,"key":"StuffTheSpire:Rhapsscallions"},{"floor":37,"key":"StuffTheSpire:GreaterSneckoEye"},{"floor":38,"key":"Guardian:GemstoneGun"},{"floor":40,"key":"Dota2Spire:Desolator"},{"floor":43,"key":"ReplayTheSpireMod:Shallot"},{"floor":49,"key":"hubris:TenFootPole"},{"floor":54,"key":"Happy Flower"}],"event_choices":[{"damage_healed":0,"gold_gain":0,"player_choice":"Donut","damage_taken":0,"max_hp_gain":5,"max_hp_loss":0,"event_name":"Big Fish","floor":5,"gold_loss":0},{"damage_healed":0,"gold_gain":0,"player_choice":"Fought Mushrooms","damage_taken":0,"max_hp_gain":0,"max_hp_loss":0,"event_name":"Mushrooms","floor":7,"gold_loss":0},{"damage_healed":0,"gold_gain":0,"player_choice":"Paid Gold","damage_taken":0,"relics_obtained":["StuffTheSpire:Wildfire"],"max_hp_gain":0,"max_hp_loss":0,"event_name":"WeMeetAgain","floor":11,"gold_loss":70},{"damage_healed":0,"gold_gain":0,"player_choice":"Ignored","damage_taken":0,"max_hp_gain":0,"max_hp_loss":0,"event_name":"betterNote:BetterNote","floor":20,"gold_loss":0,"cards_obtained":["Noxious Fumes"]},{"damage_healed":29,"gold_gain":0,"player_choice":"Heal","damage_taken":0,"max_hp_gain":0,"max_hp_loss":0,"event_name":"The Library","floor":30,"gold_loss":0},{"damage_healed":0,"gold_gain":0,"player_choice":"Fight","damage_taken":0,"max_hp_gain":0,"max_hp_loss":0,"event_name":"Mysterious Sphere","floor":38,"gold_loss":0},{"damage_healed":0,"gold_gain":3,"player_choice":"1","damage_taken":0,"max_hp_gain":0,"max_hp_loss":0,"event_name":"betterStone:BetterStone","floor":47,"gold_loss":0}],"is_beta":false,"boss_relics":[{"not_picked":["energizedSpire:RedRose","energizedSpire:OgreHead"],"picked":"sneckomod:SneckoTalon"},{"not_picked":["Abe\u0027s Treasure","halation:MonkeysPaw"],"picked":"CosmicIsotope"}],"items_purged_floors":[],"is_endless":false,"potions_floor_spawned":[1,4,10,21,23,27,35,38,40],"ascension_level":0}}