{"host":"2yqfi47fogfu1ic4","time":1611986594,"event":{"mods":["AchievementEnabler","BaseMod","Colored Map","Colored Powertips","Highlight Path","Minty Spire (QoL Compilation)","Permanent Neow","Relic Stats","StSLib"],"gold_per_floor":[119,139,139,156,168,195,195,225,225,225,237,237,249,249,249],"floor_reached":14,"language":"DEU","playtime":874,"items_purged":[],"score":204,"play_id":"4d440282-7ef8-47ea-a65d-5ffec0aeb21b","local_time":"20210130070314","is_ascension_mode":true,"campfire_choices":[{"data":"Choke","floor":7,"key":"SMITH"},{"data":"Noxious Fumes","floor":10,"key":"SMITH"},{"data":"Leg Sweep","floor":12,"key":"SMITH"}],"circlet_count":0,"master_deck":["AscendersBane","Strike_G","Strike_G","Strike_G","Strike_G","Strike_G","Defend_G","Defend_G","Defend_G","Defend_G","Defend_G","Survivor","Neutralize","Choke+1","Leg Sweep+1","PiercingWail","Blur","Blur","Noxious Fumes+1","Cloak And Dagger","Poisoned Stab"],"relics":["Cursed Key","Pantograph","Art of War"],"acts_visited":["Exordium"],"potions_floor_usage":[6,14],"damage_taken":[{"damage":3,"enemies":"Cultist","floor":1,"turns":5},{"damage":0,"enemies":"2 Louse","floor":2,"turns":3},{"damage":0,"enemies":"Small Slimes","floor":4,"turns":3},{"damage":3,"enemies":"Blue Slaver","floor":5,"turns":3},{"damage":22,"enemies":"Gremlin Nob","floor":6,"turns":5},{"damage":26,"enemies":"Lagavulin","floor":8,"turns":13},{"damage":0,"enemies":"2 Fungi Beasts","floor":11,"turns":5},{"damage":0,"enemies":"Large Slime","floor":13,"turns":8},{"damage":32,"enemies":"Gremlin Nob","floor":14,"turns":4}],"seed_played":"8015042003018099111","potions_obtained":[{"floor":2,"key":"GhostInAJar"},{"floor":4,"key":"SkillPotion"},{"floor":5,"key":"Dexterity Potion"}],"is_trial":false,"path_per_floor":["M","M","?","M","M","E","R","E","T","R","M","R","M","E"],"character_chosen":"THE_SILENT","items_purchased":[],"campfire_rested":0,"item_purchase_floors":[],"current_hp_per_floor":[56,56,61,61,58,36,36,10,10,10,10,10,10,0,0],"gold":249,"neow_bonus":"BOSS_RELIC","is_daily":false,"chose_seed":false,"campfire_upgraded":3,"win_rate":0.0,"timestamp":1611986594,"path_taken":["M","M","?","M","M","E","R","E","T","R","M","R","M","E"],"items_purchased_type":[],"build_version":"2020-12-22","purchased_purges":0,"victory":false,"max_hp_per_floor":[66,66,71,71,71,71,71,71,71,71,71,71,71,71,71],"relic_stats":{"counters":[9,49],"Pantograph":0,"Art of War":[4],"Cursed Key":0,"obtain_stats":[{"Pantograph":6,"Art of War":8,"Cursed Key":0,"Ring of the Snake":0},{"Pantograph":5,"Art of War":6,"Cursed Key":0,"Ring of the Snake":0},{"Pantograph":19,"Art of War":32,"Cursed Key":0,"Ring of the Snake":0}]},"card_choices":[{"not_picked":["Sucker Punch","Dodge and Roll"],"picked":"Choke","floor":1},{"not_picked":["Skewer","Backstab"],"picked":"Leg Sweep","floor":2},{"not_picked":["Infinite Blades","Cloak And Dagger"],"picked":"PiercingWail","floor":4},{"not_picked":["Caltrops","Flechettes"],"picked":"Blur","floor":5},{"not_picked":["Tools of the Trade","Acrobatics"],"picked":"Blur","floor":6},{"not_picked":["Infinite Blades","Tools of the Trade"],"picked":"Noxious Fumes","floor":8},{"not_picked":["Deadly Poison","Reflex"],"picked":"Cloak And Dagger","floor":11},{"not_picked":["Cloak And Dagger","Tactician"],"picked":"Poisoned Stab","floor":13}],"player_experience":1596659,"relics_obtained":[{"floor":6,"key":"Pantograph"},{"floor":8,"key":"Art of War"}],"event_choices":[{"damage_healed":0,"gold_gain":0,"player_choice":"Donut","damage_taken":0,"max_hp_gain":5,"max_hp_loss":0,"event_name":"Big Fish","floor":3,"gold_loss":0}],"is_beta":false,"boss_relics":[],"items_purged_floors":[],"is_endless":false,"potions_floor_spawned":[2,4,5],"killed_by":"Gremlin Nob","ascension_level":20}}