{"host":"7tvb1em0d2fx72q7","time":1611986795,"event":{"mods":["BaseMod","Challenge The Spire","Minty Spire (QoL Compilation)","StSLib","everything is the same but u backflip on backflip"],"gold_per_floor":[111,124,135,155,174,174,201,216,216,229,229,261,261,22,22,98,98,115,115,115,115,125,125,141,141,141,141,141,156,156,156],"floor_reached":30,"language":"ENG","playtime":1416,"items_purged":["Strike_R"],"score":484,"play_id":"4477d669-918b-43a0-911d-6dbf1bc35442","local_time":"20210130010635","is_ascension_mode":true,"campfire_choices":[{"data":"Carnage","floor":6.0,"key":"SMITH"},{"data":"Bludgeon","floor":11.0,"key":"SMITH"},{"data":"Whirlwind","floor":13.0,"key":"SMITH"},{"data":"Bash","floor":15.0,"key":"SMITH"},{"floor":23,"key":"REST"},{"data":"Double Tap","floor":25,"key":"SMITH"},{"data":"Dual Wield","floor":27,"key":"SMITH"}],"circlet_count":0,"master_deck":["AscendersBane","Strike_R","Strike_R","Strike_R","Strike_R","Defend_R","Defend_R","Defend_R","Defend_R","Bash+1","Iron Wave","Intimidate","Cleave","Dropkick","Carnage+1","Bludgeon+1","Pommel Strike","Dual Wield+1","Whirlwind+1","Double Tap+1","Flame Barrier","Double Tap+1"],"relics":["Burning Blood","Orichalcum","Shuriken","Pen Nib","Medical Kit","Sozu","Nilry\u0027s Codex","Paper Frog"],"acts_visited":["Exordium","TheCity"],"potions_floor_usage":[16],"damage_taken":[{"damage":7.0,"enemies":"Cultist","floor":1.0,"turns":4.0},{"damage":4.0,"enemies":"Jaw Worm","floor":2.0,"turns":4.0},{"damage":8.0,"enemies":"2 Louse","floor":3.0,"turns":3.0},{"damage":6.0,"enemies":"2 Fungi Beasts","floor":4.0,"turns":3.0},{"damage":3.0,"enemies":"Large Slime","floor":5.0,"turns":5.0},{"damage":20.0,"enemies":"3 Sentries","floor":7.0,"turns":6.0},{"damage":2.0,"enemies":"Exordium Thugs","floor":8.0,"turns":3.0},{"damage":5.0,"enemies":"2 Fungi Beasts","floor":10.0,"turns":3.0},{"damage":24.0,"enemies":"Lagavulin","floor":12.0,"turns":4.0},{"damage":12,"enemies":"Slime Boss","floor":16,"turns":5},{"damage":0,"enemies":"Chosen","floor":18,"turns":2},{"damage":22,"enemies":"2 Thieves","floor":22,"turns":4},{"damage":8,"enemies":"Centurion and Healer","floor":24,"turns":3},{"damage":18,"enemies":"Snake Plant","floor":29,"turns":3},{"damage":38,"enemies":"Slavers","floor":30,"turns":4}],"seed_played":"-7703560702443329799","potions_obtained":[{"floor":3.0,"key":"SkillPotion"},{"floor":4.0,"key":"Block Potion"},{"floor":8.0,"key":"Energy Potion"},{"floor":10.0,"key":"LiquidBronze"}],"is_trial":false,"path_per_floor":["M","M","M","M","M","R","E","M","T","M","R","E","R","$","R","B",null,"M","?","?","?","M","R","M","R","T","R","?","M","E"],"character_chosen":"IRONCLAD","items_purchased":["Medical Kit"],"campfire_rested":1,"item_purchase_floors":[14],"current_hp_per_floor":[74,76,74,74,77,77,63,67,67,68,68,50,50,50,50,44,73,79,58,58,34,18,44,42,42,42,42,42,30,0,0],"gold":156,"neow_bonus":"TEN_PERCENT_HP_BONUS","is_daily":false,"chose_seed":false,"campfire_upgraded":6,"win_rate":0.0,"timestamp":1611986795,"path_taken":["M","M","M","?","M","R","E","M","T","M","R","E","R","$","R","BOSS","M","?","?","?","M","R","M","R","T","R","?","M","E"],"items_purchased_type":["Relic"],"build_version":"2020-12-22","purchased_purges":1,"victory":false,"max_hp_per_floor":[82,82,82,82,82,82,82,82,82,82,82,82,82,82,82,82,82,82,82,82,87,87,87,87,87,87,87,87,87,87,87],"card_choices":[{"not_picked":["Wild Strike","Dual Wield"],"picked":"Iron Wave","floor":1.0},{"not_picked":["Dark Embrace","Iron Wave"],"picked":"Intimidate","floor":2.0},{"not_picked":["Pommel Strike","Perfected Strike"],"picked":"Cleave","floor":3.0},{"not_picked":["Intimidate","Cleave"],"picked":"Dropkick","floor":4.0},{"not_picked":["Shrug It Off","Dual Wield"],"picked":"Carnage","floor":5.0},{"not_picked":["Combust","Cleave"],"picked":"Bludgeon","floor":7.0},{"not_picked":["Evolve","Wild Strike"],"picked":"Pommel Strike","floor":8.0},{"not_picked":["Inflame","Ghostly Armor"],"picked":"Dual Wield","floor":10.0},{"not_picked":["Sword Boomerang","Body Slam"],"picked":"Whirlwind","floor":12.0},{"not_picked":["Exhume","Fiend Fire"],"picked":"Double Tap","floor":16},{"not_picked":["Cleave+1","Sword Boomerang","Dual Wield"],"picked":"SKIP","floor":18},{"not_picked":["Cleave+1","Sword Boomerang","Dual Wield"],"picked":"SKIP","floor":18},{"not_picked":["Rage","True Grit"],"picked":"Flame Barrier","floor":22},{"not_picked":["Thunderclap","Flex","Perfected Strike"],"picked":"SKIP","floor":24},{"not_picked":["Pommel Strike","Hemokinesis","Perfected Strike"],"picked":"SKIP","floor":29}],"player_experience":1985031,"relics_obtained":[{"floor":7.0,"key":"Orichalcum"},{"floor":9.0,"key":"Shuriken"},{"floor":12.0,"key":"Pen Nib"},{"floor":19,"key":"Nilry\u0027s Codex"},{"floor":26,"key":"Paper Frog"}],"event_choices":[{"damage_healed":0,"gold_gain":0,"player_choice":"Obtained Book","damage_taken":21,"max_hp_gain":0,"max_hp_loss":0,"event_name":"Cursed Tome","floor":19,"gold_loss":0},{"damage_healed":0,"gold_gain":0,"player_choice":"Ignored","damage_taken":0,"max_hp_gain":0,"max_hp_loss":0,"event_name":"The Mausoleum","floor":20,"gold_loss":0},{"damage_healed":0,"gold_gain":0,"player_choice":"Shed Blood","damage_taken":29,"max_hp_gain":5,"max_hp_loss":0,"event_name":"Forgotten Altar","floor":21,"gold_loss":0},{"damage_healed":0,"gold_gain":0,"player_choice":"Copied","damage_taken":0,"max_hp_gain":0,"max_hp_loss":0,"event_name":"Duplicator","floor":28,"gold_loss":0,"cards_obtained":["Double Tap"]}],"is_beta":false,"boss_relics":[{"not_picked":["SlaversCollar","Runic Dome"],"picked":"Sozu"}],"items_purged_floors":[14],"is_endless":false,"potions_floor_spawned":[3,4,8,10,12,22,24],"killed_by":"Slavers","ascension_level":20}}