{"host":"nnmmiiw4bez2c8ei","time":1611987447,"event":{"mods":["AchievementEnabler","BaseMod","Colored Map","Colored Powertips","Minty Spire (QoL Compilation)","Rare Cards Sparkle","StSLib"],"gold_per_floor":[18,38,51,126,76,76,88,88,88,100,111,142,142,155,155,258,258,286,565,565,565,610,610,246,246,246],"floor_reached":25,"language":"KOR","playtime":657,"items_purged":["Strike_R"],"score":341,"play_id":"8830676c-efa0-4df3-bec0-4fff8a0f5666","local_time":"20210130151727","is_ascension_mode":true,"campfire_choices":[{"data":"Fire Breathing","floor":6.0,"key":"SMITH"},{"data":"Disarm","floor":8.0,"key":"SMITH"},{"floor":13.0,"key":"REST"},{"data":"Inflame","floor":15.0,"key":"SMITH"},{"data":"Demon Form","floor":23.0,"key":"SMITH"}],"circlet_count":0,"master_deck":["Strike_R","Strike_R","Strike_R","Defend_R","Defend_R","Bash","Thunderclap","Cleave","Fire Breathing+1","Disarm+1","Ghostly Armor","Inflame+1","Wild Strike","Demon Form+1","CurseOfTheBell","Twin Strike+1","Trip","Ghostly","Ghostly","Ghostly","Ghostly","Ghostly","Armaments"],"relics":["Burning Blood","Eternal Feather","StrikeDummy","Calling Bell","CeramicFish","Shuriken","Calipers","Paper Frog"],"acts_visited":["Exordium","TheCity"],"potions_floor_usage":[],"damage_taken":[{"damage":6.0,"enemies":"Cultist","floor":1.0,"turns":3.0},{"damage":7.0,"enemies":"Jaw Worm","floor":2.0,"turns":3.0},{"damage":8.0,"enemies":"2 Louse","floor":3.0,"turns":2.0},{"damage":28.0,"enemies":"Red Slaver","floor":7.0,"turns":4.0},{"damage":18.0,"enemies":"Blue Slaver","floor":10.0,"turns":4.0},{"damage":9.0,"enemies":"Large Slime","floor":11.0,"turns":5.0},{"damage":26.0,"enemies":"Gremlin Nob","floor":12.0,"turns":4.0},{"damage":0.0,"enemies":"2 Fungi Beasts","floor":14.0,"turns":2.0},{"damage":0.0,"enemies":"Slime Boss","floor":16.0,"turns":6.0},{"damage":49.0,"enemies":"Shell Parasite","floor":18.0,"turns":6.0},{"damage":0.0,"enemies":"Spheric Guardian","floor":20.0,"turns":1.0},{"damage":54,"enemies":"Gremlin Leader","floor":25,"turns":7}],"seed_played":"6440364418269810470","potions_obtained":[{"floor":1.0,"key":"SmokeBomb"},{"floor":3.0,"key":"BloodPotion"},{"floor":11.0,"key":"SteroidPotion"},{"floor":14.0,"key":"Block Potion"}],"is_trial":false,"path_per_floor":["M","M","M","?","?","R","M","R","T","M","M","E","R","M","R","B",null,"M","?","M","?","?","R","$","E"],"character_chosen":"IRONCLAD","items_purchased":["Paper Frog","Armaments"],"campfire_rested":1,"item_purchase_floors":[24,24],"current_hp_per_floor":[80,79,77,66,66,66,44,44,44,32,29,9,39,61,67,73,78,35,2,8,34,34,40,40,0,0],"gold":246,"neow_bonus":"REMOVE_TWO","is_daily":false,"chose_seed":false,"campfire_upgraded":4,"win_rate":0.0,"timestamp":1611987447,"path_taken":["M","M","?","?","?","R","M","R","T","M","M","E","R","M","R","BOSS","M","?","?","?","?","R","$","E"],"items_purchased_type":["Relic","Card"],"build_version":"2020-12-22","purchased_purges":1,"victory":false,"max_hp_per_floor":[80,80,80,80,80,80,80,80,80,80,80,80,80,80,80,80,80,80,80,80,80,40,40,40,40,40],"card_choices":[{"not_picked":["Blood for Blood","Body Slam"],"picked":"Thunderclap","floor":1.0},{"not_picked":["Whirlwind","Pommel Strike"],"picked":"Cleave","floor":2.0},{"not_picked":["Disarm","Shockwave"],"picked":"Fire Breathing","floor":3.0},{"not_picked":["Havoc","Cleave"],"picked":"Disarm","floor":7.0},{"not_picked":["Warcry","Heavy Blade"],"picked":"Ghostly Armor","floor":10.0},{"not_picked":["Wild Strike","Clothesline"],"picked":"Inflame","floor":11.0},{"not_picked":["Fiend Fire","Perfected Strike","Clothesline"],"picked":"SKIP","floor":12.0},{"not_picked":["Twin Strike","Flex"],"picked":"Wild Strike","floor":14.0},{"not_picked":["Reaper","Limit Break"],"picked":"Demon Form","floor":16.0},{"not_picked":["Warcry","Havoc+1"],"picked":"Twin Strike+1","floor":18.0}],"player_experience":485144,"relics_obtained":[{"floor":9.0,"key":"Eternal Feather"},{"floor":12.0,"key":"StrikeDummy"},{"floor":17.0,"key":"CeramicFish"},{"floor":17.0,"key":"Shuriken"},{"floor":17.0,"key":"Calipers"}],"event_choices":[{"damage_healed":0.0,"max_hp_gain":0.0,"max_hp_loss":0.0,"gold_gain":75.0,"event_name":"World of Goop","player_choice":"Gather Gold","floor":4.0,"gold_loss":0.0,"damage_taken":11.0},{"cards_removed":["Defend_R"],"damage_healed":0.0,"max_hp_gain":0.0,"max_hp_loss":0.0,"gold_gain":0.0,"event_name":"The Cleric","player_choice":"Card Removal","floor":5.0,"gold_loss":50.0,"damage_taken":0.0},{"damage_healed":0.0,"max_hp_gain":0.0,"max_hp_loss":0.0,"gold_gain":270.0,"event_name":"Knowing Skull","player_choice":"CARD GOLD GOLD GOLD ","floor":19.0,"potions_obtained":[],"gold_loss":0.0,"damage_taken":33.0,"cards_obtained":["Trip"]},{"damage_healed":26.0,"max_hp_gain":0.0,"max_hp_loss":0.0,"gold_gain":0.0,"event_name":"The Library","player_choice":"Heal","floor":21.0,"gold_loss":0.0,"damage_taken":0.0},{"damage_healed":0.0,"max_hp_gain":0.0,"max_hp_loss":40.0,"gold_gain":0.0,"event_name":"Ghosts","player_choice":"Became a Ghost","floor":22.0,"gold_loss":0.0,"damage_taken":0.0,"cards_obtained":["Ghostly","Ghostly","Ghostly","Ghostly","Ghostly"]}],"is_beta":false,"boss_relics":[{"not_picked":["SlaversCollar","Fusion Hammer"],"picked":"Calling Bell"}],"items_purged_floors":[24],"is_endless":false,"potions_floor_spawned":[1,3,11,14],"killed_by":"Gremlin Leader","ascension_level":5}}