{"host":"juoup3p5tvzzktl5","time":1611974306,"event":{"mods":["ATMod(∞¢Ë™Mod)","Aspiration","BaseMod","Better Vampires","BetterRewards","Colored Map","Colored Powertips","Downfall","Friendly Minions","GifTheSpireLib","Hermit","Hubris","Infinite Spire","KinomotoSakuraMod(ƒæ÷Æ±æ”£)","Koishi","KomeijiMod","Marisa£®ÏF”Í°°ƒß¿Ì…≥£©","Minty Spire (QoL Compilation)","Quick Restart","Reimu£®≤©¿ˆ¡È√Œ£©","Relic Filter Mod","Reliquary","Replay The Spire","Shop Mod","StSLib","The Administrix","The Alterego","The Bug Knight","The Construct","The Cursed","The Jungle","The Mystic","The Runesmith","The Senshi","Youmu£®ªÍ∆«—˝√Œ£©","Yuyuko"],"gold_per_floor":[112,124,140,153,166,166,179,234,234,234,248,280,280,280,280,383,383,394,394,410,410,410],"floor_reached":21,"language":"ZHS","playtime":1213,"items_purged":["Strike_G"],"score":283,"play_id":"e05aecda-7d19-4c22-9a73-350bf7749aaf","local_time":"20210130113826","is_ascension_mode":false,"campfire_choices":[{"data":"AT_BodySlamDance","floor":6.0,"key":"SMITH"},{"data":"Defend_G","floor":10,"key":"SMITH"},{"data":"Sneak Up","floor":15,"key":"SMITH"}],"circlet_count":0,"master_deck":["Strike_G+1","Strike_G+1","Strike_G+1","Defend_G+1","Defend_G+1","Defend_G+1","Defend_G+1","Defend_G+1","Survivor","Neutralize","AT_BodySlamDance+1","Bouncing Flask","Replay:Poison Smokescreen","Backflip","Reflex","ReplayTheSpireMod:Speed Training","Prepared","Underhanded Strike","hubris:TrickCloak","Prepared","hubris:SlightOfHand","Sneak Up+1","ReplayTheSpireMod:The Works","Corpse Explosion"],"relics":["Ring of the Snake","AT_ATBox","bronze:DonusWashers","hubris:Towel","hubris:Zylophone","Torii","Smiling Mask","aspiration:RitualDagger"],"acts_visited":["Exordium","TheCity"],"potions_floor_usage":[8,16],"damage_taken":[{"damage":0.0,"enemies":"Small Slimes","floor":1.0,"turns":3.0},{"damage":0.0,"enemies":"2 Louse","floor":2.0,"turns":2.0},{"damage":1.0,"enemies":"Jaw Worm","floor":3.0,"turns":3.0},{"damage":8.0,"enemies":"2 Fungi Beasts","floor":4.0,"turns":3.0},{"damage":0.0,"enemies":"Red Slaver","floor":5.0,"turns":3.0},{"damage":0.0,"enemies":"Blue Slaver","floor":7.0,"turns":2.0},{"damage":0,"enemies":"Gremlin Nob","floor":8,"turns":2},{"damage":1,"enemies":"Looter","floor":11,"turns":3},{"damage":10,"enemies":"Lagavulin","floor":12,"turns":5},{"damage":1,"enemies":"Hexaghost","floor":16,"turns":8},{"damage":55,"enemies":"Chosen","floor":18,"turns":8},{"damage":26,"enemies":"3 Byrds","floor":20,"turns":3},{"damage":76,"enemies":"Sentry and Sphere","floor":21,"turns":8}],"seed_played":"-3490590030304592943","potions_obtained":[{"floor":1.0,"key":"FearPotion"},{"floor":2.0,"key":"CalmPotion"},{"floor":5.0,"key":"Elixir"},{"floor":12,"key":"CultistPotion"}],"is_trial":false,"path_per_floor":["M","M","M","M","M","R","M","?","T","R","M","E","?","?","R","B",null,"M","?","M","M"],"character_chosen":"THE_SILENT","items_purchased":["bronze:DonusWashers","UndeadPotion"],"campfire_rested":0,"item_purchase_floors":[0,0],"current_hp_per_floor":[58,58,57,49,49,49,49,49,49,49,48,38,31,31,31,30,70,15,15,68,0,0],"gold":410,"neow_bonus":"","is_daily":false,"chose_seed":false,"campfire_upgraded":3,"win_rate":0.0,"timestamp":1611974306,"path_taken":["M","M","M","M","M","R","M","?","T","R","M","E","?","?","R","BOSS","M","?","M","M"],"items_purchased_type":["Relic","Potion"],"build_version":"2020-12-22","purchased_purges":1,"victory":false,"max_hp_per_floor":[70,70,70,70,70,70,70,70,70,70,70,70,70,70,70,70,70,70,70,70,70,70],"card_choices":[{"not_picked":["Escape Plan","Draining Mist"],"picked":"Bouncing Flask","floor":1.0},{"not_picked":["Dodge and Roll","Leg Sweep"],"picked":"Replay:Poison Smokescreen","floor":2.0},{"not_picked":["Quick Slash","AT_FocusSwordFire","Replay:Poison Smokescreen"],"picked":"SKIP","floor":3.0},{"not_picked":["Expertise","hubris:SlightOfHand","AT_WindFlip"],"picked":"SKIP","floor":4.0},{"not_picked":["Night Terror","Slice"],"picked":"Backflip","floor":5.0},{"not_picked":["Acrobatics","AT_ShadowStep"],"picked":"Reflex","floor":7},{"not_picked":["Accuracy","Calculated Gamble"],"picked":"ReplayTheSpireMod:Speed Training","floor":8},{"not_picked":["Underhanded Strike","Dagger Spray"],"picked":"Prepared","floor":11},{"not_picked":["Dagger Spray","Blur"],"picked":"Underhanded Strike","floor":12},{"not_picked":["After Image","ReplayTheSpireMod:From All Sides"],"picked":"Corpse Explosion","floor":16},{"not_picked":["hubris:SlightOfHand","Eviscerate","AT_FocusSwordFire"],"picked":"SKIP","floor":18},{"not_picked":["Finisher","Sucker Punch+1","Blade Dance+1"],"picked":"SKIP","floor":20}],"player_experience":1121620,"relics_obtained":[{"floor":8,"key":"hubris:Zylophone"},{"floor":9,"key":"Torii"},{"floor":12,"key":"Smiling Mask"}],"event_choices":[{"damage_healed":0,"gold_gain":30,"player_choice":"Searched \u00273\u0027 times","damage_taken":0,"max_hp_gain":0,"max_hp_loss":0,"event_name":"Dead Adventurer","floor":8,"gold_loss":0},{"cards_removed":["Strike_G"],"damage_healed":0,"gold_gain":0,"player_choice":"Card Removal","damage_taken":7,"max_hp_gain":0,"max_hp_loss":0,"event_name":"Golden Wing","floor":13,"gold_loss":0},{"damage_healed":0,"gold_gain":0,"player_choice":"Simplicity","damage_taken":0,"max_hp_gain":0,"max_hp_loss":0,"event_name":"Back to Basics","floor":19,"gold_loss":0,"cards_upgraded":["Strike_G","Strike_G","Strike_G","Defend_G","Defend_G","Defend_G","Defend_G"]}],"is_beta":false,"boss_relics":[{"not_picked":["Ectoplasm","ChewingGum"],"picked":"aspiration:RitualDagger"}],"items_purged_floors":[0],"is_endless":false,"potions_floor_spawned":[1,2,5,12],"killed_by":"Sentry and Sphere","ascension_level":0}}