{"host":"8u7tvcybuv0u72fd","time":1611982889,"event":{"mods":["BaseMod","BetterRewards","Colored Map","Colored Powertips","Minty Spire (QoL Compilation)","Quick Restart","Shop Mod"],"gold_per_floor":[113,183,33,52,227,227,245,280,280,280,280,300,300,318,318,418,418,436,446,522,539,549,549,581,581,606,360,360,379,70,82,82,183,183,193,208,208,254,269,269,302,302,302,302,317,329,329,340,340,340,340,340,6,35,35],"floor_reached":56,"language":"ENG","playtime":2985,"items_purged":["Strike_R","Strike_R"],"score":1624,"play_id":"4bf71f79-632e-4b75-9f23-45238a042d79","local_time":"20210130000129","is_ascension_mode":false,"campfire_choices":[{"data":"Uppercut","floor":6.0,"key":"SMITH"},{"data":"Body Slam","floor":11.0,"key":"SMITH"},{"data":"Cleave","floor":13.0,"key":"SMITH"},{"data":"Iron Wave","floor":15.0,"key":"SMITH"},{"data":"Bash","floor":23.0,"key":"SMITH"},{"data":"Feed","floor":25.0,"key":"SMITH"},{"data":"Juggernaut","floor":32.0,"key":"SMITH"},{"data":"Double Tap","floor":40.0,"key":"SMITH"},{"data":"Shrug It Off","floor":42.0,"key":"SMITH"},{"data":"Madness","floor":47.0,"key":"SMITH"},{"floor":49.0,"key":"RECALL"},{"data":"Defend_R","floor":52.0,"key":"SMITH"}],"circlet_count":0,"master_deck":["Strike_R","Strike_R","Defend_R","Defend_R","Defend_R+1","Defend_R","Bash+1","Uppercut+1","Cleave+1","Battle Trance","Doubt","Iron Wave+1","Body Slam+1","Offering","Feed+1","CurseOfTheBell","Headbutt+1","Juggernaut+1","Shrug It Off+1","Double Tap+1","Madness+1","Reaper"],"relics":["Burning Blood","Turnip","Self Forming Clay","Kunai","Tiny Chest","Cauldron","Ornamental Fan","Letter Opener","Calling Bell","Lantern","Blue Candle","TungstenRod","Singing Bowl","Akabeko","Strawberry","Matryoshka","Bronze Scales","Velvet Choker","Toy Ornithopter","Vajra","StoneCalendar","HornCleat","Potion Belt","Bag of Preparation","Gambling Chip"],"acts_visited":["Exordium","TheCity","TheBeyond","TheEnding"],"potions_floor_usage":[55,55,55],"damage_taken":[{"damage":5.0,"enemies":"2 Louse","floor":1.0,"turns":5.0},{"damage":6.0,"enemies":"Jaw Worm","floor":4.0,"turns":3.0},{"damage":0.0,"enemies":"Small Slimes","floor":7.0,"turns":4.0},{"damage":20.0,"enemies":"Lagavulin","floor":8.0,"turns":9.0},{"damage":2.0,"enemies":"Blue Slaver","floor":12.0,"turns":3.0},{"damage":3.0,"enemies":"Red Slaver","floor":14.0,"turns":3.0},{"damage":30.0,"enemies":"The Guardian","floor":16.0,"turns":9.0},{"damage":5.0,"enemies":"3 Byrds","floor":18.0,"turns":5.0},{"damage":13.0,"enemies":"2 Thieves","floor":19.0,"turns":2.0},{"damage":9.0,"enemies":"Chosen and Byrds","floor":21.0,"turns":4.0},{"damage":15.0,"enemies":"Sentry and Sphere","floor":22.0,"turns":4.0},{"damage":6.0,"enemies":"Slavers","floor":24.0,"turns":2.0},{"damage":5.0,"enemies":"Snake Plant","floor":29.0,"turns":3.0},{"damage":9.0,"enemies":"Cultist and Chosen","floor":31.0,"turns":4.0},{"damage":74.0,"enemies":"Automaton","floor":33.0,"turns":10.0},{"damage":11.0,"enemies":"3 Shapes","floor":35.0,"turns":5.0},{"damage":6.0,"enemies":"Orb Walker","floor":36.0,"turns":2.0},{"damage":18.0,"enemies":"2 Orb Walkers","floor":38.0,"turns":4.0},{"damage":5.0,"enemies":"Sphere and 2 Shapes","floor":39.0,"turns":3.0},{"damage":38.0,"enemies":"Reptomancer","floor":41.0,"turns":5.0},{"damage":11.0,"enemies":"Spire Growth","floor":45.0,"turns":3.0},{"damage":5.0,"enemies":"3 Darklings","floor":46.0,"turns":4.0},{"damage":4.0,"enemies":"4 Shapes","floor":48.0,"turns":6.0},{"damage":96.0,"enemies":"Time Eater","floor":50.0,"turns":12.0},{"damage":68,"enemies":"Shield and Spear","floor":54,"turns":7},{"damage":122,"enemies":"The Heart","floor":55,"turns":11}],"seed_played":"895159134042777523","potions_obtained":[{"floor":3.0,"key":"HeartOfIron"},{"floor":3.0,"key":"LiquidBronze"},{"floor":3.0,"key":"Dexterity Potion"},{"floor":4.0,"key":"Energy Potion"},{"floor":12.0,"key":"AttackPotion"},{"floor":16.0,"key":"BlessingOfTheForge"},{"floor":21.0,"key":"AttackPotion"},{"floor":24.0,"key":"Regen Potion"},{"floor":33.0,"key":"Energy Potion"},{"floor":35.0,"key":"Fire Potion"},{"floor":39.0,"key":"Fruit Juice"}],"is_trial":false,"path_per_floor":["M","?","$","M","?","R","M","E","T","?","R","M","R","M","R","B",null,"M","M","T","M","M","R","E","R","T","$","?","M","$","M","R","B",null,"M","M","T","?","M","R","E","R","T","?","M","M","R","M","R","B",null,"R","$","E","B",null],"character_chosen":"IRONCLAD","items_purchased":["Turnip","Self Forming Clay","Uppercut","Kunai","Tiny Chest","Cleave","Regen Potion","Cauldron","Matryoshka","Bronze Scales","Juggernaut","Bag of Preparation","EssenceOfSteel","SteroidPotion","ColorlessPotion"],"campfire_rested":0,"item_purchase_floors":[0,0,0,0,0,0,0,3,27,30,30,53,53,53,53],"current_hp_per_floor":[47,47,47,47,47,47,53,39,39,39,39,43,43,46,46,22,80,83,76,76,78,74,74,79,79,86,86,86,93,93,94,94,40,115,116,118,118,117,134,134,113,113,113,108,114,121,121,127,127,44,166,166,166,106,23],"gold":35,"neow_bonus":"","is_daily":false,"chose_seed":false,"campfire_upgraded":11,"win_rate":0.0,"timestamp":1611982889,"path_taken":["M","?","$","M","?","R","M","E","T","?","R","M","R","M","R","BOSS","M","M","?","M","?","R","E","R","T","$","?","?","$","M","R","BOSS","M","M","?","?","M","R","E","R","T","?","M","M","R","M","R","BOSS","R","$","E","BOSS"],"items_purchased_type":["Relic","Relic","Card","Relic","Relic","Card","Potion","Relic","Relic","Relic","Card","Relic","Potion","Potion","Potion"],"build_version":"2020-12-22","purchased_purges":2,"victory":true,"max_hp_per_floor":[80,80,80,80,80,80,80,80,80,80,80,80,80,80,80,80,80,83,83,83,88,93,93,98,98,105,105,105,111,111,115,115,115,115,121,123,123,129,140,140,146,146,146,150,156,162,162,166,166,166,166,166,166,168,168],"card_choices":[{"not_picked":["Havoc","Fire Breathing"],"picked":"Battle Trance","floor":1.0},{"not_picked":["Anger","Wild Strike","Second Wind"],"picked":"SKIP","floor":4.0},{"not_picked":["True Grit","Heavy Blade","Thunderclap"],"picked":"SKIP","floor":7.0},{"not_picked":["Burning Pact","Cleave"],"picked":"Iron Wave","floor":8.0},{"not_picked":["Perfected Strike","Cleave","Pommel Strike"],"picked":"SKIP","floor":12.0},{"not_picked":["Feel No Pain","Second Wind"],"picked":"Offering","floor":14.0},{"not_picked":["Exhume","Immolate"],"picked":"Feed","floor":16.0},{"not_picked":["Anger","Dark Embrace","Fire Breathing"],"picked":"SKIP","floor":18.0},{"not_picked":["Intimidate","Armaments+1"],"picked":"Headbutt+1","floor":19.0},{"not_picked":["Battle Trance+1","Twin Strike","Armaments"],"picked":"Singing Bowl","floor":21.0},{"not_picked":["Offering","Havoc","Sever Soul"],"picked":"Singing Bowl","floor":22.0},{"not_picked":["Clothesline","Warcry","Twin Strike"],"picked":"Singing Bowl","floor":24.0},{"not_picked":["Battle Trance+1","Twin Strike","Spot Weakness"],"picked":"Singing Bowl","floor":29.0},{"not_picked":["Armaments+1","Clash"],"picked":"Shrug It Off","floor":31.0},{"not_picked":["Brutality","Immolate"],"picked":"Double Tap","floor":33.0},{"not_picked":["Cleave","Twin Strike","Seeing Red"],"picked":"Singing Bowl","floor":35.0},{"not_picked":["Warcry+1","Iron Wave+1","Sword Boomerang"],"picked":"Singing Bowl","floor":36.0},{"not_picked":["Whirlwind","Clash","Perfected Strike"],"picked":"Singing Bowl","floor":38.0},{"not_picked":["Carnage","Body Slam","Flex+1"],"picked":"Singing Bowl","floor":39.0},{"not_picked":["Cleave+1","Feed","Anger"],"picked":"Singing Bowl","floor":41.0},{"not_picked":["Forethought","Trip"],"picked":"Madness","floor":44.0},{"not_picked":["Mayhem","Violence","PanicButton"],"picked":"Singing Bowl","floor":44.0},{"not_picked":["Blind","Mayhem","Impatience"],"picked":"Singing Bowl","floor":44.0},{"not_picked":["Sword Boomerang","Pommel Strike+1","Iron Wave+1"],"picked":"Singing Bowl","floor":45.0},{"not_picked":["Havoc","Shrug It Off+1","Flex"],"picked":"Singing Bowl","floor":46.0},{"not_picked":["Havoc","Clothesline"],"picked":"Reaper","floor":48.0},{"not_picked":["Twin Strike","Dropkick","Heavy Blade+1"],"picked":"Singing Bowl","floor":54}],"player_experience":1454940,"relics_obtained":[{"floor":8.0,"key":"Ornamental Fan"},{"floor":9.0,"key":"Letter Opener"},{"floor":17.0,"key":"Lantern"},{"floor":17.0,"key":"Blue Candle"},{"floor":17.0,"key":"TungstenRod"},{"floor":20.0,"key":"Singing Bowl"},{"floor":24.0,"key":"Akabeko"},{"floor":26.0,"key":"Strawberry"},{"floor":37.0,"key":"Toy Ornithopter"},{"floor":37.0,"key":"Vajra"},{"floor":38.0,"key":"StoneCalendar"},{"floor":41.0,"key":"HornCleat"},{"floor":43.0,"key":"Potion Belt"},{"floor":54,"key":"Gambling Chip"}],"event_choices":[{"damage_healed":0.0,"max_hp_gain":0.0,"max_hp_loss":0.0,"gold_gain":70.0,"event_name":"Golden Wing","player_choice":"Gained Gold","floor":2.0,"gold_loss":0.0,"damage_taken":0.0},{"damage_healed":0.0,"max_hp_gain":0.0,"max_hp_loss":0.0,"gold_gain":175.0,"event_name":"Liars Game","player_choice":"AGREE","floor":5.0,"gold_loss":0.0,"damage_taken":0.0,"cards_obtained":["Doubt"]},{"damage_healed":0.0,"max_hp_gain":0.0,"max_hp_loss":0.0,"gold_gain":0.0,"cards_transformed":["Strike_R"],"event_name":"Transmorgrifier","player_choice":"Transformed","floor":10.0,"gold_loss":0.0,"damage_taken":0.0,"cards_obtained":["Body Slam"]},{"damage_healed":0.0,"max_hp_gain":0.0,"max_hp_loss":0.0,"gold_gain":0.0,"event_name":"NoteForYourself","player_choice":"Ignored","floor":28.0,"gold_loss":0.0,"damage_taken":0.0},{"damage_healed":0.0,"max_hp_gain":0.0,"max_hp_loss":0.0,"gold_gain":0.0,"event_name":"Mysterious Sphere","player_choice":"Fight","floor":38.0,"gold_loss":0.0,"damage_taken":0.0},{"damage_healed":0.0,"max_hp_gain":0.0,"max_hp_loss":0.0,"gold_gain":0.0,"event_name":"SensoryStone","player_choice":"Memory 3","floor":44.0,"gold_loss":0.0,"damage_taken":10.0}],"is_beta":false,"boss_relics":[{"not_picked":["Empty Cage","Runic Dome"],"picked":"Calling Bell"},{"not_picked":["Astrolabe","Fusion Hammer"],"picked":"Velvet Choker"}],"items_purged_floors":[0,0],"is_endless":false,"potions_floor_spawned":[4,12,16,21,24,29,33,35,36,39],"ascension_level":0}}