{"host":"dprcptr190br6xbd","time":1611981833,"event":{"mods":["AchievementEnabler","BaseMod","Colored Map","Colored Powertips","Googly Eyes","Hubris","Minty Spire (QoL Compilation)","Permanent Neow","Quick Restart","Remilia??????","Replay The Spire","StSLib"],"gold_per_floor":[99,99,99,99,99,99,99,99,99,99,99,99,99,99,99,99,99,99,99,99,99,99,99,99,99,99,99,99,99,99,99,14,14,14,14,14,14,14,14,14,14,14,14,14,14,14,26,26,26,26],"floor_reached":51,"language":"ENG","playtime":281,"items_purged":[],"score":1105,"play_id":"3b816b82-3dfe-4e80-957e-02b85fdb7d5a","local_time":"20210129224353","is_ascension_mode":false,"campfire_choices":[{"data":"Strike_G","floor":6,"key":"SMITH"},{"floor":8,"key":"REST"},{"data":"Strike_G","floor":15,"key":"SMITH"},{"floor":23,"key":"REST"},{"floor":25,"key":"REST"},{"floor":40,"key":"REST"},{"floor":46,"key":"REST"},{"floor":49,"key":"REST"}],"circlet_count":0,"master_deck":["Strike_G+1","Strike_G+1","Strike_G+1","Strike_G+2","Strike_G+1","Defend_G+1","Defend_G+2","Defend_G+3","Survivor","Neutralize+1","Poisoned Stab","Doppelganger+1","AbeCurse","Strike_R+1"],"relics":["Ring of the Snake","NeowsBlessing","Gremlin Food","Potion Belt","ReplayTheSpireMod:DimensionalGlitch","Red Mask","Simple Rune","Replay:Rubber Ducky","Incense Burner","Abe\u0027s Treasure","hubris:64BitClover","Shuriken"],"acts_visited":["Exordium","TheCity","TheBeyond"],"potions_floor_usage":[],"damage_taken":[{"damage":0,"enemies":"Cultist","floor":1,"turns":1},{"damage":0,"enemies":"Jaw Worm","floor":2,"turns":1},{"damage":0,"enemies":"Small Slimes","floor":3,"turns":1},{"damage":0,"enemies":"Looter","floor":5,"turns":1},{"damage":0,"enemies":"Lagavulin","floor":7,"turns":1},{"damage":0,"enemies":"Blue Slaver","floor":11,"turns":1},{"damage":0,"enemies":"2 Fungi Beasts","floor":12,"turns":1},{"damage":0,"enemies":"Gremlin Gang","floor":13,"turns":1},{"damage":0,"enemies":"Exordium Wildlife","floor":14,"turns":1},{"damage":0,"enemies":"The Guardian","floor":16,"turns":1},{"damage":0,"enemies":"2 Thieves","floor":18,"turns":1},{"damage":0,"enemies":"Masked Bandits","floor":20,"turns":1},{"damage":0,"enemies":"3 Byrds","floor":22,"turns":1},{"damage":0,"enemies":"Centurion and Healer","floor":24,"turns":1},{"damage":0,"enemies":"Cultist and Chosen","floor":27,"turns":1},{"damage":0,"enemies":"Snake Plant","floor":28,"turns":1},{"damage":0,"enemies":"Replay:Snechameleon","floor":29,"turns":1},{"damage":0,"enemies":"Snecko","floor":31,"turns":1},{"damage":0,"enemies":"Champ","floor":33,"turns":1},{"damage":0,"enemies":"3 Shapes","floor":35,"turns":1},{"damage":0,"enemies":"Orb Walker","floor":37,"turns":1},{"damage":0,"enemies":"Jaw Worm Horde","floor":38,"turns":1},{"damage":0,"enemies":"Giant Head","floor":41,"turns":1},{"damage":0,"enemies":"Sphere and 2 Shapes","floor":42,"turns":1},{"damage":0,"enemies":"Writhing Mass","floor":47,"turns":1},{"damage":0,"enemies":"Jaw Worm Horde","floor":48,"turns":1},{"damage":0,"enemies":"Donu and Deca","floor":50,"turns":1}],"seed_played":"-8115766752799903553","potions_obtained":[],"is_trial":false,"path_per_floor":["M","M","M","?","M","R","E","R","T","$","M","M","M","M","R","B",null,"M","?","?","T","M","R","M","R","T","M","M","E","$","M","R_BF","B",null,"M","?","M","M","?","R","E","M","T","$","?","R","M","M","R","B",null],"character_chosen":"THE_SILENT","items_purchased":[],"campfire_rested":6,"item_purchase_floors":[],"current_hp_per_floor":[70,70,70,70,70,70,70,70,70,70,70,70,70,70,70,70,70,70,70,70,70,70,70,70,70,70,70,70,70,70,70,70,70,70,70,70,70,70,70,70,70,70,70,70,73,73,73,73,73,73],"gold":26,"neow_bonus":"THREE_ENEMY_KILL","is_daily":false,"chose_seed":false,"campfire_upgraded":2,"win_rate":0.0,"timestamp":1611981833,"path_taken":["M","M","?","?","M","R","E","R","T","$","?","M","M","M","R","BOSS","M","?","?","?","M","R","M","R","T","M","M","E","?","M","R_BF","BOSS","M","?","M","M","?","R","E","?","T","?","?","R","M","M","R","BOSS"],"items_purchased_type":[],"build_version":"2020-12-22","purchased_purges":0,"victory":true,"max_hp_per_floor":[70,70,70,70,70,70,70,70,70,70,70,70,70,70,70,70,70,70,70,70,70,70,70,70,70,70,70,70,70,70,70,70,70,70,70,70,70,70,70,70,70,70,70,70,73,73,73,73,73,73],"card_choices":[{"not_picked":["Slice","Toxin Wave","Well Laid Plans"],"picked":"SKIP","floor":1},{"not_picked":["Sucker Punch","Distraction","Underhanded Strike"],"picked":"SKIP","floor":2},{"not_picked":["ReplayTheSpireMod:Tripwire","Underhanded Strike","Slice"],"picked":"SKIP","floor":3},{"not_picked":["Deflect","Outmaneuver","Backflip"],"picked":"SKIP","floor":5},{"not_picked":["PiercingWail","Dodge and Roll","Bullet Time"],"picked":"SKIP","floor":7},{"not_picked":["Hidden Blade","Backflip","Deflect"],"picked":"SKIP","floor":11},{"not_picked":["All Out Attack","Underhanded Strike","Calculated Gamble"],"picked":"SKIP","floor":12},{"not_picked":["Acrobatics","Prepared","Terror"],"picked":"SKIP","floor":13},{"not_picked":["Sucker Punch","Predator","Bane"],"picked":"SKIP","floor":14},{"not_picked":["Dodge and Roll","Poisoned Stab","Distraction"],"picked":"SKIP","floor":18},{"not_picked":["Toxin Wave+1","Outmaneuver","Blur+1"],"picked":"SKIP","floor":22},{"not_picked":["Riddle With Holes","Blur","Dagger Throw+1"],"picked":"SKIP","floor":24},{"not_picked":["Blur+1","Noxious Fumes+1","PiercingWail+1"],"picked":"SKIP","floor":27},{"not_picked":["Endless Agony","Hidden Blade+1","Dodge and Roll"],"picked":"SKIP","floor":28},{"not_picked":["Backflip","Dagger Throw+1","Dodge and Roll"],"picked":"SKIP","floor":29},{"not_picked":["Fluid Movement+1","ReplayTheSpireMod:Exploit Weakness","ReplayTheSpireMod:Tripwire+1"],"picked":"SKIP","floor":31},{"not_picked":["Malaise","ReplayTheSpireMod:From All Sides"],"picked":"Doppelganger","floor":33},{"not_picked":["Flying Knee+1","Outmaneuver","Backstab"],"picked":"SKIP","floor":35},{"not_picked":["Dagger Spray+1","Distraction+1","Slice+1"],"picked":"SKIP","floor":37},{"not_picked":["Dodge and Roll","Sucker Punch+1","Toxin Wave"],"picked":"SKIP","floor":38},{"not_picked":["Venomology","Bouncing Flask","Envenom"],"picked":"SKIP","floor":41},{"not_picked":["Sucker Punch+1","Flying Knee+1","Outmaneuver"],"picked":"SKIP","floor":42},{"not_picked":["Endless Agony+1","Flying Knee","Backflip"],"picked":"SKIP","floor":47},{"not_picked":["Flying Knee","PiercingWail+1","Dagger Throw+1"],"picked":"SKIP","floor":48}],"player_experience":78545,"relics_obtained":[{"floor":7,"key":"Gremlin Food"},{"floor":9,"key":"Potion Belt"},{"floor":20,"key":"Red Mask"},{"floor":21,"key":"Simple Rune"},{"floor":26,"key":"Replay:Rubber Ducky"},{"floor":41,"key":"hubris:64BitClover"},{"floor":43,"key":"Shuriken"}],"event_choices":[{"damage_healed":0,"gold_gain":0,"cards_transformed":["Defend_G"],"player_choice":"Transformed","damage_taken":0,"max_hp_gain":0,"max_hp_loss":0,"event_name":"Transmorgrifier","floor":4,"gold_loss":0,"cards_obtained":["Poisoned Stab"]},{"damage_healed":0,"gold_gain":0,"player_choice":"Simplicity","damage_taken":0,"max_hp_gain":0,"max_hp_loss":0,"event_name":"Back to Basics","floor":19,"gold_loss":0,"cards_upgraded":["Strike_G","Strike_G","Strike_G","Defend_G","Defend_G","Defend_G"]},{"damage_healed":0,"gold_gain":0,"player_choice":"Fought Bandits","damage_taken":0,"max_hp_gain":0,"max_hp_loss":0,"event_name":"Masked Bandits","floor":20,"gold_loss":0},{"damage_healed":0,"gold_gain":0,"player_choice":"Obtained Relic","damage_taken":0,"relics_obtained":["Incense Burner"],"max_hp_gain":0,"max_hp_loss":0,"event_name":"Addict","floor":32,"gold_loss":85},{"cards_removed":["Defend_G"],"damage_healed":0,"gold_gain":0,"player_choice":"Took Card","damage_taken":0,"max_hp_gain":0,"max_hp_loss":0,"event_name":"NoteForYourself","floor":39,"gold_loss":0,"cards_obtained":["Strike_R"]}],"is_beta":false,"boss_relics":[{"not_picked":["Honey Jar","Runic Pyramid"],"picked":"ReplayTheSpireMod:DimensionalGlitch"},{"not_picked":["Snecko Eye","hubris:VirtuousBlindfold"],"picked":"Abe\u0027s Treasure"}],"items_purged_floors":[],"is_endless":false,"potions_floor_spawned":[3,12,13,16,22,27,33,37,41,42],"ascension_level":0}}