{"host":"cnq91ghfhf6lz0gv","time":1611976937,"event":{"mods":["BaseMod","Clockwork Mod","Colored Map","Colored Powertips","Conspire","Downfall","Googly Eyes","Highlight Path","Minty Spire (QoL Compilation)","Replay The Spire","StSLib","SuperFastMode","The IronCluck","The Showman","slay the spire mod where everything is the same but ironclad has a cowboy hat"],"gold_per_floor":[111,111,111,126,143,176,176,176,176,193,193,193,193,118,118,220,220,240,240,252,270,198,223,223,223,223,242,258,288,288,308,308,409,509,521,571,571,585,603,603,613,623,646,646,679,679,525,543,543,543,543,543,493,524,524],"floor_reached":56,"language":"ENG","playtime":3057,"items_purged":["SashWhip","conspire:GhostlyStrike"],"score":1392,"play_id":"37368360-9f9f-4a8d-a0f3-c150059b7da3","local_time":"20210129222217","is_ascension_mode":false,"campfire_choices":[{"data":"Eruption","floor":8.0,"key":"SMITH"},{"data":"WheelKick","floor":11.0,"key":"SMITH"},{"floor":15.0,"key":"DIG"},{"data":"Scrawl","floor":24,"key":"SMITH"},{"data":"EmptyMind","floor":30,"key":"SMITH"},{"data":"FlurryOfBlows","floor":32,"key":"SMITH"},{"floor":40,"key":"RECALL"},{"data":"Vigilance","floor":44,"key":"SMITH"},{"data":"Wallop","floor":46,"key":"SMITH"},{"data":"FearNoEvil","floor":52,"key":"SMITH"}],"circlet_count":0,"master_deck":["conspire:GhostlyStrike+1","conspire:GhostlyStrike+1","conspire:GhostlyDefend","conspire:GhostlyDefend+1","conspire:GhostlyDefend","conspire:GhostlyDefend","Eruption+1","Vigilance+1","Wallop+1","FearNoEvil+1","FlurryOfBlows+1","WheelKick+1","Scrawl+1","EmptyMind+1"],"relics":["VioletLotus","Vajra","Ornamental Fan","Mirror","Ancient Tea Set","Philosopher\u0027s Stone","Incense Burner","conspire:Dentures","Toxic Egg 2","ReplayTheSpireMod:TigerMarble","Replay:Wanted Poster","Counterbalance","InkBottle","Membership Card","Simple Rune"],"acts_visited":["Exordium","TheCity","TheBeyond","TheEnding"],"potions_floor_usage":[23,55,55,55],"damage_taken":[{"damage":1.0,"enemies":"Jaw Worm","floor":1.0,"turns":3.0},{"damage":4.0,"enemies":"Small Slimes","floor":4.0,"turns":3.0},{"damage":0.0,"enemies":"2 Louse","floor":5.0,"turns":2.0},{"damage":21.0,"enemies":"3 Sentries","floor":6.0,"turns":10.0},{"damage":0.0,"enemies":"conspire:2 RoseBushes","floor":10.0,"turns":4.0},{"damage":0.0,"enemies":"Fading Forest","floor":16.0,"turns":11.0},{"damage":0.0,"enemies":"Chosen","floor":18.0,"turns":2.0},{"damage":4.0,"enemies":"Shell Parasite","floor":20.0,"turns":4.0},{"damage":11.0,"enemies":"Shelled Parasite and Fungi","floor":21.0,"turns":3.0},{"damage":17,"enemies":"Gremlin Leader","floor":23,"turns":5},{"damage":0,"enemies":"Snecko","floor":27,"turns":2},{"damage":2,"enemies":"conspire:HollyBat","floor":28,"turns":3},{"damage":0,"enemies":"conspire:Head Lice","floor":29,"turns":3},{"damage":0,"enemies":"Centurion and Healer","floor":31,"turns":2},{"damage":0,"enemies":"Collector","floor":33,"turns":2},{"damage":0,"enemies":"Orb Walker","floor":35,"turns":1},{"damage":0,"enemies":"Mind Bloom Boss Battle","floor":36,"turns":3},{"damage":0,"enemies":"3 Darklings","floor":38,"turns":2},{"damage":0,"enemies":"Maw","floor":39,"turns":3},{"damage":0,"enemies":"4 Shapes","floor":41,"turns":3},{"damage":11,"enemies":"Writhing Mass","floor":42,"turns":2},{"damage":0,"enemies":"Giant Head","floor":45,"turns":4},{"damage":0,"enemies":"Transient","floor":48,"turns":4},{"damage":20,"enemies":"Time Eater","floor":50,"turns":7},{"damage":0,"enemies":"Shield and Spear","floor":54,"turns":3},{"damage":43,"enemies":"The Heart","floor":55,"turns":5}],"seed_played":"4785529909219210818","potions_obtained":[{"floor":1.0,"key":"hexamod:SoulburnPotion"},{"floor":5.0,"key":"Cursed Concoction"},{"floor":16.0,"key":"Block Potion"},{"floor":21.0,"key":"Adrenaline Potion"},{"floor":23,"key":"Block Potion"},{"floor":42,"key":"Regen Potion"},{"floor":45,"key":"FearPotion"}],"is_trial":false,"path_per_floor":["M","?","?","M","M","E","?","R","T","M","R","?","T","$","R_BF","B",null,"M","?","M","M","$","E","R","?","T","M","M","E","R","M","R_BF","B",null,"M","?","?","M","M","R","M","M","T","R","E","R","$","M","R_BF","B",null,"R","$","E","B",null],"character_chosen":"WATCHER","items_purchased":["EmptyMind","Membership Card"],"campfire_rested":0,"item_purchase_floors":[22,47],"current_hp_per_floor":[71,71,71,67,67,46,46,46,46,46,46,46,46,46,46,46,72,72,72,68,57,57,40,40,40,40,40,38,38,38,38,38,38,72,72,72,72,72,72,72,73,62,62,62,62,62,62,62,62,42,73,73,73,73,39],"gold":524,"neow_bonus":"BOSS_RELIC","is_daily":false,"chose_seed":false,"campfire_upgraded":8,"win_rate":0.0,"timestamp":1611976937,"path_taken":["M","?","?","M","M","E","?","R","T","?","R","?","?","$","R_BF","BOSS","M","?","?","M","$","E","R","?","T","M","M","E","R","M","R_BF","BOSS","M","?","?","M","M","R","?","M","T","R","E","R","?","M","R_BF","BOSS","R","$","E","BOSS"],"items_purchased_type":["Card","Relic"],"build_version":"2020-12-22","purchased_purges":2,"victory":true,"max_hp_per_floor":[72,72,72,72,72,72,72,72,72,72,72,72,72,72,72,72,72,72,72,72,72,72,72,72,72,72,72,72,72,72,72,72,72,72,72,72,72,72,72,72,73,73,73,73,73,73,73,73,73,73,73,73,73,73,73],"card_choices":[{"not_picked":["EmptyBody","FlurryOfBlows"],"picked":"Wallop","floor":1.0},{"not_picked":["CarveReality","Consecrate"],"picked":"FearNoEvil","floor":4.0},{"not_picked":["Replay:BluntJabs","Replay:Anticipation"],"picked":"SashWhip","floor":5.0},{"not_picked":["Weave","WindmillStrike"],"picked":"FlurryOfBlows","floor":6.0},{"not_picked":["JustLucky","Prostrate"],"picked":"WheelKick","floor":10.0},{"not_picked":["Brilliance","MasterReality"],"picked":"Scrawl","floor":16.0},{"not_picked":["Replay:ManipulateFuture","WheelKick+1","CarveReality"],"picked":"SKIP","floor":18.0},{"not_picked":["Replay:ManipulateFuture","Replay:AtTheReady","Replay:BluntJabs"],"picked":"SKIP","floor":20.0},{"not_picked":["EmptyFist","DeceiveReality","SandsOfTime"],"picked":"SKIP","floor":21.0},{"not_picked":["PathToVictory","Vengeance+1","EmptyFist+1"],"picked":"SKIP","floor":23},{"not_picked":["Replay:AllIn+1","ClearTheMind+1","DeceiveReality+1"],"picked":"SKIP","floor":27},{"not_picked":["Halt+1","Replay:Cycle+1","FollowUp"],"picked":"SKIP","floor":28},{"not_picked":["Evaluate+1","Vengeance+1","Perseverance+1"],"picked":"SKIP","floor":29},{"not_picked":["JustLucky","ThirdEye+1","PathToVictory+1"],"picked":"SKIP","floor":31},{"not_picked":["Replay:Hum+1","Perseverance+1","Swivel+1"],"picked":"SKIP","floor":35},{"not_picked":["ClearTheMind+1","ThirdEye+1","PathToVictory+1"],"picked":"SKIP","floor":38},{"not_picked":["FollowUp+1","WreathOfFlame+1","Replay:Vibes+1"],"picked":"SKIP","floor":39},{"not_picked":["Replay:DivineShield+1","BowlingBash+1","Pray+1"],"picked":"SKIP","floor":41},{"not_picked":["Pray+1","Consecrate","Fasting2+1"],"picked":"SKIP","floor":42},{"not_picked":["FlyingSleeves","ClearTheMind+1","Replay:AtTheReady+1"],"picked":"SKIP","floor":45},{"not_picked":["Swivel+1","Vengeance+1","Worship+1"],"picked":"SKIP","floor":48},{"not_picked":["FearNoEvil+1","Judgement+1","Meditate+1"],"picked":"SKIP","floor":54}],"player_experience":193966,"relics_obtained":[{"floor":6.0,"key":"Vajra"},{"floor":9.0,"key":"Ornamental Fan"},{"floor":13.0,"key":"Mirror"},{"floor":15.0,"key":"Ancient Tea Set"},{"floor":23,"key":"conspire:Dentures"},{"floor":26,"key":"Toxic Egg 2"},{"floor":29,"key":"ReplayTheSpireMod:TigerMarble"},{"floor":36,"key":"Counterbalance"},{"floor":45,"key":"InkBottle"},{"floor":54,"key":"Simple Rune"}],"event_choices":[{"damage_healed":0.0,"max_hp_gain":0.0,"max_hp_loss":0.0,"gold_gain":0.0,"event_name":"Liars Game","player_choice":"Ignored","floor":2.0,"gold_loss":0.0,"damage_taken":0.0},{"damage_healed":0.0,"max_hp_gain":0.0,"max_hp_loss":0.0,"gold_gain":0.0,"event_name":"conspire:Investor","player_choice":"Leave","floor":3.0,"gold_loss":0.0,"damage_taken":0.0},{"damage_healed":0.0,"max_hp_gain":0.0,"max_hp_loss":0.0,"gold_gain":0.0,"event_name":"conspire:LoneGhost","player_choice":"Agree","floor":7.0,"gold_loss":0.0,"damage_taken":0.0},{"damage_healed":0,"gold_gain":0,"player_choice":"Ignored","damage_taken":0,"max_hp_gain":0,"max_hp_loss":0,"event_name":"Ghosts","floor":25,"gold_loss":0},{"damage_healed":0,"gold_gain":0,"player_choice":"Fight","damage_taken":0,"max_hp_gain":0,"max_hp_loss":0,"event_name":"MindBloom","floor":36,"gold_loss":0},{"damage_healed":0,"gold_gain":0,"player_choice":"Ignored","damage_taken":0,"max_hp_gain":0,"max_hp_loss":0,"event_name":"Duplicator","floor":37,"gold_loss":0},{"damage_healed":0,"gold_gain":0,"player_choice":"Ignored","damage_taken":0,"max_hp_gain":0,"max_hp_loss":0,"event_name":"The Moai Head","floor":49,"gold_loss":0}],"is_beta":false,"boss_relics":[{"not_picked":["bronze:MakeshiftBattery","Snecko Eye"],"picked":"Philosopher\u0027s Stone"},{"not_picked":["Pandora\u0027s Box","Velvet Choker"],"picked":"Replay:Wanted Poster"}],"items_purged_floors":[14,53],"is_endless":false,"potions_floor_spawned":[1,5,16,21,23,28,31,36,42,45,48],"ascension_level":0}}