{"host":"vlqejv0notyktumz","time":1611965469,"event":{"mods":["AchievementEnabler","BaseMod","Colored Map","Colored Powertips","Downfall","Googly Eyes","Minty Spire (QoL Compilation)","StSLib"],"gold_per_floor":[111,126,301,313,313,313,345,356,383,395,395,411,411,445,445,550,550,567,587,145,160,15,15,15,15],"floor_reached":24,"language":"ENG","playtime":625,"items_purged":["Defend_B","Strike_B"],"score":302,"play_id":"db312066-0808-4784-9a65-fcd7f84e7ae5","local_time":"20210129181109","is_ascension_mode":true,"campfire_choices":[{"data":"Zap","floor":6,"key":"SMITH"},{"floor":13,"key":"REST"},{"data":"Sweeping Beam","floor":15,"key":"SMITH"},{"floor":23,"key":"REST"}],"circlet_count":0,"master_deck":["Strike_B","Strike_B","Strike_B","Defend_B","Defend_B","Defend_B","Zap+1","Dualcast","Leap","Beam Cell","Capacitor","Sweeping Beam+1","Leap","Buffer","Barrage","Cold Snap","Electrodynamics","Leap","Chill","Defragment","Fusion+1","Redo"],"relics":["Cracked Core","Happy Flower","Ice Cream","Pantograph","Strawberry","Gremlin Horn","Sozu","Gambling Chip"],"acts_visited":["Exordium","TheCity"],"potions_floor_usage":[14,16,16,19],"damage_taken":[{"damage":2,"enemies":"Jaw Worm","floor":1,"turns":3},{"damage":0,"enemies":"Cultist","floor":2,"turns":4},{"damage":0,"enemies":"2 Louse","floor":4,"turns":2},{"damage":31,"enemies":"3 Sentries","floor":7,"turns":9},{"damage":13,"enemies":"Lots of Slimes","floor":8,"turns":2},{"damage":0,"enemies":"Looter","floor":10,"turns":3},{"damage":0,"enemies":"Blue Slaver","floor":12,"turns":3},{"damage":30,"enemies":"Gremlin Nob","floor":14,"turns":5},{"damage":37,"enemies":"Hexaghost","floor":16,"turns":11},{"damage":2,"enemies":"Chosen","floor":18,"turns":5},{"damage":10,"enemies":"Shell Parasite","floor":19,"turns":6},{"damage":19,"enemies":"Snecko","floor":21,"turns":5},{"damage":68,"enemies":"Slavers","floor":24,"turns":3}],"seed_played":"-6461671375315757634","potions_obtained":[{"floor":8,"key":"LiquidMemories"},{"floor":12,"key":"sneckomod:MuddlingPotion"},{"floor":14,"key":"PowerPotion"},{"floor":16,"key":"Block Potion"}],"is_trial":false,"path_per_floor":["M","M","?","M","T","R","E","M","T","M","?","M","R","E","R","B",null,"M","M","$","M","$","R","E"],"character_chosen":"DEFECT","items_purchased":["Defragment","Gambling Chip","Redo"],"campfire_rested":2,"item_purchase_floors":[20,20,22],"current_hp_per_floor":[66,66,66,66,66,66,35,22,29,29,29,29,53,23,23,11,64,62,52,52,33,33,57,0,0],"gold":15,"neow_bonus":"RANDOM_COMMON_RELIC","is_daily":false,"chose_seed":false,"campfire_upgraded":2,"win_rate":0.0,"timestamp":1611965469,"path_taken":["M","M","?","M","?","R","E","?","T","M","?","?","R","E","R","BOSS","M","M","$","M","$","R","E"],"items_purchased_type":["Card","Relic","Card"],"build_version":"2020-12-22","purchased_purges":2,"victory":false,"max_hp_per_floor":[75,75,75,75,75,75,75,75,82,82,82,82,82,82,82,82,82,82,82,82,82,82,82,82,82],"card_choices":[{"not_picked":["Steam","Coolheaded"],"picked":"Leap","floor":1},{"not_picked":["Hello World","Heatsinks"],"picked":"Beam Cell","floor":2},{"not_picked":["Beam Cell","Aggregate"],"picked":"Capacitor","floor":4},{"not_picked":["Glacier","Hologram"],"picked":"Sweeping Beam","floor":7},{"not_picked":["Fusion","Gash"],"picked":"Leap","floor":8},{"not_picked":["Sweeping Beam","Gash"],"picked":"Buffer","floor":10},{"not_picked":["Redo","Reinforced Body"],"picked":"Barrage","floor":12},{"not_picked":["Redo","Darkness"],"picked":"Cold Snap","floor":14},{"not_picked":["All For One","Creative AI"],"picked":"Electrodynamics","floor":16},{"not_picked":["Conserve Battery","Rip and Tear"],"picked":"Leap","floor":18},{"not_picked":["Sweeping Beam","Reinforced Body"],"picked":"Chill","floor":19},{"not_picked":["Hologram","Heatsinks+1"],"picked":"Fusion+1","floor":21}],"player_experience":371822,"relics_obtained":[{"floor":5,"key":"Ice Cream"},{"floor":7,"key":"Pantograph"},{"floor":9,"key":"Strawberry"},{"floor":14,"key":"Gremlin Horn"}],"event_choices":[{"damage_healed":0,"gold_gain":175,"player_choice":"AGREE","damage_taken":0,"max_hp_gain":0,"max_hp_loss":0,"event_name":"Liars Game","floor":3,"gold_loss":0,"cards_obtained":["Doubt"]},{"cards_removed":["Doubt"],"damage_healed":0,"gold_gain":0,"player_choice":"Removed Curses","damage_taken":0,"max_hp_gain":0,"max_hp_loss":0,"event_name":"Fountain of Cleansing","floor":11,"gold_loss":0}],"is_beta":false,"boss_relics":[{"not_picked":["FrozenCore","Nuclear Battery"],"picked":"Sozu"}],"items_purged_floors":[20,22],"is_endless":false,"potions_floor_spawned":[8,12,14,16,18,21],"killed_by":"Slavers","ascension_level":9}}