{"host":"3fsg94jzvcky9b5u","time":1611991740,"event":{"mods":["2.2 Compatiblity","AchievementEnabler","BaseMod","Better Third Choice","Colored Powertips","Downfall","Hermit","MarisaÅiñ∂âJÅ@ñÇóùçπÅj","Minty Spire (QoL Compilation)","Rare Cards Sparkle","Shop Mod","StSLib","The Cursed","The Disciple","The Hierophant","The Servant 0.9.4"],"gold_per_floor":[99,11500,11515,11528,11528,10361,10385,10415,10415,10431,10459,10472,10272,9321,9339,9442,9442,9442,9456,8196,8296,8296,7680,7753,7764,7783,7783,7796,7811,7811,7030,7040,7136,7136,7136,7151,7162,7180,7180,7206,7206,7222,7240,6428,6444,5726,5726,5097,5108,5108],"floor_reached":51,"language":"ENG","playtime":3495,"items_purged":["bronze:Defend","bronze:Strike","bronze:Strike","bronze:Defend","bronze:CloningBeam+1","Transmutation","bronze:DarkDash+1","Madness"],"score":908,"play_id":"63eda8c3-e936-4f92-8611-097a6350e582","local_time":"20210130152900","is_ascension_mode":false,"campfire_choices":[{"floor":1,"key":"RECALL"},{"floor":13,"key":"REST"},{"data":"expansioncontent:StudyTheSpire","floor":18,"key":"SMITH"},{"data":"bronze:BuggyMess","floor":27,"key":"SMITH"},{"floor":30,"key":"REST"},{"data":"bronze:Turbo","floor":35,"key":"SMITH"}],"circlet_count":0,"master_deck":["bronze:Strike","bronze:Strike","bronze:Defend+1","bronze:Defend+1","bronze:Replicate","bronze:Goto","bronze:Optimize","bronze:Repair","bronze:Branch","bronze:Spike","bronze:WildBeam","bronze:Shell","bronze:Terminator","bronze:Repair","expansioncontent:StudyTheSpire+1","Terror","Ragnarok+1","bronze:BuggyMess+1","bronze:HardenedForm","bronze:Refactor","bronze:WildBeam+1","Transmutation","bronze:Iterate+1","bronze:DelayedSlice+1","bronze:FineTuning","bronze:Branch+1","bronze:ThunderWave+1","bronze:WhirlingStrike+1","bronze:ForceShield","bronze:Assembly","Thinking Ahead","bronze:Constructor","bronze:Fortify+1","bronze:DonuBeam+1","bronze:DecaBeam","bronze:InfiniteBeams","bronze:WildBeam+1","bronze:Break+1","bronze:ItsAFeature","bronze:FindAndReplace","bronze:AlphaBuild+1","bronze:Boost+1","bronze:Optimize+1","bronze:Branch+1","bronze:Overload","Secret Technique","bronze:Turbo+1","bronze:BurnOut+1","bronze:DigitalCarnage+1","bronze:FollowUp+1","bronze:Turbo+1","bronze:BronzeOrb+1","bronze:ChosenStrike+1","bronze:Assembly","bronze:CutThrough+1"],"relics":["bronze:PlatinumCore","Molten Egg 2","War Paint","Sling","MerchantsRug","Incense Burner","HornCleat","Anchor","downfall:HeartBlessingRed","downfall:HeartBlessingBlue","Bronze Scales","Bag of Marbles","DollysMirror","Nunchaku","FossilizedHelix","Strange Spoon","PreservedInsect","MealTicket","OrangePellets","Matryoshka","Letter Opener","Ancient Tea Set","Runic Pyramid","Regal Pillow","Boot","Lantern","Bag of Preparation","Lee\u0027s Waffle","Peace Pipe","TungstenRod","Medical Kit","Blood Vial","Potion Belt","InkBottle"],"acts_visited":["Exordium","TheCity","TheBeyond"],"potions_floor_usage":[],"damage_taken":[{"damage":2,"enemies":"Small Slimes","floor":2,"turns":4},{"damage":6,"enemies":"2 Louse","floor":3,"turns":3},{"damage":2,"enemies":"Jaw Worm","floor":4,"turns":5},{"damage":26,"enemies":"Jaw Worm","floor":5,"turns":3},{"damage":0,"enemies":"downfall:FleeingMerchant","floor":6,"turns":4},{"damage":9,"enemies":"Exordium Wildlife","floor":10,"turns":4},{"damage":0,"enemies":"Gremlin Nob","floor":11,"turns":3},{"damage":7,"enemies":"Gremlin Gang","floor":12,"turns":3},{"damage":0,"enemies":"downfall:FleeingMerchant","floor":14,"turns":4},{"damage":0,"enemies":"Blue Slaver","floor":15,"turns":1},{"damage":32,"enemies":"DF_ARCHETYPE_STREAMLINE","floor":16,"turns":8},{"damage":0,"enemies":"3 Byrds","floor":19,"turns":2},{"damage":0,"enemies":"downfall:FleeingMerchant","floor":20,"turns":4},{"damage":19,"enemies":"downfall:FleeingMerchant","floor":21,"turns":5},{"damage":0,"enemies":"downfall:FleeingMerchant","floor":23,"turns":3},{"damage":0,"enemies":"Shell Parasite","floor":25,"turns":2},{"damage":0,"enemies":"Snake Plant","floor":26,"turns":1},{"damage":0,"enemies":"Cultist and Chosen","floor":28,"turns":3},{"damage":0,"enemies":"Centurion and Healer","floor":29,"turns":4},{"damage":0,"enemies":"Sentry and Sphere","floor":32,"turns":2},{"damage":4,"enemies":"WA_ARCHETYPE_CALM","floor":33,"turns":8},{"damage":8,"enemies":"3 Darklings","floor":36,"turns":4},{"damage":0,"enemies":"Orb Walker","floor":37,"turns":1},{"damage":0,"enemies":"Sphere and 2 Shapes","floor":38,"turns":3},{"damage":0,"enemies":"Giant Head","floor":40,"turns":4},{"damage":0,"enemies":"Transient","floor":42,"turns":5},{"damage":10,"enemies":"4 Shapes","floor":43,"turns":5},{"damage":0,"enemies":"Spire Growth","floor":45,"turns":2},{"damage":0,"enemies":"Transient","floor":49,"turns":5},{"damage":73,"enemies":"SI_POISON_ARCHETYPE","floor":50,"turns":8}],"seed_played":"7018204515446294361","potions_obtained":[{"floor":2,"key":"SmokeBomb"},{"floor":3,"key":"FairyPotion"},{"floor":5,"key":"LiquidMemories"}],"is_trial":false,"path_per_floor":["R","M","M","M","?","$","T","?","?","M","E","M","R","$","M","B",null,"R","M","$","?","?","$","T","M","M","R","M","M","R","$","M","B",null,"R","M","M","M","?","E","T","M","M","$","M","$","?","$","M","B",null],"character_chosen":"THE_AUTOMATON","items_purchased":["Molten Egg 2","War Paint","Sling","bronze:DarkDash+1","bronze:Terminator","bronze:Repair","MerchantsRug","expansioncontent:StudyTheSpire","Bronze Scales","Bag of Marbles","Transmutation","bronze:Iterate+1","bronze:DelayedSlice+1","bronze:FineTuning","DollysMirror","Madness","bronze:Assembly","Thinking Ahead","Nunchaku","FossilizedHelix","Strange Spoon","bronze:Constructor","bronze:Fortify+1","bronze:CloningBeam+1","PreservedInsect","MealTicket","OrangePellets","bronze:Break+1","bronze:ItsAFeature","bronze:FindAndReplace","Letter Opener","Ancient Tea Set","bronze:Overload","Secret Technique","Bag of Preparation","Lee\u0027s Waffle","Peace Pipe","bronze:ChosenStrike+1","TungstenRod","Medical Kit","bronze:Assembly","InkBottle"],"campfire_rested":2,"item_purchase_floors":[6,6,6,6,6,6,6,6,14,14,14,14,14,14,14,14,20,20,20,20,20,20,20,20,23,23,23,23,23,23,31,31,31,31,44,44,44,46,46,46,48,48],"current_hp_per_floor":[77,75,69,76,60,67,67,67,29,27,34,27,63,63,63,38,87,87,87,87,75,75,75,75,75,75,75,75,75,87,87,87,83,87,87,86,86,86,86,86,86,86,77,94,94,94,94,94,94,31],"gold":5108,"neow_bonus":"TEN_PERCENT_HP_BONUS","is_daily":false,"chose_seed":false,"campfire_upgraded":3,"win_rate":0.0,"timestamp":1611991740,"path_taken":["R","M","M","M","?","$","T","?","?","M","E","M","R","$","M","BOSS","R","M","$","?","?","$","T","?","M","R","M","M","R","$","M","BOSS","R","M","M","M","?","E","T","?","M","$","?","$","?","$","M","BOSS"],"items_purchased_type":["Relic","Relic","Relic","Card","Card","Card","Relic","Card","Relic","Relic","Card","Card","Card","Card","Relic","Card","Card","Card","Relic","Relic","Relic","Card","Card","Card","Relic","Relic","Relic","Card","Card","Card","Relic","Relic","Card","Card","Relic","Relic","Relic","Card","Relic","Relic","Card","Relic"],"build_version":"2020-12-22","purchased_purges":8,"victory":true,"max_hp_per_floor":[77,77,77,77,77,77,77,77,77,77,77,77,87,87,87,87,87,87,87,87,87,87,87,87,87,87,87,87,87,87,87,87,87,87,87,87,87,87,87,87,87,87,87,94,94,94,94,94,94,94],"card_choices":[{"not_picked":["bronze:ClassDefault","bronze:ForLoop"],"picked":"bronze:Optimize","floor":2},{"not_picked":["bronze:Separator","bronze:BitShift"],"picked":"bronze:Repair","floor":3},{"not_picked":["bronze:BitShift","bronze:WildBeam"],"picked":"bronze:Branch","floor":4},{"not_picked":[],"picked":"bronze:Spike","floor":5},{"not_picked":["bronze:BronzeOrb","bronze:DelayedGuard"],"picked":"bronze:WildBeam","floor":5},{"not_picked":["bronze:BitShift","bronze:Frontload"],"picked":"bronze:Shell","floor":6},{"not_picked":["bronze:BugBarrage+1","bronze:Shield"],"picked":"bronze:BuggyMess","floor":10},{"not_picked":["bronze:CutThrough+1","bronze:MaxOutput"],"picked":"bronze:HardenedForm","floor":11},{"not_picked":["bronze:Separator+1","bronze:Overload"],"picked":"bronze:Refactor","floor":12},{"not_picked":["bronze:Return","bronze:BitShift"],"picked":"bronze:WildBeam+1","floor":14},{"not_picked":["bronze:Overheat+1","bronze:BugBarrage+1"],"picked":"bronze:Branch+1","floor":15},{"not_picked":["bronze:HyperBeam+1","bronze:BurnOut+1"],"picked":"bronze:ThunderWave+1","floor":16},{"not_picked":["bronze:Deprecate","bronze:DelayedGuard"],"picked":"bronze:WhirlingStrike+1","floor":19},{"not_picked":["bronze:Fortify+1","bronze:BuggyMess"],"picked":"bronze:ForceShield","floor":20},{"not_picked":[],"picked":"bronze:DonuBeam","floor":21},{"not_picked":[],"picked":"bronze:DecaBeam","floor":21},{"not_picked":["bronze:Overheat+1","bronze:FineTuning"],"picked":"bronze:InfiniteBeams","floor":21},{"not_picked":["bronze:Separator+1","bronze:Deprecate"],"picked":"bronze:WildBeam+1","floor":23},{"not_picked":["bronze:BitShift+1","bronze:Shield"],"picked":"bronze:AlphaBuild+1","floor":25},{"not_picked":["bronze:FineTuning","bronze:Terminator"],"picked":"bronze:Boost+1","floor":26},{"not_picked":["bronze:Terminator","bronze:Branch+1"],"picked":"bronze:Optimize+1","floor":28},{"not_picked":["bronze:Return","bronze:BitShift"],"picked":"bronze:Branch+1","floor":29},{"not_picked":["bronze:BitShift","bronze:Frontload+1"],"picked":"bronze:Turbo","floor":32},{"not_picked":["bronze:ShipIt+1","bronze:Format"],"picked":"bronze:BurnOut+1","floor":33},{"not_picked":["bronze:Separator+1","bronze:ClassDefault+1"],"picked":"bronze:DigitalCarnage+1","floor":36},{"not_picked":["bronze:Invalidate","bronze:Overheat+1","bronze:Constructor"],"picked":"SKIP","floor":37},{"not_picked":["bronze:Safeguard+1","bronze:Overload+1"],"picked":"bronze:FollowUp+1","floor":38},{"not_picked":["bronze:FineTuning+1","bronze:Safeguard+1"],"picked":"bronze:BronzeOrb+1","floor":40},{"not_picked":["bronze:GetLatest+1","bronze:ClassDefault","bronze:Branch+1"],"picked":"SKIP","floor":42},{"not_picked":["bronze:BitShift","bronze:Iterate+1","bronze:WhirlingStrike+1"],"picked":"SKIP","floor":43},{"not_picked":["bronze:Iterate+1","bronze:BugBarrage+1","bronze:Virus+1"],"picked":"SKIP","floor":45},{"not_picked":["bronze:CloningBeam+1","bronze:Philosophize"],"picked":"bronze:CutThrough+1","floor":49}],"player_experience":103490,"relics_obtained":[{"floor":11,"key":"Anchor"},{"floor":24,"key":"Matryoshka"},{"floor":40,"key":"Regal Pillow"},{"floor":41,"key":"Boot"},{"floor":41,"key":"Lantern"},{"floor":47,"key":"Blood Vial"},{"floor":47,"key":"Potion Belt"}],"event_choices":[],"is_beta":false,"boss_relics":[{"not_picked":["Empty Cage","Tiny House"],"picked":"bronze:PlatinumCore"},{"not_picked":["Coffee Dripper","Cursed Key"],"picked":"Runic Pyramid"}],"items_purged_floors":[6,14,20,23,31,44,46,48],"is_endless":false,"potions_floor_spawned":[2,3,5,11,25,26,28,33,36,45],"ascension_level":0}}