{"host":"7yx2g6m5jzlw8cjb","time":1611992810,"event":{"mods":["BaseMod","Downfall","Minty Spire (QoL Compilation)","Quick Restart","StSLib","[IsaacMod]ÒÔÈö¼âËþ"],"gold_per_floor":[99,99,549,37,37,54,102,132,17,52,70,70,81,81,95,198,198,98,108,122,222,222,254,254,254,283,295,195,212,232,67,92,92,92,92],"floor_reached":33,"language":"ZHS","playtime":2729,"items_purged":["downfall:Icky","downfall:Icky"],"score":295,"play_id":"d5a049bd-4932-4376-bf64-1462795fdb90","local_time":"20210130154650","is_ascension_mode":false,"campfire_choices":[{"data":"DoctorFetus","floor":1.0,"key":"SMITH"},{"floor":12.0,"key":"REST"},{"floor":18.0,"key":"RECALL"},{"floor":28.0,"key":"REST"}],"circlet_count":0,"master_deck":["hexamod:Strike","hexamod:Strike","hexamod:Defend","hexamod:Defend","hexamod:Defend","hexamod:Defend+1","hexamod:Sear","hexamod:Float","DoctorFetus+1","hexamod:GhostOfSpirePast","downfall:Icky","hexamod:HexaLevel","hexamod:SpectersWail+1","hexamod:GhostLash+1","hexamod:ThirdSeal","hexamod:EtherealExpedition","hexamod:GhostLash+1","hexamod:FifthSeal","hexamod:WildfireWeapon","hexamod:SpectersWail+1","hexamod:SixthSeal","hexamod:FirstSeal","hexamod:ChargedBarrage+1","hexamod:NecessarySacrifice","hexamod:Rewind+1","hexamod:FourthSeal","hexamod:SecondSeal","hexamod:TimeOfNeed"],"relics":["hexamod:SpiritBrand","HushsDoor","PokeGo","downfall:HeartsMalice","Molten Egg 2","Pen Nib","hexamod:MatchstickCase","Potion Belt","Vajra","Lizard Tail","Black Star","downfall:HeartBlessingGreen","Pocketwatch","Gremlin Horn","Bottled Tornado","Kunai","Sundial","downfall:HeartBlessingRed","Cauldron"],"acts_visited":["Exordium","TheCity"],"potions_floor_usage":[33,33,33,33],"damage_taken":[{"damage":0.0,"enemies":"Jaw Worm","floor":2.0,"turns":1.0},{"damage":0.0,"enemies":"downfall:FleeingMerchant","floor":4.0,"turns":1.0},{"damage":0.0,"enemies":"2 Louse","floor":5.0,"turns":1.0},{"damage":0.0,"enemies":"Cultist","floor":6.0,"turns":3.0},{"damage":17.0,"enemies":"3 Sentries","floor":8.0,"turns":4.0},{"damage":0.0,"enemies":"downfall:FleeingMerchant","floor":9.0,"turns":4.0},{"damage":25.0,"enemies":"Lagavulin","floor":10.0,"turns":6.0},{"damage":0.0,"enemies":"Exordium Wildlife","floor":11.0,"turns":3.0},{"damage":10.0,"enemies":"2 Fungi Beasts","floor":13.0,"turns":3.0},{"damage":0.0,"enemies":"Exordium Thugs","floor":15.0,"turns":2.0},{"damage":15.0,"enemies":"IC_STATUS_ARCHETYPE","floor":16.0,"turns":6.0},{"damage":5.0,"enemies":"Spheric Guardian","floor":19.0,"turns":3.0},{"damage":22.0,"enemies":"Snecko","floor":20.0,"turns":5.0},{"damage":23.0,"enemies":"Book of Stabbing","floor":23.0,"turns":4.0},{"damage":32.0,"enemies":"Slavers","floor":26.0,"turns":4.0},{"damage":15.0,"enemies":"Centurion and Healer","floor":27.0,"turns":4.0},{"damage":12.0,"enemies":"Shelled Parasite and Fungi","floor":29.0,"turns":3.0},{"damage":10.0,"enemies":"Snecko","floor":30.0,"turns":4.0},{"damage":1.0,"enemies":"downfall:FleeingMerchant","floor":31.0,"turns":4.0},{"damage":20.0,"enemies":"Sentry and Sphere","floor":32.0,"turns":5.0},{"damage":30,"enemies":"SI_MIRROR_ARCHETYPE","floor":33,"turns":6}],"seed_played":"-4433874538730340646","potions_obtained":[{"floor":6.0,"key":"SteroidPotion"},{"floor":8.0,"key":"Guardian:BlockOnCardUsePotion"},{"floor":10.0,"key":"FearPotion"},{"floor":11.0,"key":"Guardian:BlockOnCardUsePotion"},{"floor":20.0,"key":"BlessingOfTheForge"},{"floor":23.0,"key":"SpeedPotion"},{"floor":31.0,"key":"SteroidPotion"},{"floor":31.0,"key":"ColorlessPotion"},{"floor":31.0,"key":"DistilledChaos"},{"floor":31.0,"key":"Regen Potion"},{"floor":31.0,"key":"AttackPotion"},{"floor":32.0,"key":"Fruit Juice"},{"floor":32.0,"key":"BlessingOfTheForge"}],"is_trial":false,"path_per_floor":["R","M","?","$","M","M","T","E","$","E","M","R","M","?","M","B",null,"R","M","M","?","?","E","T","?","E","M","R","M","M","$","M","B"],"character_chosen":"THE_SPIRIT","items_purchased":["Molten Egg 2","Pen Nib","hexamod:SpectersWail+1","Cauldron"],"campfire_rested":2,"item_purchase_floors":[4,4,4,31],"current_hp_per_floor":[70,70,70,70,70,70,70,53,53,28,28,49,39,32,32,17,70,70,65,43,43,66,43,43,43,18,10,31,26,23,29,35,5,5,5],"gold":92,"neow_bonus":"THREE_ENEMY_KILL","is_daily":false,"chose_seed":false,"campfire_upgraded":1,"win_rate":0.0,"timestamp":1611992810,"path_taken":["R","M","?","?","M","?","T","E","$","E","M","R","M","?","M","BOSS","R","M","M","?","?","E","T","?","E","M","R","M","M","?","M","BOSS"],"items_purchased_type":["Relic","Relic","Card","Relic"],"build_version":"2020-12-22","purchased_purges":2,"victory":false,"max_hp_per_floor":[70,70,70,70,70,70,70,70,70,70,70,70,70,70,70,70,70,70,70,70,70,70,70,70,70,70,70,70,70,70,70,75,75,75,75],"card_choices":[{"not_picked":[],"picked":"DoctorFetus","floor":0.0},{"not_picked":["hexamod:GhostLash","hexamod:RecurringNightmare"],"picked":"hexamod:GhostOfSpirePast","floor":2.0},{"not_picked":["hexamod:HeatMetal","hexamod:SwordOfDarkness"],"picked":"hexamod:HexaLevel","floor":4.0},{"not_picked":["hexamod:HeatCrush+1","hexamod:EmpoweredFlame"],"picked":"hexamod:GhostLash+1","floor":5.0},{"not_picked":["hexamod:GhostflameBarrier","Bomb","hexamod:GhostShield"],"picked":"SKIP","floor":6.0},{"not_picked":["hexamod:BurningTouch","hexamod:AdvancingGuard"],"picked":"hexamod:ThirdSeal","floor":8.0},{"not_picked":["hexamod:ThermalTransfer+1","hexamod:HauntingEcho+1"],"picked":"hexamod:EtherealExpedition","floor":9.0},{"not_picked":["hexamod:BurningTouch","hexamod:SearingWound","hexamod:ThermalTransfer+1"],"picked":"SKIP","floor":9.0},{"not_picked":["hexamod:SoulSteal","hexamod:HeatMetal+1","hexamod:AdvancingGuard"],"picked":"SKIP","floor":10.0},{"not_picked":["hexamod:InspiringFlames","hexamod:Firestarter+1","hexamod:Rewind"],"picked":"SKIP","floor":10.0},{"not_picked":["hexamod:Firestarter+1","hexamod:SkipABeat","hexamod:GhostShield"],"picked":"SKIP","floor":11.0},{"not_picked":["hexamod:RecurringNightmare","hexamod:Again"],"picked":"hexamod:GhostLash+1","floor":13.0},{"not_picked":["hexamod:ThermalTransfer+1","hexamod:TurnItUp","hexamod:GhostShield"],"picked":"SKIP","floor":13.0},{"not_picked":["hexamod:BurningTouch","Bomb","hexamod:NightmareGuise"],"picked":"SKIP","floor":15.0},{"not_picked":["hexamod:ParanormalForm","hexamod:TurnItUp"],"picked":"hexamod:FifthSeal","floor":16.0},{"not_picked":["hexamod:FifthSeal","hexamod:TurnItUp"],"picked":"hexamod:WildfireWeapon","floor":16.0},{"not_picked":["hexamod:GhostShield+1","hexamod:Incineration+1"],"picked":"hexamod:SpectersWail+1","floor":19.0},{"not_picked":["hexamod:Firestarter+1","hexamod:NightmareGuise","hexamod:DynamicBlow+1"],"picked":"SKIP","floor":19.0},{"not_picked":["hexamod:SecondSeal","hexamod:ThirdSeal"],"picked":"hexamod:SixthSeal","floor":20.0},{"not_picked":["hexamod:ThermalTransfer+1","hexamod:GhostflameBarrier","hexamod:ShieldOfDarkness"],"picked":"SKIP","floor":20.0},{"not_picked":["hexamod:FourthSeal","hexamod:SixthSeal"],"picked":"hexamod:FirstSeal","floor":23.0},{"not_picked":["hexamod:SkipABeat","hexamod:ExtraCrispy","hexamod:NecessarySacrifice"],"picked":"SKIP","floor":23.0},{"not_picked":["hexamod:PhantomCloak","hexamod:CatchUp+1","hexamod:InspiringFlames+1"],"picked":"SKIP","floor":26.0},{"not_picked":["hexamod:WildfireWeapon","hexamod:GhostShield+1","hexamod:Rewind"],"picked":"SKIP","floor":26.0},{"not_picked":["hexamod:HeatShield","hexamod:ShieldOfDarkness"],"picked":"hexamod:Rewind+1","floor":27.0},{"not_picked":["hexamod:BurningTouch+1","hexamod:GhostShield","hexamod:HeatMetal+1"],"picked":"SKIP","floor":27.0},{"not_picked":["hexamod:HeatMetal+1","hexamod:Rewind","hexamod:Firestarter+1"],"picked":"SKIP","floor":29.0},{"not_picked":["hexamod:ThirdSeal","hexamod:SixthSeal"],"picked":"hexamod:FourthSeal","floor":30.0},{"not_picked":["hexamod:ThermalTransfer+1","hexamod:Firestarter+1","hexamod:NightmareGuise"],"picked":"SKIP","floor":30.0},{"not_picked":["hexamod:FirstSeal","hexamod:HeatMetal+1","hexamod:BacktrackSmack+1"],"picked":"SKIP","floor":30.0},{"not_picked":["hexamod:FourthSeal","hexamod:FirstSeal"],"picked":"hexamod:SecondSeal","floor":31.0},{"not_picked":["hexamod:NecessarySacrifice","hexamod:FourthSeal"],"picked":"hexamod:TimeOfNeed","floor":31.0},{"not_picked":["hexamod:EmpoweredFlame","hexamod:BurningTouch","hexamod:GhostShield"],"picked":"SKIP","floor":32.0}],"player_experience":379365,"relics_obtained":[{"floor":7.0,"key":"hexamod:MatchstickCase"},{"floor":8.0,"key":"Potion Belt"},{"floor":10.0,"key":"Vajra"},{"floor":23.0,"key":"Pocketwatch"},{"floor":23.0,"key":"Gremlin Horn"},{"floor":24.0,"key":"Bottled Tornado"},{"floor":26.0,"key":"Kunai"},{"floor":26.0,"key":"Sundial"}],"event_choices":[{"damage_healed":0.0,"max_hp_gain":0.0,"max_hp_loss":0.0,"gold_gain":0.0,"event_name":"Scrap Ooze","player_choice":"Success","floor":14.0,"gold_loss":0.0,"damage_taken":7.0,"relics_obtained":["Lizard Tail"]},{"damage_healed":23.0,"max_hp_gain":0.0,"max_hp_loss":0.0,"gold_gain":0.0,"event_name":"The Library","player_choice":"Heal","floor":22.0,"gold_loss":0.0,"damage_taken":0.0},{"damage_healed":0.0,"max_hp_gain":0.0,"max_hp_loss":0.0,"gold_gain":0.0,"cards_transformed":["hexamod:Strike","hexamod:Strike"],"event_name":"Drug Dealer","player_choice":"Became Test Subject","floor":25.0,"gold_loss":0.0,"damage_taken":0.0,"cards_obtained":["hexamod:ChargedBarrage","hexamod:NecessarySacrifice"]}],"is_beta":false,"boss_relics":[{"not_picked":["Fusion Hammer","Empty Cage"],"picked":"Black Star"},{"not_picked":[]}],"items_purged_floors":[4,9],"is_endless":false,"potions_floor_spawned":[6,8,10,11,20,23,32],"killed_by":"SI_MIRROR_ARCHETYPE","ascension_level":0}}