{"host":"dprcptr190br6xbd","time":1611982009,"event":{"mods":["AchievementEnabler","BaseMod","Colored Map","Colored Powertips","Googly Eyes","Hubris","Minty Spire (QoL Compilation)","Permanent Neow","Quick Restart","Remilia??????","Replay The Spire","StSLib"],"gold_per_floor":[99,99,99,99,99,99,99,99,99,99,99,99,99,99,99,99,99],"floor_reached":19,"language":"ENG","playtime":135,"items_purged":[],"score":491,"play_id":"3fcc14d4-31a0-44a3-8e23-91fa1781af29","local_time":"20210129224649","is_ascension_mode":false,"campfire_choices":[{"floor":8,"key":"REST"},{"floor":15,"key":"REST"},{"floor":17,"key":"REST"}],"circlet_count":0,"master_deck":["Strike_B","Strike_B","Strike_B","Strike_B","Defend_B","Defend_B","Defend_B","Defend_B","Zap","Dualcast"],"relics":["Cracked Core","Pen Nib","hubris:Icosahedron"],"acts_visited":["Exordium","TheCity","TheBeyond"],"potions_floor_usage":[],"damage_taken":[{"damage":0,"enemies":"3 Darklings","floor":3,"turns":1},{"damage":0,"enemies":"Orb Walker","floor":4,"turns":1},{"damage":0,"enemies":"Sphere and 2 Shapes","floor":6,"turns":1},{"damage":0,"enemies":"Spire Growth","floor":7,"turns":1},{"damage":0,"enemies":"Transient","floor":9,"turns":1},{"damage":0,"enemies":"3 Darklings","floor":10,"turns":1},{"damage":0,"enemies":"Maw","floor":12,"turns":1},{"damage":0,"enemies":"Writhing Mass","floor":13,"turns":1},{"damage":0,"enemies":"Giant Head","floor":16,"turns":1},{"damage":0,"enemies":"Donu and Deca","floor":18,"turns":1}],"seed_played":"-664979516209860838","potions_obtained":[],"is_trial":false,"path_per_floor":["M","M","?","M","M","R","M","M","T","M","M","?","R","E","R","B",null],"character_chosen":"DEFECT","items_purchased":[],"campfire_rested":3,"item_purchase_floors":[],"current_hp_per_floor":[75,75,75,75,75,75,75,75,75,75,75,75,65,75,75,75,75],"gold":99,"neow_bonus":"RANDOM_COMMON_RELIC","is_daily":false,"chose_seed":false,"campfire_upgraded":0,"win_rate":0.0,"timestamp":1611982009,"path_taken":["M","?","?","M","M","R","M","M","T","M","M","?","R","E","R","BOSS"],"items_purchased_type":[],"build_version":"2020-12-22","purchased_purges":0,"victory":true,"max_hp_per_floor":[75,75,75,75,75,75,75,75,75,75,75,75,75,75,75,75,75],"card_choices":[{"not_picked":["BasicCrystalCard+1","hubris:Ukulele","Hologram+1"],"picked":"SKIP","floor":3},{"not_picked":["Conserve Battery","Leap","Redo"],"picked":"SKIP","floor":4},{"not_picked":["Barrage","Aggregate","ReplayGash+1"],"picked":"SKIP","floor":6},{"not_picked":["Go for the Eyes+1","Redo+1","Panic Button+1"],"picked":"SKIP","floor":7},{"not_picked":["Barrage+1","Beam Cell","Hello World"],"picked":"SKIP","floor":9},{"not_picked":["ReplayTheSpireMod:Calculation Training+1","Rebound","Panic Button"],"picked":"SKIP","floor":10},{"not_picked":["Steam","Redo","Conserve Battery"],"picked":"SKIP","floor":12},{"not_picked":["Cold Snap+1","Rebound+1","Gash"],"picked":"SKIP","floor":13},{"not_picked":["White Noise","Hologram+1","Time Bomb"],"picked":"SKIP","floor":16}],"player_experience":78826,"relics_obtained":[],"event_choices":[{"damage_healed":0,"gold_gain":0,"player_choice":"Memory 3","damage_taken":10,"max_hp_gain":0,"max_hp_loss":0,"event_name":"SensoryStone","floor":14,"gold_loss":0}],"is_beta":false,"boss_relics":[],"items_purged_floors":[],"is_endless":false,"potions_floor_spawned":[3,7,9,13,16],"ascension_level":0}}