{"host":"zsnmfqgcm92hlreo","time":1611983365,"event":{"mods":["AchievementEnabler","BaseMod","Bestiary","Block Reminder","Colored Powertips","Minty Spire (QoL Compilation)","Permanent Neow","Quick Restart","Relic Stats","Weighted Paths"],"gold_per_floor":[114,129,129,109,124,124,154,169,219,219,249,264,264,294,294,394,394,409,409,424,439,464,494,494,509,559,559,589,604,554,141,141,241,241,256,271,303,303,303,303,93,93,93,93,108,138,24,39,39,39],"floor_reached":51,"language":"ENG","playtime":1738,"items_purged":["Strike_R","Strike_R","Strike_R"],"score":808,"play_id":"f20c94b3-e17e-4144-8834-a6e70e1c5b6e","local_time":"20210129230925","daily_mods":["Specialized","Colorless Cards","Terminal"],"is_ascension_mode":false,"campfire_choices":[{"data":"Uppercut","floor":6.0,"key":"SMITH"},{"data":"Mind Blast","floor":10.0,"key":"SMITH"},{"data":"Bash","floor":15.0,"key":"SMITH"},{"data":"Inflame","floor":27.0,"key":"SMITH"},{"data":"Inflame","floor":32.0,"key":"SMITH"},{"data":"Corruption","floor":40,"key":"SMITH"},{"data":"Fiend Fire","floor":49,"key":"SMITH"}],"circlet_count":0,"master_deck":["Strike_R+1","Strike_R+1","Defend_R+1","Defend_R+1","Defend_R+1","Defend_R+1","Bash+1","Flame Barrier+1","Flame Barrier+1","Flame Barrier+1","Flame Barrier+1","Uppercut+1","Clothesline+1","Hemokinesis+1","Twin Strike+1","Mind Blast+1","Hemokinesis+1","Master of Strategy+1","Inflame+1","Clothesline+1","Whirlwind+1","Whirlwind+1","Dark Shackles+1","Inflame+1","Twin Strike+1","Corruption+1","Body Slam+1","Apotheosis+1","Madness+1","Madness+1","Fiend Fire+1","Immolate","Clothesline+1"],"relics":["Burning Blood","Potion Belt","Smiling Mask","Juzu Bracelet","HornCleat","PreservedInsect","Coffee Dripper","Bag of Preparation","Charon\u0027s Ashes","Strawberry","Pear","Membership Card","Bronze Scales","Red Skull","Busted Crown","Gambling Chip","Lantern","War Paint","Mark of the Bloom","Vajra"],"acts_visited":["Exordium","TheCity","TheBeyond"],"potions_floor_usage":[50,50,50],"damage_taken":[{"damage":0.0,"enemies":"Cultist","floor":1.0,"turns":5.0},{"damage":0.0,"enemies":"Jaw Worm","floor":2.0,"turns":4.0},{"damage":0.0,"enemies":"Small Slimes","floor":5.0,"turns":3.0},{"damage":24.0,"enemies":"3 Sentries","floor":7.0,"turns":11.0},{"damage":5.0,"enemies":"Exordium Wildlife","floor":8.0,"turns":4.0},{"damage":27.0,"enemies":"Lagavulin","floor":11.0,"turns":5.0},{"damage":7.0,"enemies":"Blue Slaver","floor":12.0,"turns":2.0},{"damage":10.0,"enemies":"Gremlin Nob","floor":14.0,"turns":4.0},{"damage":9.0,"enemies":"Hexaghost","floor":16.0,"turns":6.0},{"damage":2.0,"enemies":"3 Byrds","floor":18.0,"turns":2.0},{"damage":2.0,"enemies":"Shell Parasite","floor":20.0,"turns":5.0},{"damage":9.0,"enemies":"Cultist and Chosen","floor":21.0,"turns":5.0},{"damage":4.0,"enemies":"Book of Stabbing","floor":23.0,"turns":4.0},{"damage":11.0,"enemies":"Sentry and Sphere","floor":25.0,"turns":5.0},{"damage":10.0,"enemies":"Gremlin Leader","floor":28.0,"turns":4.0},{"damage":7.0,"enemies":"Chosen and Byrds","floor":29.0,"turns":3.0},{"damage":36.0,"enemies":"Champ","floor":33.0,"turns":9.0},{"damage":6.0,"enemies":"3 Shapes","floor":35.0,"turns":4.0},{"damage":0.0,"enemies":"3 Darklings","floor":36.0,"turns":3.0},{"damage":23,"enemies":"2 Orb Walkers","floor":37,"turns":4},{"damage":2,"enemies":"Maw","floor":45,"turns":5},{"damage":2,"enemies":"Reptomancer","floor":46,"turns":3},{"damage":2,"enemies":"Writhing Mass","floor":48,"turns":4},{"damage":20,"enemies":"Awakened One","floor":50,"turns":5}],"seed_played":"-828330817948855686","potions_obtained":[{"floor":2.0,"key":"AttackPotion"},{"floor":4.0,"key":"Dexterity Potion"},{"floor":7.0,"key":"CultistPotion"},{"floor":8.0,"key":"EntropicBrew"},{"floor":11.0,"key":"SteroidPotion"},{"floor":18.0,"key":"BloodPotion"},{"floor":19.0,"key":"FairyPotion"},{"floor":33.0,"key":"DistilledChaos"},{"floor":35.0,"key":"LiquidMemories"}],"is_trial":false,"path_per_floor":["M","M","?","?","M","R","E","M","T","R","E","M","?","E","R","B",null,"M","?","M","M","T","E","?","M","T","R","E","M","$","$","R","B",null,"M","M","?","?","?","R","$","?","T","?","M","E","$","M","R","B",null],"character_chosen":"IRONCLAD","items_purchased":["Membership Card","Bronze Scales","Red Skull","Inflame","Twin Strike","Lantern","Apotheosis","Fiend Fire","Immolate"],"campfire_rested":0,"item_purchase_floors":[31,31,31,31,31,41,41,47,47],"current_hp_per_floor":[78,77,76,75,74,73,55,56,56,56,35,34,34,30,30,27,62,61,60,59,56,56,56,55,50,57,57,63,62,62,62,62,44,62,61,60,43,43,43,43,43,36,36,36,34,32,32,30,30,10],"gold":39,"neow_bonus":"","is_daily":true,"chose_seed":false,"campfire_upgraded":7,"win_rate":0.0,"timestamp":1611983365,"path_taken":["M","M","?","?","M","R","E","?","T","R","E","M","?","E","R","BOSS","M","?","M","M","?","E","?","M","T","R","E","M","?","$","R","BOSS","M","M","?","?","?","R","$","?","T","?","M","E","$","M","R","BOSS"],"items_purchased_type":["Relic","Relic","Relic","Card","Card","Relic","Card","Card","Card"],"build_version":"2020-12-22","purchased_purges":3,"victory":true,"max_hp_per_floor":[78,77,76,75,74,73,72,71,70,69,68,67,66,65,64,63,62,61,60,59,58,57,56,55,54,60,59,68,67,66,65,64,63,62,61,60,59,58,57,56,55,54,53,52,51,50,49,48,47,46],"relic_stats":{"Mark of the Bloom":24,"counters":[24,109],"PreservedInsect":145,"Charon\u0027s Ashes":[231],"Juzu Bracelet":1,"Bag of Preparation":[24],"War Paint":["Defend_R","Flame Barrier"],"Smiling Mask":38,"Burning Blood":87,"Busted Crown":12,"Bronze Scales":[78],"Gambling Chip":[6],"obtain_stats":[{"Potion Belt":3,"Lantern":41,"Mark of the Bloom":44,"Pear":28,"Vajra":46,"PreservedInsect":14,"Charon\u0027s Ashes":23,"Juzu Bracelet":9,"Bag of Preparation":22,"War Paint":43,"Smiling Mask":7,"Burning Blood":0,"HornCleat":11,"Busted Crown":34,"Strawberry":26,"Bronze Scales":31,"Gambling Chip":37,"Coffee Dripper":17,"Membership Card":31,"Red Skull":31},{"Potion Belt":2,"Lantern":20,"Mark of the Bloom":20,"Pear":15,"Vajra":22,"PreservedInsect":8,"Charon\u0027s Ashes":13,"Juzu Bracelet":5,"Bag of Preparation":12,"War Paint":20,"Smiling Mask":4,"Burning Blood":0,"HornCleat":6,"Busted Crown":17,"Strawberry":14,"Bronze Scales":16,"Gambling Chip":20,"Coffee Dripper":9,"Membership Card":16,"Red Skull":16},{"Potion Belt":9,"Lantern":92,"Mark of the Bloom":92,"Pear":69,"Vajra":100,"PreservedInsect":38,"Charon\u0027s Ashes":60,"Juzu Bracelet":27,"Bag of Preparation":56,"War Paint":92,"Smiling Mask":23,"Burning Blood":0,"HornCleat":32,"Busted Crown":81,"Strawberry":65,"Bronze Scales":72,"Gambling Chip":92,"Coffee Dripper":44,"Membership Card":72,"Red Skull":72}]},"card_choices":[{"not_picked":["Pommel Strike","Flex"],"picked":"Uppercut","floor":1.0},{"not_picked":["Pummel","Searing Blow"],"picked":"Clothesline","floor":2.0},{"not_picked":["Body Slam","Headbutt"],"picked":"Hemokinesis","floor":5.0},{"not_picked":["Thunderclap","Panacea"],"picked":"Twin Strike","floor":7.0},{"not_picked":["Headbutt","Flex"],"picked":"Mind Blast","floor":8.0},{"not_picked":["Cleave","Armaments","Panacea"],"picked":"SKIP","floor":11.0},{"not_picked":["Wild Strike","Ghostly Armor","Flash of Steel"],"picked":"SKIP","floor":12.0},{"not_picked":["Warcry","True Grit"],"picked":"Hemokinesis","floor":14.0},{"not_picked":["Berserk","The Bomb"],"picked":"Master of Strategy","floor":16.0},{"not_picked":["Warcry","Clothesline"],"picked":"Inflame","floor":18.0},{"not_picked":["Clash","Searing Blow+1"],"picked":"Clothesline","floor":20.0},{"not_picked":["Heavy Blade","Armaments"],"picked":"Whirlwind","floor":21.0},{"not_picked":["Juggernaut","Uppercut+1"],"picked":"Whirlwind+1","floor":23.0},{"not_picked":["Carnage","Ghostly Armor","Searing Blow+1"],"picked":"SKIP","floor":25.0},{"not_picked":["Warcry","Flame Barrier"],"picked":"Dark Shackles+1","floor":28.0},{"not_picked":["Thunderclap","Perfected Strike","Body Slam"],"picked":"SKIP","floor":29.0},{"not_picked":["Fiend Fire","Mayhem"],"picked":"Corruption","floor":33.0},{"not_picked":["Impatience+1"],"picked":"SKIP","floor":35.0},{"not_picked":["Impatience+1"],"picked":"SKIP","floor":35.0},{"not_picked":["Cleave"],"picked":"SKIP","floor":36.0},{"not_picked":[],"picked":"Body Slam+1","floor":37},{"not_picked":["Discovery"],"picked":"SKIP","floor":45},{"not_picked":["Discovery"],"picked":"SKIP","floor":46},{"not_picked":[],"picked":"Clothesline+1","floor":48}],"player_experience":951735,"relics_obtained":[{"floor":7.0,"key":"Smiling Mask"},{"floor":9.0,"key":"Juzu Bracelet"},{"floor":11.0,"key":"HornCleat"},{"floor":14.0,"key":"PreservedInsect"},{"floor":22.0,"key":"Bag of Preparation"},{"floor":23.0,"key":"Charon\u0027s Ashes"},{"floor":26.0,"key":"Strawberry"},{"floor":28.0,"key":"Pear"},{"floor":37,"key":"Gambling Chip"},{"floor":43,"key":"War Paint"},{"floor":46,"key":"Vajra"}],"event_choices":[{"damage_healed":0.0,"max_hp_gain":0.0,"max_hp_loss":0.0,"gold_gain":0.0,"event_name":"Big Fish","player_choice":"Box","floor":3.0,"gold_loss":0.0,"damage_taken":0.0,"relics_obtained":["Potion Belt"],"cards_obtained":["Regret"]},{"damage_healed":0.0,"max_hp_gain":0.0,"max_hp_loss":0.0,"gold_gain":0.0,"event_name":"The Woman in Blue","player_choice":"Bought 1 Potion","floor":4.0,"gold_loss":0.0,"damage_taken":0.0},{"cards_removed":["Regret"],"damage_healed":0.0,"max_hp_gain":0.0,"max_hp_loss":0.0,"gold_gain":0.0,"event_name":"Purifier","player_choice":"Purged","floor":13.0,"gold_loss":0.0,"damage_taken":0.0},{"damage_healed":0.0,"max_hp_gain":0.0,"max_hp_loss":0.0,"gold_gain":0.0,"event_name":"Lab","player_choice":"Got Potions","floor":19.0,"gold_loss":0.0,"damage_taken":0.0},{"damage_healed":0.0,"max_hp_gain":0.0,"max_hp_loss":0.0,"gold_gain":0.0,"event_name":"Vampires","player_choice":"Ignored","floor":24.0,"gold_loss":0.0,"damage_taken":0.0},{"damage_healed":0,"gold_gain":0,"player_choice":"Fight","damage_taken":0,"max_hp_gain":0,"max_hp_loss":0,"event_name":"Mysterious Sphere","floor":37,"gold_loss":0},{"cards_removed":["Flame Barrier"],"damage_healed":0,"gold_gain":0,"player_choice":"Removed Skill","damage_taken":0,"max_hp_gain":0,"max_hp_loss":0,"event_name":"Falling","floor":38,"gold_loss":0},{"damage_healed":0,"gold_gain":0,"player_choice":"Ignored","damage_taken":0,"max_hp_gain":0,"max_hp_loss":0,"event_name":"Tomb of Lord Red Mask","floor":39,"gold_loss":0},{"damage_healed":0,"gold_gain":0,"player_choice":"Embrace Madness","damage_taken":7,"max_hp_gain":0,"max_hp_loss":0,"event_name":"Winding Halls","floor":42,"gold_loss":0,"cards_obtained":["Madness","Madness"]},{"damage_healed":0,"gold_gain":0,"player_choice":"Upgrade","damage_taken":0,"relics_obtained":["Mark of the Bloom"],"max_hp_gain":0,"max_hp_loss":0,"event_name":"MindBloom","floor":44,"gold_loss":0,"cards_upgraded":["Strike_R","Strike_R","Defend_R","Defend_R","Defend_R","Flame Barrier","Flame Barrier","Flame Barrier","Clothesline","Hemokinesis","Twin Strike","Hemokinesis","Master of Strategy","Clothesline","Whirlwind","Twin Strike","Apotheosis","Madness","Madness"]}],"is_beta":false,"boss_relics":[{"not_picked":["Calling Bell","Runic Dome"],"picked":"Coffee Dripper"},{"not_picked":["Tiny House","SacredBark"],"picked":"Busted Crown"}],"items_purged_floors":[30,31,41],"is_endless":false,"potions_floor_spawned":[2,7,8,11,18,21,23,28,33,35,36],"ascension_level":0}}