{"host":"4e3fxqp5hzyqu39k","time":1611974829,"event":{"mods":["BaseMod","Minty Spire (QoL Compilation)"],"gold_per_floor":[211,78,91,106,120,120,134,134,160,214,224,239,270,285,285,383,383,396,60,60,71,91,121,121,135,185,185,205,205,220,254,254,359,359,371,371,317,364,586,586,603,603,679,692,704,720,733,328,328,328,328],"floor_reached":50,"language":"ENG","playtime":5325,"items_purged":["Strike_P"],"score":520,"play_id":"279fa3d9-89e4-45ce-b318-6b0c31240738","local_time":"20210129214709","is_ascension_mode":false,"campfire_choices":[{"data":"Halt","floor":6.0,"key":"SMITH"},{"data":"Vigilance","floor":8.0,"key":"SMITH"},{"data":"Crescendo","floor":15.0,"key":"SMITH"},{"floor":24.0,"key":"REST"},{"floor":27.0,"key":"REST"},{"data":"Adaptation","floor":32.0,"key":"SMITH"},{"data":"DevaForm","floor":40,"key":"SMITH"},{"data":"Sanctity","floor":49,"key":"SMITH"}],"circlet_count":0,"master_deck":["Strike_P","Strike_P","Defend_P","Defend_P","Defend_P","Defend_P","Eruption","Vigilance+1","Crescendo+1","Halt+1","LikeWater","FollowUp","WheelKick","Consecrate","PathToVictory","Collect","FearNoEvil","Sanctity+1","ClearTheMind","Judgement","Swivel+1","FlurryOfBlows+1","WheelKick+1","Adaptation+1","SandsOfTime+1","DevaForm+1","SashWhip+1","EmptyBody","Tantrum+1","FollowUp+1","Swift Strike+1","Protect+1","Study+1","Violence","Blind"],"relics":["HolyWater","Strawberry","Bag of Preparation","Pen Nib","Molten Egg 2","Bag of Marbles","Art of War","Red Mask","Coffee Dripper","FossilizedHelix","Shuriken","Sling"],"acts_visited":["Exordium","TheCity","TheBeyond"],"potions_floor_usage":[50,50,50],"damage_taken":[{"damage":0.0,"enemies":"Cultist","floor":1.0,"turns":4.0},{"damage":10.0,"enemies":"Jaw Worm","floor":3.0,"turns":4.0},{"damage":2.0,"enemies":"Small Slimes","floor":4.0,"turns":3.0},{"damage":6.0,"enemies":"2 Fungi Beasts","floor":5.0,"turns":3.0},{"damage":7.0,"enemies":"Large Slime","floor":7.0,"turns":3.0},{"damage":0.0,"enemies":"Exordium Wildlife","floor":11.0,"turns":2.0},{"damage":1.0,"enemies":"Looter","floor":12.0,"turns":3.0},{"damage":11.0,"enemies":"3 Sentries","floor":13.0,"turns":6.0},{"damage":0.0,"enemies":"Blue Slaver","floor":14.0,"turns":2.0},{"damage":19.0,"enemies":"The Guardian","floor":16.0,"turns":14.0},{"damage":4.0,"enemies":"Shell Parasite","floor":18.0,"turns":4.0},{"damage":1.0,"enemies":"3 Byrds","floor":21.0,"turns":4.0},{"damage":21.0,"enemies":"Snake Plant","floor":22.0,"turns":4.0},{"damage":15.0,"enemies":"Gremlin Leader","floor":23.0,"turns":10.0},{"damage":0.0,"enemies":"3 Cultists","floor":25.0,"turns":3.0},{"damage":1.0,"enemies":"Chosen and Byrds","floor":28.0,"turns":3.0},{"damage":5.0,"enemies":"Snecko","floor":30.0,"turns":4.0},{"damage":8.0,"enemies":"Masked Bandits","floor":31.0,"turns":4.0},{"damage":18.0,"enemies":"Collector","floor":33.0,"turns":9.0},{"damage":5,"enemies":"3 Shapes","floor":35,"turns":3},{"damage":11,"enemies":"2 Orb Walkers","floor":38,"turns":4},{"damage":0,"enemies":"Orb Walker","floor":41,"turns":3},{"damage":6,"enemies":"3 Darklings","floor":44,"turns":3},{"damage":31,"enemies":"Jaw Worm Horde","floor":45,"turns":5},{"damage":0,"enemies":"Maw","floor":46,"turns":4},{"damage":10,"enemies":"Spire Growth","floor":47,"turns":4},{"damage":31,"enemies":"Donu and Deca","floor":50,"turns":2}],"seed_played":"8755015124393706391","potions_obtained":[{"floor":1.0,"key":"ColorlessPotion"},{"floor":5.0,"key":"Block Potion"},{"floor":7.0,"key":"Strength Potion"},{"floor":14.0,"key":"Energy Potion"},{"floor":23.0,"key":"EssenceOfSteel"},{"floor":33.0,"key":"Ancient Potion"},{"floor":38,"key":"BlessingOfTheForge"},{"floor":45,"key":"AttackPotion"}],"is_trial":false,"path_per_floor":["M","$","M","M","M","R","M","R","T","T","M","M","E","M","R","B",null,"M","$","?","M","M","E","R","M","T","R","M","?","M","?","R","B",null,"M","?","$","?","?","R","M","?","T","M","M","M","M","$","R","B"],"character_chosen":"WATCHER","items_purchased":["Halt","LikeWater","Molten Egg 2","EmptyBody","Sling","Violence","Blind"],"campfire_rested":2,"item_purchase_floors":[2,2,19,37,48,48,48],"current_hp_per_floor":[72,72,62,60,54,54,47,47,54,54,54,53,42,42,42,23,79,75,75,60,59,38,23,48,48,48,73,72,72,67,59,59,41,84,79,79,79,68,68,68,68,68,68,62,31,31,21,21,21,0,0],"gold":328,"neow_bonus":"HUNDRED_GOLD","is_daily":false,"chose_seed":false,"campfire_upgraded":6,"win_rate":0.0,"timestamp":1611974829,"path_taken":["M","$","M","M","M","R","M","R","T","?","M","?","E","M","R","BOSS","M","$","?","M","M","E","R","M","T","R","M","?","M","?","R","BOSS","M","?","$","?","?","R","M","?","T","?","M","M","M","$","R","BOSS"],"items_purchased_type":["Card","Card","Relic","Card","Relic","Card","Card"],"build_version":"2020-12-22","purchased_purges":1,"victory":false,"max_hp_per_floor":[72,72,72,72,72,72,72,72,79,79,79,79,79,79,79,79,79,79,79,84,84,84,84,84,84,84,84,84,84,84,84,84,84,84,84,84,84,84,84,84,84,84,84,84,84,84,84,84,84,84,84],"card_choices":[{"not_picked":["WheelKick","ClearTheMind"],"picked":"Crescendo","floor":1.0},{"not_picked":["WreathOfFlame","Evaluate"],"picked":"FollowUp","floor":3.0},{"not_picked":["Nirvana","Tantrum"],"picked":"WheelKick","floor":4.0},{"not_picked":["FlyingSleeves","SashWhip"],"picked":"Consecrate","floor":5.0},{"not_picked":["JustLucky","LikeWater"],"picked":"PathToVictory","floor":7.0},{"not_picked":["Consecrate","Halt"],"picked":"Collect","floor":11.0},{"not_picked":["PathToVictory","Scrawl"],"picked":"FearNoEvil","floor":12.0},{"not_picked":["Protect","EmptyBody"],"picked":"Sanctity","floor":13.0},{"not_picked":["Evaluate","CutThroughFate"],"picked":"ClearTheMind","floor":14.0},{"not_picked":["Scrawl","DevaForm"],"picked":"Judgement","floor":16.0},{"not_picked":["Nirvana","Consecrate"],"picked":"Swivel+1","floor":18.0},{"not_picked":["BowlingBash+1","Crescendo+1"],"picked":"FlurryOfBlows+1","floor":21.0},{"not_picked":["Evaluate","Pray","EmptyFist+1"],"picked":"SKIP","floor":22.0},{"not_picked":["FearNoEvil+1","Evaluate"],"picked":"WheelKick+1","floor":23.0},{"not_picked":["EmptyFist+1","PathToVictory","Collect"],"picked":"SKIP","floor":25.0},{"not_picked":["Evaluate","Crescendo"],"picked":"Adaptation","floor":28.0},{"not_picked":["JustLucky+1","WheelKick+1","Evaluate"],"picked":"SKIP","floor":30.0},{"not_picked":["Brilliance+1","Ragnarok+1"],"picked":"DevaForm","floor":33.0},{"not_picked":["JustLucky+1","ReachHeaven+1"],"picked":"SashWhip+1","floor":35},{"not_picked":["Halt+1","Conclude+1"],"picked":"Tantrum+1","floor":38},{"not_picked":["SashWhip+1","ThirdEye+1"],"picked":"FollowUp+1","floor":41},{"not_picked":["Madness","Panacea"],"picked":"Swift Strike+1","floor":42},{"not_picked":["EmptyBody","Crescendo+1","Protect"],"picked":"SKIP","floor":44},{"not_picked":["EmptyBody","Evaluate"],"picked":"Protect+1","floor":45},{"not_picked":["Consecrate+1","CutThroughFate+1"],"picked":"Study+1","floor":46},{"not_picked":["JustLucky+1","PathToVictory","Brilliance+1"],"picked":"SKIP","floor":47}],"player_experience":235821,"relics_obtained":[{"floor":9.0,"key":"Strawberry"},{"floor":10.0,"key":"Bag of Preparation"},{"floor":13.0,"key":"Pen Nib"},{"floor":23.0,"key":"Bag of Marbles"},{"floor":26.0,"key":"Art of War"},{"floor":31.0,"key":"Red Mask"},{"floor":38,"key":"FossilizedHelix"},{"floor":43,"key":"Shuriken"}],"event_choices":[{"damage_healed":0.0,"max_hp_gain":5.0,"max_hp_loss":0.0,"gold_gain":0.0,"event_name":"Forgotten Altar","player_choice":"Shed Blood","floor":20.0,"gold_loss":0.0,"damage_taken":20.0},{"damage_healed":0.0,"max_hp_gain":0.0,"max_hp_loss":0.0,"gold_gain":0.0,"event_name":"The Library","player_choice":"Read","floor":29.0,"gold_loss":0.0,"damage_taken":0.0,"cards_obtained":["SandsOfTime"]},{"damage_healed":0.0,"max_hp_gain":0.0,"max_hp_loss":0.0,"gold_gain":0.0,"event_name":"Masked Bandits","player_choice":"Fought Bandits","floor":31.0,"gold_loss":0.0,"damage_taken":0.0},{"cards_removed":["Strike_P"],"damage_healed":0,"gold_gain":0,"player_choice":"Removed Attack","damage_taken":0,"max_hp_gain":0,"max_hp_loss":0,"event_name":"Falling","floor":36,"gold_loss":0},{"damage_healed":0,"gold_gain":0,"player_choice":"Fight","damage_taken":0,"max_hp_gain":0,"max_hp_loss":0,"event_name":"Mysterious Sphere","floor":38,"gold_loss":0},{"damage_healed":0,"gold_gain":222,"player_choice":"Wore Mask","damage_taken":0,"max_hp_gain":0,"max_hp_loss":0,"event_name":"Tomb of Lord Red Mask","floor":39,"gold_loss":0},{"damage_healed":0,"gold_gain":0,"player_choice":"Memory 1","damage_taken":0,"max_hp_gain":0,"max_hp_loss":0,"event_name":"SensoryStone","floor":42,"gold_loss":0}],"is_beta":false,"boss_relics":[{"not_picked":["Pandora\u0027s Box","VioletLotus"],"picked":"HolyWater"},{"not_picked":["Runic Pyramid","Empty Cage"],"picked":"Coffee Dripper"}],"items_purged_floors":[19],"is_endless":false,"potions_floor_spawned":[1,5,7,12,14,23,28,33,38,41,45],"killed_by":"Donu and Deca","ascension_level":0}}