{"host":"8ki4rp59nppvqwda","time":1611977137,"event":{"mods":["AlwaysNeverKeys","BaseMod","Hermit","Minty Spire (QoL Compilation)","Robot Space Explorer","SacredBarkPlus","StSLib","The Bug Knight","The Cursed","The Marked","The Necromancer","The Trickster"],"gold_per_floor":[118,118,293,218,238,238,257,282,309,309,333,333,363,363,363,363,363],"floor_reached":16,"language":"ENG","playtime":589,"items_purged":["Doubt"],"score":90,"play_id":"65d92270-b5e5-49d4-a759-54fdfdc333b7","local_time":"20210129222537","is_ascension_mode":false,"campfire_choices":[{"data":"theMarked:SoldierOfQuellstein","floor":6,"key":"SMITH"},{"data":"theMarked:AttractMetal","floor":10,"key":"SMITH"},{"data":"theMarked:ChainLightning","floor":12,"key":"SMITH"},{"data":"theMarked:GodGivenPower","floor":15,"key":"SMITH"}],"circlet_count":0,"master_deck":["theMarked:Strike","theMarked:Strike","theMarked:Strike","theMarked:Strike","theMarked:Strike","theMarked:Defend","theMarked:Defend","theMarked:Defend","theMarked:Defend","theMarked:SoldierOfQuellstein+1","theMarked:ChainLightning+1","theMarked:AttractMetal+1","theMarked:Parkour","theMarked:GodGivenPower+1"],"relics":["theMarked:ArtifactOfAir","Golden Idol","Blood Vial","Oddly Smooth Stone","Potion Belt"],"acts_visited":["Exordium"],"potions_floor_usage":[],"damage_taken":[{"damage":3,"enemies":"Jaw Worm","floor":1,"turns":5},{"damage":1,"enemies":"Cultist","floor":5,"turns":3},{"damage":0,"enemies":"Small Slimes","floor":7,"turns":3},{"damage":0,"enemies":"Exordium Wildlife","floor":8,"turns":3},{"damage":4,"enemies":"2 Fungi Beasts","floor":11,"turns":3},{"damage":39,"enemies":"The Guardian","floor":16,"turns":7}],"seed_played":"-4784922651005414852","potions_obtained":[{"floor":8,"key":"LiquidMemories"}],"is_trial":false,"path_per_floor":["M","?","?","$","M","R","M","M","T","R","M","R","?","T","R","B"],"character_chosen":"THE_DEFAULT","items_purchased":[],"campfire_rested":0,"item_purchase_floors":[],"current_hp_per_floor":[74,55,55,55,54,54,54,54,54,54,52,52,52,52,52,15,15],"gold":363,"neow_bonus":"TEN_PERCENT_HP_BONUS","is_daily":false,"chose_seed":false,"campfire_upgraded":4,"win_rate":0.0,"timestamp":1611977137,"path_taken":["M","?","?","?","M","R","M","?","T","R","M","R","?","?","R","BOSS"],"items_purchased_type":[],"build_version":"2020-12-22","purchased_purges":1,"victory":false,"max_hp_per_floor":[77,77,77,77,77,77,77,77,77,77,77,77,77,77,77,77,77],"card_choices":[{"not_picked":["theMarked:TakeCover","theMarked:ResourceFulStrike"],"picked":"theMarked:ChainLightning","floor":1},{"not_picked":["theMarked:Aftermath","theMarked:Parkour"],"picked":"theMarked:AttractMetal","floor":5},{"not_picked":["theMarked:TakeCover","theMarked:CreepingChasm","theMarked:EmpowerWeapon"],"picked":"SKIP","floor":7},{"not_picked":["theMarked:WastefulAttack","theMarked:EmpowerWeapon"],"picked":"theMarked:Parkour","floor":8},{"not_picked":["theMarked:TwofoldDefense","theMarked:Convert"],"picked":"theMarked:GodGivenPower","floor":11}],"player_experience":1270298,"relics_obtained":[{"floor":9,"key":"Blood Vial"},{"floor":14,"key":"Potion Belt"}],"event_choices":[{"damage_healed":0,"gold_gain":0,"player_choice":"Take Damage","damage_taken":19,"relics_obtained":["Golden Idol"],"max_hp_gain":0,"max_hp_loss":0,"event_name":"Golden Idol","floor":2,"gold_loss":0},{"damage_healed":0,"gold_gain":175,"player_choice":"AGREE","damage_taken":0,"max_hp_gain":0,"max_hp_loss":0,"event_name":"Liars Game","floor":3,"gold_loss":0,"cards_obtained":["Doubt"]},{"damage_healed":0,"gold_gain":30,"player_choice":"Searched \u00273\u0027 times","damage_taken":0,"relics_obtained":["Oddly Smooth Stone"],"max_hp_gain":0,"max_hp_loss":0,"event_name":"Dead Adventurer","floor":13,"gold_loss":0}],"is_beta":false,"boss_relics":[],"items_purged_floors":[4],"is_endless":false,"potions_floor_spawned":[8],"killed_by":"The Guardian","ascension_level":0}}