{"host":"9v3x998ddbx8o276","time":1611967093,"event":{"mods":["AchievementEnabler","BaseMod","Colored Map","Colored Powertips","Highlight Path","Minty Spire (QoL Compilation)","Quick Restart","Rare Cards Sparkle"],"gold_per_floor":[112,112,24,40,40,70,70,96,180,217,246,291,268,290,302,387,399,428,453,465,40,40,40,74,74,74,35,54,0,0,26,26,26,26],"floor_reached":33,"language":"ENG","playtime":3106,"items_purged":["Strike_R"],"score":525,"play_id":"3fe864bd-2a45-4b91-ae4e-9f7b47c18a9a","local_time":"20210130110813","is_ascension_mode":true,"campfire_choices":[{"floor":7,"key":"REST"},{"data":"Whirlwind","floor":15,"key":"SMITH"},{"floor":23,"key":"REST"},{"data":"Bash","floor":25,"key":"SMITH"},{"floor":30,"key":"REST"},{"floor":32,"key":"REST"}],"circlet_count":0,"master_deck":["AscendersBane","Strike_R","Defend_R+1","Defend_R","Defend_R","Defend_R+1","Bash+1","Clothesline","Sword Boomerang","Disarm","Sword Boomerang","Thunderclap","Whirlwind+1","Double Tap","Juggernaut","Ghostly Armor","Metallicize","Rage","Shrug It Off"],"relics":["Busted Crown","Red Skull","Nunchaku","MawBank","Pantograph","Oddly Smooth Stone","War Paint","Empty Cage","HornCleat","The Courier","Charon\u0027s Ashes","Gremlin Horn"],"acts_visited":["Exordium","TheCity"],"potions_floor_usage":[6,14,24,28,31],"damage_taken":[{"damage":2,"enemies":"Small Slimes","floor":1,"turns":3},{"damage":0,"enemies":"Jaw Worm","floor":4,"turns":3},{"damage":15,"enemies":"3 Sentries","floor":6,"turns":4},{"damage":20,"enemies":"Gremlin Nob","floor":8,"turns":4},{"damage":11,"enemies":"Lagavulin","floor":10,"turns":4},{"damage":0,"enemies":"Cultist","floor":11,"turns":1},{"damage":12,"enemies":"Gremlin Nob","floor":12,"turns":3},{"damage":8,"enemies":"Looter","floor":14,"turns":2},{"damage":18,"enemies":"Slime Boss","floor":16,"turns":5},{"damage":14,"enemies":"Spheric Guardian","floor":18,"turns":4},{"damage":0,"enemies":"3 Byrds","floor":19,"turns":2},{"damage":43,"enemies":"Gremlin Leader","floor":24,"turns":7},{"damage":11,"enemies":"Snake Plant","floor":28,"turns":2},{"damage":24,"enemies":"Book of Stabbing","floor":31,"turns":6},{"damage":83,"enemies":"Champ","floor":33,"turns":10}],"seed_played":"4005136758251963603","potions_obtained":[{"floor":4,"key":"Fire Potion"},{"floor":12,"key":"BloodPotion"},{"floor":16,"key":"DistilledChaos"},{"floor":19,"key":"Regen Potion"},{"floor":24,"key":"SkillPotion"}],"is_trial":false,"path_per_floor":["M","?","$","M","?","E","R","E","T","E","M","E","?","M","R","B",null,"M","M","?","$","?","R","E","R","T","$","M","?","R","E","R","B"],"character_chosen":"IRONCLAD","items_purchased":["Sword Boomerang","Disarm","HornCleat","Metallicize","Rage","Shrug It Off"],"campfire_rested":4,"item_purchase_floors":[3,3,21,21,21,27],"current_hp_per_floor":[66,48,48,48,41,26,48,28,28,17,17,5,23,30,30,37,66,52,52,52,52,45,67,24,24,24,24,13,13,35,26,48,0,0],"gold":26,"neow_bonus":"BOSS_RELIC","is_daily":false,"chose_seed":false,"campfire_upgraded":2,"win_rate":0.0,"timestamp":1611967093,"path_taken":["M","?","$","M","?","E","R","E","T","E","M","E","?","?","R","BOSS","M","?","?","?","?","R","E","R","T","$","?","?","R","E","R","BOSS"],"items_purchased_type":["Card","Card","Relic","Card","Card","Card"],"build_version":"2020-12-22","purchased_purges":1,"victory":false,"max_hp_per_floor":[75,75,75,75,75,75,75,75,75,75,75,75,75,75,75,75,75,75,75,75,75,75,75,75,75,75,75,75,75,75,75,75,75,75],"card_choices":[{"not_picked":[],"picked":"Clothesline","floor":1},{"not_picked":[],"picked":"Sword Boomerang","floor":4},{"not_picked":["Sword Boomerang"],"picked":"SKIP","floor":6},{"not_picked":["Combust"],"picked":"SKIP","floor":8},{"not_picked":[],"picked":"Thunderclap","floor":10},{"not_picked":[],"picked":"Whirlwind","floor":11},{"not_picked":[],"picked":"Double Tap","floor":12},{"not_picked":["Whirlwind"],"picked":"SKIP","floor":14},{"not_picked":[],"picked":"Juggernaut","floor":16},{"not_picked":[],"picked":"Ghostly Armor","floor":18},{"not_picked":["Iron Wave"],"picked":"SKIP","floor":19},{"not_picked":["Twin Strike"],"picked":"SKIP","floor":24},{"not_picked":["Rupture"],"picked":"SKIP","floor":28},{"not_picked":["Sword Boomerang"],"picked":"SKIP","floor":31}],"player_experience":1722763,"relics_obtained":[{"floor":6,"key":"Nunchaku"},{"floor":8,"key":"MawBank"},{"floor":9,"key":"Pantograph"},{"floor":10,"key":"Oddly Smooth Stone"},{"floor":12,"key":"War Paint"},{"floor":24,"key":"The Courier"},{"floor":26,"key":"Charon\u0027s Ashes"},{"floor":31,"key":"Gremlin Horn"}],"event_choices":[{"damage_healed":0,"gold_gain":0,"player_choice":"Success","damage_taken":18,"relics_obtained":["Red Skull"],"max_hp_gain":0,"max_hp_loss":0,"event_name":"Scrap Ooze","floor":2,"gold_loss":0},{"cards_removed":["Strike_R"],"damage_healed":0,"gold_gain":0,"player_choice":"Card Removal","damage_taken":7,"max_hp_gain":0,"max_hp_loss":0,"event_name":"Golden Wing","floor":5,"gold_loss":0},{"damage_healed":18,"gold_gain":0,"player_choice":"Healed","damage_taken":0,"max_hp_gain":0,"max_hp_loss":0,"event_name":"The Cleric","floor":13,"gold_loss":35},{"damage_healed":0,"gold_gain":0,"player_choice":"Ignored","damage_taken":0,"max_hp_gain":0,"max_hp_loss":0,"event_name":"Vampires","floor":20,"gold_loss":0},{"damage_healed":0,"gold_gain":0,"player_choice":"Damaged","damage_taken":7,"max_hp_gain":0,"max_hp_loss":0,"event_name":"Wheel of Change","floor":22,"gold_loss":0},{"damage_healed":0,"gold_gain":0,"player_choice":"Paid Fearfully","damage_taken":0,"max_hp_gain":0,"max_hp_loss":0,"event_name":"Masked Bandits","floor":29,"gold_loss":54}],"is_beta":false,"boss_relics":[{"not_picked":["Runic Dome","Pandora\u0027s Box"],"picked":"Empty Cage"}],"items_purged_floors":[21],"is_endless":false,"potions_floor_spawned":[4,12,16,19,24],"killed_by":"Champ","ascension_level":14}}