{"host":"f6f8cjhjgha9mpdq","time":1611992886,"event":{"mods":["BaseMod","Minty Spire (QoL Compilation)","Permanent Neow","StSLib","SuperFastMode"],"gold_per_floor":[118,193,210,210,222,222,250,266,347,378,398,398,433,358,358,431,431,444,444,359,117,136,136,149,149,149],"floor_reached":25,"language":"KOR","playtime":802,"items_purged":["Strike_R"],"score":442,"play_id":"b184ff62-ac0d-4462-bec3-7ee991b05130","local_time":"20210130164806","is_ascension_mode":true,"campfire_choices":[{"data":"Inflame","floor":6.0,"key":"SMITH"},{"data":"Sword Boomerang","floor":12.0,"key":"SMITH"},{"data":"Bash","floor":15,"key":"SMITH"},{"data":"Feed","floor":23,"key":"SMITH"}],"circlet_count":0,"master_deck":["AscendersBane","Strike_R","Strike_R","Strike_R","Defend_R","Defend_R","Defend_R","Defend_R","Bash+1","Twin Strike","Inflame+1","Sword Boomerang+1","Battle Trance","Feed+1","CurseOfTheBell","Warcry","Heavy Blade","Reaper","Sentinel","True Grit"],"relics":["Burning Blood","FaceOfCleric","StoneCalendar","Self Forming Clay","Regal Pillow","Meat on the Bone","Calling Bell","Omamori","Ornamental Fan","Pocketwatch","Happy Flower"],"acts_visited":["Exordium","TheCity"],"potions_floor_usage":[16,18,25],"damage_taken":[{"damage":11.0,"enemies":"Jaw Worm","floor":1.0,"turns":4.0},{"damage":11.0,"enemies":"2 Louse","floor":3.0,"turns":3.0},{"damage":7.0,"enemies":"Cultist","floor":5.0,"turns":4.0},{"damage":31.0,"enemies":"Gremlin Nob","floor":7.0,"turns":4.0},{"damage":9.0,"enemies":"Blue Slaver","floor":8.0,"turns":4.0},{"damage":37.0,"enemies":"Lagavulin","floor":10.0,"turns":6.0},{"damage":0.0,"enemies":"2 Fungi Beasts","floor":11.0,"turns":3.0},{"damage":8,"enemies":"Gremlin Nob","floor":13,"turns":3},{"damage":40,"enemies":"Hexaghost","floor":16,"turns":8},{"damage":11,"enemies":"3 Byrds","floor":18,"turns":5},{"damage":22,"enemies":"Spheric Guardian","floor":22,"turns":4},{"damage":33,"enemies":"Chosen and Byrds","floor":24,"turns":7},{"damage":58,"enemies":"Book of Stabbing","floor":25,"turns":4}],"seed_played":"1653515591176672987","potions_obtained":[{"floor":8.0,"key":"FairyPotion"},{"floor":10.0,"key":"Block Potion"},{"floor":11.0,"key":"Regen Potion"},{"floor":16,"key":"PowerPotion"},{"floor":18,"key":"FearPotion"},{"floor":24,"key":"Ancient Potion"}],"is_trial":false,"path_per_floor":["M","?","M","?","M","R","E","M","T","E","M","R","E","?","R","B",null,"M","?","?","$","M","R","M","E"],"character_chosen":"IRONCLAD","items_purchased":["Reaper"],"campfire_rested":0,"item_purchase_floors":[21],"current_hp_per_floor":[63,52,47,47,47,47,23,21,21,30,37,37,36,36,36,30,69,68,68,68,68,56,56,47,0,0],"gold":149,"neow_bonus":"THREE_CARDS","is_daily":false,"chose_seed":false,"campfire_upgraded":4,"win_rate":0.0,"timestamp":1611992886,"path_taken":["M","?","M","?","M","R","E","M","T","E","?","R","E","?","R","BOSS","M","?","?","$","M","R","M","E"],"items_purchased_type":["Card"],"build_version":"2020-12-22","purchased_purges":1,"victory":false,"max_hp_per_floor":[75,75,75,75,76,76,77,78,78,79,80,80,81,81,81,82,82,86,86,86,86,90,90,91,91,91],"card_choices":[{"not_picked":["Cleave","Blood for Blood"],"picked":"Twin Strike","floor":0.0},{"not_picked":["Clash","Wild Strike","Twin Strike"],"picked":"SKIP","floor":1.0},{"not_picked":["Blood for Blood","Iron Wave","Havoc"],"picked":"SKIP","floor":3.0},{"not_picked":["Blood for Blood","Iron Wave","Havoc"],"picked":"SKIP","floor":3.0},{"not_picked":["Cleave","Bloodletting"],"picked":"Inflame","floor":5.0},{"not_picked":["Inflame","Havoc","Brutality"],"picked":"SKIP","floor":7.0},{"not_picked":["Clothesline","Body Slam","Bloodletting"],"picked":"SKIP","floor":8.0},{"not_picked":["Twin Strike","Armaments"],"picked":"Sword Boomerang","floor":10.0},{"not_picked":["Twin Strike","Combust","True Grit"],"picked":"SKIP","floor":11.0},{"not_picked":["True Grit","Warcry"],"picked":"Battle Trance","floor":13},{"not_picked":["Double Tap","Barricade"],"picked":"Feed","floor":16},{"not_picked":["Thunderclap","Sword Boomerang"],"picked":"Warcry","floor":18},{"not_picked":["Clash","Anger"],"picked":"Sentinel","floor":22},{"not_picked":["Thunderclap+1","Heavy Blade+1"],"picked":"True Grit","floor":24}],"player_experience":586662,"relics_obtained":[{"floor":7.0,"key":"StoneCalendar"},{"floor":9.0,"key":"Self Forming Clay"},{"floor":10.0,"key":"Regal Pillow"},{"floor":13,"key":"Meat on the Bone"},{"floor":17,"key":"Omamori"},{"floor":17,"key":"Ornamental Fan"},{"floor":17,"key":"Pocketwatch"}],"event_choices":[{"damage_healed":0.0,"max_hp_gain":0.0,"max_hp_loss":0.0,"gold_gain":75.0,"event_name":"World of Goop","player_choice":"Gather Gold","floor":2.0,"gold_loss":0.0,"damage_taken":11.0},{"damage_healed":0.0,"max_hp_gain":0.0,"max_hp_loss":0.0,"gold_gain":0.0,"event_name":"FaceTrader","player_choice":"Trade","floor":4.0,"gold_loss":0.0,"damage_taken":0.0,"relics_obtained":["FaceOfCleric"]},{"cards_removed":["Strike_R"],"damage_healed":0,"gold_gain":0,"player_choice":"Card Removal","damage_taken":0,"max_hp_gain":0,"max_hp_loss":0,"event_name":"The Cleric","floor":14,"gold_loss":75},{"damage_healed":0,"gold_gain":0,"player_choice":"Read","damage_taken":0,"max_hp_gain":0,"max_hp_loss":0,"event_name":"The Library","floor":19,"gold_loss":0,"cards_obtained":["Heavy Blade"]},{"damage_healed":0,"gold_gain":0,"player_choice":"Obtained Relic","damage_taken":0,"relics_obtained":["Happy Flower"],"max_hp_gain":0,"max_hp_loss":0,"event_name":"Addict","floor":20,"gold_loss":85}],"is_beta":false,"boss_relics":[{"not_picked":["SlaversCollar","Fusion Hammer"],"picked":"Calling Bell"}],"items_purged_floors":[21],"is_endless":false,"potions_floor_spawned":[8,10,11,16,18,24],"killed_by":"Book of Stabbing","ascension_level":20}}