{"host":"FirstDane","time":1611978523,"event":{"mods":["BaseMod","Bestiary","Highlight Path","Minty Spire (QoL Compilation)","Relic Stats","Slay the Relics Exporter"],"gold_per_floor":[109,124,124,144,164,164,190,17,43,43,71,89,89,103,103,177,177,188,204,38,38,38,38,73,73,73,93,112,112,123,142,142,219,219,239,239,1238,1238,822,822,837,849,927,946,975,771,790,809,809,809,809,809,809,384,414,414],"floor_reached":57,"language":"ENG","playtime":7274,"items_purged":["Infinite Blades","Eviscerate","Masterful Stab","Finisher"],"score":2807,"play_id":"64b66f63-c519-40fb-adfc-9e1c78e432a7","local_time":"20210129214843","is_ascension_mode":true,"campfire_choices":[{"data":"Bouncing Flask","floor":6,"key":"SMITH"},{"data":"Burst","floor":10,"key":"SMITH"},{"data":"Deflect","floor":13,"key":"SMITH"},{"data":"Well Laid Plans","floor":15,"key":"SMITH"},{"data":"Catalyst","floor":23,"key":"SMITH"},{"floor":25,"key":"REST"},{"data":"Tools of the Trade","floor":29,"key":"SMITH"},{"data":"Dodge and Roll","floor":32,"key":"SMITH"},{"floor":40,"key":"RECALL"},{"data":"Catalyst","floor":49,"key":"SMITH"},{"data":"Deadly Poison","floor":53,"key":"SMITH"}],"circlet_count":0,"master_deck":["AscendersBane","Survivor","Neutralize","Blade Dance","Bouncing Flask+1","Well Laid Plans+1","Burst+1","Calculated Gamble","Deflect+1","Footwork","Corpse Explosion","Bane","Endless Agony","Poisoned Stab","Tools of the Trade+1","Deflect","Dodge and Roll+1","PiercingWail","Catalyst+1","Outmaneuver+1","Blade Dance","Dodge and Roll+1","Malaise","Dodge and Roll+1","Footwork+1","Catalyst+1","PiercingWail","Deadly Poison+1","Finesse","Catalyst+1"],"relics":["Ring of the Snake","Ancient Tea Set","Membership Card","Blood Vial","Omamori","Pandora\u0027s Box","Centennial Puzzle","Kunai","Eternal Feather","Coffee Dripper","Bottled Tornado","Frozen Egg 2","PreservedInsect","Blue Candle","ClockworkSouvenir","Bag of Preparation","Anchor","Bag of Marbles"],"acts_visited":["Exordium","TheCity","TheBeyond","TheEnding"],"potions_floor_usage":[7,11,14,24,27,33,51,55,56],"damage_taken":[{"damage":2.0,"enemies":"Jaw Worm","floor":1.0,"turns":7.0},{"damage":0.0,"enemies":"Cultist","floor":2.0,"turns":5.0},{"damage":0,"enemies":"Small Slimes","floor":4,"turns":2},{"damage":1,"enemies":"2 Fungi Beasts","floor":5,"turns":3},{"damage":0,"enemies":"Gremlin Nob","floor":7,"turns":3},{"damage":15,"enemies":"3 Sentries","floor":11,"turns":8},{"damage":32,"enemies":"Gremlin Gang","floor":12,"turns":4},{"damage":2,"enemies":"Exordium Thugs","floor":14,"turns":4},{"damage":8,"enemies":"The Guardian","floor":16,"turns":9},{"damage":0,"enemies":"3 Byrds","floor":18,"turns":3},{"damage":5,"enemies":"Spheric Guardian","floor":19,"turns":3},{"damage":26,"enemies":"Book of Stabbing","floor":24,"turns":5},{"damage":8,"enemies":"Snake Plant","floor":27,"turns":2},{"damage":5,"enemies":"Sentry and Sphere","floor":28,"turns":5},{"damage":1,"enemies":"Centurion and Healer","floor":30,"turns":3},{"damage":0,"enemies":"Snake Plant","floor":31,"turns":2},{"damage":0,"enemies":"Automaton","floor":33,"turns":11},{"damage":19,"enemies":"3 Darklings","floor":35,"turns":6},{"damage":0,"enemies":"3 Shapes","floor":41,"turns":6},{"damage":11,"enemies":"Sphere and 2 Shapes","floor":42,"turns":5},{"damage":6,"enemies":"Writhing Mass","floor":44,"turns":3},{"damage":0,"enemies":"Nemesis","floor":45,"turns":9},{"damage":9,"enemies":"Spire Growth","floor":47,"turns":5},{"damage":2,"enemies":"Jaw Worm Horde","floor":48,"turns":4},{"damage":18,"enemies":"Time Eater","floor":50,"turns":3},{"damage":18,"enemies":"Donu and Deca","floor":51,"turns":7},{"damage":29,"enemies":"Shield and Spear","floor":55,"turns":4},{"damage":32,"enemies":"The Heart","floor":56,"turns":7}],"seed_played":"-6435931398304361176","potions_obtained":[{"floor":1.0,"key":"LiquidBronze"},{"floor":4,"key":"FearPotion"},{"floor":5,"key":"AttackPotion"},{"floor":12,"key":"CunningPotion"},{"floor":16,"key":"EssenceOfSteel"},{"floor":19,"key":"Swift Potion"},{"floor":24,"key":"SpeedPotion"},{"floor":30,"key":"SmokeBomb"},{"floor":31,"key":"Swift Potion"},{"floor":42,"key":"ColorlessPotion"},{"floor":44,"key":"Dexterity Potion"}],"is_trial":false,"path_per_floor":["M","M","?","M","M","R","E","$","T","R","E","M","R","M","R","B",null,"M","M","$","?","?","R","E","R","T","M","M","R","M","M","R","B",null,"M","?","?","?","$","R","M","M","T","M","E","$","M","M","R","B","B",null,"R","$","E","B",null],"character_chosen":"THE_SILENT","items_purchased":["Membership Card","Catalyst","Centennial Puzzle","Bottled Tornado","Frozen Egg 2","Footwork+1","Catalyst","PiercingWail","Blue Candle","ClockworkSouvenir","Bag of Preparation","Anchor","Finesse","LiquidBronze"],"campfire_rested":1,"item_purchase_floors":[8,20,20,39,39,39,39,39,46,54,54,54,54,54],"current_hp_per_floor":[63,63,63,63,62,62,62,62,62,62,49,19,19,19,19,13,57,59,56,56,56,50,50,26,47,47,41,38,50,51,53,68,70,72,53,53,53,53,53,68,68,57,57,53,55,55,48,48,63,47,31,59,68,68,39,9],"gold":414,"neow_bonus":"TEN_PERCENT_HP_BONUS","is_daily":false,"chose_seed":false,"campfire_upgraded":9,"win_rate":0.0,"timestamp":1611978523,"path_taken":["M","M","?","M","M","R","E","$","T","R","E","?","R","M","R","BOSS","M","M","$","?","?","R","E","R","T","M","M","R","M","?","R","BOSS","M","?","?","?","$","R","M","M","T","M","E","$","M","M","R","BOSS","BOSS","R","$","E","BOSS"],"items_purchased_type":["Relic","Card","Relic","Relic","Relic","Card","Card","Card","Relic","Relic","Relic","Relic","Card","Potion"],"build_version":"2020-12-18","purchased_purges":4,"victory":true,"max_hp_per_floor":[72,72,72,72,72,72,72,72,72,72,72,72,72,72,72,72,72,72,72,72,72,72,72,72,72,72,72,72,72,72,72,72,72,72,72,68,68,68,68,68,68,68,68,68,68,68,68,68,68,68,68,68,68,68,68,68],"relic_stats":{"Blood Vial":38,"Centennial Puzzle":[40],"counters":[28,138],"Blue Candle":[0],"Pandora\u0027s Box":["Bane","Infinite Blades","Endless Agony","Poisoned Stab","Finisher","Eviscerate","Infinite Blades","Tools of the Trade","Deflect"],"Eternal Feather":66,"PreservedInsect":77,"Bag of Preparation":[4],"Kunai":[32],"obtain_stats":[{"Blue Candle":46,"Eternal Feather":26,"PreservedInsect":45,"Omamori":11,"Bag of Preparation":54,"Bottled Tornado":39,"Frozen Egg 2":39,"Ancient Tea Set":7,"ClockworkSouvenir":54,"Blood Vial":9,"Centennial Puzzle":20,"Anchor":54,"Pandora\u0027s Box":17,"Coffee Dripper":34,"Bag of Marbles":55,"Membership Card":8,"Kunai":24,"Ring of the Snake":0},{"Blue Candle":22,"Eternal Feather":12,"PreservedInsect":22,"Omamori":6,"Bag of Preparation":26,"Bottled Tornado":18,"Frozen Egg 2":18,"Ancient Tea Set":5,"ClockworkSouvenir":26,"Blood Vial":5,"Centennial Puzzle":11,"Anchor":26,"Pandora\u0027s Box":9,"Coffee Dripper":17,"Bag of Marbles":27,"Membership Card":5,"Kunai":12,"Ring of the Snake":0},{"Blue Candle":108,"Eternal Feather":56,"PreservedInsect":108,"Omamori":28,"Bag of Preparation":127,"Bottled Tornado":85,"Frozen Egg 2":85,"Ancient Tea Set":20,"ClockworkSouvenir":127,"Blood Vial":20,"Centennial Puzzle":51,"Anchor":127,"Pandora\u0027s Box":45,"Coffee Dripper":79,"Bag of Marbles":131,"Membership Card":20,"Kunai":56,"Ring of the Snake":0}],"Ring of the Snake":[57]},"card_choices":[{"not_picked":["Eviscerate","Noxious Fumes"],"picked":"Masterful Stab","floor":1.0},{"not_picked":["Deflect","Acrobatics"],"picked":"Blade Dance","floor":2.0},{"not_picked":["Poisoned Stab","Sucker Punch"],"picked":"Bouncing Flask","floor":4},{"not_picked":["Bane","Underhanded Strike"],"picked":"Well Laid Plans","floor":5},{"not_picked":["Leg Sweep","Grand Finale"],"picked":"Burst","floor":7},{"not_picked":["Cloak And Dagger","Quick Slash"],"picked":"Calculated Gamble","floor":11},{"not_picked":["Concentrate","Heel Hook"],"picked":"Deflect","floor":12},{"not_picked":["Blade Dance","Deflect"],"picked":"Footwork","floor":14},{"not_picked":["Malaise","Storm of Steel"],"picked":"Corpse Explosion","floor":16},{"not_picked":["Underhanded Strike","Dagger Throw"],"picked":"Dodge and Roll+1","floor":18},{"not_picked":["Finisher","Prepared"],"picked":"PiercingWail","floor":19},{"not_picked":["Backflip","Escape Plan"],"picked":"Outmaneuver+1","floor":24},{"not_picked":["Sucker Punch","Expertise+1","Concentrate"],"picked":"SKIP","floor":27},{"not_picked":["Poisoned Stab","Outmaneuver","Expertise"],"picked":"SKIP","floor":28},{"not_picked":["Reflex","Flying Knee"],"picked":"Blade Dance","floor":30},{"not_picked":["Setup","Escape Plan"],"picked":"Dodge and Roll","floor":31},{"not_picked":["Venomology","Storm of Steel"],"picked":"Malaise","floor":33},{"not_picked":["Reflex","Underhanded Strike+1"],"picked":"Dodge and Roll+1","floor":35},{"not_picked":["Dagger Throw","Quick Slash","Well Laid Plans+1"],"picked":"SKIP","floor":41},{"not_picked":["Dagger Throw","Dagger Spray","Blade Dance"],"picked":"SKIP","floor":42},{"not_picked":["Phantasmal Killer","Dodge and Roll","Quick Slash"],"picked":"SKIP","floor":44},{"not_picked":["Flechettes","Prepared+1","Tactician+1"],"picked":"SKIP","floor":45},{"not_picked":["Outmaneuver","Accuracy+1","PiercingWail"],"picked":"SKIP","floor":47},{"not_picked":["Bane+1","Poisoned Stab+1"],"picked":"Deadly Poison","floor":48},{"not_picked":["Predator","Noxious Fumes+1"],"picked":"Catalyst+1","floor":55}],"player_experience":4000884,"relics_obtained":[{"floor":7,"key":"Ancient Tea Set"},{"floor":9,"key":"Blood Vial"},{"floor":11,"key":"Omamori"},{"floor":24,"key":"Kunai"},{"floor":26,"key":"Eternal Feather"},{"floor":45,"key":"PreservedInsect"},{"floor":55,"key":"Bag of Marbles"}],"event_choices":[{"cards_removed":["Defend_G"],"damage_healed":0,"gold_gain":0,"player_choice":"Purged","damage_taken":0,"max_hp_gain":0,"max_hp_loss":0,"event_name":"Purifier","floor":3,"gold_loss":0},{"cards_removed":["Infinite Blades"],"damage_healed":0,"gold_gain":0,"player_choice":"Elegance","damage_taken":0,"max_hp_gain":0,"max_hp_loss":0,"event_name":"Back to Basics","floor":21,"gold_loss":0},{"damage_healed":0,"gold_gain":0,"player_choice":"","damage_taken":6,"max_hp_gain":0,"max_hp_loss":0,"event_name":"Knowing Skull","floor":22,"potions_obtained":[],"gold_loss":0,"cards_obtained":[]},{"damage_healed":0,"gold_gain":0,"player_choice":"Max HP","damage_taken":0,"max_hp_gain":0,"max_hp_loss":4,"event_name":"Winding Halls","floor":36,"gold_loss":0},{"damage_healed":0,"gold_gain":999,"player_choice":"Gold","damage_taken":0,"max_hp_gain":0,"max_hp_loss":0,"event_name":"MindBloom","floor":37,"gold_loss":0,"cards_obtained":["Normality","Normality"]},{"damage_healed":0,"gold_gain":0,"player_choice":"Ignored","damage_taken":0,"max_hp_gain":0,"max_hp_loss":0,"event_name":"Tomb of Lord Red Mask","floor":38,"gold_loss":0}],"is_beta":true,"boss_relics":[{"not_picked":["Empty Cage","Sozu"],"picked":"Pandora\u0027s Box"},{"not_picked":["Busted Crown","Snecko Eye"],"picked":"Coffee Dripper"}],"items_purged_floors":[20,39,46,54],"is_endless":false,"potions_floor_spawned":[1,4,5,12,16,19,24,30,31,42,44,45],"ascension_level":20}}