{"host":"vumwfieg2b2mnrfl","time":1611974762,"event":{"mods":["AchievementEnabler","BaseMod","Minty Spire (QoL Compilation)","Rare Cards Sparkle","Relic Stats"],"gold_per_floor":[114,114,126,141,291,291,324,89,89,103,103,103,117,152,152,229,229,186,186,203,213,213,241,241,258,258,258,258,158,171,186,186,260,260,273,1,1,16,16,16,44,44,93,105,105,136,136,166,166,166,166],"floor_reached":50,"language":"ENG","playtime":2288,"items_purged":["Doubt","Defend_G","Strike_G"],"score":1266,"play_id":"235be3ed-f219-4f22-b5f0-cf22d3d7e20e","local_time":"20210129204602","is_ascension_mode":true,"campfire_choices":[{"data":"Neutralize","floor":6.0,"key":"SMITH"},{"floor":12.0,"key":"REST"},{"data":"Noxious Fumes","floor":15.0,"key":"SMITH"},{"data":"Wraith Form v2","floor":24.0,"key":"SMITH"},{"floor":28.0,"key":"REST"},{"floor":32.0,"key":"REST"},{"data":"After Image","floor":40.0,"key":"SMITH"},{"data":"Prepared","floor":42.0,"key":"SMITH"},{"data":"Well Laid Plans","floor":47.0,"key":"SMITH"},{"floor":49,"key":"REST"}],"circlet_count":0,"master_deck":["AscendersBane","Strike_G+1","Strike_G+1","Defend_G","Defend_G","Defend_G","Survivor","Neutralize+1","Deadly Poison","Poisoned Stab","Dagger Spray","Dash","Noxious Fumes+1","After Image+1","Storm of Steel","Blade Dance","Prepared+1","Accuracy","After Image","Infinite Blades","Blade Dance","Acrobatics","Wraith Form v2+1","Leg Sweep","Blade Dance","Deflect","Noxious Fumes","After Image","Well Laid Plans+1","Blade Dance","Panache","Flash of Steel","Blur","Blur","Bouncing Flask","Wraith Form v2"],"relics":["Ring of the Snake","NeowsBlessing","Pear","Orrery","Kunai","Lizard Tail","Philosopher\u0027s Stone","Thread and Needle","Whetstone","WristBlade","Ancient Tea Set","Potion Belt","Gambling Chip","Shuriken"],"acts_visited":["Exordium","TheCity","TheBeyond"],"potions_floor_usage":[50,50,50],"damage_taken":[{"damage":0.0,"enemies":"Small Slimes","floor":1.0,"turns":1.0},{"damage":0.0,"enemies":"Jaw Worm","floor":3.0,"turns":1.0},{"damage":0.0,"enemies":"2 Louse","floor":4.0,"turns":1.0},{"damage":22.0,"enemies":"3 Sentries","floor":7.0,"turns":9.0},{"damage":12.0,"enemies":"Gremlin Gang","floor":10.0,"turns":6.0},{"damage":0.0,"enemies":"Exordium Wildlife","floor":13.0,"turns":4.0},{"damage":20.0,"enemies":"Lagavulin","floor":14.0,"turns":9.0},{"damage":5.0,"enemies":"Hexaghost","floor":16.0,"turns":9.0},{"damage":31.0,"enemies":"2 Thieves","floor":18.0,"turns":5.0},{"damage":7.0,"enemies":"Spheric Guardian","floor":20.0,"turns":4.0},{"damage":14.0,"enemies":"Centurion and Healer","floor":21.0,"turns":7.0},{"damage":18.0,"enemies":"Gremlin Leader","floor":23.0,"turns":7.0},{"damage":27.0,"enemies":"Cultist and Chosen","floor":25.0,"turns":7.0},{"damage":14.0,"enemies":"Snecko","floor":30.0,"turns":6.0},{"damage":1.0,"enemies":"Centurion and Healer","floor":31.0,"turns":9.0},{"damage":29.0,"enemies":"Collector","floor":33.0,"turns":8.0},{"damage":0.0,"enemies":"3 Darklings","floor":35.0,"turns":5.0},{"damage":0.0,"enemies":"3 Shapes","floor":38.0,"turns":1.0},{"damage":0.0,"enemies":"Reptomancer","floor":41.0,"turns":7.0},{"damage":0.0,"enemies":"Spire Growth","floor":44.0,"turns":5.0},{"damage":0.0,"enemies":"Nemesis","floor":46.0,"turns":9.0},{"damage":4,"enemies":"Reptomancer","floor":48,"turns":7},{"damage":68,"enemies":"Time Eater","floor":50,"turns":8}],"seed_played":"8308397013885190115","potions_obtained":[{"floor":4.0,"key":"Explosive Potion"},{"floor":10.0,"key":"Strength Potion"},{"floor":13.0,"key":"Fire Potion"},{"floor":18.0,"key":"EssenceOfSteel"},{"floor":30.0,"key":"Strength Potion"},{"floor":31.0,"key":"Poison Potion"},{"floor":33.0,"key":"DistilledChaos"},{"floor":44.0,"key":"SmokeBomb"},{"floor":46.0,"key":"EntropicBrew"},{"floor":48,"key":"Dexterity Potion"}],"is_trial":false,"path_per_floor":["M","?","M","M","?","R","E","$","T","M","?","R","M","E","R","B",null,"M","?","M","M","?","E","R","M","T","?","R","$","M","M","R","B",null,"M","$","?","M","?","R","E","R","T","M","?","E","R","E","R","B"],"character_chosen":"THE_SILENT","items_purchased":["Orrery","Well Laid Plans","Blade Dance"],"campfire_rested":4,"item_purchase_floors":[8,36,36],"current_hp_per_floor":[59,59,59,59,59,59,47,47,47,35,28,50,50,30,30,25,63,32,32,25,11,11,38,38,11,11,11,33,33,19,18,40,11,60,60,60,50,50,50,50,50,50,50,50,50,50,50,46,68,0,0],"gold":166,"neow_bonus":"THREE_ENEMY_KILL","is_daily":false,"chose_seed":false,"campfire_upgraded":6,"win_rate":0.0,"timestamp":1611974762,"path_taken":["M","?","M","M","?","R","E","$","T","?","?","R","M","E","R","BOSS","M","?","?","M","?","E","R","M","T","?","R","$","M","M","R","BOSS","M","$","?","M","?","R","E","R","T","M","?","E","R","E","R","BOSS"],"items_purchased_type":["Relic","Card","Card"],"build_version":"2020-12-22","purchased_purges":3,"victory":false,"max_hp_per_floor":[66,66,66,66,66,66,76,76,76,76,76,76,76,76,76,76,76,76,76,76,76,76,76,76,76,76,76,76,76,76,76,76,76,76,76,76,76,76,76,76,76,76,76,76,76,76,76,76,76,76,76],"relic_stats":{"Lizard Tail":38,"counters":[23,135],"Shuriken":[3],"Gambling Chip":[8],"Kunai":[77],"Whetstone":["Strike_G","Strike_G"],"obtain_stats":[{"Potion Belt":43,"Pear":7,"NeowsBlessing":0,"Thread and Needle":23,"Whetstone":26,"Ancient Tea Set":41,"Lizard Tail":14,"WristBlade":34,"Shuriken":48,"Gambling Chip":46,"Orrery":8,"Philosopher\u0027s Stone":17,"Kunai":9,"Ring of the Snake":0},{"Potion Belt":19,"Pear":4,"NeowsBlessing":0,"Thread and Needle":12,"Whetstone":13,"Ancient Tea Set":19,"Lizard Tail":7,"WristBlade":16,"Shuriken":22,"Gambling Chip":21,"Orrery":4,"Philosopher\u0027s Stone":8,"Kunai":4,"Ring of the Snake":0},{"Potion Belt":106,"Pear":12,"NeowsBlessing":0,"Thread and Needle":63,"Whetstone":70,"Ancient Tea Set":106,"Lizard Tail":31,"WristBlade":93,"Shuriken":127,"Gambling Chip":120,"Orrery":12,"Philosopher\u0027s Stone":40,"Kunai":12,"Ring of the Snake":0}],"Ring of the Snake":[46]},"card_choices":[{"not_picked":["Prepared","Setup"],"picked":"Deadly Poison","floor":1.0},{"not_picked":["Slice","Deadly Poison"],"picked":"Poisoned Stab","floor":3.0},{"not_picked":["Backflip","Distraction"],"picked":"Dagger Spray","floor":4.0},{"not_picked":["Sucker Punch","Backflip"],"picked":"Dash","floor":7.0},{"not_picked":["Bane","Terror"],"picked":"Noxious Fumes","floor":8.0},{"not_picked":["Outmaneuver","Distraction"],"picked":"After Image","floor":8.0},{"not_picked":["Quick Slash","Outmaneuver"],"picked":"Storm of Steel","floor":8.0},{"not_picked":["Underhanded Strike","Slice"],"picked":"Blade Dance","floor":10.0},{"not_picked":["Slice","Acrobatics"],"picked":"Prepared","floor":13.0},{"not_picked":["Acrobatics","Cloak And Dagger"],"picked":"Accuracy","floor":14.0},{"not_picked":["Storm of Steel","Bullet Time"],"picked":"After Image","floor":16.0},{"not_picked":["Dagger Throw","Slice","Concentrate+1"],"picked":"SKIP","floor":18.0},{"not_picked":["Quick Slash","Cloak And Dagger"],"picked":"Blade Dance","floor":20.0},{"not_picked":["Dodge and Roll","Riddle With Holes"],"picked":"Acrobatics","floor":21.0},{"not_picked":["Footwork","Infinite Blades"],"picked":"Wraith Form v2","floor":23.0},{"not_picked":["Cloak And Dagger","Backflip"],"picked":"Leg Sweep","floor":25.0},{"not_picked":["Deflect","Endless Agony","Outmaneuver"],"picked":"SKIP","floor":30.0},{"not_picked":["Endless Agony","Outmaneuver"],"picked":"Deflect","floor":30.0},{"not_picked":["Flechettes","Deflect"],"picked":"Noxious Fumes","floor":31.0},{"not_picked":["Tools of the Trade","Adrenaline"],"picked":"After Image","floor":33.0},{"not_picked":["Underhanded Strike+1","Deflect","Dagger Throw"],"picked":"SKIP","floor":35.0},{"not_picked":["Chrysalis","Panacea"],"picked":"Panache","floor":37.0},{"not_picked":["Purity","Madness"],"picked":"Flash of Steel","floor":37.0},{"not_picked":["Concentrate","Setup"],"picked":"Blur","floor":38.0},{"not_picked":["Predator+1","Choke"],"picked":"Blur","floor":41.0},{"not_picked":["Poisoned Stab+1","Dagger Spray","Deflect"],"picked":"SKIP","floor":44.0},{"not_picked":["Dodge and Roll","Flying Knee","Terror"],"picked":"SKIP","floor":46.0},{"not_picked":["Well Laid Plans","Underhanded Strike"],"picked":"Wraith Form v2","floor":48}],"player_experience":495895,"relics_obtained":[{"floor":7.0,"key":"Pear"},{"floor":9.0,"key":"Kunai"},{"floor":14.0,"key":"Lizard Tail"},{"floor":23.0,"key":"Thread and Needle"},{"floor":26.0,"key":"Whetstone"},{"floor":41.0,"key":"Ancient Tea Set"},{"floor":43.0,"key":"Potion Belt"},{"floor":46.0,"key":"Gambling Chip"},{"floor":48,"key":"Shuriken"}],"event_choices":[{"damage_healed":0.0,"max_hp_gain":0.0,"max_hp_loss":0.0,"gold_gain":0.0,"event_name":"The Cleric","player_choice":"Leave","floor":2.0,"gold_loss":0.0,"damage_taken":0.0},{"damage_healed":0.0,"max_hp_gain":0.0,"max_hp_loss":0.0,"gold_gain":150.0,"event_name":"Liars Game","player_choice":"AGREE","floor":5.0,"gold_loss":0.0,"damage_taken":0.0,"cards_obtained":["Doubt"]},{"cards_removed":["Strike_G"],"damage_healed":0.0,"max_hp_gain":0.0,"max_hp_loss":0.0,"gold_gain":0.0,"event_name":"Golden Wing","player_choice":"Card Removal","floor":11.0,"gold_loss":0.0,"damage_taken":7.0},{"damage_healed":0.0,"max_hp_gain":0.0,"max_hp_loss":0.0,"gold_gain":0.0,"event_name":"Match and Keep!","player_choice":"1 cards matched","floor":19.0,"gold_loss":0.0,"damage_taken":0.0,"cards_obtained":["Infinite Blades"]},{"damage_healed":0.0,"max_hp_gain":0.0,"max_hp_loss":0.0,"gold_gain":0.0,"event_name":"The Mausoleum","player_choice":"Ignored","floor":22.0,"gold_loss":0.0,"damage_taken":0.0},{"damage_healed":0.0,"max_hp_gain":0.0,"max_hp_loss":0.0,"gold_gain":0.0,"event_name":"The Library","player_choice":"Read","floor":27.0,"gold_loss":0.0,"damage_taken":0.0,"cards_obtained":["Blade Dance"]},{"damage_healed":0.0,"max_hp_gain":0.0,"max_hp_loss":0.0,"gold_gain":0.0,"event_name":"SensoryStone","player_choice":"Memory 3","floor":37.0,"gold_loss":0.0,"damage_taken":10.0},{"cards_removed":["Strike_G"],"damage_healed":0.0,"max_hp_gain":0.0,"max_hp_loss":0.0,"gold_gain":0.0,"event_name":"Falling","player_choice":"Removed Attack","floor":39.0,"gold_loss":0.0,"damage_taken":0.0},{"damage_healed":0.0,"max_hp_gain":0.0,"max_hp_loss":0.0,"gold_gain":0.0,"cards_transformed":["Defend_G"],"event_name":"Transmorgrifier","player_choice":"Transformed","floor":45.0,"gold_loss":0.0,"damage_taken":0.0,"cards_obtained":["Bouncing Flask"]}],"is_beta":false,"boss_relics":[{"not_picked":["Runic Dome","Astrolabe"],"picked":"Philosopher\u0027s Stone"},{"not_picked":["Cursed Key","Ring of the Serpent"],"picked":"WristBlade"}],"items_purged_floors":[8,29,36],"is_endless":false,"potions_floor_spawned":[4,10,13,18,30,31,33,44,46,48],"killed_by":"Time Eater","ascension_level":20}}