{"host":"2wp95sdfrgw3k439","time":1611990876,"event":{"mods":["BaseMod","Better Altar","Better Skull","Better Third Choice","Curses Come First","Minty Spire (QoL Compilation)","Permanent Neow","StSLib"],"gold_per_floor":[165,6,18,18,31,64,64,83,83,115,134,134,134,152,152,271,271,271,271,271,286,304,339,339,363,363,288,288,307,307,332,332,451,451,476,496,514,514,9,9,72,72,72,87,87,87],"floor_reached":45,"language":"ENG","playtime":2482,"items_purged":["Strike_P"],"score":615,"play_id":"6577b5fd-6e36-4c68-ac4e-6306c74581ae","local_time":"20210130001436","is_ascension_mode":true,"campfire_choices":[{"floor":7,"key":"REST"},{"floor":12,"key":"REST"},{"data":"BattleHymn","floor":15,"key":"SMITH"},{"floor":24,"key":"REST"},{"floor":28,"key":"REST"},{"floor":32,"key":"REST"},{"floor":40,"key":"REST"},{"data":"ConjureBlade","floor":42,"key":"SMITH"}],"circlet_count":0,"master_deck":["Strike_P+1","Strike_P+1","Defend_P+1","Defend_P+1","Defend_P+1","Defend_P+1","Eruption","Vigilance+1","EmptyBody","CrushJoints","Perseverance","CutThroughFate","CutThroughFate","Conclude","Weave+1","BattleHymn+1","EmptyFist","Weave","Devotion","Pray+1","FlyingSleeves+1","Vengeance+1","DeusExMachina","FlurryOfBlows+1","ConjureBlade+1","FlurryOfBlows+1","Prostrate+1","Judgement","Indignation"],"relics":["Tiny House","Gambling Chip","Sundial","Torii","Shuriken","Boot","Golden Idol","Philosopher\u0027s Stone","Bird Faced Urn","Anchor","Snecko Eye","ClockworkSouvenir","Whetstone","Mango","Meat on the Bone"],"acts_visited":["Exordium","TheCity","TheBeyond"],"potions_floor_usage":[1,3,5,6,16,18,22,23,33,33,33,35,36,41,44,45],"damage_taken":[{"damage":2,"enemies":"Cultist","floor":1,"turns":5},{"damage":7,"enemies":"Jaw Worm","floor":3,"turns":3},{"damage":0,"enemies":"2 Louse","floor":5,"turns":1},{"damage":29,"enemies":"Gremlin Nob","floor":6,"turns":5},{"damage":1,"enemies":"Blue Slaver","floor":8,"turns":2},{"damage":0,"enemies":"Lagavulin","floor":10,"turns":4},{"damage":11,"enemies":"Exordium Thugs","floor":11,"turns":4},{"damage":0,"enemies":"2 Fungi Beasts","floor":14,"turns":2},{"damage":16,"enemies":"The Guardian","floor":16,"turns":7},{"damage":8,"enemies":"Chosen","floor":18,"turns":4},{"damage":0,"enemies":"Spheric Guardian","floor":21,"turns":3},{"damage":7,"enemies":"3 Cultists","floor":22,"turns":4},{"damage":63,"enemies":"Book of Stabbing","floor":23,"turns":6},{"damage":29,"enemies":"Snake Plant","floor":25,"turns":4},{"damage":0,"enemies":"Snecko","floor":29,"turns":2},{"damage":0,"enemies":"Chosen and Byrds","floor":31,"turns":3},{"damage":22,"enemies":"Collector","floor":33,"turns":3},{"damage":14,"enemies":"3 Darklings","floor":35,"turns":5},{"damage":37,"enemies":"3 Shapes","floor":36,"turns":4},{"damage":10,"enemies":"Spire Growth","floor":37,"turns":3},{"damage":0,"enemies":"Mind Bloom Boss Battle","floor":41,"turns":3},{"damage":18,"enemies":"3 Darklings","floor":44,"turns":4},{"damage":54,"enemies":"Writhing Mass","floor":45,"turns":5}],"seed_played":"-6705699740822640943","potions_obtained":[{"floor":0,"key":"EntropicBrew"},{"floor":8,"key":"Swift Potion"},{"floor":11,"key":"SmokeBomb"},{"floor":14,"key":"EssenceOfSteel"},{"floor":21,"key":"StancePotion"},{"floor":23,"key":"FairyPotion"},{"floor":25,"key":"Explosive Potion"},{"floor":29,"key":"LiquidMemories"},{"floor":30,"key":"Ambrosia"},{"floor":30,"key":"GamblersBrew"},{"floor":33,"key":"SteroidPotion"},{"floor":36,"key":"Fruit Juice"},{"floor":37,"key":"BottledMiracle"},{"floor":44,"key":"Energy Potion"}],"is_trial":false,"path_per_floor":["M","$","M","?","M","E","R","M","T","E","M","R","?","M","R","B",null,"M","?","?","M","M","E","R","M","T","?","R","M","?","M","R","B",null,"M","M","M","?","$","R","?","R","T","M","M"],"character_chosen":"WATCHER","items_purchased":["Perseverance","CutThroughFate","ClockworkSouvenir","Whetstone","Judgement","Block Potion"],"campfire_rested":6,"item_purchase_floors":[2,2,39,39,39,39],"current_hp_per_floor":[75,75,68,53,53,24,47,46,46,46,35,58,39,39,39,23,64,56,56,77,77,70,7,30,5,5,5,28,30,30,30,53,35,67,57,29,23,23,23,47,65,65,65,51,0,0],"gold":87,"neow_bonus":"BOSS_RELIC","is_daily":false,"chose_seed":false,"campfire_upgraded":2,"win_rate":0.0,"timestamp":1611990876,"path_taken":["M","?","?","?","M","E","R","M","T","E","M","R","?","M","R","BOSS","M","?","?","?","M","E","R","M","T","?","R","M","?","M","R","BOSS","M","?","M","?","$","R","?","R","T","M","M"],"items_purchased_type":["Card","Card","Relic","Relic","Card","Potion"],"build_version":"2020-12-22","purchased_purges":1,"victory":false,"max_hp_per_floor":[77,77,77,77,77,77,77,77,77,77,77,77,77,77,77,77,77,77,77,77,77,77,77,77,77,77,77,77,77,77,77,77,77,77,77,82,82,82,82,82,96,96,96,96,96,96],"card_choices":[{"not_picked":["FlyingSleeves","WreathOfFlame"],"picked":"EmptyBody","floor":0},{"not_picked":["BowlingBash","FlyingSleeves"],"picked":"CrushJoints","floor":1},{"not_picked":["Fasting2","FlyingSleeves"],"picked":"CutThroughFate","floor":3},{"not_picked":["WaveOfTheHand","SashWhip"],"picked":"Conclude","floor":5},{"not_picked":["Crescendo","CrushJoints"],"picked":"Weave","floor":6},{"not_picked":["Evaluate","FollowUp"],"picked":"BattleHymn","floor":8},{"not_picked":["Consecrate","Prostrate"],"picked":"Study","floor":10},{"not_picked":["SashWhip","Wish"],"picked":"EmptyFist","floor":11},{"not_picked":["ClearTheMind","TalkToTheHand"],"picked":"Weave","floor":14},{"not_picked":["Scrawl","Judgement"],"picked":"Devotion","floor":16},{"not_picked":["EmptyBody","PathToVictory+1","ThirdEye"],"picked":"SKIP","floor":21},{"not_picked":["CrushJoints","DeceiveReality"],"picked":"Pray+1","floor":22},{"not_picked":["CarveReality","Indignation"],"picked":"FlyingSleeves+1","floor":23},{"not_picked":["Crescendo","CutThroughFate"],"picked":"Vengeance+1","floor":25},{"not_picked":["Halt","JustLucky"],"picked":"DeusExMachina","floor":29},{"not_picked":["InnerPeace","BowlingBash"],"picked":"FlurryOfBlows","floor":31},{"not_picked":["Omniscience","Blasphemy"],"picked":"ConjureBlade","floor":33},{"not_picked":["InnerPeace","JustLucky","ReachHeaven"],"picked":"SKIP","floor":35},{"not_picked":["EmptyFist","Evaluate+1"],"picked":"FlurryOfBlows+1","floor":36},{"not_picked":["JustLucky+1","Perseverance+1"],"picked":"Prostrate+1","floor":37},{"not_picked":["InnerPeace","BowlingBash"],"picked":"Indignation","floor":41},{"not_picked":["EmptyBody","Consecrate","SashWhip"],"picked":"SKIP","floor":44}],"player_experience":515654,"relics_obtained":[{"floor":6,"key":"Torii"},{"floor":9,"key":"Shuriken"},{"floor":10,"key":"Boot"},{"floor":23,"key":"Bird Faced Urn"},{"floor":26,"key":"Anchor"},{"floor":41,"key":"Mango"},{"floor":43,"key":"Meat on the Bone"}],"event_choices":[{"damage_healed":0,"gold_gain":1,"player_choice":"Relic Relic ","damage_taken":15,"max_hp_gain":0,"max_hp_loss":0,"event_name":"betterThird:BetterScrap","floor":4,"gold_loss":0,"cards_obtained":["Berserk"]},{"damage_healed":0,"gold_gain":0,"player_choice":"Take Damage","damage_taken":19,"relics_obtained":["Golden Idol"],"max_hp_gain":0,"max_hp_loss":0,"event_name":"Golden Idol","floor":13,"gold_loss":0},{"damage_healed":0,"gold_gain":0,"player_choice":"Simplicity","damage_taken":0,"max_hp_gain":0,"max_hp_loss":7,"event_name":"betterThird:BetterWriting","floor":19,"gold_loss":0},{"damage_healed":25,"gold_gain":0,"player_choice":"Heal","damage_taken":0,"max_hp_gain":0,"max_hp_loss":0,"event_name":"The Library","floor":20,"gold_loss":0},{"cards_removed":["Study"],"damage_healed":0,"gold_gain":0,"player_choice":"Gave Gold","damage_taken":0,"max_hp_gain":0,"max_hp_loss":0,"event_name":"Beggar","floor":27,"gold_loss":75},{"damage_healed":0,"gold_gain":0,"player_choice":"Got Potions","damage_taken":0,"max_hp_gain":0,"max_hp_loss":0,"event_name":"Lab","floor":30,"gold_loss":0},{"cards_removed":["Strike_P"],"damage_healed":0,"gold_gain":0,"player_choice":"Removed Attack","damage_taken":0,"max_hp_gain":0,"max_hp_loss":0,"event_name":"Falling","floor":38,"gold_loss":0},{"damage_healed":0,"gold_gain":0,"player_choice":"Fight","damage_taken":0,"max_hp_gain":0,"max_hp_loss":0,"event_name":"MindBloom","floor":41,"gold_loss":0}],"is_beta":false,"boss_relics":[{"not_picked":["SacredBark","Coffee Dripper"],"picked":"Philosopher\u0027s Stone"},{"not_picked":["Pandora\u0027s Box","Black Star"],"picked":"Snecko Eye"}],"items_purged_floors":[2],"is_endless":false,"potions_floor_spawned":[8,11,14,21,23,25,29,33,36,37,44],"killed_by":"Writhing Mass","ascension_level":5}}