{"host":"jhy70w0yh8dayqay","time":1611989650,"event":{"mods":["AchievementEnabler","BaseMod","Colored Map","Colored Powertips","DeckTracker","Minty Spire (QoL Compilation)","Permanent Neow","SuperFastMode"],"gold_per_floor":[114,128,138,148,158,191,191,222,222,240,240,240,257,270,270,342,342,353,353,39,39,56,56,83,83,83,83,99,113,146,181,181,254,254,270,270,286,298,298,298],"floor_reached":39,"language":"KOR","playtime":1155,"items_purged":["Strike_R"],"score":761,"play_id":"623b2435-41c3-4795-b34f-f12d74e234de","local_time":"20210130155410","is_ascension_mode":true,"campfire_choices":[{"data":"Carnage","floor":7.0,"key":"SMITH"},{"data":"Infernal Blade","floor":12.0,"key":"SMITH"},{"data":"Shockwave","floor":15.0,"key":"SMITH"},{"data":"Inflame","floor":23,"key":"SMITH"},{"data":"Double Tap","floor":25,"key":"SMITH"},{"data":"Dark Embrace","floor":32,"key":"SMITH"}],"circlet_count":0,"master_deck":["AscendersBane","Bash","Thunderclap","Shockwave+1","Carnage+1","Shrug It Off","Shrug It Off","Infernal Blade+1","Inflame+1","Cleave","Wild Strike","Double Tap+1","Shrug It Off+1","Inflame","Dropkick","Sword Boomerang+1","Dark Embrace+1","Corruption","Barricade","Pommel Strike","Evolve","Thunderclap","Rage","Searing Blow","Feel No Pain+1","Entrench"],"relics":["Burning Blood","Orichalcum","Charon\u0027s Ashes","Vajra","Pantograph","Coffee Dripper","Bottled Tornado","Happy Flower","Letter Opener","Red Mask","Ice Cream","Pandora\u0027s Box"],"acts_visited":["Exordium","TheCity","TheBeyond"],"potions_floor_usage":[24,30,33],"damage_taken":[{"damage":6.0,"enemies":"2 Louse","floor":1.0,"turns":3.0},{"damage":0.0,"enemies":"Cultist","floor":2.0,"turns":3.0},{"damage":6.0,"enemies":"Jaw Worm","floor":3.0,"turns":3.0},{"damage":0.0,"enemies":"Large Slime","floor":4.0,"turns":4.0},{"damage":4.0,"enemies":"Looter","floor":5.0,"turns":4.0},{"damage":10.0,"enemies":"Gremlin Nob","floor":6.0,"turns":3.0},{"damage":29.0,"enemies":"Lagavulin","floor":8.0,"turns":8.0},{"damage":8.0,"enemies":"Red Slaver","floor":10.0,"turns":2.0},{"damage":0.0,"enemies":"Large Slime","floor":13.0,"turns":3.0},{"damage":2.0,"enemies":"2 Fungi Beasts","floor":14.0,"turns":2.0},{"damage":35,"enemies":"The Guardian","floor":16,"turns":12},{"damage":10,"enemies":"2 Thieves","floor":18,"turns":2},{"damage":0,"enemies":"Chosen","floor":22,"turns":4},{"damage":12,"enemies":"Gremlin Leader","floor":24,"turns":4},{"damage":13,"enemies":"Shelled Parasite and Fungi","floor":28,"turns":3},{"damage":1,"enemies":"Cultist and Chosen","floor":29,"turns":4},{"damage":2,"enemies":"Masked Bandits","floor":30,"turns":2},{"damage":22,"enemies":"Book of Stabbing","floor":31,"turns":4},{"damage":44,"enemies":"Automaton","floor":33,"turns":7},{"damage":6,"enemies":"Orb Walker","floor":35,"turns":2},{"damage":26,"enemies":"3 Shapes","floor":37,"turns":3},{"damage":27,"enemies":"Writhing Mass","floor":38,"turns":5},{"damage":36,"enemies":"2 Orb Walkers","floor":39,"turns":2}],"seed_played":"-946632426478600941","potions_obtained":[{"floor":1.0,"key":"FearPotion"},{"floor":3.0,"key":"DuplicationPotion"},{"floor":10.0,"key":"SpeedPotion"},{"floor":13.0,"key":"Weak Potion"},{"floor":24,"key":"Ancient Potion"},{"floor":30,"key":"Fire Potion"},{"floor":38,"key":"SteroidPotion"}],"is_trial":false,"path_per_floor":["M","M","M","M","M","E","R","E","T","M","?","R","M","M","R","B",null,"M","?","$","?","M","R","E","R","T","?","M","M","?","E","R","B",null,"M","?","M","M","?"],"character_chosen":"IRONCLAD","items_purchased":["Bottled Tornado"],"campfire_rested":0,"item_purchase_floors":[20],"current_hp_per_floor":[68,74,74,75,75,71,71,48,48,46,46,46,52,56,56,46,68,64,64,64,64,70,70,64,64,64,64,57,62,66,50,50,37,66,66,66,46,25,0,0],"gold":298,"neow_bonus":"RANDOM_COMMON_RELIC","is_daily":false,"chose_seed":false,"campfire_upgraded":6,"win_rate":0.0,"timestamp":1611989650,"path_taken":["M","M","M","M","M","E","R","E","T","M","?","R","?","M","R","BOSS","M","?","$","?","M","R","E","R","T","?","M","M","?","E","R","BOSS","M","?","M","?","?"],"items_purchased_type":["Relic"],"build_version":"2020-12-22","purchased_purges":1,"victory":false,"max_hp_per_floor":[75,75,75,75,75,75,75,75,75,75,75,75,75,75,75,75,75,75,75,75,75,75,75,75,75,75,75,75,75,75,75,75,75,75,75,75,75,75,75,75],"card_choices":[{"not_picked":["Combust","Rupture"],"picked":"Thunderclap","floor":1.0},{"not_picked":["Flex","Heavy Blade"],"picked":"Shockwave","floor":2.0},{"not_picked":["Entrench","Rage"],"picked":"Carnage","floor":3.0},{"not_picked":["Feel No Pain","Rupture"],"picked":"Shrug It Off","floor":4.0},{"not_picked":["Iron Wave","Warcry","Bloodletting"],"picked":"SKIP","floor":5.0},{"not_picked":["Intimidate","Rage"],"picked":"Shrug It Off","floor":6.0},{"not_picked":["Fiend Fire","Havoc"],"picked":"Infernal Blade","floor":8.0},{"not_picked":["Shockwave","Rage","Iron Wave"],"picked":"SKIP","floor":10.0},{"not_picked":["Flex","Havoc"],"picked":"Cleave","floor":13.0},{"not_picked":["Entrench","Heavy Blade"],"picked":"Wild Strike","floor":14.0},{"not_picked":["Juggernaut","Reaper"],"picked":"Double Tap","floor":16},{"not_picked":["Flex","Havoc"],"picked":"Shrug It Off+1","floor":18},{"not_picked":["Shrug It Off","Wild Strike+1"],"picked":"Inflame","floor":22},{"not_picked":["Wild Strike","Dual Wield"],"picked":"Dropkick","floor":24},{"not_picked":["Thunderclap","Clash","Sword Boomerang"],"picked":"SKIP","floor":28},{"not_picked":["Shockwave","Headbutt"],"picked":"Sword Boomerang+1","floor":29},{"not_picked":["Pommel Strike","Shrug It Off"],"picked":"Dark Embrace","floor":31},{"not_picked":["Reaper","Bludgeon"],"picked":"Corruption","floor":33},{"not_picked":["Sentinel","Iron Wave","Thunderclap+1"],"picked":"SKIP","floor":35},{"not_picked":["Sentinel","Iron Wave","Thunderclap+1"],"picked":"SKIP","floor":35},{"not_picked":["Infernal Blade","Disarm"],"picked":"Feel No Pain+1","floor":37},{"not_picked":["Rampage+1","Flame Barrier"],"picked":"Entrench","floor":38}],"player_experience":461032,"relics_obtained":[{"floor":6.0,"key":"Charon\u0027s Ashes"},{"floor":8.0,"key":"Vajra"},{"floor":9.0,"key":"Pantograph"},{"floor":24,"key":"Happy Flower"},{"floor":26,"key":"Letter Opener"},{"floor":30,"key":"Red Mask"},{"floor":31,"key":"Ice Cream"}],"event_choices":[{"damage_healed":0.0,"max_hp_gain":0.0,"max_hp_loss":0.0,"gold_gain":0.0,"cards_transformed":["Strike_R"],"event_name":"Transmorgrifier","player_choice":"Transformed","floor":11.0,"gold_loss":0.0,"damage_taken":0.0,"cards_obtained":["Inflame"]},{"cards_removed":["Strike_R"],"damage_healed":0,"gold_gain":0,"player_choice":"Elegance","damage_taken":0,"max_hp_gain":0,"max_hp_loss":0,"event_name":"Back to Basics","floor":19,"gold_loss":0},{"damage_healed":0,"gold_gain":0,"player_choice":"Ignored","damage_taken":0,"max_hp_gain":0,"max_hp_loss":0,"event_name":"The Mausoleum","floor":21,"gold_loss":0},{"damage_healed":0,"gold_gain":0,"player_choice":"Ignored","damage_taken":0,"max_hp_gain":0,"max_hp_loss":0,"event_name":"Ghosts","floor":27,"gold_loss":0},{"damage_healed":0,"gold_gain":0,"player_choice":"Fought Bandits","damage_taken":0,"max_hp_gain":0,"max_hp_loss":0,"event_name":"Masked Bandits","floor":30,"gold_loss":0},{"damage_healed":0,"gold_gain":0,"player_choice":"Ignored","damage_taken":0,"max_hp_gain":0,"max_hp_loss":0,"event_name":"SecretPortal","floor":36,"gold_loss":0},{"damage_healed":0,"gold_gain":0,"player_choice":"Fight","damage_taken":0,"max_hp_gain":0,"max_hp_loss":0,"event_name":"Mysterious Sphere","floor":39,"gold_loss":0}],"is_beta":false,"boss_relics":[{"not_picked":["Runic Cube","Astrolabe"],"picked":"Coffee Dripper"},{"not_picked":["Cursed Key","Snecko Eye"],"picked":"Pandora\u0027s Box"}],"items_purged_floors":[20],"is_endless":false,"potions_floor_spawned":[1,3,4,10,13,14,24,30,31,38],"killed_by":"2 Orb Walkers","ascension_level":15}}