{"host":"pletss163z7s8pvv","time":1611975083,"event":{"mods":["AchievementEnabler","BaseMod","Better Altar","Better Match","Better Note","Better Sensory Stone","Better Skull","Better Third Choice","BetterRewards","CapriCore","ChefMod","Colored Map","Colored Powertips","Conspire","Energized Spire","Evolution","GifTheSpireLib","Hermit","Ironclad Rager","Marked Mod","Minty Spire (QoL Compilation)","Retaliation","Spicy Shops","StS++","StSLib","The Alterego","The Blue Laboratory","The Cursed","The Disciple","The Forsaken"],"gold_per_floor":[159,159,27,27,27,111,111,168,168,168,228,71,131,131,131,422,422,455,32,32,32,89,89,23,23,23,62,62,98,26,80,80,380,380,416,87,138,138,198,276,276,321,321,321,1,1,49,5,5,5],"floor_reached":51,"language":"ENG","playtime":2154,"items_purged":["LockedTornado","Normality","LockedTornado","Normality"],"score":773,"play_id":"70b4d965-9bdd-4352-be95-5188d697cfe9","local_time":"20210129205123","daily_mods":["Specialized","Time Dilation","Midas"],"is_ascension_mode":false,"campfire_choices":[{"floor":7,"key":"REST"},{"floor":10,"key":"REST"},{"floor":15,"key":"REST"},{"floor":23,"key":"REST"},{"floor":25,"key":"REST"},{"floor":28,"key":"REST"},{"floor":32,"key":"REST"},{"floor":41,"key":"REST"},{"floor":46,"key":"REST"},{"floor":49,"key":"REST"}],"circlet_count":0,"master_deck":["Strike_Br","Strike_Br","Strike_Br","Strike_Br+1","Defend_Br","Defend_Br","Defend_Br","Defend_Br","SecondHand","PatternShift","LockedTornado","LockedTornado","LockedTornado","LockedAnchor","WindUp","Engulf","LockedUrn","Recurrance","BiteCommand","CrunchTime","Engulf","Grave","CrunchTime+1","WakeUpCall","LockedBlood","BiteCommand","Goo","ReapSow","Apotheosis+1","RageCommand","Flay","MasterKey","BackFourSeconds","OldTimer","LockedFlame","RageCommand","Chronoelasticity","OracleForm","LockedCalendar","OverTime","LockedBell","Echonomics","LockedAstrolabe","Fragmentalize","Pendulum","LockedLightning","HandsUpC","BlueShift","Echoward","ResonantCall","Analog","MasterKey+1","LockedMedicine","Allegro+1","BiteCommand+1","DaylightSavings","WindUp","LockedTurtyl"],"relics":["Chronometer","Singing Bowl","Nunchaku","HeavySwitch","StSpp:CrystalBall","StSpp:JackpotMachine","Bag of Marbles","FaceOfCleric","Oddly Smooth Stone","conspire:DeflatedDodgeball","Vajra","conspire:SpecialSausage","Whetstone","StSpp:BrokenTotem","conspire:Flyswatter","Membership Card","Bronze Scales"],"acts_visited":["Exordium","TheCity","TheBeyond"],"potions_floor_usage":[18,22,22,37,50,50,50],"damage_taken":[{"damage":4,"enemies":"conspire:RoseBush","floor":1,"turns":4},{"damage":57,"enemies":"Lagavulin","floor":6,"turns":8},{"damage":16,"enemies":"2 Louse","floor":8,"turns":4},{"damage":3,"enemies":"Small Slimes","floor":11,"turns":3},{"damage":14,"enemies":"conspire:2 RoseBushes","floor":13,"turns":5},{"damage":35,"enemies":"Slime Boss","floor":16,"turns":6},{"damage":34,"enemies":"Spheric Guardian","floor":18,"turns":6},{"damage":40,"enemies":"2 Thieves","floor":22,"turns":5},{"damage":27,"enemies":"conspire:HollyBat","floor":27,"turns":8},{"damage":0,"enemies":"3 Cultists","floor":29,"turns":2},{"damage":31,"enemies":"Shelled Parasite and Fungi","floor":31,"turns":4},{"damage":18,"enemies":"conspire:MysteriousRune","floor":33,"turns":6},{"damage":42,"enemies":"3 Shapes","floor":35,"turns":7},{"damage":47,"enemies":"Orb Walker","floor":37,"turns":5},{"damage":27,"enemies":"4 Shapes","floor":39,"turns":4},{"damage":1,"enemies":"Nemesis","floor":40,"turns":5},{"damage":26,"enemies":"3 Darklings","floor":42,"turns":4},{"damage":40,"enemies":"Writhing Mass","floor":47,"turns":3},{"damage":50,"enemies":"Time Eater","floor":50,"turns":7}],"seed_played":"7854003432929144668","potions_obtained":[{"floor":1,"key":"blueLaboratory:PolymorphPotion"},{"floor":16,"key":"blueLaboratory:ForbiddenFruitJuice"},{"floor":21,"key":"blueLaboratory:FruitPunch"},{"floor":21,"key":"LiquidBronze"},{"floor":27,"key":"DDmod:CleansePotion"},{"floor":33,"key":"blueLaboratory:TrueEctoplasm"},{"floor":39,"key":"ColorlessPotion"}],"is_trial":true,"path_per_floor":["M","?","$","?","?","E","R","M","T","R","M","$","M","?","R","B",null,"M","$","?","?","M","R","?","R","T","M","R","M","$","M","R","B",null,"M","$","M","?","M","E","R","M","T","?","$","R","M","$","R","B",null],"character_chosen":"CHRONO_CLASS","items_purchased":["LockedAnchor","WindUp","Engulf","BiteCommand","Goo","StSpp:JackpotMachine","Bag of Marbles","HandsUpC","BlueShift","Echoward","Vajra","Whetstone","LockedMedicine","Membership Card","Bronze Scales","DaylightSavings","WindUp","LockedTurtyl","Block Potion"],"campfire_rested":10,"item_purchase_floors":[3,3,3,12,12,19,19,19,19,19,30,36,36,45,45,45,45,48,48],"current_hp_per_floor":[61,61,61,61,66,11,32,18,18,39,36,36,28,28,49,23,70,50,50,50,50,16,38,38,60,60,58,76,79,79,51,75,70,83,42,42,67,67,43,54,78,55,55,55,55,80,43,43,69,26],"gold":5,"neow_bonus":"","is_daily":false,"chose_seed":false,"campfire_upgraded":0,"win_rate":0.0,"timestamp":1611975083,"path_taken":["M","?","$","?","?","E","R","M","T","R","M","$","M","?","R","BOSS","M","$","?","?","M","R","?","R","T","M","R","M","?","M","R","BOSS","M","$","M","?","M","E","R","M","T","?","$","R","M","$","R","BOSS"],"items_purchased_type":["Card","Card","Card","Card","Card","Relic","Relic","Card","Card","Card","Relic","Relic","Card","Relic","Relic","Card","Card","Card","Potion"],"build_version":"2020-12-22","purchased_purges":4,"victory":true,"max_hp_per_floor":[65,65,65,65,70,70,70,70,70,70,70,70,70,70,70,70,70,72,72,72,72,75,75,75,75,75,76,76,79,79,82,82,83,83,84,84,77,77,80,83,83,84,84,84,84,84,87,87,87,88],"card_choices":[{"not_picked":["ReapSow","Parity"],"picked":"Tempo","floor":1},{"not_picked":["Facsimile","BiteCommand"],"picked":"CrunchTime","floor":6},{"not_picked":["Facsimile","TiringSlam"],"picked":"WakeUpCall","floor":8},{"not_picked":["Accruing","LockedMedicine"],"picked":"LockedBlood","floor":11},{"not_picked":["LockedWhetstone","DaylightSavings"],"picked":"ReapSow","floor":13},{"not_picked":["OverTime","Pendulum"],"picked":"RageCommand","floor":16},{"not_picked":["WindUp","LockedPlans","Accruing"],"picked":"Singing Bowl","floor":18},{"not_picked":["Parity+1","Keepsakes"],"picked":"ResonantCall","floor":22},{"not_picked":["HandsUpB","Parity"],"picked":"Analog","floor":27},{"not_picked":["LockedBlood+1","CrunchTime","Parity"],"picked":"Singing Bowl","floor":29},{"not_picked":["LockedTurtyl","LockedMedicine","Recurrance+1"],"picked":"Singing Bowl","floor":31},{"not_picked":["LockedFlame","Pendulum"],"picked":"MasterKey","floor":33},{"not_picked":["LockedBlood+1","WindUp"],"picked":"Tempo+1","floor":35},{"not_picked":["ReapSow+1","LockedPlans+1","Keepsakes+1"],"picked":"Singing Bowl","floor":37},{"not_picked":["AlternateTimeline","Parity","LockedMedicine+1"],"picked":"Singing Bowl","floor":39},{"not_picked":["HandsUpC","PrimeTime+1","Break+1"],"picked":"Singing Bowl","floor":40},{"not_picked":["BlueShift+1","Fragmentalize"],"picked":"BiteCommand+1","floor":42},{"not_picked":["CrunchTime+1","LockedWhetstone","AlternateTimeline+1"],"picked":"Singing Bowl","floor":47}],"player_experience":468114,"relics_obtained":[{"floor":6,"key":"Nunchaku"},{"floor":9,"key":"HeavySwitch"},{"floor":26,"key":"conspire:DeflatedDodgeball"},{"floor":40,"key":"StSpp:BrokenTotem"},{"floor":43,"key":"conspire:Flyswatter"}],"event_choices":[{"damage_healed":0,"gold_gain":0,"player_choice":"Donut","damage_taken":0,"max_hp_gain":5,"max_hp_loss":0,"event_name":"Big Fish","floor":5,"gold_loss":0},{"damage_healed":28,"gold_gain":0,"player_choice":"Embrace","damage_taken":0,"max_hp_gain":0,"max_hp_loss":70,"event_name":"betterThird:BetterShining","floor":14,"gold_loss":0},{"damage_healed":0,"gold_gain":0,"player_choice":"Trade","damage_taken":0,"relics_obtained":["FaceOfCleric"],"max_hp_gain":0,"max_hp_loss":0,"event_name":"FaceTrader","floor":20,"gold_loss":0},{"damage_healed":0,"gold_gain":0,"player_choice":"Got Potions","damage_taken":0,"max_hp_gain":0,"max_hp_loss":0,"event_name":"Lab","floor":21,"gold_loss":0},{"damage_healed":0,"gold_gain":0,"player_choice":"Paid Gold","damage_taken":0,"relics_obtained":["Oddly Smooth Stone"],"max_hp_gain":0,"max_hp_loss":0,"event_name":"WeMeetAgain","floor":24,"gold_loss":66},{"damage_healed":0,"gold_gain":0,"player_choice":"Forge","damage_taken":0,"max_hp_gain":0,"max_hp_loss":0,"event_name":"Accursed Blacksmith","floor":44,"gold_loss":0,"cards_upgraded":["MasterKey"]}],"is_beta":false,"boss_relics":[{"not_picked":["energizedSpire:HugeHouse","Runic Dome"],"picked":"StSpp:CrystalBall"},{"not_picked":["SacredBark","Sozu"],"picked":"conspire:SpecialSausage"}],"items_purged_floors":[12,19,36,45],"is_endless":false,"potions_floor_spawned":[1,16,27,33,39,40],"ascension_level":0}}