{"host":"5kuyqt569m09uheu","time":1611992952,"event":{"mods":["BaseMod","Downfall","Minty Spire (QoL Compilation)","StSLib"],"gold_per_floor":[99,99,99,274,274,292,340,372,385,385,400,428,428,439,450,450,450,450],"floor_reached":16,"language":"ENG","playtime":661,"items_purged":[],"score":110,"play_id":"0362a96e-5de8-4a4e-b828-0445b2cbb324","local_time":"20210130084912","is_ascension_mode":false,"campfire_choices":[{"data":"sneckomod:Unknown","floor":1,"key":"SMITH"},{"floor":13,"key":"REST"}],"circlet_count":0,"master_deck":["sneckomod:Strike","sneckomod:Strike","sneckomod:Strike","sneckomod:Defend","sneckomod:Defend","sneckomod:Defend","sneckomod:TailWhip","sneckomod:SnekBite","sneckomod:Unknown+1","sneckomod:Unknown","sneckomod:DiceCrush","sneckomod:UnknownExhaust","Doubt","sneckomod:Unknown1Cost","sneckomod:UnknownExhaust","sneckomod:UnendingSupply","sneckomod:SoulDraw","sneckomod:DiceBoulder","sneckomod:IronFang","sneckomod:SnekBeam","sneckomod:SlitherStrike"],"relics":["sneckomod:SneckoSoul","downfall:HeartsMalice","Juzu Bracelet","Happy Flower","SsserpentHead","Thread and Needle"],"acts_visited":["Exordium"],"potions_floor_usage":[12,16,16],"damage_taken":[{"damage":0,"enemies":"Jaw Worm","floor":2,"turns":1},{"damage":0,"enemies":"downfall:FleeingMerchant","floor":3,"turns":1},{"damage":0,"enemies":"Small Slimes","floor":5,"turns":1},{"damage":9,"enemies":"Cultist","floor":6,"turns":4},{"damage":12,"enemies":"Lagavulin","floor":8,"turns":9},{"damage":8,"enemies":"Exordium Wildlife","floor":9,"turns":5},{"damage":15,"enemies":"2 Fungi Beasts","floor":11,"turns":4},{"damage":39,"enemies":"Gremlin Nob","floor":12,"turns":5},{"damage":11,"enemies":"3 Louse","floor":14,"turns":4},{"damage":17,"enemies":"Gremlin Gang","floor":15,"turns":4},{"damage":14,"enemies":"WA_ARCHETYPE_RETAIN","floor":16,"turns":4}],"seed_played":"1167951813707402682","potions_obtained":[{"floor":6,"key":"Guardian:BlockOnCardUsePotion"},{"floor":8,"key":"Swift Potion"},{"floor":9,"key":"Swift Potion"}],"is_trial":false,"path_per_floor":["R","M","$","?","M","M","T","E","M","?","M","E","R","M","M","B"],"character_chosen":"THE_SNECKO","items_purchased":[],"campfire_rested":1,"item_purchase_floors":[],"current_hp_per_floor":[90,90,90,90,90,81,81,69,61,61,46,7,34,23,6,0,0,0],"gold":450,"neow_bonus":"THREE_ENEMY_KILL","is_daily":false,"chose_seed":false,"campfire_upgraded":1,"win_rate":0.0,"timestamp":1611992952,"path_taken":["R","M","$","?","M","M","T","E","M","?","M","E","R","M","M","BOSS"],"items_purchased_type":[],"build_version":"2020-12-22","purchased_purges":0,"victory":false,"max_hp_per_floor":[90,90,90,90,90,90,90,90,90,90,90,90,90,90,90,90,90,90],"card_choices":[{"not_picked":["sneckomod:IronFang","sneckomod:MasterEye"],"picked":"sneckomod:DiceCrush","floor":2},{"not_picked":["sneckomod:UnknownCommonAttack","sneckomod:Unknown1Cost"],"picked":"sneckomod:UnknownExhaust","floor":3},{"not_picked":["sneckomod:QuickBite","sneckomod:SoulDraw"],"picked":"sneckomod:Unknown1Cost","floor":5},{"not_picked":["sneckomod:DiceBlock","sneckomod:QuickMove"],"picked":"sneckomod:UnknownExhaust","floor":6},{"not_picked":["sneckomod:IronFang","sneckomod:UnlimitedRolls"],"picked":"sneckomod:UnendingSupply","floor":8},{"not_picked":["sneckomod:UnknownDraw","sneckomod:UnknownBlock"],"picked":"sneckomod:SoulDraw","floor":9},{"not_picked":["sneckomod:UnknownCommonSkill","sneckomod:DiceBlock"],"picked":"sneckomod:DiceBoulder","floor":11},{"not_picked":["sneckomod:UnknownCommonSkill","sneckomod:DiceCrush"],"picked":"sneckomod:IronFang","floor":12},{"not_picked":["sneckomod:UnknownBlock","sneckomod:Unknown3Cost"],"picked":"sneckomod:SnekBeam","floor":14},{"not_picked":["sneckomod:UnknownDraw","sneckomod:Unknown1Cost"],"picked":"sneckomod:SlitherStrike","floor":15}],"player_experience":3918778,"relics_obtained":[{"floor":7,"key":"Juzu Bracelet"},{"floor":8,"key":"Happy Flower"},{"floor":12,"key":"Thread and Needle"}],"event_choices":[{"damage_healed":0,"gold_gain":0,"player_choice":"Trade","damage_taken":0,"relics_obtained":["SsserpentHead"],"max_hp_gain":0,"max_hp_loss":0,"event_name":"FaceTrader","floor":10,"gold_loss":0}],"is_beta":false,"boss_relics":[],"items_purged_floors":[],"is_endless":false,"potions_floor_spawned":[6,8,9,11],"killed_by":"WA_ARCHETYPE_RETAIN","ascension_level":0}}