{"host":"f0gpob8hq9vgebej","time":1611979822,"event":{"mods":["AchievementEnabler","BaseMod","Minty Spire (QoL Compilation)","Quick Restart","SuperFastMode"],"gold_per_floor":[112,128,138,138,152,183,197,197,223,223,298,318,318,333,333,429,429,449,463,170,269,79,79,99,99,122,122,122],"floor_reached":27,"language":"KOR","playtime":504,"items_purged":["Strike_B"],"score":330,"play_id":"a0a7248c-b92c-4622-9b43-767a8a4afa79","local_time":"20210130131022","is_ascension_mode":true,"campfire_choices":[{"data":"Zap","floor":8,"key":"SMITH"},{"data":"Streamline","floor":10,"key":"SMITH"},{"floor":13,"key":"REST"},{"data":"Defragment","floor":15,"key":"SMITH"},{"data":"Creative AI","floor":23,"key":"SMITH"},{"floor":25,"key":"REST"}],"circlet_count":0,"master_deck":["AscendersBane","Strike_B","Strike_B","Strike_B","Defend_B","Defend_B","Defend_B","Defend_B","Zap+1","Dualcast","Streamline+1","Cold Snap","Barrage","Defragment+1","Creative AI+1","Capacitor+1","Loop","Coolheaded","Heatsinks","Bandage Up","Loop"],"relics":["Cracked Core","Vajra","PreservedInsect","Odd Mushroom","Anchor","MealTicket"],"acts_visited":["Exordium","TheCity"],"potions_floor_usage":[6,16,16,24],"damage_taken":[{"damage":0.0,"enemies":"Small Slimes","floor":1.0,"turns":3.0},{"damage":12.0,"enemies":"Jaw Worm","floor":2.0,"turns":2.0},{"damage":1.0,"enemies":"Cultist","floor":3.0,"turns":3.0},{"damage":3,"enemies":"2 Fungi Beasts","floor":5,"turns":4},{"damage":21,"enemies":"Lagavulin","floor":6,"turns":6},{"damage":18,"enemies":"Large Slime","floor":7,"turns":4},{"damage":11,"enemies":"The Mushroom Lair","floor":12,"turns":3},{"damage":0,"enemies":"3 Louse","floor":14,"turns":3},{"damage":8,"enemies":"Slime Boss","floor":16,"turns":8},{"damage":29,"enemies":"Shell Parasite","floor":18,"turns":7},{"damage":6,"enemies":"Spheric Guardian","floor":19,"turns":3},{"damage":27,"enemies":"Snake Plant","floor":24,"turns":6},{"damage":39,"enemies":"Gremlin Leader","floor":27,"turns":8}],"seed_played":"6086259604574494869","potions_obtained":[{"floor":1.0,"key":"LiquidMemories"},{"floor":2.0,"key":"Energy Potion"},{"floor":7,"key":"FearPotion"},{"floor":12,"key":"BlessingOfTheForge"},{"floor":18,"key":"SkillPotion"}],"is_trial":false,"path_per_floor":["M","M","M","?","M","E","M","R","T","R","?","?","R","M","R","B",null,"M","M","$","?","$","R","M","R","T","E"],"character_chosen":"DEFECT","items_purchased":["Coolheaded","Heatsinks","Bandage Up","Anchor","Loop"],"campfire_rested":2,"item_purchase_floors":[20,20,20,22,22],"current_hp_per_floor":[75,63,62,67,64,43,25,25,25,25,14,3,29,29,29,21,71,42,36,36,36,36,36,13,39,39,4,4],"gold":122,"neow_bonus":"TEN_PERCENT_HP_BONUS","is_daily":false,"chose_seed":false,"campfire_upgraded":4,"win_rate":0.0,"timestamp":1611979822,"path_taken":["M","M","M","?","M","E","M","R","T","R","?","?","R","M","R","BOSS","M","M","$","?","?","R","M","R","T","E"],"items_purchased_type":["Card","Card","Card","Relic","Card"],"build_version":"2020-12-22","purchased_purges":1,"victory":false,"max_hp_per_floor":[82,82,82,87,87,87,87,87,87,87,87,87,87,87,87,87,87,87,87,87,87,87,87,87,87,87,87,87],"card_choices":[{"not_picked":["Chaos","Go for the Eyes","Beam Cell"],"picked":"SKIP","floor":1.0},{"not_picked":["Go for the Eyes","Consume"],"picked":"Streamline","floor":2.0},{"not_picked":["All For One","Rebound"],"picked":"Cold Snap","floor":3.0},{"not_picked":["Rebound","Leap","Consume"],"picked":"SKIP","floor":5},{"not_picked":["Scrape","FTL","Rebound"],"picked":"SKIP","floor":6},{"not_picked":["Streamline","FTL"],"picked":"Barrage","floor":7},{"not_picked":["Steam","Beam Cell"],"picked":"Defragment","floor":12},{"not_picked":["Barrage","Gash","Aggregate"],"picked":"SKIP","floor":14},{"not_picked":["Multi-Cast","Rainbow"],"picked":"Creative AI","floor":16},{"not_picked":["Glacier","Compile Driver"],"picked":"Capacitor+1","floor":18},{"not_picked":["Beam Cell","FTL+1"],"picked":"Loop","floor":19},{"not_picked":["Barrage","Darkness","Doom and Gloom"],"picked":"SKIP","floor":24}],"player_experience":290336,"relics_obtained":[{"floor":6,"key":"Vajra"},{"floor":9,"key":"PreservedInsect"},{"floor":12,"key":"Odd Mushroom"},{"floor":26,"key":"MealTicket"}],"event_choices":[{"damage_healed":0.0,"max_hp_gain":5.0,"max_hp_loss":0.0,"gold_gain":0.0,"event_name":"Big Fish","player_choice":"Donut","floor":4.0,"gold_loss":0.0,"damage_taken":0.0},{"damage_healed":0,"gold_gain":75,"player_choice":"Gather Gold","damage_taken":11,"max_hp_gain":0,"max_hp_loss":0,"event_name":"World of Goop","floor":11,"gold_loss":0},{"damage_healed":0,"gold_gain":0,"player_choice":"Fought Mushrooms","damage_taken":0,"max_hp_gain":0,"max_hp_loss":0,"event_name":"Mushrooms","floor":12,"gold_loss":0},{"damage_healed":0,"gold_gain":99,"player_choice":"Stole From Cult","damage_taken":0,"max_hp_gain":0,"max_hp_loss":0,"event_name":"Nest","floor":21,"gold_loss":0}],"is_beta":false,"boss_relics":[{"not_picked":["Cursed Key","Coffee Dripper","Runic Dome"]}],"items_purged_floors":[20],"is_endless":false,"potions_floor_spawned":[1,2,7,12,18],"killed_by":"Gremlin Leader","ascension_level":11}}