{"host":"2js2pxuugveqjuf7","time":1611987807,"event":{"mods":["BaseMod","Colored Map","Minty Spire (QoL Compilation)","Quick Restart","Random Character Button","Relic Stats","StSLib"],"gold_per_floor":[114,133,133,147,147,147,175,175,228,228,244,275,275,30,30,127,127,146,146,3,23,34,69,81,107,119,163,175,220,232,277,289,405,417,440,463,485,497,509,521,566,591,626,665,687,711,723,752,764,776,788,800,213,243,243],"floor_reached":56,"language":"ENG","playtime":5918,"items_purged":["Defend_P","Shame"],"score":1664,"play_id":"6d1c4094-9a94-400f-b3e1-9c739ed4e5bc","local_time":"20210130002327","is_ascension_mode":true,"campfire_choices":[{"data":"Eruption","floor":6.0,"key":"SMITH"},{"data":"SandsOfTime","floor":8.0,"key":"SMITH"},{"data":"Wallop","floor":10.0,"key":"SMITH"},{"data":"TalkToTheHand","floor":13.0,"key":"SMITH"},{"data":"TalkToTheHand","floor":15.0,"key":"SMITH"},{"data":"TalkToTheHand","floor":24.0,"key":"SMITH"},{"data":"Scrawl","floor":32,"key":"SMITH"},{"data":"Adaptation","floor":40,"key":"SMITH"},{"data":"Wallop","floor":47,"key":"SMITH"},{"floor":49,"key":"RECALL"},{"data":"Halt","floor":52,"key":"SMITH"}],"circlet_count":0,"master_deck":["Eruption+1","Vigilance","Wallop+1","SandsOfTime+1","TalkToTheHand+1","TalkToTheHand+1","InnerPeace","ReachHeaven","CutThroughFate+1","TalkToTheHand+1","Adaptation+1","JustLucky","Scrawl+1","FlyingSleeves","FlurryOfBlows+1","FlyingSleeves","Fasting2+1","CutThroughFate","Indignation","Bite","Bite","Bite","Bite","Bite","SashWhip+1","Scrawl","ClearTheMind+1","DevaForm","CrushJoints+1","JustLucky+1","CutThroughFate+1","Wallop+1","Halt+1","JustLucky","JustLucky+1","Crescendo","Halt","WaveOfTheHand","Weave","Ragnarok","Crescendo","Nirvana","Flash of Steel","ClearTheMind"],"relics":["PureWater","HornCleat","Orichalcum","Centennial Puzzle","Darkstone Periapt","Cursed Key","Membership Card","MawBank","Pen Nib","MealTicket","Pocketwatch","Coffee Dripper","Juzu Bracelet","Blood Vial","Calipers","Art of War","Whetstone"],"acts_visited":["Exordium","TheCity","TheBeyond","TheEnding"],"potions_floor_usage":[31,31,36,50,50,50,50,50,55,55,55],"damage_taken":[{"damage":0.0,"enemies":"Jaw Worm","floor":1.0,"turns":2.0},{"damage":0.0,"enemies":"Cultist","floor":2.0,"turns":3.0},{"damage":1.0,"enemies":"Small Slimes","floor":4.0,"turns":3.0},{"damage":10.0,"enemies":"3 Sentries","floor":7.0,"turns":5.0},{"damage":0.0,"enemies":"Exordium Thugs","floor":11.0,"turns":3.0},{"damage":0.0,"enemies":"Lagavulin","floor":12.0,"turns":6.0},{"damage":11.0,"enemies":"Slime Boss","floor":16.0,"turns":4.0},{"damage":1.0,"enemies":"3 Byrds","floor":18.0,"turns":5.0},{"damage":0.0,"enemies":"Chosen","floor":21.0,"turns":5.0},{"damage":5.0,"enemies":"3 Cultists","floor":22.0,"turns":4.0},{"damage":8.0,"enemies":"Slavers","floor":23.0,"turns":4.0},{"damage":4.0,"enemies":"Chosen and Byrds","floor":25.0,"turns":2.0},{"damage":8.0,"enemies":"Book of Stabbing","floor":27.0,"turns":3.0},{"damage":11,"enemies":"Gremlin Leader","floor":29,"turns":3},{"damage":3,"enemies":"Slavers","floor":31,"turns":3},{"damage":12,"enemies":"Champ","floor":33,"turns":8},{"damage":13,"enemies":"Orb Walker","floor":35,"turns":2},{"damage":14,"enemies":"3 Darklings","floor":36,"turns":2},{"damage":0,"enemies":"Transient","floor":37,"turns":5},{"damage":0,"enemies":"Nemesis","floor":41,"turns":3},{"damage":0,"enemies":"Spire Growth","floor":42,"turns":3},{"damage":0,"enemies":"Giant Head","floor":44,"turns":4},{"damage":1,"enemies":"Jaw Worm Horde","floor":45,"turns":2},{"damage":0,"enemies":"Maw","floor":46,"turns":5},{"damage":0,"enemies":"Transient","floor":48,"turns":5},{"damage":52,"enemies":"Awakened One","floor":50,"turns":8},{"damage":0,"enemies":"Shield and Spear","floor":54,"turns":2},{"damage":42,"enemies":"The Heart","floor":55,"turns":7}],"seed_played":"2254266156091359264","potions_obtained":[{"floor":1.0,"key":"Dexterity Potion"},{"floor":7.0,"key":"Block Potion"},{"floor":11.0,"key":"EntropicBrew"},{"floor":16.0,"key":"SkillPotion"},{"floor":18.0,"key":"Energy Potion"},{"floor":22.0,"key":"DuplicationPotion"},{"floor":29,"key":"SpeedPotion"},{"floor":31,"key":"Explosive Potion"},{"floor":37,"key":"SteroidPotion"},{"floor":39,"key":"EntropicBrew"},{"floor":39,"key":"FearPotion"},{"floor":41,"key":"Strength Potion"}],"is_trial":false,"path_per_floor":["M","M","?","M","T","R","E","R","T","R","M","E","R","$","R","B",null,"M","?","$","M","M","E","R","M","T","E","?","E","?","E","R","B",null,"M","M","M","?","?","R","E","M","T","E","M","M","R","M","R","B",null,"R","$","E","B",null],"character_chosen":"WATCHER","items_purchased":["TalkToTheHand","Adaptation","JustLucky","Membership Card","Calipers","WaveOfTheHand","Weave","Ragnarok","Crescendo","Nirvana","Flash of Steel","LiquidBronze","Ambrosia","Art of War"],"campfire_rested":0,"item_purchase_floors":[14,14,14,20,53,53,53,53,53,53,53,53,53,53],"current_hp_per_floor":[72,72,72,71,71,71,61,61,61,61,61,61,61,61,61,50,72,71,71,71,71,66,58,58,54,54,46,46,43,43,48,48,48,50,45,33,45,45,45,45,47,47,53,53,53,53,53,53,53,9,53,53,53,53,17],"gold":243,"neow_bonus":"TRANSFORM_CARD","is_daily":false,"chose_seed":false,"campfire_upgraded":10,"win_rate":0.0,"timestamp":1611987807,"path_taken":["M","M","?","?","?","R","E","R","T","R","M","E","R","?","R","BOSS","M","?","?","M","?","E","R","M","T","E","?","E","?","E","R","BOSS","M","M","M","?","?","R","E","M","T","E","M","M","R","M","R","BOSS","R","$","E","BOSS"],"items_purchased_type":["Card","Card","Card","Relic","Relic","Card","Card","Card","Card","Card","Card","Potion","Potion","Relic"],"build_version":"2020-12-22","purchased_purges":2,"victory":true,"max_hp_per_floor":[72,72,72,72,72,72,72,72,72,72,72,72,72,72,72,72,72,72,72,72,72,72,72,72,72,72,72,50,50,50,50,50,50,50,50,50,50,47,47,47,47,47,53,53,53,53,53,53,53,53,53,53,53,53,53],"relic_stats":{"Darkstone Periapt":6,"counters":[28,111],"Pen Nib":[26],"Juzu Bracelet":0,"Whetstone":["CutThroughFate","JustLucky"],"Orichalcum":[30],"Cursed Key":1,"MawBank":360,"Blood Vial":0,"Centennial Puzzle":[42],"MealTicket":0,"Art of War":[0],"obtain_stats":[{"Darkstone Periapt":12,"Calipers":53,"Pen Nib":27,"Juzu Bracelet":41,"Whetstone":54,"Orichalcum":7,"Cursed Key":17,"MawBank":23,"Blood Vial":44,"Centennial Puzzle":9,"HornCleat":5,"MealTicket":29,"Coffee Dripper":34,"Art of War":53,"Membership Card":20,"PureWater":0,"Pocketwatch":31},{"Darkstone Periapt":6,"Calipers":26,"Pen Nib":13,"Juzu Bracelet":20,"Whetstone":27,"Orichalcum":4,"Cursed Key":7,"MawBank":11,"Blood Vial":22,"Centennial Puzzle":4,"HornCleat":3,"MealTicket":14,"Coffee Dripper":16,"Art of War":26,"Membership Card":8,"PureWater":0,"Pocketwatch":15},{"Darkstone Periapt":22,"Calipers":102,"Pen Nib":49,"Juzu Bracelet":75,"Whetstone":104,"Orichalcum":13,"Cursed Key":26,"MawBank":44,"Blood Vial":82,"Centennial Puzzle":13,"HornCleat":8,"MealTicket":52,"Coffee Dripper":63,"Art of War":102,"Membership Card":31,"PureWater":0,"Pocketwatch":55}],"Pocketwatch":[17]},"card_choices":[{"not_picked":["Crescendo","Consecrate"],"picked":"SandsOfTime","floor":1.0},{"not_picked":["Pray","Nirvana"],"picked":"TalkToTheHand","floor":2.0},{"not_picked":["SashWhip","Nirvana"],"picked":"TalkToTheHand","floor":4.0},{"not_picked":["Pray","EmptyMind"],"picked":"InnerPeace","floor":7.0},{"not_picked":["WindmillStrike","ThirdEye"],"picked":"ReachHeaven","floor":11.0},{"not_picked":["Evaluate","Prostrate"],"picked":"CutThroughFate","floor":12.0},{"not_picked":["Wish","DevaForm"],"picked":"Scrawl","floor":16.0},{"not_picked":["WreathOfFlame","WindmillStrike"],"picked":"FlyingSleeves","floor":18.0},{"not_picked":["Vengeance","SashWhip+1"],"picked":"FlurryOfBlows+1","floor":21.0},{"not_picked":["CrushJoints","Conclude"],"picked":"FlyingSleeves","floor":22.0},{"not_picked":["SandsOfTime","WindmillStrike+1"],"picked":"Fasting2+1","floor":23.0},{"not_picked":["EmptyBody","Fasting2"],"picked":"CutThroughFate","floor":25.0},{"not_picked":["ThirdEye","CutThroughFate"],"picked":"Indignation","floor":27.0},{"not_picked":["WheelKick","ReachHeaven"],"picked":"SashWhip+1","floor":29},{"not_picked":["Crescendo","Study"],"picked":"ClearTheMind+1","floor":31},{"not_picked":["Alpha","Establishment"],"picked":"DevaForm","floor":33},{"not_picked":["SandsOfTime","Collect+1"],"picked":"CrushJoints+1","floor":35},{"not_picked":["EmptyBody","FollowUp"],"picked":"JustLucky","floor":36},{"not_picked":["Wallop","Prostrate+1"],"picked":"CutThroughFate+1","floor":37},{"not_picked":["SpiritShield","FollowUp+1"],"picked":"Wallop","floor":41},{"not_picked":["Swivel","ReachHeaven"],"picked":"Halt","floor":42},{"not_picked":["EmptyBody","Nirvana"],"picked":"JustLucky","floor":44},{"not_picked":["Nirvana","EmptyFist+1"],"picked":"JustLucky+1","floor":45},{"not_picked":["DevaForm","FollowUp+1"],"picked":"Crescendo","floor":46},{"not_picked":["CutThroughFate","BowlingBash"],"picked":"Halt","floor":48},{"not_picked":["CrushJoints","Worship"],"picked":"ClearTheMind","floor":54}],"player_experience":325223,"relics_obtained":[{"floor":5.0,"key":"HornCleat"},{"floor":7.0,"key":"Orichalcum"},{"floor":9.0,"key":"Centennial Puzzle"},{"floor":12.0,"key":"Darkstone Periapt"},{"floor":23.0,"key":"MawBank"},{"floor":27.0,"key":"Pen Nib"},{"floor":29,"key":"MealTicket"},{"floor":31,"key":"Pocketwatch"},{"floor":41,"key":"Juzu Bracelet"},{"floor":44,"key":"Blood Vial"},{"floor":54,"key":"Whetstone"}],"event_choices":[{"cards_removed":["Defend_P"],"damage_healed":0.0,"max_hp_gain":0.0,"max_hp_loss":0.0,"gold_gain":0.0,"event_name":"Bonfire Elementals","player_choice":"Offered Basic","floor":3.0,"gold_loss":0.0,"damage_taken":0.0},{"damage_healed":0.0,"max_hp_gain":0.0,"max_hp_loss":0.0,"gold_gain":0.0,"event_name":"Ghosts","player_choice":"Ignored","floor":19.0,"gold_loss":0.0,"damage_taken":0.0},{"damage_healed":0.0,"max_hp_gain":0.0,"max_hp_loss":22.0,"gold_gain":0.0,"event_name":"Vampires","player_choice":"Became a vampire","floor":28.0,"gold_loss":0.0,"damage_taken":0.0,"cards_obtained":["Bite","Bite","Bite","Bite","Bite"]},{"damage_healed":0,"gold_gain":0,"cards_transformed":["Defend_P"],"player_choice":"Transformed","damage_taken":0,"max_hp_gain":0,"max_hp_loss":0,"event_name":"Transmorgrifier","floor":30,"gold_loss":0,"cards_obtained":["Scrawl"]},{"damage_healed":0,"gold_gain":0,"player_choice":"Max HP","damage_taken":0,"max_hp_gain":0,"max_hp_loss":3,"event_name":"Winding Halls","floor":38,"gold_loss":0},{"damage_healed":0,"gold_gain":0,"player_choice":"Got Potions","damage_taken":0,"max_hp_gain":0,"max_hp_loss":0,"event_name":"Lab","floor":39,"gold_loss":0}],"is_beta":false,"boss_relics":[{"not_picked":["HolyWater","Snecko Eye"],"picked":"Cursed Key"},{"not_picked":["SacredBark","VioletLotus"],"picked":"Coffee Dripper"}],"items_purged_floors":[14,53],"is_endless":false,"potions_floor_spawned":[1,7,11,12,16,18,22,29,31,37,41,45,46],"ascension_level":4}}