{"host":"usru02jcpe2a942d","time":1611992511,"event":{"mods":["Act Like it!","BaseMod","Colored Powertips","GifTheSpireLib","Highlight Path","Hubris","Infinite Spire","Jedi Mod","Minty Spire (QoL Compilation)","MostiFishMod","Pale of the Ancients","Quick Restart","Relic Stats","RumiaBox-露米娅的神秘盒子","StSLib","The Servant 0.9.4","noobMod","【遗物卡牌】REMEMod","篝火指南"],"gold_per_floor":[119,119,119,119,119,22,54,54,54,54,86,117,148,158,158,256,256,274,274,274],"floor_reached":19,"language":"ZHS","playtime":493,"items_purged":[],"score":341,"play_id":"18190b74-9fe4-4657-848d-f551776e703d","local_time":"20210130154151","daily_mods":["SealedDeck","Vintage","Heirloom","Time Dilation","Flight","DeadlyEvents","Binary","Elite Swarm","Night Terrors"],"is_ascension_mode":false,"campfire_choices":[{"data":"LightFlow","floor":8.0,"key":"SMITH"},{"floor":10.0,"key":"RECALL"},{"data":"Duplication","floor":15,"key":"SMITH"}],"circlet_count":0,"master_deck":["Conclude+1","LightFlow+1","Duplication+1","Dilation"],"relics":["Uniform","DaveBox","ice","REME_ComplimentaryCards","jedi:maincommand","RhineCircuit","hubris:Zylophone","BionicSphere","SynthV:TestCard","BionicSphere","hubris:Towel","PlanX","Broom","Ninja Scroll","MoreBug","PaperSwan","REME_PuzzleBoxRelic","FeatherPendant","Broom"],"acts_visited":["Exordium","TheCity"],"potions_floor_usage":[14],"damage_taken":[{"damage":0.0,"enemies":"2 Louse","floor":1.0,"turns":1.0},{"damage":0.0,"enemies":"Gremlin Nob","floor":7.0,"turns":2.0},{"damage":0.0,"enemies":"3 Sentries","floor":11.0,"turns":1.0},{"damage":0,"enemies":"Lagavulin","floor":12,"turns":2},{"damage":0,"enemies":"3 Sentries","floor":13,"turns":1},{"damage":0,"enemies":"Small Slimes","floor":14,"turns":1},{"damage":0,"enemies":"Slime Boss","floor":16,"turns":2},{"damage":0,"enemies":"2 Thieves","floor":18,"turns":1}],"seed_played":"-5408820132168328770","potions_obtained":[{"floor":7.0,"key":"EntropicBrew"},{"floor":11,"key":"SteroidPotion"},{"floor":12,"key":"REME_GoldPotion"},{"floor":14,"key":"jedi:StrikingPotion"}],"is_trial":true,"path_per_floor":["M","?","?","?","?","R","E","R","T","R","E","E","E","M","R","B",null,"M","?"],"character_chosen":"THE_SERVANT","items_purchased":["Fruit Juice"],"campfire_rested":0,"item_purchase_floors":[6],"current_hp_per_floor":[65,53,53,53,53,58,58,58,58,58,58,58,58,58,58,58,70,70,0,0],"gold":274,"neow_bonus":"","is_daily":false,"chose_seed":false,"campfire_upgraded":2,"win_rate":0.0,"timestamp":1611992511,"path_taken":["M","?","?","?","?","R","?","R","T","R","?","?","E","?","R","BOSS","M","?"],"items_purchased_type":["Potion"],"build_version":"2020-12-22","purchased_purges":0,"victory":false,"max_hp_per_floor":[65,65,65,65,65,70,70,70,70,70,70,70,70,70,70,70,70,70,70,70],"relic_stats":{"counters":[8,11],"obtain_stats":[{"MoreBug":12,"jedi:command_common":9,"jedi:command_uncommon":11,"DaveBox":0,"jedi:command_rare":0,"Uniform":0,"ice":0,"Broom":9,"jedi:command_boss":17,"PaperSwan":13,"hubris:Towel":3,"RhineCircuit":0,"hubris:Zylophone":0,"SynthV:TestCard":1,"Ninja Scroll":11,"FeatherPendant":17,"BionicSphere":1,"PlanX":7,"jedi:maincommand":0,"REME_PuzzleBoxRelic":14,"REME_ComplimentaryCards":0},{"MoreBug":4,"jedi:command_common":2,"jedi:command_uncommon":3,"DaveBox":0,"jedi:command_rare":0,"Uniform":0,"ice":0,"Broom":2,"jedi:command_boss":7,"PaperSwan":5,"hubris:Towel":1,"RhineCircuit":0,"hubris:Zylophone":0,"SynthV:TestCard":1,"Ninja Scroll":3,"FeatherPendant":7,"BionicSphere":1,"PlanX":2,"jedi:maincommand":0,"REME_PuzzleBoxRelic":6,"REME_ComplimentaryCards":0},{"MoreBug":6,"jedi:command_common":3,"jedi:command_uncommon":4,"DaveBox":0,"jedi:command_rare":0,"Uniform":0,"ice":0,"Broom":3,"jedi:command_boss":10,"PaperSwan":7,"hubris:Towel":1,"RhineCircuit":0,"hubris:Zylophone":0,"SynthV:TestCard":1,"Ninja Scroll":4,"FeatherPendant":10,"BionicSphere":1,"PlanX":3,"jedi:maincommand":0,"REME_PuzzleBoxRelic":8,"REME_ComplimentaryCards":0}]},"card_choices":[{"not_picked":["TheWorld","Dilation","FlawlessForm"],"picked":"LightFlow","floor":7.0},{"not_picked":["LightFlow","Initiator","Dilation"],"picked":"Duplication","floor":11},{"not_picked":["ForgedInTime","LightFlow","Initiator","Dilation"],"picked":"SKIP","floor":12},{"not_picked":["ForgedInTime","Sunlight","PendulumOfEternity"],"picked":"Dilation","floor":13}],"player_experience":236643,"relics_obtained":[{"floor":1.0,"key":"jedi:command_rare"},{"floor":1.0,"key":"SynthV:TestCard"},{"floor":7.0,"key":"jedi:command_rare"},{"floor":9.0,"key":"jedi:command_common"},{"floor":11,"key":"jedi:command_uncommon"},{"floor":12,"key":"jedi:command_rare"},{"floor":13,"key":"jedi:command_uncommon"},{"floor":14,"key":"jedi:command_common"},{"floor":18,"key":"jedi:command_common"}],"event_choices":[{"damage_healed":0.0,"max_hp_gain":0.0,"max_hp_loss":0.0,"gold_gain":0.0,"event_name":"Scrap Ooze","player_choice":"Success","floor":2.0,"gold_loss":0.0,"damage_taken":12.0,"relics_obtained":["jedi:command_rare"]},{"damage_healed":0.0,"max_hp_gain":0.0,"max_hp_loss":0.0,"gold_gain":0.0,"event_name":"Transmorgrifier","player_choice":"Ignored","floor":5.0,"gold_loss":0.0,"damage_taken":0.0}],"is_beta":false,"boss_relics":[{"not_picked":["jedi:command_boss","jedi:command_boss"],"picked":"jedi:command_boss"}],"items_purged_floors":[],"is_endless":false,"potions_floor_spawned":[7,11,12,14],"ascension_level":0}}