{"host":"Troy","time":1611974703,"event":{"mods":["BaseMod","Colored Map","Highlight Path","Minty Spire (QoL Compilation)","Permanent Neow"],"gold_per_floor":[368,368,368,71,86,114,114,133,205,4,14,47,6,62,62,166,166,186,186,186,202,202,202,3,23,47,47,47,2,2,34,34,135,135,154,169,15,15,15,48,60,72,157,169,181,193,205,237,249,261,261],"floor_reached":50,"language":"ENG","playtime":2365,"items_purged":["Defend_G","Defend_G"],"score":540,"play_id":"444709d8-214f-4908-b04e-19853f8ccd53","local_time":"20210129214503","is_ascension_mode":false,"campfire_choices":[{"data":"Blur","floor":7.0,"key":"SMITH"},{"data":"Noxious Fumes","floor":15.0,"key":"SMITH"},{"data":"1","floor":23.0,"key":"LIFT"},{"data":"2","floor":28.0,"key":"LIFT"},{"floor":30.0,"key":"REST"},{"floor":32.0,"key":"REST"},{"data":"3","floor":42,"key":"LIFT"},{"floor":47,"key":"RECALL"},{"data":"Dark Shackles","floor":49,"key":"SMITH"}],"circlet_count":0,"master_deck":["Strike_G","Strike_G+1","Strike_G+1","Defend_G","Defend_G","Survivor","Neutralize","Dash","Poisoned Stab","Noxious Fumes+1","Catalyst","Blur+1","Dagger Spray","Blur","Dash","A Thousand Cuts+1","A Thousand Cuts+1","Skewer+1","RitualDagger","Outmaneuver+1","Backflip","Blade Dance","Phantasmal Killer+1","Adrenaline","Blade Dance+1","Dark Shackles+1","Bouncing Flask+1","PiercingWail+1"],"relics":["Ring of the Snake","ClockworkSouvenir","Whetstone","Frozen Egg 2","Toy Ornithopter","Girya","Empty Cage","FossilizedHelix","Medical Kit","Juzu Bracelet","Enchiridion","Nunchaku","Coffee Dripper","Chemical X","MawBank"],"acts_visited":["TheCity","TheBeyond"],"potions_floor_usage":[36,40,50],"damage_taken":[{"damage":0.0,"enemies":"2 Louse","floor":1.0,"turns":5.0},{"damage":5.0,"enemies":"Small Slimes","floor":5.0,"turns":3.0},{"damage":2.0,"enemies":"Gremlin Nob","floor":6.0,"turns":5.0},{"damage":0.0,"enemies":"Cultist","floor":8.0,"turns":4.0},{"damage":4.0,"enemies":"Exordium Thugs","floor":11.0,"turns":4.0},{"damage":6.0,"enemies":"3 Sentries","floor":12.0,"turns":8.0},{"damage":0.0,"enemies":"Gremlin Nob","floor":14.0,"turns":2.0},{"damage":22.0,"enemies":"The Guardian","floor":16.0,"turns":10.0},{"damage":23.0,"enemies":"2 Thieves","floor":18.0,"turns":5.0},{"damage":9.0,"enemies":"3 Byrds","floor":21.0,"turns":5.0},{"damage":11.0,"enemies":"Shelled Parasite and Fungi","floor":25.0,"turns":7.0},{"damage":21.0,"enemies":"Gremlin Leader","floor":31.0,"turns":7.0},{"damage":18.0,"enemies":"Champ","floor":33.0,"turns":9.0},{"damage":0,"enemies":"Orb Walker","floor":35,"turns":3},{"damage":13,"enemies":"3 Darklings","floor":36,"turns":3},{"damage":1,"enemies":"Reptomancer","floor":40,"turns":3},{"damage":0,"enemies":"Sphere and 2 Shapes","floor":48,"turns":2},{"damage":66,"enemies":"Awakened One","floor":50,"turns":7}],"seed_played":"-5069326338517358378","potions_obtained":[{"floor":1.0,"key":"GhostInAJar"},{"floor":5.0,"key":"BlessingOfTheForge"},{"floor":12.0,"key":"GamblersBrew"},{"floor":18.0,"key":"ColorlessPotion"},{"floor":21.0,"key":"LiquidMemories"},{"floor":22.0,"key":"SteroidPotion"},{"floor":33.0,"key":"AttackPotion"},{"floor":35,"key":"Energy Potion"},{"floor":48,"key":"Ancient Potion"}],"is_trial":false,"path_per_floor":["M","?","?","$","M","E","R","M","T","$","M","E","$","?","R","B",null,"M","?","?","M","?","R","$","M","T","?","R","$","R","E","R","B",null,"M","M","$","?","?","E","$","R","T","?","?","?","R","M","R","B"],"character_chosen":"THE_SILENT","items_purchased":["ClockworkSouvenir","Noxious Fumes","Fire Potion","FearPotion","Dash","Medical Kit","Backflip","Blade Dance","Chemical X"],"campfire_rested":2,"item_purchase_floors":[4,4,10,10,13,24,24,29,37],"current_hp_per_floor":[70,70,70,70,65,63,63,63,63,63,59,53,53,63,63,41,70,47,47,41,32,32,32,32,31,31,15,15,15,36,15,36,23,70,70,57,57,57,57,61,61,61,61,61,61,61,61,61,61,0,0],"gold":261,"neow_bonus":"TWO_FIFTY_GOLD","is_daily":false,"chose_seed":false,"campfire_upgraded":3,"win_rate":0.0,"timestamp":1611974703,"path_taken":["M","?","?","$","?","E","R","M","T","$","M","E","?","?","R","BOSS","M","?","?","M","?","R","$","?","T","?","R","?","R","E","R","BOSS","M","M","$","?","?","E","?","R","T","?","?","?","R","M","R","BOSS"],"items_purchased_type":["Relic","Card","Potion","Potion","Card","Relic","Card","Card","Relic"],"build_version":"2020-12-18","purchased_purges":2,"victory":false,"max_hp_per_floor":[70,70,70,70,70,70,70,70,70,70,70,70,70,70,70,70,70,70,70,70,70,70,70,70,70,70,70,70,70,70,70,70,70,70,70,70,70,70,70,70,70,70,70,70,70,70,70,70,70,70,70],"card_choices":[{"not_picked":["Underhanded Strike","Riddle With Holes"],"picked":"Dash","floor":1.0},{"not_picked":["Terror","Reflex"],"picked":"Catalyst","floor":5.0},{"not_picked":["Escape Plan","A Thousand Cuts"],"picked":"Blur","floor":6.0},{"not_picked":["Cloak And Dagger","Quick Slash"],"picked":"Dagger Spray","floor":8.0},{"not_picked":["Acrobatics","Poisoned Stab","Underhanded Strike"],"picked":"SKIP","floor":11.0},{"not_picked":["Setup","Terror"],"picked":"Blur","floor":12.0},{"not_picked":["Outmaneuver","Finisher"],"picked":"A Thousand Cuts+1","floor":14.0},{"not_picked":["Storm of Steel","Unload"],"picked":"A Thousand Cuts+1","floor":16.0},{"not_picked":["Poisoned Stab+1","Underhanded Strike+1"],"picked":"Skewer","floor":18.0},{"not_picked":["Slice+1","Quick Slash"],"picked":"Outmaneuver+1","floor":21.0},{"not_picked":["Outmaneuver+1","Dagger Spray","Flechettes+1"],"picked":"SKIP","floor":25.0},{"not_picked":["Blade Dance","Backflip+1"],"picked":"Phantasmal Killer","floor":31.0},{"not_picked":["Envenom+1","Venomology"],"picked":"Adrenaline","floor":33.0},{"not_picked":["Sucker Punch+1","Outmaneuver+1","Expertise+1"],"picked":"SKIP","floor":35},{"not_picked":["Deadly Poison","Catalyst"],"picked":"Blade Dance+1","floor":36},{"not_picked":["Deadly Poison+1","Corpse Explosion"],"picked":"Bouncing Flask+1","floor":40},{"not_picked":["Bane","Quick Slash+1"],"picked":"PiercingWail+1","floor":48}],"player_experience":4118301,"relics_obtained":[{"floor":6.0,"key":"Whetstone"},{"floor":9.0,"key":"Frozen Egg 2"},{"floor":12.0,"key":"Toy Ornithopter"},{"floor":14.0,"key":"Girya"},{"floor":26.0,"key":"Juzu Bracelet"},{"floor":27.0,"key":"Enchiridion"},{"floor":31.0,"key":"Nunchaku"},{"floor":40,"key":"MawBank"}],"event_choices":[{"cards_removed":["Shame"],"damage_healed":0.0,"max_hp_gain":0.0,"max_hp_loss":0.0,"gold_gain":0.0,"event_name":"Living Wall","player_choice":"Forget","floor":2.0,"gold_loss":0.0,"damage_taken":0.0},{"damage_healed":0.0,"max_hp_gain":0.0,"max_hp_loss":0.0,"gold_gain":0.0,"cards_transformed":["Strike_G"],"event_name":"Transmorgrifier","player_choice":"Transformed","floor":3.0,"gold_loss":0.0,"damage_taken":0.0,"cards_obtained":["Poisoned Stab"]},{"damage_healed":0.0,"max_hp_gain":0.0,"max_hp_loss":0.0,"gold_gain":30.0,"event_name":"Dead Adventurer","player_choice":"Searched \u00272\u0027 times","floor":14.0,"gold_loss":0.0,"damage_taken":0.0},{"damage_healed":0.0,"max_hp_gain":0.0,"max_hp_loss":0.0,"gold_gain":0.0,"event_name":"The Mausoleum","player_choice":"Opened","floor":19.0,"gold_loss":0.0,"damage_taken":0.0,"relics_obtained":["FossilizedHelix"]},{"damage_healed":0.0,"max_hp_gain":0.0,"max_hp_loss":0.0,"gold_gain":0.0,"event_name":"Nest","player_choice":"Joined the Cult","floor":20.0,"gold_loss":0.0,"damage_taken":6.0,"cards_obtained":["RitualDagger"]},{"damage_healed":0.0,"max_hp_gain":0.0,"max_hp_loss":0.0,"gold_gain":0.0,"event_name":"Lab","player_choice":"Got Potions","floor":22.0,"gold_loss":0.0,"damage_taken":0.0},{"damage_healed":0.0,"max_hp_gain":0.0,"max_hp_loss":0.0,"gold_gain":0.0,"event_name":"Cursed Tome","player_choice":"Obtained Book","floor":27.0,"gold_loss":0.0,"damage_taken":16.0},{"damage_healed":0,"gold_gain":0,"player_choice":"1 cards matched","damage_taken":0,"max_hp_gain":0,"max_hp_loss":0,"event_name":"Match and Keep!","floor":38,"gold_loss":0,"cards_obtained":["Dark Shackles"]},{"damage_healed":0,"gold_gain":0,"player_choice":"Upgraded","damage_taken":0,"max_hp_gain":0,"max_hp_loss":0,"event_name":"Upgrade Shrine","floor":39,"gold_loss":0,"cards_upgraded":["Skewer"]},{"damage_healed":0,"gold_gain":0,"player_choice":"Forge","damage_taken":0,"max_hp_gain":0,"max_hp_loss":0,"event_name":"Accursed Blacksmith","floor":44,"gold_loss":0,"cards_upgraded":["Phantasmal Killer"]},{"damage_healed":0,"gold_gain":0,"player_choice":"Ignored","damage_taken":0,"max_hp_gain":0,"max_hp_loss":0,"event_name":"Tomb of Lord Red Mask","floor":45,"gold_loss":0},{"damage_healed":0,"gold_gain":0,"player_choice":"Ignored","damage_taken":0,"max_hp_gain":0,"max_hp_loss":0,"event_name":"SecretPortal","floor":46,"gold_loss":0}],"is_beta":true,"boss_relics":[{"not_picked":["Ring of the Serpent","Tiny House"],"picked":"Empty Cage"},{"not_picked":["Fusion Hammer","Pandora\u0027s Box"],"picked":"Coffee Dripper"}],"items_purged_floors":[4,10],"is_endless":false,"potions_floor_spawned":[1,5,12,18,21,33,35,48],"killed_by":"Awakened One","ascension_level":0}}