{"host":"08t08ld674si40tv","time":1611980990,"event":{"mods":["AchievementEnabler","BaseMod","Colored Map","Minty Spire (QoL Compilation)","StSLib","SuperFastMode"],"gold_per_floor":[114,126,126,141,151,151,186,257,257,257,282,302,302,317,317,391,391,404,50,50,63,63,363,377,404,404,414,414,424,424,438,438,511,511,527,507,140,140,155,183,193,228,228,228,228,228,240,266,266,266,266,266,17,49,49],"floor_reached":56,"language":"KOR","playtime":1812,"items_purged":["Strike_B","Fusion","Turbo"],"score":2241,"play_id":"c3c9d979-f15f-49af-9c03-f0983c1cbca7","local_time":"20210130132950","is_ascension_mode":true,"campfire_choices":[{"data":"Zap","floor":6,"key":"SMITH"},{"floor":10,"key":"DIG"},{"floor":13,"key":"DIG"},{"floor":15,"key":"DIG"},{"floor":23,"key":"DIG"},{"data":"Coolheaded","floor":28,"key":"SMITH"},{"data":"Defragment","floor":30,"key":"SMITH"},{"data":"Coolheaded","floor":32,"key":"SMITH"},{"data":"Double Energy","floor":44,"key":"SMITH"},{"floor":46,"key":"DIG"},{"floor":49,"key":"RECALL"},{"data":"Defragment","floor":52,"key":"SMITH"}],"circlet_count":0,"master_deck":["AscendersBane","Zap+1","Dualcast","Reinforced Body","Genetic Algorithm","Capacitor+1","Ball Lightning","Core Surge","Self Repair","Aggregate","Echo Form","Defragment+1","Double Energy+1","Coolheaded+1","Coolheaded+1","Electrodynamics","Hologram","Echo Form","Skim","Static Discharge","Static Discharge","Meteor Strike","Defragment+1"],"relics":["Cracked Core","NeowsBlessing","DataDisk","Cables","Ice Cream","Mercury Hourglass","Shovel","Bag of Preparation","Anchor","Orichalcum","Ornamental Fan","Coffee Dripper","ClockworkSouvenir","Old Coin","Potion Belt","Mummified Hand","Pandora\u0027s Box","Matryoshka","Strawberry","DataDisk","Happy Flower","Toy Ornithopter","Cables","Ancient Tea Set","Nunchaku","Runic Capacitor","Oddly Smooth Stone"],"acts_visited":["Exordium","TheCity","TheBeyond","TheEnding"],"potions_floor_usage":[7,7,7,16,18,47,55,55],"damage_taken":[{"damage":0,"enemies":"Small Slimes","floor":1,"turns":1},{"damage":0,"enemies":"Jaw Worm","floor":2,"turns":1},{"damage":0,"enemies":"Cultist","floor":4,"turns":1},{"damage":0,"enemies":"Red Slaver","floor":5,"turns":3},{"damage":8,"enemies":"Gremlin Nob","floor":7,"turns":3},{"damage":0,"enemies":"Large Slime","floor":12,"turns":3},{"damage":0,"enemies":"3 Louse","floor":14,"turns":2},{"damage":34,"enemies":"Hexaghost","floor":16,"turns":7},{"damage":7,"enemies":"2 Thieves","floor":18,"turns":3},{"damage":0,"enemies":"Chosen","floor":21,"turns":3},{"damage":21,"enemies":"Snecko","floor":24,"turns":4},{"damage":20,"enemies":"Slavers","floor":25,"turns":4},{"damage":8,"enemies":"Centurion and Healer","floor":27,"turns":6},{"damage":10,"enemies":"Chosen and Byrds","floor":29,"turns":5},{"damage":0,"enemies":"Snecko","floor":31,"turns":5},{"damage":12,"enemies":"Collector","floor":33,"turns":9},{"damage":0,"enemies":"3 Darklings","floor":35,"turns":2},{"damage":0,"enemies":"Orb Walker","floor":39,"turns":3},{"damage":11,"enemies":"Nemesis","floor":40,"turns":5},{"damage":16,"enemies":"Jaw Worm Horde","floor":41,"turns":2},{"damage":0,"enemies":"Giant Head","floor":42,"turns":4},{"damage":0,"enemies":"Maw","floor":47,"turns":4},{"damage":19,"enemies":"Nemesis","floor":48,"turns":5},{"damage":69,"enemies":"Time Eater","floor":50,"turns":11},{"damage":53,"enemies":"Shield and Spear","floor":54,"turns":4},{"damage":16,"enemies":"The Heart","floor":55,"turns":8}],"seed_played":"-1971010784998903548","potions_obtained":[{"floor":4,"key":"EntropicBrew"},{"floor":5,"key":"Fire Potion"},{"floor":14,"key":"DistilledChaos"},{"floor":16,"key":"FairyPotion"},{"floor":25,"key":"FairyPotion"},{"floor":29,"key":"DuplicationPotion"},{"floor":36,"key":"CultistPotion"},{"floor":41,"key":"ColorlessPotion"},{"floor":47,"key":"Explosive Potion"},{"floor":54,"key":"FearPotion"}],"is_trial":false,"path_per_floor":["M","M","?","M","M","R","E","T","T","R","T","M","R","M","R","B",null,"M","$","?","M","?","R","M","E","T","M","R","M","R","M","R","B",null,"M","?","$","T","M","E","M","E","T","R","?","R","M","E","R","B",null,"R","$","E","B",null],"character_chosen":"DEFECT","items_purchased":["Defragment","ClockworkSouvenir","Double Energy","Matryoshka","Runic Capacitor","BlessingOfTheForge"],"campfire_rested":0,"item_purchase_floors":[19,19,19,37,53,53],"current_hp_per_floor":[64,64,64,64,64,64,56,56,56,56,56,56,56,56,56,29,61,61,61,61,68,68,68,61,48,48,47,47,44,44,51,51,46,65,65,65,65,72,78,74,65,78,78,78,78,78,78,66,66,30,66,66,66,27,31],"gold":49,"neow_bonus":"THREE_ENEMY_KILL","is_daily":false,"chose_seed":false,"campfire_upgraded":6,"win_rate":0.0,"timestamp":1611980990,"path_taken":["M","M","?","M","M","R","E","?","T","R","?","?","R","M","R","BOSS","M","$","?","M","?","R","M","E","T","M","R","M","R","M","R","BOSS","M","?","$","?","M","E","M","E","T","R","?","R","M","E","R","BOSS","R","$","E","BOSS"],"items_purchased_type":["Card","Relic","Card","Relic","Relic","Potion"],"build_version":"2020-12-22","purchased_purges":3,"victory":true,"max_hp_per_floor":[71,71,71,71,71,71,71,71,71,71,71,71,71,71,71,71,71,71,71,71,71,71,71,71,71,71,71,71,71,71,71,71,71,71,71,71,71,78,78,78,78,78,78,78,78,78,78,78,78,78,78,78,78,78,78],"card_choices":[{"not_picked":["Sweeping Beam","Steam"],"picked":"Reinforced Body","floor":1},{"not_picked":["Rip and Tear","Sweeping Beam"],"picked":"Turbo","floor":2},{"not_picked":["Chaos","Coolheaded"],"picked":"Capacitor","floor":4},{"not_picked":["Sunder","Go for the Eyes"],"picked":"Ball Lightning","floor":5},{"not_picked":["Lockon","Fusion"],"picked":"Core Surge","floor":7},{"not_picked":["Static Discharge","Ball Lightning"],"picked":"Self Repair","floor":12},{"not_picked":["Capacitor","Aggregate","Hologram"],"picked":"SKIP","floor":14},{"not_picked":["Capacitor","Hologram"],"picked":"Aggregate","floor":14},{"not_picked":["Meteor Strike","Seek"],"picked":"Echo Form","floor":16},{"not_picked":["Conserve Battery","Rebound","Streamline"],"picked":"SKIP","floor":18},{"not_picked":["Beam Cell","Leap+1","White Noise"],"picked":"SKIP","floor":21},{"not_picked":["Biased Cognition","Aggregate"],"picked":"Coolheaded","floor":24},{"not_picked":["Recycle","Reprogram","Barrage"],"picked":"SKIP","floor":25},{"not_picked":["Coolheaded","Leap+1","Fusion+1"],"picked":"SKIP","floor":27},{"not_picked":["Cold Snap+1","Streamline"],"picked":"Coolheaded","floor":29},{"not_picked":["Barrage","Beam Cell","Ball Lightning"],"picked":"SKIP","floor":31},{"not_picked":["Biased Cognition","Core Surge"],"picked":"Electrodynamics","floor":33},{"not_picked":["Stack","Rebound+1","Go for the Eyes+1"],"picked":"SKIP","floor":35},{"not_picked":["Rebound+1","Steam+1","Stack"],"picked":"SKIP","floor":39},{"not_picked":["Compile Driver","Genetic Algorithm"],"picked":"Meteor Strike","floor":40},{"not_picked":["Steam","Cold Snap","Gash"],"picked":"SKIP","floor":41},{"not_picked":["Go for the Eyes","White Noise","Compile Driver"],"picked":"SKIP","floor":42},{"not_picked":["Gash+1","Melter","Beam Cell"],"picked":"SKIP","floor":47},{"not_picked":["Ball Lightning","Cold Snap"],"picked":"Defragment","floor":48},{"not_picked":["Compile Driver","Self Repair","Fission"],"picked":"SKIP","floor":54}],"player_experience":268340,"relics_obtained":[{"floor":7,"key":"Ice Cream"},{"floor":8,"key":"Mercury Hourglass"},{"floor":9,"key":"Shovel"},{"floor":10,"key":"Bag of Preparation"},{"floor":11,"key":"Anchor"},{"floor":13,"key":"Orichalcum"},{"floor":15,"key":"Ornamental Fan"},{"floor":23,"key":"Old Coin"},{"floor":25,"key":"Potion Belt"},{"floor":26,"key":"Mummified Hand"},{"floor":38,"key":"Strawberry"},{"floor":38,"key":"DataDisk"},{"floor":40,"key":"Happy Flower"},{"floor":42,"key":"Toy Ornithopter"},{"floor":43,"key":"Cables"},{"floor":46,"key":"Ancient Tea Set"},{"floor":48,"key":"Nunchaku"},{"floor":54,"key":"Oddly Smooth Stone"}],"event_choices":[{"damage_healed":0,"gold_gain":0,"cards_transformed":["Strike_B"],"player_choice":"Change","damage_taken":0,"max_hp_gain":0,"max_hp_loss":0,"event_name":"Living Wall","floor":3,"gold_loss":0,"cards_obtained":["Genetic Algorithm"]},{"damage_healed":0,"gold_gain":0,"player_choice":"Ignored","damage_taken":0,"max_hp_gain":0,"max_hp_loss":0,"event_name":"Vampires","floor":20,"gold_loss":0},{"damage_healed":0,"gold_gain":0,"player_choice":"Ignored","damage_taken":0,"max_hp_gain":0,"max_hp_loss":0,"event_name":"The Mausoleum","floor":22,"gold_loss":0},{"damage_healed":0,"gold_gain":0,"player_choice":"Bought 1 Potion","damage_taken":0,"max_hp_gain":0,"max_hp_loss":0,"event_name":"The Woman in Blue","floor":36,"gold_loss":0},{"damage_healed":0,"gold_gain":0,"player_choice":"Upgraded","damage_taken":0,"max_hp_gain":0,"max_hp_loss":0,"event_name":"Upgrade Shrine","floor":45,"gold_loss":0,"cards_upgraded":["Capacitor"]}],"is_beta":false,"boss_relics":[{"not_picked":["Astrolabe","Velvet Choker"],"picked":"Coffee Dripper"},{"not_picked":["Tiny House","Runic Pyramid"],"picked":"Pandora\u0027s Box"}],"items_purged_floors":[19,37,53],"is_endless":false,"potions_floor_spawned":[4,5,14,16,25,29,41,42,47,54],"ascension_level":18}}