{"host":"uv5ws9rdk87e8i5k","time":1611987142,"event":{"mods":["AchievementEnabler","BaseMod","Colored Map","Minty Spire (QoL Compilation)","Permanent Neow","Quick Restart","StSLib","SuperFastMode","The Necromancer"],"gold_per_floor":[118,131,142,159,109,138,138,169,244,275,295,321,337,371,371,473,473,484,495,505,505,519,552,552,585,585,605,619,619,619,647,647,647,647],"floor_reached":33,"language":"ENG","playtime":707,"items_purged":[],"score":524,"play_id":"c692990d-ce54-4417-8c95-0d8bbd025b07","local_time":"20210130001222","is_ascension_mode":true,"campfire_choices":[{"data":"Perfected Strike","floor":7.0,"key":"SMITH"},{"data":"Pommel Strike","floor":15.0,"key":"SMITH"},{"data":"Offering","floor":24.0,"key":"SMITH"},{"data":"Heavy Blade","floor":32,"key":"SMITH"}],"circlet_count":0,"master_deck":["Defend_R","Defend_R","Defend_R","Bash","Perfected Strike+1","Pommel Strike","Pommel Strike+1","Clash","Feed","Demon Form+1","Offering+1","Heavy Blade","Headbutt","Battle Trance","Bite","Bite","Bite","Bite","Bite","Heavy Blade","Inflame+1","Clumsy","Writhe","Heavy Blade+1"],"relics":["Burning Blood","Lantern","PreservedInsect","Incense Burner","Darkstone Periapt","Strawberry","Bag of Marbles","Frozen Egg 2","Cursed Key","Pen Nib","Anchor","Bottled Flame","Vajra","Red Mask"],"acts_visited":["Exordium","TheCity"],"potions_floor_usage":[31],"damage_taken":[{"damage":7.0,"enemies":"Jaw Worm","floor":1.0,"turns":2.0},{"damage":2.0,"enemies":"Small Slimes","floor":2.0,"turns":4.0},{"damage":11.0,"enemies":"2 Louse","floor":3.0,"turns":3.0},{"damage":0.0,"enemies":"Large Slime","floor":4.0,"turns":2.0},{"damage":25.0,"enemies":"3 Sentries","floor":6.0,"turns":6.0},{"damage":10.0,"enemies":"Lagavulin","floor":8.0,"turns":4.0},{"damage":5.0,"enemies":"3 Sentries","floor":10.0,"turns":3.0},{"damage":10.0,"enemies":"2 Fungi Beasts","floor":11.0,"turns":3.0},{"damage":8.0,"enemies":"Blue Slaver","floor":13.0,"turns":2.0},{"damage":0.0,"enemies":"Lagavulin","floor":14.0,"turns":2.0},{"damage":25.0,"enemies":"Hexaghost","floor":16.0,"turns":8.0},{"damage":2.0,"enemies":"Chosen","floor":18.0,"turns":3.0},{"damage":17.0,"enemies":"Shell Parasite","floor":19.0,"turns":4.0},{"damage":20.0,"enemies":"Snake Plant","floor":20.0,"turns":2.0},{"damage":20.0,"enemies":"Cultist and Chosen","floor":22.0,"turns":4.0},{"damage":29.0,"enemies":"Slavers","floor":23.0,"turns":3.0},{"damage":18.0,"enemies":"Gremlin Leader","floor":25.0,"turns":3.0},{"damage":22.0,"enemies":"Centurion and Healer","floor":27.0,"turns":3.0},{"damage":8,"enemies":"3 Cultists","floor":28,"turns":3},{"damage":4,"enemies":"Colosseum Slavers","floor":29,"turns":2},{"damage":13,"enemies":"Masked Bandits","floor":31,"turns":3},{"damage":60,"enemies":"Collector","floor":33,"turns":5}],"seed_played":"6298882275627862987","potions_obtained":[{"floor":2.0,"key":"Explosive Potion"},{"floor":4.0,"key":"LiquidBronze"},{"floor":6.0,"key":"Explosive Potion"},{"floor":8.0,"key":"AttackPotion"},{"floor":10.0,"key":"ColorlessPotion"},{"floor":18.0,"key":"SkillPotion"},{"floor":23.0,"key":"Fire Potion"},{"floor":27.0,"key":"Ancient Potion"}],"is_trial":false,"path_per_floor":["M","M","M","M","?","E","R","E","T","E","M","T","M","E","R","B",null,"M","M","M","?","M","E","R","E","T","M","M","?","?","?","R","B"],"character_chosen":"IRONCLAD","items_purchased":[],"campfire_rested":0,"item_purchase_floors":[],"current_hp_per_floor":[71,75,70,76,76,57,57,53,53,61,60,60,58,68,68,49,83,90,82,71,71,63,42,42,41,47,31,31,42,48,45,45,0,0],"gold":647,"neow_bonus":"RANDOM_COMMON_RELIC","is_daily":false,"chose_seed":false,"campfire_upgraded":4,"win_rate":0.0,"timestamp":1611987142,"path_taken":["M","M","M","M","?","E","R","E","T","E","M","?","M","E","R","BOSS","M","M","M","?","M","E","R","E","T","M","M","?","?","?","R","BOSS"],"items_purchased_type":[],"build_version":"2020-12-22","purchased_purges":0,"victory":false,"max_hp_per_floor":[80,80,80,80,80,80,80,80,80,87,90,90,90,94,94,94,94,97,100,103,72,75,75,75,78,84,84,84,87,93,93,93,93,93],"card_choices":[{"not_picked":["Armaments","Heavy Blade"],"picked":"Perfected Strike","floor":1.0},{"not_picked":["Corruption","Combust","Flex"],"picked":"SKIP","floor":2.0},{"not_picked":["Shockwave","Feel No Pain"],"picked":"Pommel Strike","floor":3.0},{"not_picked":["Shrug It Off","Heavy Blade","Thunderclap"],"picked":"SKIP","floor":4.0},{"not_picked":["Armaments","Iron Wave"],"picked":"Pommel Strike","floor":6.0},{"not_picked":["Sentinel","Intimidate"],"picked":"Clash","floor":8.0},{"not_picked":["Clash","Wild Strike"],"picked":"Feed","floor":10.0},{"not_picked":["Rampage","Thunderclap","Shrug It Off"],"picked":"SKIP","floor":11.0},{"not_picked":["Body Slam","Blood for Blood","Shrug It Off"],"picked":"SKIP","floor":13.0},{"not_picked":["Battle Trance","Heavy Blade"],"picked":"Demon Form+1","floor":14.0},{"not_picked":["Fiend Fire","Juggernaut+1"],"picked":"Offering","floor":16.0},{"not_picked":["Warcry","Dark Embrace+1"],"picked":"Heavy Blade","floor":18.0},{"not_picked":["Armaments+1","Clash"],"picked":"Headbutt","floor":19.0},{"not_picked":["Sentinel","Juggernaut+1"],"picked":"Battle Trance","floor":20.0},{"not_picked":["Clothesline","Fire Breathing+1"],"picked":"Heavy Blade","floor":22.0},{"not_picked":["Uppercut+1","Rampage+1"],"picked":"Inflame+1","floor":23.0},{"not_picked":["Entrench","Perfected Strike","Evolve+1"],"picked":"SKIP","floor":25.0},{"not_picked":["Sword Boomerang+1","True Grit","Dropkick"],"picked":"SKIP","floor":27.0},{"not_picked":["Iron Wave","Armaments","Evolve+1"],"picked":"SKIP","floor":28},{"not_picked":["Iron Wave","Sword Boomerang"],"picked":"Heavy Blade","floor":31}],"player_experience":311622,"relics_obtained":[{"floor":6.0,"key":"PreservedInsect"},{"floor":8.0,"key":"Incense Burner"},{"floor":9.0,"key":"Darkstone Periapt"},{"floor":10.0,"key":"Strawberry"},{"floor":12.0,"key":"Bag of Marbles"},{"floor":14.0,"key":"Frozen Egg 2"},{"floor":23.0,"key":"Pen Nib"},{"floor":25.0,"key":"Anchor"},{"floor":26.0,"key":"Bottled Flame"},{"floor":31,"key":"Red Mask"}],"event_choices":[{"cards_removed":["Defend_R"],"damage_healed":0.0,"max_hp_gain":0.0,"max_hp_loss":0.0,"gold_gain":0.0,"event_name":"The Cleric","player_choice":"Card Removal","floor":5.0,"gold_loss":50.0,"damage_taken":0.0},{"damage_healed":0.0,"max_hp_gain":0.0,"max_hp_loss":31.0,"gold_gain":0.0,"event_name":"Vampires","player_choice":"Became a vampire","floor":21.0,"gold_loss":0.0,"damage_taken":0.0,"cards_obtained":["Bite","Bite","Bite","Bite","Bite"]},{"damage_healed":0,"gold_gain":0,"player_choice":"Fight","damage_taken":0,"max_hp_gain":0,"max_hp_loss":0,"event_name":"Colosseum","floor":29,"gold_loss":0},{"damage_healed":0,"gold_gain":0,"player_choice":"Fled From Nobs","damage_taken":0,"max_hp_gain":0,"max_hp_loss":0,"event_name":"Colosseum","floor":29,"gold_loss":0},{"damage_healed":0,"gold_gain":0,"player_choice":"Opened","damage_taken":0,"relics_obtained":["Vajra"],"max_hp_gain":0,"max_hp_loss":0,"event_name":"The Mausoleum","floor":30,"gold_loss":0,"cards_obtained":["Writhe"]},{"damage_healed":0,"gold_gain":0,"player_choice":"Fought Bandits","damage_taken":0,"max_hp_gain":0,"max_hp_loss":0,"event_name":"Masked Bandits","floor":31,"gold_loss":0}],"is_beta":false,"boss_relics":[{"not_picked":["SlaversCollar","Runic Pyramid"],"picked":"Cursed Key"}],"items_purged_floors":[],"is_endless":false,"potions_floor_spawned":[2,4,6,8,10,18,23,27,29],"killed_by":"Collector","ascension_level":9}}