{"host":"344lv32hnei0mdhu","time":1611997992,"event":{"mods":["Act Like it!","BaseMod","Better Match","Better Sensory Stone","Better Skull","Better Third Choice","Better Vampires","Colored Powertips","Highlight Path","Minty Spire (QoL Compilation)","Quick Restart","Random Character Button","Rare Cards Sparkle","StSLib"],"gold_per_floor":[115,115,8,8,8,33,33,33,103,121,136,147,175,53,53,154,154,168,187,187,187],"floor_reached":20,"language":"ENG","playtime":838,"items_purged":["Strike_R"],"score":321,"play_id":"5841ff8a-0901-41b0-8913-5d9946531fe9","local_time":"20210130031224","is_ascension_mode":true,"campfire_choices":[{"data":"Uppercut","floor":7,"key":"SMITH"},{"data":"Flame Barrier","floor":15,"key":"SMITH"}],"circlet_count":0,"master_deck":["AscendersBane","Strike_R+1","Strike_R+1","Strike_R","Strike_R","Defend_R","Defend_R","Defend_R","Defend_R","Bash","Shockwave","Uppercut+1","Feed","Thunderclap","Flex","Immolate","Flame Barrier+1","Sword Boomerang","Double Tap","Combust"],"relics":["Burning Blood","NeowsBlessing","Mummified Hand","Shuriken","InkBottle","Runic Cube"],"acts_visited":["Exordium","TheCity"],"potions_floor_usage":[12,18],"damage_taken":[{"damage":0,"enemies":"Small Slimes","floor":1,"turns":2},{"damage":0,"enemies":"Lagavulin","floor":6,"turns":1},{"damage":0,"enemies":"Cultist","floor":10,"turns":1},{"damage":0,"enemies":"2 Louse","floor":11,"turns":3},{"damage":6,"enemies":"Exordium Wildlife","floor":12,"turns":5},{"damage":13,"enemies":"Gremlin Nob","floor":13,"turns":3},{"damage":79,"enemies":"The Guardian","floor":16,"turns":17},{"damage":24,"enemies":"Shell Parasite","floor":18,"turns":5},{"damage":18,"enemies":"2 Thieves","floor":19,"turns":2},{"damage":44,"enemies":"Snake Plant","floor":20,"turns":4}],"seed_played":"-6775636933526343048","potions_obtained":[{"floor":10,"key":"SteroidPotion"},{"floor":11,"key":"AttackPotion"},{"floor":16,"key":"Weak Potion"},{"floor":19,"key":"SmokeBomb"}],"is_trial":false,"path_per_floor":["M","?","$","?","?","E","R","$","T","M","M","M","E","$","R","B",null,"M","M","M"],"character_chosen":"IRONCLAD","items_purchased":["Shockwave","Uppercut","Sword Boomerang"],"campfire_rested":0,"item_purchase_floors":[3,3,14],"current_hp_per_floor":[78,78,78,62,62,68,68,68,68,74,83,86,82,82,82,9,69,51,39,0,0],"gold":187,"neow_bonus":"THREE_ENEMY_KILL","is_daily":false,"chose_seed":false,"campfire_upgraded":2,"win_rate":0.0,"timestamp":1611997944,"path_taken":["M","?","$","?","?","E","R","$","T","M","M","M","E","$","R","BOSS","M","M","?"],"items_purchased_type":["Card","Card","Card"],"build_version":"2020-12-22","purchased_purges":1,"victory":false,"max_hp_per_floor":[80,80,80,80,80,80,80,80,80,80,83,86,89,89,89,89,89,89,89,89,89],"card_choices":[{"not_picked":["Headbutt","Havoc","Sever Soul"],"picked":"SKIP","floor":1},{"not_picked":["Barricade","Ghostly Armor"],"picked":"Feed","floor":6},{"not_picked":["Perfected Strike","Heavy Blade"],"picked":"Thunderclap","floor":10},{"not_picked":["Thunderclap","Perfected Strike"],"picked":"Flex","floor":11},{"not_picked":["Heavy Blade","Carnage"],"picked":"Immolate","floor":12},{"not_picked":["Heavy Blade","Perfected Strike"],"picked":"Flame Barrier","floor":13},{"not_picked":["Corruption","Offering"],"picked":"Double Tap","floor":16},{"not_picked":["Rupture","Thunderclap"],"picked":"Combust","floor":18},{"not_picked":["Dropkick","Cleave+1","Havoc"],"picked":"SKIP","floor":19}],"player_experience":389605,"relics_obtained":[{"floor":6,"key":"Mummified Hand"},{"floor":9,"key":"Shuriken"},{"floor":13,"key":"InkBottle"}],"event_choices":[{"damage_healed":0,"gold_gain":0,"player_choice":"Ignored","damage_taken":0,"max_hp_gain":0,"max_hp_loss":0,"event_name":"Golden Wing","floor":2,"gold_loss":0},{"damage_healed":78,"gold_gain":0,"player_choice":"Upgrade","damage_taken":16,"max_hp_gain":0,"max_hp_loss":80,"event_name":"betterThird:BetterShining","floor":4,"gold_loss":0,"cards_upgraded":["Strike_R","Strike_R"]},{"damage_healed":0,"gold_gain":0,"player_choice":"Ignored","damage_taken":0,"max_hp_gain":0,"max_hp_loss":0,"event_name":"WeMeetAgain","floor":5,"gold_loss":0}],"is_beta":false,"boss_relics":[{"not_picked":["SlaversCollar","Black Star"],"picked":"Runic Cube"}],"items_purged_floors":[14],"is_endless":false,"potions_floor_spawned":[10,11,16,19],"killed_by":"Snake Plant","ascension_level":11}}