{"host":"06e3yyzgn8o619wl","time":1611995131,"event":{"mods":["BaseMod","Block Reminder","Colored Map","Colored Powertips","DeckTracker","Minty Spire (QoL Compilation)","Permanent Neow","Relic Stats","StSLib"],"gold_per_floor":[109,120,45,55,75,104,104,104,104,122,149,161,187,203,203,308,308,321,331,342,342,342],"floor_reached":21,"language":"JPN","playtime":2368,"items_purged":["Strike_P"],"score":267,"play_id":"baefe377-d738-4000-a879-46eb7155f9d4","local_time":"20210130172531","is_ascension_mode":true,"campfire_choices":[{"data":"TalkToTheHand","floor":8.0,"key":"SMITH"},{"floor":15.0,"key":"REST"}],"circlet_count":0,"master_deck":["Strike_P","Strike_P","Defend_P","Defend_P","Defend_P","Eruption","Vigilance+1","BowlingBash+1","CrushJoints","TalkToTheHand+1","SandsOfTime","Scrawl","Madness","FlurryOfBlows+1","EmptyBody","LikeWater","Wallop","LessonLearned","Vengeance+1","Protect"],"relics":["Empty Cage","Anchor","Toy Ornithopter","Darkstone Periapt","Strawberry","VioletLotus"],"acts_visited":["Exordium","TheCity"],"potions_floor_usage":[19],"damage_taken":[{"damage":2.0,"enemies":"Small Slimes","floor":1.0,"turns":3.0},{"damage":1.0,"enemies":"Cultist","floor":2.0,"turns":4.0},{"damage":5.0,"enemies":"2 Louse","floor":4.0,"turns":3.0},{"damage":0.0,"enemies":"Blue Slaver","floor":5.0,"turns":4.0},{"damage":14.0,"enemies":"3 Sentries","floor":6.0,"turns":7.0},{"damage":0.0,"enemies":"2 Fungi Beasts","floor":10.0,"turns":3.0},{"damage":12.0,"enemies":"Lagavulin","floor":11.0,"turns":6.0},{"damage":0.0,"enemies":"3 Louse","floor":12.0,"turns":3.0},{"damage":7.0,"enemies":"Gremlin Nob","floor":13.0,"turns":3.0},{"damage":3.0,"enemies":"Blue Slaver","floor":14.0,"turns":5.0},{"damage":31.0,"enemies":"The Guardian","floor":16.0,"turns":12.0},{"damage":17,"enemies":"Spheric Guardian","floor":18,"turns":5},{"damage":9,"enemies":"3 Byrds","floor":19,"turns":6},{"damage":24,"enemies":"Snake Plant","floor":20,"turns":5},{"damage":37,"enemies":"Snecko","floor":21,"turns":5}],"seed_played":"4580499877393444625","potions_obtained":[{"floor":1.0,"key":"LiquidMemories"},{"floor":2.0,"key":"EssenceOfSteel"},{"floor":5.0,"key":"AttackPotion"},{"floor":6.0,"key":"Fire Potion"},{"floor":19,"key":"Strength Potion"}],"is_trial":false,"path_per_floor":["M","M","$","M","M","E","?","R","T","M","E","M","E","M","R","B",null,"M","M","M","M"],"character_chosen":"WATCHER","items_purchased":[],"campfire_rested":1,"item_purchase_floors":[],"current_hp_per_floor":[63,62,62,57,57,43,43,43,43,43,31,31,31,28,51,20,64,47,43,19,0,0],"gold":342,"neow_bonus":"BOSS_RELIC","is_daily":false,"chose_seed":false,"campfire_upgraded":1,"win_rate":0.0,"timestamp":1611995131,"path_taken":["M","M","$","M","M","E","?","R","T","?","E","M","E","M","R","BOSS","M","M","M","M"],"items_purchased_type":[],"build_version":"2020-12-22","purchased_purges":1,"victory":false,"max_hp_per_floor":[72,72,72,72,72,72,72,72,72,72,72,72,79,79,79,79,79,79,79,79,79,79],"relic_stats":{"Darkstone Periapt":0,"counters":[15,74],"VioletLotus":[2],"obtain_stats":[{"Darkstone Periapt":11,"Anchor":6,"Strawberry":13,"VioletLotus":17,"PureWater":0,"Empty Cage":0,"Toy Ornithopter":9},{"Darkstone Periapt":7,"Anchor":5,"Strawberry":9,"VioletLotus":11,"PureWater":0,"Empty Cage":0,"Toy Ornithopter":5},{"Darkstone Periapt":30,"Anchor":21,"Strawberry":36,"VioletLotus":53,"PureWater":0,"Empty Cage":0,"Toy Ornithopter":21}],"Toy Ornithopter":5},"card_choices":[{"not_picked":["Wallop","Crescendo"],"picked":"BowlingBash","floor":1.0},{"not_picked":["Prostrate","ReachHeaven"],"picked":"CrushJoints","floor":2.0},{"not_picked":["WaveOfTheHand","Crescendo"],"picked":"TalkToTheHand","floor":4.0},{"not_picked":["CrushJoints","Swivel"],"picked":"SandsOfTime","floor":5.0},{"not_picked":["WreathOfFlame","ForeignInfluence"],"picked":"Scrawl","floor":6.0},{"not_picked":["BowlingBash","Swivel"],"picked":"EmptyBody","floor":10.0},{"not_picked":["Conclude","WreathOfFlame","BowlingBash"],"picked":"SKIP","floor":11.0},{"not_picked":["Vengeance","WindmillStrike"],"picked":"LikeWater","floor":12.0},{"not_picked":["Collect","FlurryOfBlows"],"picked":"Wallop","floor":13.0},{"not_picked":["Crescendo","PathToVictory","EmptyFist"],"picked":"SKIP","floor":14.0},{"not_picked":["Scrawl","Alpha"],"picked":"LessonLearned","floor":16.0},{"not_picked":["FlyingSleeves","Collect","Crescendo+1"],"picked":"SKIP","floor":18},{"not_picked":["FlurryOfBlows","SashWhip"],"picked":"Vengeance+1","floor":19},{"not_picked":["Indignation+1","Evaluate"],"picked":"Protect","floor":20}],"player_experience":122207,"relics_obtained":[{"floor":6.0,"key":"Anchor"},{"floor":9.0,"key":"Toy Ornithopter"},{"floor":11.0,"key":"Darkstone Periapt"},{"floor":13.0,"key":"Strawberry"}],"event_choices":[{"damage_healed":0.0,"max_hp_gain":0.0,"max_hp_loss":0.0,"gold_gain":0.0,"event_name":"Match and Keep!","player_choice":"2 cards matched","floor":7.0,"gold_loss":0.0,"damage_taken":0.0,"cards_obtained":["Madness","FlurryOfBlows"]}],"is_beta":false,"boss_relics":[{"not_picked":["Cursed Key","Runic Dome"],"picked":"VioletLotus"}],"items_purged_floors":[3],"is_endless":false,"potions_floor_spawned":[1,2,5,6,14,19],"killed_by":"Snecko","ascension_level":6}}