{"host":"56d873i5r3uhle0q","time":1611971690,"event":{"mods":["100% Spire Juice","Act Like it!","Aspiration","BaseMod","Block Reminder","Conspire","Dota2Spire","Downfall","Gensokyo","Hermit","Hubris","Infinite Spire","Jedi Mod","Lobotomy","LobotomyExtend","Marisa????????","Marked Mod","Minty Spire (QoL Compilation)","Reliquary","Replay The Spire","StSLib","The Animator","The Bug Knight","The Cursed","The Marked","The Servant 0.9.4","everything is the same but u backflip on backflip","??????REMEMod"],"gold_per_floor":[110,110,121,121,132,132,132,132,157,232,244,262,262,262,262,262,262],"floor_reached":16,"language":"ENG","playtime":527,"items_purged":[],"score":90,"play_id":"2efee29a-2a5d-430b-8a34-dd12bdeae35c","local_time":"20210129185450","is_ascension_mode":false,"campfire_choices":[{"data":"Footwork","floor":6,"key":"SMITH"},{"data":"FTL","floor":8,"key":"SMITH"},{"data":"Beam Cell","floor":15,"key":"SMITH"}],"circlet_count":0,"master_deck":["Strike_G","Strike_G","Strike_G","Strike_G","Strike_G","Defend_G","Defend_G","Defend_G","Defend_G","Defend_G","FTL+1","Footwork+1","Blur","Leap","Beam Cell+1"],"relics":["Ring of the Snake","REME_ComplimentaryCards","LetterFromLob","Juzu Bracelet","Regal Pillow"],"acts_visited":["Exordium"],"potions_floor_usage":[16],"damage_taken":[{"damage":0,"enemies":"2 Louse","floor":1,"turns":3},{"damage":1,"enemies":"Jaw Worm","floor":3,"turns":6},{"damage":0,"enemies":"Cultist","floor":5,"turns":4},{"damage":0,"enemies":"Exordium Wildlife","floor":11,"turns":7},{"damage":10,"enemies":"Looter","floor":12,"turns":3},{"damage":62,"enemies":"Slime Boss","floor":16,"turns":15}],"seed_played":"-6938672350231423964","potions_obtained":[{"floor":5,"key":"champ:CounterPotion"},{"floor":12,"key":"Fire Potion"}],"is_trial":false,"path_per_floor":["M","$","M","?","M","R","?","R","T","?","M","M","T","?","R","B"],"character_chosen":"THE_SILENT","items_purchased":[],"campfire_rested":0,"item_purchase_floors":[],"current_hp_per_floor":[70,70,69,69,69,69,80,80,80,69,69,59,59,59,59,0,0],"gold":262,"neow_bonus":"ONE_RANDOM_RARE_CARD","is_daily":false,"chose_seed":false,"campfire_upgraded":3,"win_rate":0.0,"timestamp":1611971690,"path_taken":["M","$","M","?","M","R","?","R","T","?","M","M","?","?","R","BOSS"],"items_purchased_type":[],"build_version":"2020-12-22","purchased_purges":0,"victory":false,"max_hp_per_floor":[70,70,70,70,70,70,80,80,80,80,80,80,80,80,80,80,80],"card_choices":[{"not_picked":["Poisoned Stab","Infinite Blades"],"picked":"Footwork","floor":1},{"not_picked":["jedi:acidrain","jedi:pocketpoison"],"picked":"Blur","floor":3},{"not_picked":["Eviscerate","ReplayTheSpireMod:The Works","Hidden Blade"],"picked":"SKIP","floor":5},{"not_picked":["Prepared","Flying Knee","Concentrate"],"picked":"SKIP","floor":11},{"not_picked":["Bane","Cloak And Dagger","Deadly Poison"],"picked":"SKIP","floor":12}],"player_experience":689305,"relics_obtained":[{"floor":1,"key":"LetterFromLob"},{"floor":9,"key":"Juzu Bracelet"},{"floor":13,"key":"Regal Pillow"}],"event_choices":[{"cards_removed":["Doppelganger"],"damage_healed":1,"gold_gain":0,"player_choice":"Offered Rare","damage_taken":0,"max_hp_gain":10,"max_hp_loss":0,"event_name":"Bonfire Elementals","floor":7,"gold_loss":0},{"damage_healed":0,"gold_gain":75,"player_choice":"Gather Gold","damage_taken":11,"max_hp_gain":0,"max_hp_loss":0,"event_name":"World of Goop","floor":10,"gold_loss":0}],"is_beta":false,"boss_relics":[],"items_purged_floors":[],"is_endless":false,"potions_floor_spawned":[5,12],"killed_by":"Slime Boss","ascension_level":0}}