{"host":"dlqyscxstsnu98l1","time":1611984311,"event":{"mods":["AchievementEnabler","BaseMod","Bestiary","Colored Map","Colored Powertips","Conspire","Downfall","GifTheSpireLib","Highlight Path","Minty Spire (QoL Compilation)","Random Character Button","Replay The Spire","SacredBarkPlus","StSLib","everything is the same but u backflip on backflip"],"gold_per_floor":[115,135,135,152,152,182,199,199,199,225,45,57,91,104,104,207,207,223,223,239,249,267,293,304,304,329,329,329,244,244,271,271,376,376,386,386,0,0,13,13,39,59,86,86,86],"floor_reached":44,"language":"ENG","playtime":2531,"items_purged":[],"score":795,"play_id":"f3fa7460-9d0e-45e0-99b2-9855aa8463c7","local_time":"20210129232511","is_ascension_mode":true,"campfire_choices":[{"floor":8,"key":"REST"},{"floor":15,"key":"REST"},{"floor":25,"key":"REST"},{"floor":28,"key":"REST"},{"data":"PathToVictory","floor":30,"key":"SMITH"},{"data":"PathToVictory","floor":32,"key":"SMITH"},{"floor":40,"key":"RECALL"}],"circlet_count":0,"master_deck":["Strike_P","Defend_P","Defend_P+1","Defend_P","Eruption+1","Vigilance","PathToVictory+1","BattleHymn","CutThroughFate","Consecrate","Mayhem+1","PathToVictory+1","PathToVictory+1","MasterReality+1","JustLucky+1","DeceiveReality+1","EmptyBody+1","CurseOfTheBell","Replay:Cycle","Replay:Anticipation+1","downfall:Malfunctioning","Injury"],"relics":["PureWater","Golden Egg","Lantern","Replay:WaspNest","Empty Cage","Mirror","Replay:Mystery Machine","Gambling Chip","Akabeko","Calling Bell","PreservedInsect","Kunai","conspire:GlowingRock","downfall:ExtraCursedKey","Red Mask","War Paint","Vajra"],"acts_visited":["Exordium","TheCity","TheBeyond"],"potions_floor_usage":[6,14,21,21,24,33,39,42,44],"damage_taken":[{"damage":1,"enemies":"2 Louse","floor":1,"turns":5},{"damage":2,"enemies":"Small Slimes","floor":2,"turns":4},{"damage":0,"enemies":"Cultist","floor":4,"turns":3},{"damage":19,"enemies":"Gremlin Nob","floor":6,"turns":3},{"damage":7,"enemies":"2 Fungi Beasts","floor":7,"turns":3},{"damage":14,"enemies":"3 Sentries","floor":10,"turns":4},{"damage":4,"enemies":"Lots of Slimes","floor":12,"turns":2},{"damage":5,"enemies":"Replay:BlueRogue","floor":13,"turns":4},{"damage":0,"enemies":"Blue Slaver","floor":14,"turns":1},{"damage":0,"enemies":"Slime Boss","floor":16,"turns":5},{"damage":2,"enemies":"Chosen","floor":18,"turns":4},{"damage":14,"enemies":"3 Byrds","floor":20,"turns":3},{"damage":20,"enemies":"Centurion and Healer","floor":21,"turns":4},{"damage":10,"enemies":"3 Cultists","floor":22,"turns":3},{"damage":11,"enemies":"Replay:Snechameleon","floor":23,"turns":5},{"damage":0,"enemies":"Cultist and Chosen","floor":24,"turns":5},{"damage":0,"enemies":"Gremlin Leader","floor":31,"turns":5},{"damage":11,"enemies":"Pondfish","floor":33,"turns":5},{"damage":2,"enemies":"Orb Walker","floor":35,"turns":2},{"damage":16,"enemies":"3 Shapes","floor":39,"turns":4},{"damage":2,"enemies":"Giant Head","floor":41,"turns":5},{"damage":4,"enemies":"3 Darklings","floor":42,"turns":4},{"damage":70,"enemies":"Sphere and 2 Shapes","floor":44,"turns":6}],"seed_played":"-643409306004152654","potions_obtained":[{"floor":2,"key":"Weak Potion"},{"floor":12,"key":"LiquidMemories"},{"floor":13,"key":"Energy Potion"},{"floor":16,"key":"BottledMiracle"},{"floor":18,"key":"champ:CounterPotion"},{"floor":19,"key":"SpeedPotion"},{"floor":22,"key":"Guardian:BlockOnCardUsePotion"},{"floor":24,"key":"Regen Potion"},{"floor":39,"key":"LifebloodPotion"},{"floor":42,"key":"Fire Potion"}],"is_trial":false,"path_per_floor":["M","M","?","M","?","E","M","R","T","E","$","M","E","M","R","B",null,"M","?","M","M","M","E","M","R","T","?","R","?","R","E","R","B",null,"M","?","?","?","M","R","E","M","T","M"],"character_chosen":"WATCHER","items_purchased":["Mayhem"],"campfire_rested":4,"item_purchase_floors":[11],"current_hp_per_floor":[50,48,48,48,48,29,22,43,43,29,29,25,20,20,41,41,72,70,70,56,36,26,15,15,36,36,36,57,57,57,57,57,46,72,70,70,70,70,66,66,64,60,60,0,0],"gold":86,"neow_bonus":"REMOVE_TWO","is_daily":false,"chose_seed":false,"campfire_upgraded":2,"win_rate":0.0,"timestamp":1611984311,"path_taken":["M","M","?","M","?","E","M","R","T","E","$","?","E","M","R","BOSS","M","?","M","M","?","E","?","R","T","?","R","?","R","E","R","BOSS","M","?","?","?","M","R","E","M","T","M"],"items_purchased_type":["Card"],"build_version":"2020-12-22","purchased_purges":0,"victory":false,"max_hp_per_floor":[72,72,72,72,72,72,72,72,72,72,72,72,72,72,72,72,72,72,72,72,72,72,72,72,72,72,72,72,72,72,72,72,72,72,72,72,72,72,72,72,72,72,72,72,72],"card_choices":[{"not_picked":["WreathOfFlame","EmptyFist"],"picked":"PathToVictory","floor":1},{"not_picked":["CutThroughFate","CarveReality","Replay:BluntJabs"],"picked":"SKIP","floor":2},{"not_picked":["CarveReality","Consecrate"],"picked":"BattleHymn","floor":4},{"not_picked":["EmptyFist","WreathOfFlame","Swivel"],"picked":"SKIP","floor":6},{"not_picked":["Replay:DivineShield","FlyingSleeves"],"picked":"CutThroughFate","floor":7},{"not_picked":["Adaptation","FlurryOfBlows"],"picked":"Consecrate","floor":10},{"not_picked":["Nirvana","Vengeance"],"picked":"PathToVictory","floor":12},{"not_picked":["CarveReality","CrushJoints","Perseverance"],"picked":"SKIP","floor":13},{"not_picked":["Consecrate","CrushJoints"],"picked":"PathToVictory","floor":14},{"not_picked":["Replay:LoomingThreat","Omniscience"],"picked":"MasterReality","floor":16},{"not_picked":["CrushJoints+1","EmptyBody","Prostrate+1"],"picked":"SKIP","floor":18},{"not_picked":["Replay:ManipulateFuture","WindmillStrike"],"picked":"JustLucky+1","floor":20},{"not_picked":["Halt","FollowUp","Crescendo"],"picked":"SKIP","floor":21},{"not_picked":["Worship","EmptyMind"],"picked":"DeceiveReality","floor":22},{"not_picked":["Prostrate","FlurryOfBlows","WindmillStrike+1"],"picked":"SKIP","floor":23},{"not_picked":["WaveOfTheHand","Wireheading","Alpha"],"picked":"SKIP","floor":24},{"not_picked":["Devotion","Replay:DivineShield"],"picked":"EmptyBody+1","floor":31},{"not_picked":["BowlingBash+1","WreathOfFlame","ClearTheMind+1"],"picked":"SKIP","floor":35},{"not_picked":["InnerPeace+1","Halt+1"],"picked":"Replay:Cycle","floor":39},{"not_picked":["SashWhip+1","Halt+1","FollowUp+1"],"picked":"SKIP","floor":41},{"not_picked":["Perseverance","Halt+1"],"picked":"Replay:Anticipation+1","floor":42}],"player_experience":130506,"relics_obtained":[{"floor":6,"key":"Golden Egg"},{"floor":10,"key":"Lantern"},{"floor":13,"key":"Replay:WaspNest"},{"floor":23,"key":"Mirror"},{"floor":26,"key":"Replay:Mystery Machine"},{"floor":31,"key":"Akabeko"},{"floor":34,"key":"PreservedInsect"},{"floor":34,"key":"Kunai"},{"floor":34,"key":"conspire:GlowingRock"},{"floor":41,"key":"War Paint"},{"floor":43,"key":"Vajra"}],"event_choices":[{"damage_healed":0,"gold_gain":0,"player_choice":"Upgraded","damage_taken":0,"max_hp_gain":0,"max_hp_loss":0,"event_name":"Upgrade Shrine","floor":5,"gold_loss":0,"cards_upgraded":["PathToVictory"]},{"damage_healed":0,"gold_gain":0,"player_choice":"Got Potions","damage_taken":0,"max_hp_gain":0,"max_hp_loss":0,"event_name":"Lab","floor":19,"gold_loss":0},{"damage_healed":0,"gold_gain":0,"player_choice":"Leave","damage_taken":0,"max_hp_gain":0,"max_hp_loss":0,"event_name":"conspire:Investor","floor":27,"gold_loss":0},{"damage_healed":0,"gold_gain":0,"player_choice":"Obtained Relic","damage_taken":0,"relics_obtained":["Gambling Chip"],"max_hp_gain":0,"max_hp_loss":0,"event_name":"Addict","floor":29,"gold_loss":85},{"damage_healed":0,"gold_gain":0,"player_choice":"Paid","damage_taken":0,"relics_obtained":["Red Mask"],"max_hp_gain":0,"max_hp_loss":0,"event_name":"Tomb of Lord Red Mask","floor":37,"gold_loss":386}],"is_beta":false,"boss_relics":[{"not_picked":["Kintsugi","Coffee Dripper"],"picked":"Empty Cage"},{"not_picked":["Snecko Heart","Runic Dome"],"picked":"Calling Bell"}],"items_purged_floors":[],"is_endless":false,"potions_floor_spawned":[2,12,13,16,18,22,24,39,42],"killed_by":"Sphere and 2 Shapes","ascension_level":2}}