{"host":"2se5dq1do2gp0x9k","time":1611992348,"event":{"mods":["AchievementEnabler","BaseMod","Block Reminder","Colored Map","Colored Powertips","Minty Spire (QoL Compilation)","Relic Stats","StSLib","SuperFastMode"],"gold_per_floor":[116,126,126,126,150,150,193,216,239,254,269,269,344,368,368,464,464,488,438,452,216,231,231,281,321,321,340,340,340],"floor_reached":28,"language":"ENG","playtime":1099,"items_purged":["Strike_B"],"score":484,"play_id":"a407686d-8705-46a9-a9d4-d1e59ef354a3","local_time":"20210129233908","is_ascension_mode":true,"campfire_choices":[{"data":"Sunder","floor":6,"key":"SMITH"},{"floor":12,"key":"REST"},{"floor":15,"key":"REST"},{"floor":23,"key":"REST"}],"circlet_count":0,"master_deck":["AscendersBane","Strike_B","Strike_B","Strike_B","Defend_B","Defend_B","Defend_B","Defend_B","Zap","Dualcast","Skim","Sunder+1","Genetic Algorithm","Glacier","Aggregate","FTL","Go for the Eyes","Hologram","Fission","Compile Driver","Coolheaded","Barrage+1","Seek"],"relics":["FrozenCore","NeowsBlessing","Golden Idol","Pen Nib","Oddly Smooth Stone","Runic Capacitor","Bronze Scales","Mango"],"acts_visited":["Exordium","TheCity"],"potions_floor_usage":[7,11,16,25,27,27],"damage_taken":[{"damage":0,"enemies":"Cultist","floor":1,"turns":1},{"damage":0,"enemies":"2 Louse","floor":2,"turns":1},{"damage":0,"enemies":"Jaw Worm","floor":5,"turns":1},{"damage":20,"enemies":"3 Sentries","floor":7,"turns":5},{"damage":30,"enemies":"Exordium Wildlife","floor":8,"turns":5},{"damage":8,"enemies":"Blue Slaver","floor":10,"turns":3},{"damage":0,"enemies":"Exordium Thugs","floor":11,"turns":2},{"damage":0,"enemies":"Looter","floor":14,"turns":3},{"damage":32,"enemies":"The Guardian","floor":16,"turns":12},{"damage":9,"enemies":"Shell Parasite","floor":18,"turns":9},{"damage":10,"enemies":"Spheric Guardian","floor":20,"turns":10},{"damage":10,"enemies":"Snecko","floor":22,"turns":8},{"damage":27,"enemies":"Gremlin Leader","floor":25,"turns":7},{"damage":0,"enemies":"3 Cultists","floor":27,"turns":5},{"damage":20,"enemies":"Masked Bandits","floor":28,"turns":3}],"seed_played":"4099458513921485025","potions_obtained":[{"floor":1,"key":"Swift Potion"},{"floor":2,"key":"Swift Potion"},{"floor":7,"key":"SteroidPotion"},{"floor":16,"key":"Strength Potion"},{"floor":18,"key":"Swift Potion"},{"floor":25,"key":"Energy Potion"}],"is_trial":false,"path_per_floor":["M","M","?","?","M","R","E","M","T","M","M","R","?","M","R","B",null,"M","?","M","$","M","R","?","E","T","M","?"],"character_chosen":"DEFECT","items_purchased":["Runic Capacitor"],"campfire_rested":3,"item_purchase_floors":[21],"current_hp_per_floor":[64,64,64,64,64,64,44,14,14,6,6,25,14,14,33,1,48,39,39,29,29,19,38,32,5,19,19,0,0],"gold":340,"neow_bonus":"THREE_ENEMY_KILL","is_daily":false,"chose_seed":false,"campfire_upgraded":1,"win_rate":0.0,"timestamp":1611992348,"path_taken":["M","M","?","?","M","R","E","M","T","?","M","R","?","M","R","BOSS","M","?","M","?","M","R","?","E","T","?","?"],"items_purchased_type":["Relic"],"build_version":"2020-12-22","purchased_purges":1,"victory":false,"max_hp_per_floor":[71,71,64,64,64,64,64,64,64,64,64,64,64,64,64,64,64,64,64,64,64,64,64,64,64,78,78,78,78],"relic_stats":{"counters":[15,75],"Golden Idol":80,"Bronze Scales":[24],"Pen Nib":[10],"obtain_stats":[{"NeowsBlessing":0,"Golden Idol":3,"Bronze Scales":25,"Oddly Smooth Stone":9,"Mango":26,"Pen Nib":7,"Runic Capacitor":21,"Cracked Core":0,"FrozenCore":17},{"NeowsBlessing":0,"Golden Idol":2,"Bronze Scales":13,"Oddly Smooth Stone":5,"Mango":13,"Pen Nib":4,"Runic Capacitor":11,"Cracked Core":0,"FrozenCore":9},{"NeowsBlessing":0,"Golden Idol":2,"Bronze Scales":67,"Oddly Smooth Stone":13,"Mango":67,"Pen Nib":8,"Runic Capacitor":52,"Cracked Core":0,"FrozenCore":33}],"FrozenCore":[18]},"card_choices":[{"not_picked":["Force Field","Double Energy"],"picked":"Skim","floor":1},{"not_picked":["Tempest","Streamline"],"picked":"Sunder","floor":2},{"not_picked":["Sweeping Beam","Go for the Eyes"],"picked":"Genetic Algorithm","floor":5},{"not_picked":["Storm","Fusion"],"picked":"Glacier","floor":7},{"not_picked":["Turbo","Ball Lightning"],"picked":"Aggregate","floor":8},{"not_picked":["Aggregate","Static Discharge"],"picked":"FTL","floor":10},{"not_picked":["Rebound","Beam Cell"],"picked":"Go for the Eyes","floor":11},{"not_picked":["Genetic Algorithm","Ball Lightning"],"picked":"Hologram","floor":14},{"not_picked":["Multi-Cast","Reboot"],"picked":"Fission","floor":16},{"not_picked":["Storm","Double Energy"],"picked":"Compile Driver","floor":18},{"not_picked":["Rebound","Static Discharge"],"picked":"Coolheaded","floor":20},{"not_picked":["Fusion","Leap"],"picked":"Barrage+1","floor":22},{"not_picked":["Turbo","Conserve Battery"],"picked":"Seek","floor":25},{"not_picked":["Hello World+1","Stack+1","Rebound"],"picked":"SKIP","floor":27}],"player_experience":3986278,"relics_obtained":[{"floor":7,"key":"Pen Nib"},{"floor":9,"key":"Oddly Smooth Stone"},{"floor":25,"key":"Bronze Scales"},{"floor":26,"key":"Mango"}],"event_choices":[{"damage_healed":0,"gold_gain":0,"player_choice":"Lose Max HP","damage_taken":0,"relics_obtained":["Golden Idol"],"max_hp_gain":0,"max_hp_loss":7,"event_name":"Golden Idol","floor":3,"gold_loss":0},{"damage_healed":0,"gold_gain":0,"player_choice":"Ignored","damage_taken":0,"max_hp_gain":0,"max_hp_loss":0,"event_name":"Liars Game","floor":4,"gold_loss":0},{"damage_healed":0,"gold_gain":75,"player_choice":"Gather Gold","damage_taken":11,"max_hp_gain":0,"max_hp_loss":0,"event_name":"World of Goop","floor":13,"gold_loss":0},{"damage_healed":0,"gold_gain":0,"player_choice":"Bet on Murderer","damage_taken":0,"max_hp_gain":0,"max_hp_loss":0,"event_name":"The Joust","floor":19,"gold_loss":50},{"damage_healed":0,"gold_gain":50,"player_choice":"Touch","damage_taken":6,"max_hp_gain":0,"max_hp_loss":0,"event_name":"FaceTrader","floor":24,"gold_loss":0},{"damage_healed":0,"gold_gain":0,"player_choice":"Fought Bandits","damage_taken":0,"max_hp_gain":0,"max_hp_loss":0,"event_name":"Masked Bandits","floor":28,"gold_loss":0}],"is_beta":false,"boss_relics":[{"not_picked":["Tiny House","Black Star"],"picked":"FrozenCore"}],"items_purged_floors":[21],"is_endless":false,"potions_floor_spawned":[1,2,7,8,16,18,25],"killed_by":"Masked Bandits","ascension_level":20}}