{"host":"upxylo0gv9lknfjc","time":1611977482,"event":{"mods":["2.2 Compatiblity","BaseMod","Colored Map","Downfall","GungeonMod","Hermit","Lobotomy","Minty Spire (QoL Compilation)","StSLib","The Bug Knight","The Cursed","The Dragon Tamer","The Gatherer","The Hierophant","The Jungle","The Poker Player","The Runesmith"],"gold_per_floor":[99,116,134,59,44,44,68,18,37,137,137,87,100,85,97,195,195,45,61,61,46,62,97,97,182,182,182,32,67,17,43,54,153,153,3,22,139,152,152,102,102,141,103,115,115,115],"floor_reached":44,"language":"ENG","playtime":3339,"items_purged":["Normality"],"score":512,"play_id":"79083b5b-eaee-46c4-acfa-a3c1e7ff5704","local_time":"20210130123122","is_ascension_mode":true,"campfire_choices":[{"data":"Slimebound:CorrosiveSpit","floor":1,"key":"SMITH"},{"floor":8,"key":"RECALL"},{"data":"Slimebound:SplitMire","floor":12,"key":"SMITH"},{"data":"Slimebound:LeadByExample","floor":18,"key":"SMITH"},{"data":"Slimebound:DuplicatedForm","floor":28,"key":"SMITH"},{"floor":30,"key":"REST"},{"data":"Slimebound:LevelUp","floor":35,"key":"SMITH"},{"data":"Slimebound:MinionMaster","floor":40,"key":"SMITH"},{"floor":43,"key":"REST"}],"circlet_count":0,"master_deck":["Slimebound:Strike_Slimebound","Slimebound:Defend_Slimebound+1","Slimebound:Defend_Slimebound+1","Slimebound:Split+1","Slimebound:CorrosiveSpit+1","Slimebound:ItLooksTasty","Slimebound:LeechEnergy+1","Slimebound:SplitMire+1","Slimebound:SamplingLick","Slimebound:HauntingLick","Slimebound:Gluttony","downfall:Malfunctioning","Slimebound:GrowthPunch","Slimebound:LeadByExample+1","Slimebound:Nibble","Slimebound:Overexert","Slimebound:SlimeSpikes","Slimebound:LevelUp+1","Slimebound:SpikyOuterGoop+1","Slimebound:LeadByExample","Slimebound:Overexert","Injury","Slimebound:DuplicatedForm+1","Slimebound:MinionMaster+1","Slimebound:SplitSpecialist","Slimebound:MegaLick+1","downfall:Haunted","Slimebound:Dissolve","Slimebound:WasteNot","Slimebound:GoopSpray+1","Slimebound:LeechingTouch","downfall:Bewildered","Slimebound:FinishingTackle"],"relics":["Slimebound:AbsorbEndCombat","Slimebound:GreedOozeRelic","DemoMod:ClearGuonStone","Cursed Key","downfall:HeartBlessingRed","Red Mask","DemoMod:ChaffGrenade","downfall:HeartBlessingBlue","Dream Catcher","DemoMod:Metronome","Slimebound:TarBlob","downfall:HeartBlessingGreen","Potion Belt","DemoMod:MonsterBlood","MawBank","Peace Pipe"],"acts_visited":["Exordium","TheCity","TheBeyond"],"potions_floor_usage":[16,19,29,42],"damage_taken":[{"damage":1,"enemies":"Jaw Worm","floor":2,"turns":3},{"damage":3,"enemies":"Cultist","floor":3,"turns":3},{"damage":3,"enemies":"downfall:FleeingMerchant","floor":5,"turns":4},{"damage":0,"enemies":"2 Louse","floor":9,"turns":2},{"damage":21,"enemies":"downfall:Heads","floor":10,"turns":7},{"damage":0,"enemies":"2 Fungi Beasts","floor":13,"turns":2},{"damage":1,"enemies":"downfall:FleeingMerchant","floor":14,"turns":4},{"damage":4,"enemies":"Exordium Wildlife","floor":15,"turns":5},{"damage":5,"enemies":"IC_STATUS_ARCHETYPE","floor":16,"turns":5},{"damage":0,"enemies":"3 Byrds","floor":19,"turns":3},{"damage":12,"enemies":"downfall:FleeingMerchant","floor":21,"turns":4},{"damage":2,"enemies":"Chosen","floor":22,"turns":3},{"damage":14,"enemies":"Masked Bandits","floor":23,"turns":3},{"damage":49,"enemies":"Book of Stabbing","floor":29,"turns":5},{"damage":3,"enemies":"Snecko","floor":32,"turns":4},{"damage":59,"enemies":"DF_ARCHETYPE_CLAW","floor":33,"turns":7},{"damage":26,"enemies":"3 Darklings","floor":36,"turns":4},{"damage":37,"enemies":"downfall:FleeingMerchant","floor":37,"turns":3},{"damage":6,"enemies":"3 Shapes","floor":38,"turns":3},{"damage":35,"enemies":"Giant Head","floor":42,"turns":7},{"damage":49,"enemies":"Spire Growth","floor":44,"turns":3}],"seed_played":"920488600925584468","potions_obtained":[{"floor":2,"key":"Block Potion"},{"floor":9,"key":"Strength Potion"},{"floor":15,"key":"AttackPotion"},{"floor":16,"key":"Strength Potion"},{"floor":23,"key":"ColorlessPotion"},{"floor":32,"key":"BlessingOfTheForge"},{"floor":38,"key":"hexamod:SoulburnPotion"},{"floor":42,"key":"FearPotion"}],"is_trial":false,"path_per_floor":["R","M","M","?","$","?","T","R","M","?","?","R","M","$","M","B",null,"R","M","?","$","M","?","T","?","?","T","R","E","R","T","M","B",null,"R","M","$","M","?","R","T","E","R","M"],"character_chosen":"SLIMEBOUND","items_purchased":["Potion Belt"],"campfire_rested":2,"item_purchase_floors":[37],"current_hp_per_floor":[71,71,71,71,71,71,71,71,71,50,50,50,54,61,65,66,71,71,71,71,65,71,57,57,45,45,45,55,29,53,53,56,20,81,81,63,43,39,46,46,46,19,45,0,0,0],"gold":115,"neow_bonus":"TEN_PERCENT_HP_BONUS","is_daily":false,"chose_seed":false,"campfire_upgraded":6,"win_rate":0.0,"timestamp":1611977482,"path_taken":["R","M","M","?","$","?","T","R","?","?","?","R","M","?","M","BOSS","R","M","?","$","M","?","T","?","?","?","R","E","R","?","M","BOSS","R","M","$","M","?","R","T","E","R","?"],"items_purchased_type":["Relic"],"build_version":"2020-12-22","purchased_purges":1,"victory":false,"max_hp_per_floor":[71,71,71,71,71,71,71,71,71,71,71,71,71,71,71,71,71,71,71,71,71,71,71,71,71,71,71,81,81,81,81,81,81,81,81,81,81,81,88,88,88,88,88,88,88,88],"card_choices":[{"not_picked":["Slimebound:SlimeBarrage","Slimebound:HauntingLick"],"picked":"Slimebound:ItLooksTasty","floor":2},{"not_picked":["Slimebound:Replication","Slimebound:SplitLeeching"],"picked":"Slimebound:LeechEnergy","floor":3},{"not_picked":["Slimebound:Prepare","Slimebound:ItLooksTasty"],"picked":"Slimebound:SplitMire","floor":5},{"not_picked":["Slimebound:SlimeBarrage","Slimebound:ForwardTackle"],"picked":"Slimebound:SamplingLick","floor":9},{"not_picked":["Slimebound:Chomp","Slimebound:SpikyOuterGoop"],"picked":"Slimebound:HauntingLick","floor":10},{"not_picked":["Slimebound:SplitLeeching","Slimebound:LeechEnergy"],"picked":"Slimebound:GrowthPunch","floor":13},{"not_picked":["Slimebound:SplitBruiser","Slimebound:OozeBath"],"picked":"Slimebound:LeadByExample","floor":14},{"not_picked":["Slimebound:GoopTackle","Slimebound:LeechEnergy"],"picked":"Slimebound:Nibble","floor":15},{"not_picked":["Slimebound:LeechLife","Slimebound:CheckThePlaybook"],"picked":"Slimebound:Overexert","floor":16},{"not_picked":["Slimebound:SplitAcid+1","Slimebound:RollThrough"],"picked":"Slimebound:SlimeSpikes","floor":19},{"not_picked":["Slimebound:LeadByExample","Slimebound:AcidTongue"],"picked":"Slimebound:SpikyOuterGoop+1","floor":21},{"not_picked":["Slimebound:Prepare","Slimebound:RejuvenatingLick"],"picked":"Slimebound:LeadByExample","floor":22},{"not_picked":["Slimebound:RollThrough","Slimebound:GoopTackle"],"picked":"Slimebound:Overexert","floor":23},{"not_picked":["Slimebound:Schlurp","Slimebound:SamplingLick"],"picked":"Slimebound:SplitSpecialist","floor":29},{"not_picked":["Slimebound:SlimeBarrage","Slimebound:Prepare"],"picked":"Slimebound:MegaLick+1","floor":30},{"not_picked":["Slimebound:MegaLick","Slimebound:LivingWall+1"],"picked":"Slimebound:Dissolve","floor":32},{"not_picked":["Slimebound:SelfFormingGoo","Slimebound:Darklings"],"picked":"Slimebound:WasteNot","floor":33},{"not_picked":["Slimebound:TongueLash+1","Slimebound:SplitLeeching"],"picked":"Slimebound:GoopSpray+1","floor":36},{"not_picked":["Slimebound:Grow+1","Slimebound:SamplingLick","Slimebound:LivingWall+1"],"picked":"SKIP","floor":37},{"not_picked":["Slimebound:Schlurp+1","Slimebound:ItLooksTasty"],"picked":"Slimebound:LeechingTouch","floor":38},{"not_picked":["Slimebound:Gluttony+1","Slimebound:LivingWall+1"],"picked":"Slimebound:FinishingTackle","floor":42}],"player_experience":1136618,"relics_obtained":[{"floor":7,"key":"DemoMod:ClearGuonStone"},{"floor":23,"key":"Red Mask"},{"floor":27,"key":"DemoMod:ChaffGrenade"},{"floor":29,"key":"Dream Catcher"},{"floor":31,"key":"DemoMod:Metronome"},{"floor":39,"key":"DemoMod:MonsterBlood"},{"floor":41,"key":"MawBank"},{"floor":42,"key":"Peace Pipe"}],"event_choices":[{"cards_removed":["Slimebound:Strike_Slimebound"],"damage_healed":0,"gold_gain":0,"player_choice":"Offered Basic","damage_taken":0,"max_hp_gain":0,"max_hp_loss":0,"event_name":"Bonfire Elementals","floor":6,"gold_loss":0},{"damage_healed":0,"gold_gain":0,"player_choice":"Read","damage_taken":0,"max_hp_gain":0,"max_hp_loss":0,"event_name":"The Library","floor":20,"gold_loss":0,"cards_obtained":["Slimebound:LevelUp"]},{"damage_healed":0,"gold_gain":0,"player_choice":"Fought Bandits","damage_taken":0,"max_hp_gain":0,"max_hp_loss":0,"event_name":"Masked Bandits","floor":23,"gold_loss":0},{"damage_healed":0,"gold_gain":0,"cards_transformed":["Slimebound:Defend_Slimebound","Slimebound:Tackle"],"player_choice":"Became Test Subject","damage_taken":0,"max_hp_gain":0,"max_hp_loss":0,"event_name":"Drug Dealer","floor":26,"gold_loss":0,"cards_obtained":["Slimebound:DuplicatedForm","Slimebound:MinionMaster"]},{"damage_healed":0,"gold_gain":0,"player_choice":"Relic","damage_taken":0,"max_hp_gain":0,"max_hp_loss":0,"event_name":"Wheel of Change","floor":39,"gold_loss":0}],"is_beta":false,"boss_relics":[{"not_picked":["Snecko Eye","Runesmith:UraniumAnvil"],"picked":"Cursed Key"},{"not_picked":["Coffee Dripper","Philosopher\u0027s Stone"],"picked":"Slimebound:TarBlob"}],"items_purged_floors":[37],"is_endless":false,"potions_floor_spawned":[2,9,15,16,23,32,38,42],"killed_by":"Spire Growth","ascension_level":1}}