{"host":"uu8qcv8llpcbwyus","time":1611985322,"event":{"mods":["100% Spire Juice","BaseMod","CapriCore","Conspire","Downfall","HololiveMod","Hubris","Marisa（霧雨　魔理沙）","Minty Spire (QoL Compilation)","Reimu（博??梦）","Remilia（蕾米莉?）","Replay The Spire","StSLib","The Administrix","The Animator","The Gatherer","The Immortal","The Servant 0.9.4","TheSwordswoman","WarShipGirlsR/??少女R mod","Yakumo Yukari mod"],"gold_per_floor":[99,112,212,129,147,160,186,200,200,214,214,240,240,257,268,370,370,370,390,409,409,429,429,429,429],"floor_reached":23,"language":"ENG","playtime":1561,"items_purged":[],"score":205,"play_id":"f5c686d9-717b-4c6d-8c08-46a2bca436e8","local_time":"20210129214202","is_ascension_mode":true,"campfire_choices":[{"data":"champ:Execute","floor":1,"key":"SMITH"},{"data":"champ:Endure","floor":11,"key":"SMITH"},{"data":"champ:Endure","floor":13,"key":"SMITH"},{"data":"champ:HeavySlash","floor":18,"key":"SMITH"}],"circlet_count":0,"master_deck":["champ:Strike","champ:Strike","champ:Strike","champ:Strike","champ:Defend","champ:Defend","champ:Defend","champ:Defend","champ:Execute+1","champ:Taunt+1","champ:ShieldWall","champ:Haymaker","champ:Endure+1","champ:Endure+1","champ:HeavySlash+1","champ:Duel","champ:Backstep","champ:VampiricStrike","champ:StanceDance"],"relics":["champ:ChampionCrown","Oddly Smooth Stone","hubris:TenFootPole","Replay:Bronze Core","Enchiridion"],"acts_visited":["Exordium","TheCity"],"potions_floor_usage":[16,16,16],"damage_taken":[{"damage":17,"enemies":"2 Louse","floor":2,"turns":2},{"damage":10,"enemies":"downfall:FleeingMerchant","floor":4,"turns":4},{"damage":10,"enemies":"Cultist","floor":5,"turns":4},{"damage":4,"enemies":"Small Slimes","floor":6,"turns":3},{"damage":26,"enemies":"Exordium Wildlife","floor":8,"turns":5},{"damage":38,"enemies":"Large Slime","floor":10,"turns":7},{"damage":40,"enemies":"3 Sentries","floor":12,"turns":8},{"damage":21,"enemies":"Blue Slaver","floor":14,"turns":5},{"damage":19,"enemies":"3 Louse","floor":15,"turns":3},{"damage":64,"enemies":"SI_SHIV_ARCHETYPE","floor":16,"turns":14},{"damage":29,"enemies":"3 Byrds","floor":19,"turns":6},{"damage":22,"enemies":"Cultist and Chosen","floor":20,"turns":7},{"damage":30,"enemies":"conspire:HollyBat","floor":22,"turns":7},{"damage":81,"enemies":"Gremlin Leader","floor":23,"turns":5}],"seed_played":"-6979729396625873892","potions_obtained":[{"floor":5,"key":"SkillPotion"},{"floor":8,"key":"GrandPatriotsElixir:ReiMu"},{"floor":10,"key":"Regen Potion"},{"floor":12,"key":"Swift Potion"},{"floor":20,"key":"EssenceOfSteel"},{"floor":22,"key":"CultistPotion"}],"is_trial":false,"path_per_floor":["R","M","?","$","M","M","T","M","?","M","R","E","R","M","M","B",null,"R","M","M","?","M","E"],"character_chosen":"THE_CHAMP","items_purchased":["champ:ShieldWall"],"campfire_rested":0,"item_purchase_floors":[4],"current_hp_per_floor":[90,83,83,83,83,79,79,78,83,75,75,55,55,44,35,21,95,95,86,84,76,76,0,0,0],"gold":429,"neow_bonus":"UPGRADE_CARD","is_daily":false,"chose_seed":false,"campfire_upgraded":4,"win_rate":0.0,"timestamp":1611985322,"path_taken":["R","M","?","$","?","M","T","M","?","M","R","E","R","M","M","BOSS","R","M","M","?","M","E"],"items_purchased_type":["Card"],"build_version":"2020-12-22","purchased_purges":0,"victory":false,"max_hp_per_floor":[90,90,90,90,90,90,90,90,95,95,95,95,95,95,95,95,95,95,95,95,95,95,95,95,95],"card_choices":[{"not_picked":["champ:CrownThrow","champ:AdrenalArmor","champ:FancyFootwork"],"picked":"SKIP","floor":2},{"not_picked":["champ:FocusedBerserking","champ:EnGarde","champ:FaceSlap"],"picked":"SKIP","floor":4},{"not_picked":["champ:Shatter","champ:AdrenalArmor"],"picked":"champ:Haymaker","floor":5},{"not_picked":["champ:Haymaker","champ:DefensiveShout"],"picked":"champ:Endure","floor":6},{"not_picked":["champ:FanOfKnives","champ:CrownThrow"],"picked":"champ:Endure","floor":8},{"not_picked":["champ:Parry","champ:Haymaker","champ:BringItOn"],"picked":"SKIP","floor":10},{"not_picked":["champ:TornadoPunch","champ:CrownThrow"],"picked":"champ:HeavySlash","floor":12},{"not_picked":["champ:FanOfKnives","champ:PerfectedStrike"],"picked":"champ:Duel","floor":14},{"not_picked":["champ:BladeFlurry","champ:FancyFootwork"],"picked":"champ:Backstep","floor":15},{"not_picked":["champ:MurderStrike","champ:SteelEdge"],"picked":"champ:VampiricStrike","floor":16},{"not_picked":["champ:Parry","champ:BringItOn"],"picked":"champ:StanceDance","floor":19},{"not_picked":["champ:Endure","champ:StanceDance","champ:Circumvent+1"],"picked":"SKIP","floor":20},{"not_picked":["champ:FaceSlap","champ:Haymaker+1","champ:Circumvent+1"],"picked":"SKIP","floor":22}],"player_experience":1149120,"relics_obtained":[{"floor":7,"key":"Oddly Smooth Stone"},{"floor":12,"key":"hubris:TenFootPole"},{"floor":21,"key":"Enchiridion"}],"event_choices":[{"damage_healed":0,"gold_gain":0,"player_choice":"Donut","damage_taken":0,"max_hp_gain":5,"max_hp_loss":0,"event_name":"Big Fish","floor":9,"gold_loss":0}],"is_beta":false,"boss_relics":[{"not_picked":["Tiny House","conspire:SeveredTorchhead"],"picked":"Replay:Bronze Core"}],"items_purged_floors":[],"is_endless":false,"potions_floor_spawned":[5,8,10,12,14,20,22],"killed_by":"Gremlin Leader","ascension_level":1}}