{"host":"6rz02yiipefhcw4r","time":1611983186,"event":{"mods":["2.2 Compatiblity","BaseMod","Block Reminder","Colored Map","Curses Come First","DeckTracker","Googly Eyes","Minty Spire (QoL Compilation)","Quick Restart","Rare Cards Sparkle","StSLib"],"gold_per_floor":[115,127,137,152,202,235,247,266,266,266,266],"floor_reached":10,"language":"ENG","playtime":316,"items_purged":[],"score":144,"play_id":"10e8d819-4030-4b12-8b85-3b0a6406b667","local_time":"20210130030626","is_ascension_mode":true,"campfire_choices":[],"circlet_count":0,"master_deck":["AscendersBane","Strike_R","Strike_R","Strike_R","Strike_R","Strike_R","Defend_R","Defend_R","Defend_R","Defend_R","Bash","Metallicize","Shrug It Off","Body Slam","Clothesline","Spot Weakness","Whirlwind"],"relics":["Burning Blood","NeowsBlessing","Ancient Tea Set","StrikeDummy"],"acts_visited":["Exordium"],"potions_floor_usage":[6],"damage_taken":[{"damage":0,"enemies":"Cultist","floor":1,"turns":1},{"damage":0,"enemies":"Jaw Worm","floor":2,"turns":1},{"damage":0,"enemies":"Small Slimes","floor":3,"turns":1},{"damage":9,"enemies":"Blue Slaver","floor":4,"turns":6},{"damage":60,"enemies":"Lagavulin","floor":6,"turns":13},{"damage":11,"enemies":"Red Slaver","floor":7,"turns":6},{"damage":3,"enemies":"2 Fungi Beasts","floor":8,"turns":5},{"damage":6,"enemies":"Gremlin Nob","floor":10,"turns":3}],"seed_played":"-7584922665763097451","potions_obtained":[{"floor":1,"key":"GamblersBrew"},{"floor":4,"key":"Explosive Potion"}],"is_trial":false,"path_per_floor":["M","M","M","M","?","E","M","M","T","E"],"character_chosen":"IRONCLAD","items_purchased":[],"campfire_rested":0,"item_purchase_floors":[],"current_hp_per_floor":[74,75,75,72,72,18,13,16,16,10,10],"gold":266,"neow_bonus":"THREE_ENEMY_KILL","is_daily":false,"chose_seed":false,"campfire_upgraded":0,"win_rate":0.0,"timestamp":1611983186,"path_taken":["M","M","M","?","?","E","M","M","T","E"],"items_purchased_type":[],"build_version":"2020-12-22","purchased_purges":0,"victory":false,"max_hp_per_floor":[75,75,75,75,75,75,75,75,75,75,75],"card_choices":[{"not_picked":["Thunderclap","Headbutt"],"picked":"Metallicize","floor":1},{"not_picked":["Anger","Blood for Blood"],"picked":"Shrug It Off","floor":2},{"not_picked":["Power Through","True Grit"],"picked":"Body Slam","floor":3},{"not_picked":["True Grit","Rupture"],"picked":"Clothesline","floor":4},{"not_picked":["Blood for Blood","Thunderclap"],"picked":"Spot Weakness","floor":6},{"not_picked":["Wild Strike","Havoc","Perfected Strike"],"picked":"SKIP","floor":7},{"not_picked":["Seeing Red","Metallicize"],"picked":"Whirlwind","floor":8}],"player_experience":760238,"relics_obtained":[{"floor":6,"key":"Ancient Tea Set"},{"floor":9,"key":"StrikeDummy"}],"event_choices":[{"damage_healed":0,"gold_gain":50,"player_choice":"Pray","damage_taken":0,"max_hp_gain":0,"max_hp_loss":0,"event_name":"Golden Shrine","floor":5,"gold_loss":0}],"is_beta":false,"boss_relics":[],"items_purged_floors":[],"is_endless":false,"potions_floor_spawned":[1,4],"killed_by":"Gremlin Nob","ascension_level":20}}