{"host":"y76clbnovzmw9ubx","time":1611975381,"event":{"mods":["AchievementEnabler","BaseMod","Minty Spire (QoL Compilation)","Permanent Neow","Relic Stats"],"gold_per_floor":[111,122,138,157,170,203,203,235,282,295,307,322,357,357,357,436,436,446,319,336,350,370,370,397,74,74,101,101,20,20,36,36,113,113,131,51,51,51],"floor_reached":37,"language":"ENG","playtime":4172,"items_purged":["Strike_G","Strike_G"],"score":916,"play_id":"36d8d994-6c83-4431-8a39-7aaede5d448c","local_time":"20210129215621","is_ascension_mode":true,"campfire_choices":[{"floor":7,"key":"REST"},{"data":"Noxious Fumes","floor":15,"key":"SMITH"},{"floor":23,"key":"REST"},{"floor":28,"key":"REST"},{"floor":30,"key":"REST"},{"floor":32,"key":"RECALL"}],"circlet_count":0,"master_deck":["AscendersBane","Strike_G","Strike_G","Strike_G","Defend_G","Defend_G+1","Defend_G","Defend_G","Defend_G+1","Survivor","Neutralize","Die Die Die","Terror","Dash","After Image","Poisoned Stab","Deadly Poison","Masterful Stab","Noxious Fumes+1","Deflect","Dagger Spray","Burst","Deadly Poison","Acrobatics","Backflip","Footwork","PiercingWail","Doppelganger","Noxious Fumes","Footwork","Bullet Time","CurseOfTheBell","Leg Sweep"],"relics":["Ring of the Snake","War Paint","Pocketwatch","Strawberry","Mercury Hourglass","Fusion Hammer","Blood Vial","Membership Card","Ornamental Fan","Bottled Tornado","Lantern","Calling Bell","Calipers","Shuriken","Bag of Marbles","Oddly Smooth Stone"],"acts_visited":["Exordium","TheCity","TheBeyond"],"potions_floor_usage":[6,8,13,16,20,24,27,37,37],"damage_taken":[{"damage":1,"enemies":"Jaw Worm","floor":1,"turns":5},{"damage":1,"enemies":"Small Slimes","floor":2,"turns":3},{"damage":1,"enemies":"Cultist","floor":3,"turns":3},{"damage":15,"enemies":"Looter","floor":4,"turns":4},{"damage":12,"enemies":"Exordium Thugs","floor":5,"turns":5},{"damage":1,"enemies":"3 Sentries","floor":6,"turns":7},{"damage":5,"enemies":"Gremlin Nob","floor":8,"turns":3},{"damage":1,"enemies":"Large Slime","floor":10,"turns":6},{"damage":3,"enemies":"Exordium Wildlife","floor":11,"turns":4},{"damage":0,"enemies":"Exordium Thugs","floor":12,"turns":3},{"damage":12,"enemies":"3 Sentries","floor":13,"turns":5},{"damage":11,"enemies":"Hexaghost","floor":16,"turns":8},{"damage":2,"enemies":"Chosen","floor":18,"turns":3},{"damage":1,"enemies":"2 Thieves","floor":20,"turns":3},{"damage":11,"enemies":"Snake Plant","floor":21,"turns":4},{"damage":7,"enemies":"Snecko","floor":22,"turns":7},{"damage":44,"enemies":"Slavers","floor":24,"turns":8},{"damage":0,"enemies":"Gremlin Leader","floor":27,"turns":6},{"damage":0,"enemies":"3 Cultists","floor":31,"turns":3},{"damage":45,"enemies":"Automaton","floor":33,"turns":11},{"damage":30,"enemies":"3 Darklings","floor":35,"turns":5},{"damage":38,"enemies":"2 Orb Walkers","floor":37,"turns":3}],"seed_played":"-8130229531048928720","potions_obtained":[{"floor":2,"key":"CunningPotion"},{"floor":3,"key":"SteroidPotion"},{"floor":11,"key":"Regen Potion"},{"floor":12,"key":"SpeedPotion"},{"floor":13,"key":"Fire Potion"},{"floor":20,"key":"Swift Potion"},{"floor":24,"key":"Ancient Potion"},{"floor":27,"key":"Dexterity Potion"}],"is_trial":false,"path_per_floor":["M","M","M","M","M","E","R","E","T","M","M","M","E","?","R","B",null,"M","$","M","M","M","R","E","$","T","E","R","$","R","M","R","B",null,"M","$","?"],"character_chosen":"THE_SILENT","items_purchased":["Acrobatics","Membership Card","Noxious Fumes","Strength Potion","CunningPotion","Lantern","Oddly Smooth Stone"],"campfire_rested":4,"item_purchase_floors":[19,25,25,25,25,29,36],"current_hp_per_floor":[58,57,56,41,29,28,47,42,49,48,45,45,47,47,47,36,64,62,62,61,50,43,64,20,20,20,22,43,43,64,66,66,23,61,33,33,0,0],"gold":51,"neow_bonus":"ONE_RANDOM_RARE_CARD","is_daily":false,"chose_seed":false,"campfire_upgraded":1,"win_rate":0.0,"timestamp":1611975381,"path_taken":["M","M","M","M","M","E","R","E","T","M","M","M","E","?","R","BOSS","M","$","M","M","M","R","E","$","T","E","R","$","R","M","R","BOSS","M","$","?"],"items_purchased_type":["Card","Relic","Card","Potion","Potion","Relic","Relic"],"build_version":"2020-12-22","purchased_purges":2,"victory":false,"max_hp_per_floor":[66,66,66,66,66,66,66,66,73,73,73,73,73,73,73,73,73,73,73,73,73,73,73,73,73,73,73,73,73,73,73,73,73,73,73,73,73,73],"relic_stats":{"Blood Vial":10,"counters":[22,109],"Ornamental Fan":[32],"Shuriken":[2],"War Paint":["Defend_G","Defend_G"],"obtain_stats":[{"Lantern":29,"Calipers":34,"Oddly Smooth Stone":36,"War Paint":6,"Bottled Tornado":27,"Mercury Hourglass":13,"Blood Vial":24,"Calling Bell":34,"Ornamental Fan":26,"Shuriken":34,"Strawberry":9,"Fusion Hammer":17,"Bag of Marbles":34,"Membership Card":25,"Ring of the Snake":0,"Pocketwatch":8},{"Lantern":18,"Calipers":20,"Oddly Smooth Stone":21,"War Paint":6,"Bottled Tornado":18,"Mercury Hourglass":11,"Blood Vial":17,"Calling Bell":20,"Ornamental Fan":17,"Shuriken":20,"Strawberry":7,"Fusion Hammer":12,"Bag of Marbles":20,"Membership Card":17,"Ring of the Snake":0,"Pocketwatch":7},{"Lantern":87,"Calipers":101,"Oddly Smooth Stone":106,"War Paint":27,"Bottled Tornado":87,"Mercury Hourglass":48,"Blood Vial":81,"Calling Bell":101,"Ornamental Fan":81,"Shuriken":101,"Strawberry":30,"Fusion Hammer":56,"Bag of Marbles":101,"Membership Card":81,"Ring of the Snake":0,"Pocketwatch":30}],"Ring of the Snake":[44],"Pocketwatch":[72],"Mercury Hourglass":[282]},"card_choices":[{"not_picked":["PiercingWail","Bane","Distraction"],"picked":"SKIP","floor":1},{"not_picked":["Sucker Punch","Crippling Poison"],"picked":"Terror","floor":2},{"not_picked":["Outmaneuver","Underhanded Strike"],"picked":"Dash","floor":3},{"not_picked":["Blur","Blade Dance"],"picked":"After Image","floor":4},{"not_picked":["Underhanded Strike","Dodge and Roll"],"picked":"Poisoned Stab","floor":5},{"not_picked":["Setup","Dodge and Roll"],"picked":"Deadly Poison","floor":6},{"not_picked":["Leg Sweep","Outmaneuver"],"picked":"Masterful Stab","floor":8},{"not_picked":["Finisher","Expertise"],"picked":"Noxious Fumes","floor":10},{"not_picked":["Outmaneuver","Sucker Punch"],"picked":"Deflect","floor":11},{"not_picked":["Blade Dance","Slice"],"picked":"Dagger Spray","floor":12},{"not_picked":["Tactician","Dagger Throw","Setup"],"picked":"SKIP","floor":13},{"not_picked":["Die Die Die","Tools of the Trade"],"picked":"Burst","floor":16},{"not_picked":["Cloak And Dagger","Dagger Spray"],"picked":"Deadly Poison","floor":18},{"not_picked":["Finisher","Cloak And Dagger"],"picked":"Backflip","floor":20},{"not_picked":["PiercingWail","Flechettes"],"picked":"Footwork","floor":21},{"not_picked":["Tactician","Skewer"],"picked":"PiercingWail","floor":22},{"not_picked":["Quick Slash","Acrobatics"],"picked":"Doppelganger","floor":24},{"not_picked":["Deflect","Dagger Spray+1","Quick Slash"],"picked":"SKIP","floor":27},{"not_picked":["Leg Sweep","Deflect"],"picked":"Footwork","floor":31},{"not_picked":["Phantasmal Killer","Envenom"],"picked":"Bullet Time","floor":33},{"not_picked":["Dash+1","Backflip"],"picked":"Leg Sweep","floor":35}],"player_experience":3145819,"relics_obtained":[{"floor":6,"key":"War Paint"},{"floor":8,"key":"Pocketwatch"},{"floor":9,"key":"Strawberry"},{"floor":13,"key":"Mercury Hourglass"},{"floor":24,"key":"Blood Vial"},{"floor":26,"key":"Ornamental Fan"},{"floor":27,"key":"Bottled Tornado"},{"floor":34,"key":"Calipers"},{"floor":34,"key":"Shuriken"},{"floor":34,"key":"Bag of Marbles"}],"event_choices":[{"damage_healed":0,"gold_gain":0,"player_choice":"Ignored","damage_taken":0,"max_hp_gain":0,"max_hp_loss":0,"event_name":"Liars Game","floor":14,"gold_loss":0},{"damage_healed":0,"gold_gain":0,"player_choice":"Fight","damage_taken":0,"max_hp_gain":0,"max_hp_loss":0,"event_name":"Mysterious Sphere","floor":37,"gold_loss":0}],"is_beta":false,"boss_relics":[{"not_picked":["Runic Pyramid","Velvet Choker"],"picked":"Fusion Hammer"},{"not_picked":["HoveringKite","Runic Dome"],"picked":"Calling Bell"}],"items_purged_floors":[19,25],"is_endless":false,"potions_floor_spawned":[2,3,4,11,12,13,20,24,27,33],"killed_by":"2 Orb Walkers","ascension_level":20}}