{"host":"mum3ai8oz7qfp6jm","time":1611985213,"event":{"mods":["BaseMod","Minty Spire (QoL Compilation)","Reliquary","StSLib","The Bug Knight"],"gold_per_floor":[2351,2371,1604,1616,1632,1632,1659,1659,1659,1659,1677,1711,1721,1397,1397,1498,1498,1518,1518,1530,1178,1193,1228,1228,1262,1262,1262,1262,865,865,878,878,981,981,993,993,376,388,88,115,132,132,132,164,264,280,295,321,321,321,321,321,1776,1803,1803],"floor_reached":56,"language":"ZHS","playtime":3132,"items_purged":["HollowMod:QuickDashStart"],"score":1892,"play_id":"e85e6e47-7be5-4fd0-839c-528d2b4319fd","local_time":"20210130134013","is_ascension_mode":true,"campfire_choices":[{"data":"Apotheosis","floor":6,"key":"SMITH"},{"data":"HollowMod:HuntersJournal","floor":8,"key":"SMITH"},{"data":"Madness","floor":15,"key":"SMITH"},{"data":"HollowMod:SlysStrikes","floor":24,"key":"SMITH"},{"data":"HollowMod:DashSlash","floor":27,"key":"SMITH"},{"data":"HollowMod:CycloneSlash","floor":32,"key":"SMITH"},{"data":"HollowMod:NewLastStag","floor":42,"key":"SMITH"},{"floor":49,"key":"RECALL"},{"data":"HollowMod:Weaversong","floor":52,"key":"SMITH"}],"circlet_count":0,"master_deck":["HollowMod:PogoStrike","HollowMod:HuntersJournal+1","HollowMod:DashSlash+1","Apotheosis+1","Madness+1","HollowMod:LifebloodCocoon","HollowMod:LifebloodCocoon","HollowMod:CycloneSlash+1","J.A.X.","HollowMod:DashSlash+1","HollowMod:Weaversong+1","Madness+1","HollowMod:NewLastStag+1","HollowMod:CloakDash+1"],"relics":["reliquary:RedCape","Whetstone","Omamori","PreservedInsect","reliquary:PurpleTingedLeaf","Thread and Needle","reliquary:RoseTintedGlasses","Boot","reliquary:WritOfMandamus","reliquary:SilkGlove","reliquary:SharkskinSheath","reliquary:QuartzCube","reliquary:Boomerang","HollowMod:StagPassRelic","reliquary:Firecrackers","Pantograph","Medical Kit","WarpedTongs","Sozu","Ornamental Fan","reliquary:Bookmark","reliquary:ExpiredCoupon","HollowMod:KingsBrand","Centennial Puzzle","Smiling Mask","TheAbacus","Incense Burner","Mercury Hourglass","Bag of Marbles"],"acts_visited":["Exordium","TheCity","TheBeyond","TheEnding"],"potions_floor_usage":[12,12,33,55,55],"damage_taken":[{"damage":1,"enemies":"Cultist","floor":1,"turns":3},{"damage":0,"enemies":"2 Louse","floor":2,"turns":3},{"damage":4,"enemies":"Jaw Worm","floor":4,"turns":2},{"damage":0,"enemies":"Looter","floor":5,"turns":2},{"damage":0,"enemies":"Gremlin Nob","floor":7,"turns":3},{"damage":4,"enemies":"3 Louse","floor":11,"turns":2},{"damage":0,"enemies":"3 Sentries","floor":12,"turns":3},{"damage":0,"enemies":"Exordium Thugs","floor":13,"turns":3},{"damage":0,"enemies":"The Guardian","floor":16,"turns":7},{"damage":0,"enemies":"3 Byrds","floor":18,"turns":3},{"damage":2,"enemies":"Chosen","floor":20,"turns":3},{"damage":5,"enemies":"Centurion and Healer","floor":22,"turns":4},{"damage":0,"enemies":"Book of Stabbing","floor":23,"turns":3},{"damage":17,"enemies":"Gremlin Leader","floor":25,"turns":3},{"damage":0,"enemies":"Shelled Parasite and Fungi","floor":31,"turns":3},{"damage":0,"enemies":"Champ","floor":33,"turns":6},{"damage":15,"enemies":"Orb Walker","floor":35,"turns":3},{"damage":9,"enemies":"3 Shapes","floor":38,"turns":3},{"damage":31,"enemies":"Nemesis","floor":40,"turns":3},{"damage":9,"enemies":"Spire Growth","floor":41,"turns":4},{"damage":0,"enemies":"Reptomancer","floor":44,"turns":4},{"damage":7,"enemies":"3 Darklings","floor":46,"turns":3},{"damage":0,"enemies":"Transient","floor":47,"turns":5},{"damage":0,"enemies":"Giant Head","floor":48,"turns":4},{"damage":0,"enemies":"Awakened One","floor":50,"turns":8},{"damage":12,"enemies":"Shield and Spear","floor":54,"turns":3},{"damage":7,"enemies":"The Heart","floor":55,"turns":7}],"seed_played":"8113247764976827912","potions_obtained":[{"floor":1,"key":"Fire Potion"},{"floor":7,"key":"DuplicationPotion"},{"floor":16,"key":"PowerPotion"}],"is_trial":false,"path_per_floor":["M","M","$","M","M","R","E","R","T","?","M","E","M","$","R","B",null,"M","?","M","$","M","E","R","E","T","R","?","$","?","M","R","B",null,"M","?","$","M","?","E","M","R","T","E","?","M","M","E","R","B",null,"R","$","E","B",null],"character_chosen":"THE_BUGKNIGHT","items_purchased":["HollowMod:DashSlash","Apotheosis","Madness","Whetstone","Omamori","SteroidPotion","SkillPotion","reliquary:RoseTintedGlasses","Boot","HollowMod:CycloneSlash","reliquary:SilkGlove","reliquary:SharkskinSheath","Swift Potion","Pantograph","Medical Kit","Ornamental Fan","Madness","reliquary:Bookmark","reliquary:ExpiredCoupon","TheAbacus","Incense Burner","Mercury Hourglass"],"campfire_rested":0,"item_purchase_floors":[3,3,3,3,3,3,3,14,14,14,21,21,21,29,29,37,37,37,37,53,53,53],"current_hp_per_floor":[74,74,74,70,70,70,70,70,70,70,68,71,73,73,73,79,95,95,95,95,95,93,95,95,80,80,80,80,80,80,82,82,95,95,81,81,81,75,75,46,42,42,42,45,45,40,43,46,46,77,95,95,95,85,95],"gold":1803,"neow_bonus":"BOSS_RELIC","is_daily":false,"chose_seed":false,"campfire_upgraded":8,"win_rate":0.0,"timestamp":1611985213,"path_taken":["M","M","$","M","?","R","E","R","T","?","M","E","?","$","R","BOSS","M","?","M","$","M","E","R","E","T","R","?","$","?","M","R","BOSS","M","?","$","?","?","E","M","R","T","E","?","M","?","E","R","BOSS","R","$","E","BOSS"],"items_purchased_type":["Card","Card","Card","Relic","Relic","Potion","Potion","Relic","Relic","Card","Relic","Relic","Potion","Relic","Relic","Relic","Card","Relic","Relic","Relic","Relic","Relic"],"build_version":"2020-12-22","purchased_purges":1,"victory":true,"max_hp_per_floor":[95,95,95,95,95,95,95,95,95,95,95,95,95,95,95,95,95,95,95,95,95,95,95,95,95,95,95,95,95,95,95,95,95,95,95,95,95,95,95,95,95,95,95,95,95,95,95,95,95,95,95,95,95,95,95],"card_choices":[{"not_picked":["HollowMod:CoiledNail","HollowMod:GreatSlash"],"picked":"HollowMod:HuntersJournal","floor":1},{"not_picked":["HollowMod:ChannelNail","HollowMod:GreatSlash"],"picked":"HollowMod:MonarchWings","floor":2},{"not_picked":["HollowMod:ChannelNail","HollowMod:WraithStrike","HollowMod:InfectedAttack"],"picked":"SKIP","floor":4},{"not_picked":["HollowMod:DreamGate","HollowMod:NewGlowingWomb"],"picked":"HollowMod:LifebloodCocoon","floor":5},{"not_picked":["HollowMod:DashSlash","HollowMod:BlackTendrils"],"picked":"HollowMod:MantisMark","floor":7},{"not_picked":["HollowMod:CornifersMapStart","HollowMod:MawleksShell","HollowMod:FastStrike"],"picked":"SKIP","floor":11},{"not_picked":["HollowMod:NewLittleFool","HollowMod:GreatSlash","HollowMod:BaldurShell"],"picked":"SKIP","floor":12},{"not_picked":["HollowMod:VengefulSpirit","HollowMod:HowlingWraiths"],"picked":"HollowMod:LifebloodCocoon","floor":13},{"not_picked":["HollowMod:WhiteLadysBlessing","HollowMod:AwokenDreamNail"],"picked":"HollowMod:SlysStrikes","floor":16},{"not_picked":["HollowMod:MothsMistake","HollowMod:InfectedAttack","HollowMod:NewLittleFool"],"picked":"SKIP","floor":18},{"not_picked":["HollowMod:InfectionAssault","HollowMod:MawleksShell"],"picked":"HollowMod:MantisMark+1","floor":20},{"not_picked":["HollowMod:SoulEater+1","HollowMod:LuriensSpire","HollowMod:AbyssShriek"],"picked":"SKIP","floor":22},{"not_picked":["HollowMod:WraithStrike","HollowMod:SoulSplash+1","HollowMod:CoiledNail+1"],"picked":"SKIP","floor":23},{"not_picked":["HollowMod:LordofShades","HollowMod:SharpenedNail"],"picked":"HollowMod:DashSlash","floor":25},{"not_picked":["HollowMod:DungDefenderAura+1","HollowMod:InfectedCysts+1","HollowMod:VengefulVoid+1"],"picked":"SKIP","floor":31},{"not_picked":["HollowMod:theNailsmith","HollowMod:LifebloodCore"],"picked":"HollowMod:Weaversong","floor":33},{"not_picked":["HollowMod:BlackTendrils","HollowMod:NewLittleFool","HollowMod:MonomonsArchive+1"],"picked":"SKIP","floor":35},{"not_picked":["HollowMod:FallenFury+1","HollowMod:DashSlash","HollowMod:CycloneSlash"],"picked":"SKIP","floor":38},{"not_picked":["HollowMod:DescendingDark","HollowMod:WraithStrike+1","HollowMod:SoulSplash+1"],"picked":"SKIP","floor":40},{"not_picked":["HollowMod:LifebloodCocoon+1","HollowMod:GoodIntentions+1","HollowMod:SharpenedNail"],"picked":"SKIP","floor":41},{"not_picked":["HollowMod:SharpenedNail","HollowMod:SoulVessel+1","HollowMod:BlackTendrils+1"],"picked":"SKIP","floor":44},{"not_picked":["HollowMod:SoulSplash+1","HollowMod:InfectedAttack+1","HollowMod:MonomonsArchive"],"picked":"SKIP","floor":46},{"not_picked":["HollowMod:NewLittleFool","HollowMod:NewJinnsSoul","HollowMod:HowlingWraiths+1"],"picked":"SKIP","floor":47},{"not_picked":["HollowMod:SlysStrikes","HollowMod:LifebloodCore","HollowMod:SiblingsSouls"],"picked":"SKIP","floor":48},{"not_picked":["HollowMod:SlysStrikes","HollowMod:LifebloodCore","HollowMod:SiblingsSouls"],"picked":"SKIP","floor":48},{"not_picked":["HollowMod:SiblingsShadow+1","HollowMod:RecoilStrike"],"picked":"HollowMod:CloakDash+1","floor":54}],"player_experience":684953,"relics_obtained":[{"floor":7,"key":"PreservedInsect"},{"floor":9,"key":"reliquary:PurpleTingedLeaf"},{"floor":12,"key":"Thread and Needle"},{"floor":23,"key":"reliquary:QuartzCube"},{"floor":25,"key":"reliquary:Boomerang"},{"floor":26,"key":"HollowMod:StagPassRelic"},{"floor":40,"key":"HollowMod:KingsBrand"},{"floor":44,"key":"Centennial Puzzle"},{"floor":48,"key":"Smiling Mask"},{"floor":54,"key":"Bag of Marbles"}],"event_choices":[{"cards_removed":["HollowMod:NailStrikeStart"],"damage_healed":0,"gold_gain":0,"player_choice":"Offered Basic","damage_taken":0,"max_hp_gain":0,"max_hp_loss":0,"event_name":"Bonfire Elementals","floor":10,"gold_loss":0},{"damage_healed":0,"gold_gain":0,"player_choice":"Obtain J.A.X.","damage_taken":0,"max_hp_gain":0,"max_hp_loss":0,"event_name":"Drug Dealer","floor":19,"gold_loss":0,"cards_obtained":["J.A.X."]},{"damage_healed":0,"gold_gain":0,"player_choice":"Opened","damage_taken":0,"relics_obtained":["reliquary:Firecrackers"],"max_hp_gain":0,"max_hp_loss":0,"event_name":"The Mausoleum","floor":28,"gold_loss":0},{"damage_healed":0,"gold_gain":0,"player_choice":"Rummage","damage_taken":0,"relics_obtained":["WarpedTongs"],"max_hp_gain":0,"max_hp_loss":0,"event_name":"Accursed Blacksmith","floor":30,"gold_loss":0,"cards_obtained":["Pain"]},{"damage_healed":0,"gold_gain":0,"player_choice":"Bought 0 Potions","damage_taken":0,"max_hp_gain":0,"max_hp_loss":0,"event_name":"The Woman in Blue","floor":36,"gold_loss":0},{"damage_healed":0,"gold_gain":100,"player_choice":"Pray","damage_taken":0,"max_hp_gain":0,"max_hp_loss":0,"event_name":"Golden Shrine","floor":45,"gold_loss":0}],"is_beta":false,"boss_relics":[{"not_picked":["Philosopher\u0027s Stone","Runic Pyramid"],"picked":"reliquary:WritOfMandamus"},{"not_picked":["reliquary:KinkedSpring","reliquary:Ember"],"picked":"Sozu"}],"items_purged_floors":[3],"is_endless":false,"potions_floor_spawned":[1,2,7,16,18,22,23,40,41,46,47,48],"ascension_level":4}}