{"host":"6zxkll9nensv7d24","time":1611968114,"event":{"mods":["2.2 Compatiblity","AchievementEnabler","Act Like it!","Bard","BaseMod","Better Match","Better Note","Better Third Choice","Better Vampires","BetterRewards","Conspire","Curses Come First","Displayed Cursed Tome","Downfall","Duelist Mod","Hallownest","Hubris","Hyrulean Relics","Infinite Spire","Minty Spire (QoL Compilation)","Replay The Spire","Small Relic Pack","StSLib","The Bug Knight","Transform Curses"],"gold_per_floor":[119,133,1,1,15,45,45,45,45,45,45,45,6,26,26,26,26],"floor_reached":16,"language":"ENG","playtime":936,"items_purged":[],"score":98,"play_id":"2eced5a9-7efc-4830-8b90-a18335568c22","local_time":"20210129185513","is_ascension_mode":false,"campfire_choices":[{"floor":10,"key":"REST"},{"floor":15,"key":"REST"}],"circlet_count":0,"master_deck":["HollowMod:NailStrikeStart","HollowMod:NailStrikeStart","HollowMod:NailStrikeStart","HollowMod:QuickDashStart","HollowMod:QuickDashStart","HollowMod:QuickDashStart","HollowMod:FocusHealStart","HollowMod:PogoStrike+1","relicPack:TruthCard","theDuelist:SangaWater","hexamod:TimeWarp+1","HollowMod:SoulStrike","HollowMod:SoulSplash","HollowMod:MonarchWings","HollowMod:ChannelNail+1","HollowMod:CycloneSlash","HollowMod:Grubsong"],"relics":["HollowMod:VesselMask","NeowsBlessing","relicPack:EdsArm","Prayer Wheel","Omamori","HollowMod:LumaflyLanternRelic","hubris:Towel"],"acts_visited":["Exordium"],"potions_floor_usage":[6,16],"damage_taken":[{"damage":0,"enemies":"Hallownest:2_Tiktiks_and_1_Crawlid","floor":1,"turns":2},{"damage":0,"enemies":"Hallownest:2_Baldur","floor":2,"turns":1},{"damage":3,"enemies":"Hallownest:2_MossCreeps","floor":5,"turns":3},{"damage":13,"enemies":"Hallownest:eliteVengeflyKing","floor":6,"turns":6},{"damage":25,"enemies":"Hallownest:1_Ooma_and_2_Uuma","floor":14,"turns":10},{"damage":80,"enemies":"Hallownest:BossHornet","floor":16,"turns":5}],"seed_played":"-2468547807509208982","potions_obtained":[{"floor":5,"key":"champ:CounterPotion"},{"floor":14,"key":"Venom Potion"}],"is_trial":false,"path_per_floor":["M","M","$","?","M","E","?","$","T","R","?","?","$","M","R","B"],"character_chosen":"THE_BUGKNIGHT","items_purchased":["HollowMod:Grubsong","ReplayTheSpireMod:Trickstab","HollowMod:ChannelNail+1"],"campfire_rested":2,"item_purchase_floors":[3,3,13],"current_hp_per_floor":[75,75,75,70,67,60,60,60,60,70,70,70,70,45,66,0,0],"gold":26,"neow_bonus":"THREE_ENEMY_KILL","is_daily":false,"chose_seed":false,"campfire_upgraded":0,"win_rate":0.0,"timestamp":1611968113,"path_taken":["M","?","$","?","M","E","?","?","T","R","?","?","?","M","R","BOSS"],"items_purchased_type":["Card","Card","Card"],"build_version":"2020-12-22","purchased_purges":0,"victory":false,"max_hp_per_floor":[75,75,75,70,70,70,70,70,70,70,70,70,70,70,70,70,70],"card_choices":[{"not_picked":["HollowMod:HowlingWraiths","HollowMod:NewJinnsSoul"],"picked":"HollowMod:RecoilStrike","floor":1},{"not_picked":["HollowMod:NewLittleFool","HollowMod:NewInfectedGuardian"],"picked":"HollowMod:CloakDash","floor":2},{"not_picked":["HollowMod:InfectedAttack","HollowMod:DashSlash"],"picked":"HollowMod:SoulStrike","floor":5},{"not_picked":["HollowMod:AwokenDreamNail","HollowMod:DesolateDive"],"picked":"HollowMod:SoulSplash","floor":5},{"not_picked":["HollowMod:HuntersJournal","HollowMod:MothsMistake"],"picked":"HollowMod:MonarchWings","floor":6},{"not_picked":["HollowMod:DreamGate","HollowMod:HowlingWraiths"],"picked":"HollowMod:CycloneSlash","floor":14},{"not_picked":["HollowMod:SoulEater","HollowMod:GreatSlash"],"picked":"HollowMod:Grubsong","floor":14}],"player_experience":108550,"relics_obtained":[{"floor":6,"key":"Omamori"},{"floor":9,"key":"HollowMod:LumaflyLanternRelic"}],"event_choices":[],"is_beta":false,"boss_relics":[],"items_purged_floors":[],"is_endless":false,"potions_floor_spawned":[5,14],"killed_by":"Hallownest:BossHornet","ascension_level":0}}