{"host":"4xikrlo049sozq0n","time":1611970389,"event":{"mods":["AchievementEnabler","BaseMod","BetterRewards","Colored Powertips","Downfall","Energized Spire","Highlight Path","Hubris","Minty Spire (QoL Compilation)","Permanent Neow","Quick Restart","Remove Card Discount Mod","Replay The Spire","StSLib","SuperFastMode","Synergy Search"],"gold_per_floor":[110,385,397,26,42,42,69,69,96,96,44,44,44,63,63,63,63],"floor_reached":16,"language":"ENG","playtime":1268,"items_purged":["Strike_G","Regret","Defend_G","Strike_G","Defend_G"],"score":127,"play_id":"942c2d2f-a9a1-4ebf-9b95-3384f9a6e1f9","local_time":"20210129203309","is_ascension_mode":true,"campfire_choices":[{"data":"Tactician","floor":6,"key":"SMITH"},{"data":"Terror","floor":8,"key":"SMITH"},{"floor":12,"key":"REST"}],"circlet_count":0,"master_deck":["Strike_G+1","Strike_G","Strike_G","Defend_G","Defend_G","Defend_G","Survivor","Neutralize","Tactician+1","Acrobatics+1","Underhanded Strike","Hidden Blade+1","Fluid Movement","Poisoned Stab","Terror+1","Blade Dance","Quick Slash"],"relics":["Ring of the Snake","NeowsBlessing","ReplayTheSpireMod:Lightbulb","Anchor","Golden Idol"],"acts_visited":["Exordium"],"potions_floor_usage":[14,14,16],"damage_taken":[{"damage":0.0,"enemies":"Jaw Worm","floor":1.0,"turns":1.0},{"damage":0.0,"enemies":"Cultist","floor":3.0,"turns":1.0},{"damage":0,"enemies":"Small Slimes","floor":5,"turns":1},{"damage":20,"enemies":"Lagavulin","floor":7,"turns":6},{"damage":0,"enemies":"2 Fungi Beasts","floor":14,"turns":2},{"damage":76,"enemies":"Slime Boss","floor":16,"turns":7}],"seed_played":"-2504107331764525324","potions_obtained":[{"floor":1.0,"key":"Elixir"},{"floor":3,"key":"SkillPotion"},{"floor":7,"key":"Dexterity Potion"},{"floor":14,"key":"SkillPotion"}],"is_trial":false,"path_per_floor":["M","?","M","$","M","R","E","R","T","?","$","R","?","M","R","B"],"character_chosen":"THE_SILENT","items_purchased":["Underhanded Strike","ReplayTheSpireMod:Lightbulb","Hidden Blade","Fluid Movement","Blade Dance"],"campfire_rested":1,"item_purchase_floors":[4,4,4,4,11],"current_hp_per_floor":[63,63,63,63,63,63,43,43,43,29,29,50,50,50,65,0,0],"gold":63,"neow_bonus":"THREE_ENEMY_KILL","is_daily":false,"chose_seed":false,"campfire_upgraded":2,"win_rate":0.0,"timestamp":1611970389,"path_taken":["M","?","?","$","M","R","E","R","T","?","$","R","?","M","R","BOSS"],"items_purchased_type":["Card","Relic","Card","Card","Card"],"build_version":"2020-12-22","purchased_purges":5,"victory":false,"max_hp_per_floor":[70,70,70,70,70,70,70,70,70,70,70,70,65,65,65,65,65],"card_choices":[{"not_picked":["Blade Dance","Calculated Gamble"],"picked":"Tactician","floor":1.0},{"not_picked":["Leg Sweep","All Out Attack"],"picked":"Acrobatics","floor":3},{"not_picked":["Crippling Poison","Dagger Spray"],"picked":"Poisoned Stab","floor":5},{"not_picked":["Eviscerate","Leg Sweep"],"picked":"Terror","floor":7},{"not_picked":["Deadly Poison","Cloak And Dagger"],"picked":"Quick Slash","floor":14}],"player_experience":939971,"relics_obtained":[{"floor":7,"key":"Anchor"}],"event_choices":[{"damage_healed":0.0,"max_hp_gain":0.0,"max_hp_loss":0.0,"gold_gain":275.0,"event_name":"Golden Shrine","player_choice":"Desecrate","floor":2.0,"gold_loss":0.0,"damage_taken":0.0,"cards_obtained":["Regret"]},{"damage_healed":0,"gold_gain":0,"player_choice":"Entered Light","damage_taken":14,"max_hp_gain":0,"max_hp_loss":0,"event_name":"Shining Light","floor":10,"gold_loss":0,"cards_upgraded":["Strike_G","Hidden Blade"]},{"damage_healed":0,"gold_gain":0,"player_choice":"Lose Max HP","damage_taken":0,"relics_obtained":["Golden Idol"],"max_hp_gain":0,"max_hp_loss":5,"event_name":"Golden Idol","floor":13,"gold_loss":0}],"is_beta":false,"boss_relics":[],"items_purged_floors":[4,4,4,4,4],"is_endless":false,"potions_floor_spawned":[1,3,7,14],"killed_by":"Slime Boss","ascension_level":6}}