{"host":"49pjgf1q9ev52n8z","time":1611999658,"event":{"mods":["BaseMod","Bestiary","Colored Map","Minty Spire (QoL Compilation)","Relic Stats","StSLib"],"gold_per_floor":[118,118,43,57,73,98,98,117,169,169,169,169,169,16,16,106,106,119,138,138,162,187,187,221,221,247,247,48,48,60,87,87,87,87],"floor_reached":33,"language":"ENG","playtime":2593,"items_purged":["Regret","Injury","Parasite"],"score":551,"play_id":"bb65b7e0-da4e-4ea0-86a2-81e8e14d512b","local_time":"20210130014058","is_ascension_mode":true,"campfire_choices":[{"data":"Neutralize","floor":7,"key":"SMITH"},{"floor":10,"key":"REST"},{"data":"Bouncing Flask","floor":15,"key":"SMITH"},{"floor":23,"key":"REST"},{"floor":27,"key":"REST"},{"floor":29,"key":"REST"},{"data":"Noxious Fumes","floor":32,"key":"SMITH"}],"circlet_count":0,"master_deck":["AscendersBane","Strike_G","Strike_G","Strike_G+1","Strike_G+1","Strike_G","Defend_G","Defend_G","Defend_G+1","Defend_G","Defend_G","Survivor","Neutralize+1","Poisoned Stab+1","Dagger Spray","Blade Dance","Bouncing Flask+1","Corpse Explosion","Noxious Fumes+1","Blade Dance","PiercingWail","Dash","Footwork","Infinite Blades","Choke+1"],"relics":["Cursed Key","Ornamental Fan","Ancient Tea Set","Potion Belt","Bloody Idol","SacredBark","Spirit Poop","Meat on the Bone","Whetstone","Peace Pipe"],"acts_visited":["Exordium","TheCity"],"potions_floor_usage":[16,22,22,30,31,33],"damage_taken":[{"damage":0,"enemies":"2 Louse","floor":1,"turns":4},{"damage":3,"enemies":"Small Slimes","floor":4,"turns":3},{"damage":3,"enemies":"Jaw Worm","floor":5,"turns":4},{"damage":23,"enemies":"3 Sentries","floor":6,"turns":9},{"damage":0,"enemies":"2 Fungi Beasts","floor":8,"turns":2},{"damage":12,"enemies":"The Guardian","floor":16,"turns":10},{"damage":0,"enemies":"Chosen","floor":18,"turns":5},{"damage":1,"enemies":"Spheric Guardian","floor":19,"turns":3},{"damage":31,"enemies":"Chosen and Byrds","floor":21,"turns":6},{"damage":0,"enemies":"Centurion and Healer","floor":22,"turns":5},{"damage":39,"enemies":"Slavers","floor":24,"turns":3},{"damage":18,"enemies":"Snake Plant","floor":30,"turns":3},{"damage":18,"enemies":"Book of Stabbing","floor":31,"turns":4},{"damage":54,"enemies":"Champ","floor":33,"turns":10}],"seed_played":"-4345689483362865027","potions_obtained":[{"floor":8,"key":"LiquidBronze"},{"floor":16,"key":"CunningPotion"},{"floor":19,"key":"ColorlessPotion"},{"floor":21,"key":"Poison Potion"},{"floor":30,"key":"Energy Potion"}],"is_trial":false,"path_per_floor":["M","?","$","M","M","E","R","M","T","R","?","T","?","$","R","B",null,"M","M","?","M","M","R","E","?","T","R","$","R","M","E","R","B"],"character_chosen":"THE_SILENT","items_purchased":["Block Potion","Footwork"],"campfire_rested":4,"item_purchase_floors":[14,28],"current_hp_per_floor":[59,59,59,56,53,30,30,30,30,49,29,29,29,29,29,17,54,54,53,53,22,22,41,2,2,7,26,26,44,43,42,42,0,0],"gold":87,"neow_bonus":"BOSS_RELIC","is_daily":false,"chose_seed":false,"campfire_upgraded":3,"win_rate":0.0,"timestamp":1611999658,"path_taken":["M","?","$","M","M","E","R","M","T","R","?","?","?","$","R","BOSS","M","M","?","?","M","R","E","?","T","R","$","R","M","E","R","BOSS"],"items_purchased_type":["Potion","Card"],"build_version":"2020-12-22","purchased_purges":3,"victory":false,"max_hp_per_floor":[66,66,66,66,66,66,66,66,66,66,66,66,66,66,66,66,66,66,66,66,66,66,66,66,66,66,66,63,63,63,63,63,63,63],"relic_stats":{"Peace Pipe":0,"counters":[14,71],"Ornamental Fan":[132],"Bloody Idol":15,"Whetstone":["Strike_G","Strike_G"],"Cursed Key":2,"obtain_stats":[{"Potion Belt":9,"Peace Pipe":31,"Ornamental Fan":2,"Golden Idol":13,"SacredBark":17,"Bloody Idol":25,"Spirit Poop":20,"Whetstone":26,"Cursed Key":0,"Ancient Tea Set":6,"Ring of the Snake":0,"Meat on the Bone":24},{"Potion Belt":5,"Peace Pipe":13,"Ornamental Fan":1,"Golden Idol":5,"SacredBark":6,"Bloody Idol":11,"Spirit Poop":8,"Whetstone":11,"Cursed Key":0,"Ancient Tea Set":4,"Ring of the Snake":0,"Meat on the Bone":11},{"Potion Belt":22,"Peace Pipe":61,"Ornamental Fan":4,"Golden Idol":22,"SacredBark":32,"Bloody Idol":54,"Spirit Poop":40,"Whetstone":54,"Cursed Key":0,"Ancient Tea Set":20,"Ring of the Snake":0,"Meat on the Bone":54}],"Meat on the Bone":24},"card_choices":[{"not_picked":["Flying Knee","Deflect"],"picked":"Poisoned Stab","floor":1},{"not_picked":["Eviscerate","Dodge and Roll"],"picked":"Dagger Spray","floor":4},{"not_picked":["Dagger Spray","Crippling Poison","Outmaneuver"],"picked":"SKIP","floor":5},{"not_picked":["Night Terror","Dagger Spray"],"picked":"Blade Dance","floor":6},{"not_picked":["Deadly Poison","Blade Dance"],"picked":"Bouncing Flask","floor":8},{"not_picked":["Die Die Die","Wraith Form v2"],"picked":"Corpse Explosion","floor":16},{"not_picked":["Backflip","Acrobatics"],"picked":"Noxious Fumes","floor":18},{"not_picked":["Slice","Eviscerate","Dagger Throw"],"picked":"SKIP","floor":19},{"not_picked":["Dodge and Roll","Tactician"],"picked":"Blade Dance","floor":21},{"not_picked":["Cloak And Dagger","Reflex"],"picked":"PiercingWail","floor":22},{"not_picked":["Dagger Spray","Acrobatics"],"picked":"Dash","floor":24},{"not_picked":["Reflex","Deflect"],"picked":"Infinite Blades","floor":30},{"not_picked":["Flying Knee+1","Underhanded Strike"],"picked":"Choke+1","floor":31}],"player_experience":649042,"relics_obtained":[{"floor":6,"key":"Ancient Tea Set"},{"floor":9,"key":"Potion Belt"},{"floor":24,"key":"Meat on the Bone"},{"floor":26,"key":"Whetstone"},{"floor":31,"key":"Peace Pipe"}],"event_choices":[{"damage_healed":0,"gold_gain":0,"player_choice":"Box","damage_taken":0,"relics_obtained":["Ornamental Fan"],"max_hp_gain":0,"max_hp_loss":0,"event_name":"Big Fish","floor":2,"gold_loss":0,"cards_obtained":["Regret"]},{"damage_healed":0,"gold_gain":0,"player_choice":"Entered Light","damage_taken":20,"max_hp_gain":0,"max_hp_loss":0,"event_name":"Shining Light","floor":11,"gold_loss":0,"cards_upgraded":["Defend_G","Poisoned Stab"]},{"damage_healed":0,"gold_gain":0,"player_choice":"Take Wound","damage_taken":0,"relics_obtained":["Golden Idol"],"max_hp_gain":0,"max_hp_loss":0,"event_name":"Golden Idol","floor":13,"gold_loss":0,"cards_obtained":["Injury"]},{"cards_removed":["Clumsy"],"damage_healed":0,"gold_gain":0,"player_choice":"Offered Curse","damage_taken":0,"relics_obtained":["Spirit Poop"],"max_hp_gain":0,"max_hp_loss":0,"event_name":"Bonfire Elementals","floor":20,"gold_loss":0},{"damage_healed":0,"gold_gain":0,"player_choice":"Gave Idol","damage_taken":0,"relics_obtained":["Bloody Idol"],"max_hp_gain":0,"max_hp_loss":0,"event_name":"Forgotten Altar","floor":25,"relics_lost":["Golden Idol"],"gold_loss":0}],"is_beta":false,"boss_relics":[{"not_picked":["Runic Dome","Coffee Dripper"],"picked":"SacredBark"}],"items_purged_floors":[3,14,28],"is_endless":false,"potions_floor_spawned":[8,16,19,21,30],"killed_by":"Champ","ascension_level":19}}