{"host":"jm9833yuloeli2yd","time":1611969457,"event":{"mods":["BaseMod","Better Altar","Better Match","Better Note","Better Sensory Stone","Better Skull","Better Third Choice","Better Vampires","BetterRewards","Colored Map","Colored Powertips","DeckTracker","Minty Spire (QoL Compilation)","Permanent Neow","Quick Restart","Slay-I","StSLib","SuperFastMode"],"gold_per_floor":[109,184,184,184,55,99,113,113,113,147,165,165,23,36,36,125,125,148,48,48,67,67,67,67,67],"floor_reached":24,"language":"ENG","playtime":596,"items_purged":["Zap","Strike_B"],"score":404,"play_id":"0693e657-3a28-46e9-bf46-51129d1709db","local_time":"20210129201737","is_ascension_mode":true,"campfire_choices":[{"data":"Sweeping Beam","floor":8,"key":"SMITH"},{"data":"Defragment","floor":12,"key":"SMITH"},{"floor":15,"key":"RECALL"},{"data":"White Noise","floor":23,"key":"SMITH"}],"circlet_count":0,"master_deck":["AscendersBane","Strike_B","Strike_B","Strike_B","Defend_B","Defend_B","Defend_B","Defend_B","Dualcast","Glacier","Ball Lightning","Go for the Eyes","Cold Snap","Beam Cell","Sweeping Beam+1","White Noise+1","Defragment+1","FTL","Undo","Electrodynamics","Coolheaded","Ghostly","Ghostly","Ghostly"],"relics":["Cracked Core","Golden Idol","Gremlin Horn","Symbiotic Virus","Boot","SacredBark","CultistMask"],"acts_visited":["Exordium","TheCity"],"potions_floor_usage":[16],"damage_taken":[{"damage":0,"enemies":"2 Louse","floor":1,"turns":3},{"damage":17,"enemies":"3 Sentries","floor":6,"turns":10},{"damage":7,"enemies":"Small Slimes","floor":7,"turns":2},{"damage":4,"enemies":"Gremlin Nob","floor":10,"turns":3},{"damage":4,"enemies":"Jaw Worm","floor":11,"turns":3},{"damage":0,"enemies":"Blue Slaver","floor":14,"turns":2},{"damage":19,"enemies":"Slime Boss","floor":16,"turns":8},{"damage":1,"enemies":"3 Byrds","floor":18,"turns":2},{"damage":19,"enemies":"2 Thieves","floor":21,"turns":2},{"damage":36,"enemies":"Book of Stabbing","floor":24,"turns":7}],"seed_played":"349592475700434826","potions_obtained":[{"floor":11,"key":"Dexterity Potion"},{"floor":21,"key":"SteroidPotion"}],"is_trial":false,"path_per_floor":["M","?","?","?","$","E","M","R","T","E","M","R","$","M","R","B",null,"M","$","?","M","?","R","E"],"character_chosen":"DEFECT","items_purchased":["Glacier","Ball Lightning","Cold Snap","FTL","PowerPotion"],"campfire_rested":0,"item_purchase_floors":[0,0,5,13,13],"current_hp_per_floor":[64,53,58,58,58,41,34,34,34,30,26,26,26,26,26,7,54,53,53,53,34,34,34,0,0],"gold":67,"neow_bonus":"","is_daily":false,"chose_seed":false,"campfire_upgraded":3,"win_rate":0.0,"timestamp":1611969457,"path_taken":["M","?","?","?","$","E","M","R","T","E","M","R","?","M","R","BOSS","M","$","?","?","?","R","E"],"items_purchased_type":["Card","Card","Card","Card","Potion"],"build_version":"2020-12-22","purchased_purges":2,"victory":false,"max_hp_per_floor":[71,71,76,69,69,69,69,69,69,69,69,69,69,69,69,69,69,69,69,69,69,34,34,34,34],"card_choices":[{"not_picked":["Loop","Conserve Battery"],"picked":"Go for the Eyes","floor":1},{"not_picked":["Barrage","Blizzard"],"picked":"Beam Cell","floor":6},{"not_picked":["Stack","Turbo"],"picked":"Sweeping Beam","floor":7},{"not_picked":["Fusion","Leap"],"picked":"White Noise","floor":10},{"not_picked":["Skim","Barrage"],"picked":"Defragment","floor":11},{"not_picked":["Beam Cell","Gash"],"picked":"Undo","floor":14},{"not_picked":["Buffer","Echo Form"],"picked":"Electrodynamics","floor":16},{"not_picked":["Auto Shields","Consume","Compile Driver"],"picked":"SKIP","floor":18},{"not_picked":["Go for the Eyes","Storm"],"picked":"Coolheaded","floor":21}],"player_experience":1345128,"relics_obtained":[{"floor":6,"key":"Gremlin Horn"},{"floor":9,"key":"Symbiotic Virus"},{"floor":10,"key":"Boot"}],"event_choices":[{"damage_healed":0,"gold_gain":75,"player_choice":"Gold","damage_taken":11,"max_hp_gain":0,"max_hp_loss":0,"event_name":"betterThird:BetterGoop","floor":2,"gold_loss":0},{"damage_healed":0,"gold_gain":0,"player_choice":"Donut","damage_taken":0,"max_hp_gain":5,"max_hp_loss":0,"event_name":"Big Fish","floor":3,"gold_loss":0},{"damage_healed":0,"gold_gain":0,"player_choice":"Lose Max HP","damage_taken":0,"relics_obtained":["Golden Idol"],"max_hp_gain":0,"max_hp_loss":7,"event_name":"Golden Idol","floor":4,"gold_loss":0},{"damage_healed":0,"gold_gain":0,"player_choice":"Trade","damage_taken":0,"relics_obtained":["CultistMask"],"max_hp_gain":0,"max_hp_loss":0,"event_name":"FaceTrader","floor":20,"gold_loss":0},{"damage_healed":0,"gold_gain":0,"player_choice":"Became a Ghost","damage_taken":0,"max_hp_gain":0,"max_hp_loss":35,"event_name":"Ghosts","floor":22,"gold_loss":0,"cards_obtained":["Ghostly","Ghostly","Ghostly"]}],"is_beta":false,"boss_relics":[{"not_picked":["Pandora\u0027s Box","Tiny House"],"picked":"SacredBark"}],"items_purged_floors":[5,19],"is_endless":false,"potions_floor_spawned":[11,21],"killed_by":"Book of Stabbing","ascension_level":20}}