{"host":"tp44ibfkhs2l94sg","time":1611987694,"event":{"mods":["BaseMod","Downfall","Minty Spire (QoL Compilation)","StSLib"],"gold_per_floor":[99,274,274,287,287,302,302,30,30,56,56,89,38,38,49,149,149,149,163,181,227,238,238,238,254,254,281,300,32,59,69,87,188,188,188,188,198,198,15,25,51,79,99,99,112,9,9,28,45,45],"floor_reached":51,"language":"ENG","playtime":5416,"items_purged":["Regret","Pride","downfall:Aged"],"score":777,"play_id":"a94c2f0c-ce81-49df-9128-4311d4749daa","local_time":"20210129222134","is_ascension_mode":false,"campfire_choices":[{"data":"Guardian:CurlUp","floor":1.0,"key":"SMITH"},{"data":"Guardian:TwinSlam","floor":9.0,"key":"SMITH"},{"data":"Guardian:DecasProtection","floor":11.0,"key":"SMITH"},{"data":"Guardian:Repulse","floor":18.0,"key":"SMITH"},{"data":"Guardian:GuardianWhirl","floor":23.0,"key":"SMITH"},{"data":"1","floor":35.0,"key":"LIFT"},{"data":"2","floor":44.0,"key":"LIFT"},{"data":"3","floor":47.0,"key":"LIFT"}],"circlet_count":0,"master_deck":["Guardian:Strike_Guardian","Guardian:Strike_Guardian","Guardian:Defend_Guardian","Guardian:Defend_Guardian","Guardian:Defend_Guardian","Guardian:CurlUp+1","Guardian:TwinSlam+1","Guardian:ShieldSpikes+1","Guardian:PiercingHide+1","Guardian:Recover","Guardian:SentryBeam","Guardian:Recover","Guardian:DecasProtection+1","Guardian:TemporalStrike","Guardian:Repulse+1","Guardian:EvasiveProtocol","Guardian:FloatingOrbs","Guardian:TemporalStrike+1","Guardian:GuardianWhirl+1","Guardian:PrimingBeam+1","Guardian:ChargeCore","Guardian:RevengeProtocol","Guardian:TimeCapacitor","Guardian:Repulse+1","Guardian:AncientConstruct","Guardian:EvasiveProtocol+1","Guardian:DecasProtection+1","Guardian:ArmoredProtocol","expansioncontent:Hexaburn","Guardian:WalkerClaw+1","Guardian:GuardianWhirl+1","expansioncontent:InvincibleStrength","Parasite","Guardian:BodySlam"],"relics":["Astrolabe","Orichalcum","Matryoshka","Sundial","Art of War","Mummified Hand","HornCleat","Coffee Dripper","Blood Vial","Bronze Scales","White Beast Statue","Ginger","Question Card","Pen Nib","Girya","Runic Pyramid","Guardian:StasisEgg","Akabeko","Mercury Hourglass","Bottled Flame"],"acts_visited":["Exordium","TheCity","TheBeyond"],"potions_floor_usage":[50,50],"damage_taken":[{"damage":0.0,"enemies":"2 Louse","floor":4.0,"turns":4.0},{"damage":8.0,"enemies":"Small Slimes","floor":6.0,"turns":6.0},{"damage":2.0,"enemies":"downfall:FleeingMerchant","floor":8.0,"turns":4.0},{"damage":0.0,"enemies":"3 Sentries","floor":10.0,"turns":10.0},{"damage":3.0,"enemies":"Lagavulin","floor":12.0,"turns":12.0},{"damage":0.0,"enemies":"downfall:FleeingMerchant","floor":13.0,"turns":4.0},{"damage":0.0,"enemies":"Cultist","floor":15.0,"turns":4.0},{"damage":5.0,"enemies":"WA_ARCHETYPE_RETAIN","floor":16.0,"turns":12.0},{"damage":0.0,"enemies":"Shell Parasite","floor":19.0,"turns":5.0},{"damage":0.0,"enemies":"3 Byrds","floor":20.0,"turns":4.0},{"damage":5.0,"enemies":"Shelled Parasite and Fungi","floor":22.0,"turns":5.0},{"damage":10.0,"enemies":"Centurion and Healer","floor":25.0,"turns":7.0},{"damage":0.0,"enemies":"Book of Stabbing","floor":27.0,"turns":5.0},{"damage":3.0,"enemies":"Snake Plant","floor":28.0,"turns":3.0},{"damage":0.0,"enemies":"downfall:FleeingMerchant","floor":29.0,"turns":4.0},{"damage":13.0,"enemies":"Slavers","floor":30.0,"turns":5.0},{"damage":7.0,"enemies":"Chosen and Byrds","floor":31.0,"turns":5.0},{"damage":0.0,"enemies":"Cultist and Chosen","floor":32.0,"turns":6.0},{"damage":6.0,"enemies":"SI_MIRROR_ARCHETYPE","floor":33.0,"turns":8.0},{"damage":8.0,"enemies":"3 Shapes","floor":37.0,"turns":6.0},{"damage":0.0,"enemies":"downfall:FleeingMerchant","floor":39.0,"turns":4.0},{"damage":10.0,"enemies":"Orb Walker","floor":40.0,"turns":4.0},{"damage":17.0,"enemies":"Reptomancer","floor":42.0,"turns":6.0},{"damage":10.0,"enemies":"Spire Growth","floor":43.0,"turns":5.0},{"damage":0.0,"enemies":"3 Darklings","floor":45.0,"turns":5.0},{"damage":0.0,"enemies":"downfall:FleeingMerchant","floor":46.0,"turns":4.0},{"damage":7.0,"enemies":"Writhing Mass","floor":48.0,"turns":4.0},{"damage":1.0,"enemies":"Sphere and 2 Shapes","floor":49.0,"turns":3.0},{"damage":25,"enemies":"IC_BLOCK_ARCHETYPE","floor":50,"turns":8}],"seed_played":"7435541465752851768","potions_obtained":[{"floor":6.0,"key":"Dexterity Potion"},{"floor":12.0,"key":"Explosive Potion"},{"floor":15.0,"key":"GamblersBrew"},{"floor":16.0,"key":"SkillPotion"},{"floor":25.0,"key":"FearPotion"},{"floor":27.0,"key":"Guardian:AcceleratePotion"},{"floor":28.0,"key":"Fire Potion"},{"floor":29.0,"key":"PowerPotion"},{"floor":30.0,"key":"sneckomod:MuddlingPotion"},{"floor":31.0,"key":"SkillPotion"},{"floor":32.0,"key":"GamblersBrew"},{"floor":33.0,"key":"Regen Potion"},{"floor":37.0,"key":"Energy Potion"},{"floor":39.0,"key":"Fruit Juice"},{"floor":40.0,"key":"Ancient Potion"},{"floor":42.0,"key":"Ancient Potion"},{"floor":43.0,"key":"Guardian:StasisDiscoveryPotion"},{"floor":45.0,"key":"Swift Potion"},{"floor":46.0,"key":"Strength Potion"},{"floor":48.0,"key":"Regen Potion"},{"floor":49.0,"key":"Weak Potion"}],"is_trial":false,"path_per_floor":["R","?","?","M","?","M","T","$","R","E","R","E","$","?","M","B",null,"R","M","M","T","M","R","T","M","?","E","M","$","E","M","M","B",null,"R","?","M","?","$","M","T","E","M","R","M","$","R","M","M","B",null],"character_chosen":"GUARDIAN","items_purchased":["Art of War","Guardian:Recover","Guardian:EvasiveProtocol","Pen Nib","Guardian:ArmoredProtocol","expansioncontent:Hexaburn","expansioncontent:InvincibleStrength","Bottled Flame"],"campfire_rested":0,"item_purchase_floors":[8,8,13,29,39,39,46,46],"current_hp_per_floor":[80,80,62,62,62,54,54,52,52,52,52,49,49,49,49,44,80,80,80,80,80,75,75,75,67,67,69,68,70,59,54,56,52,80,80,80,72,72,79,81,81,66,58,58,60,62,62,57,70,47],"gold":45,"neow_bonus":"BOSS_RELIC","is_daily":false,"chose_seed":false,"campfire_upgraded":5,"win_rate":0.0,"timestamp":1611987694,"path_taken":["R","?","?","M","?","M","T","$","R","E","R","E","$","?","M","BOSS","R","M","M","?","M","R","T","M","?","E","M","$","E","M","M","BOSS","R","?","M","?","$","M","T","E","?","R","M","?","R","M","M","BOSS"],"items_purchased_type":["Relic","Card","Card","Relic","Card","Card","Card","Relic"],"build_version":"2020-12-22","purchased_purges":3,"victory":true,"max_hp_per_floor":[80,80,80,80,80,80,80,80,80,80,80,80,80,80,80,80,80,80,80,80,80,80,80,80,80,80,80,80,80,80,80,80,80,80,80,80,80,80,85,85,85,85,85,85,85,85,85,85,85,85],"card_choices":[{"not_picked":["Guardian:PolyBeam","Guardian:ShieldCharger"],"picked":"Guardian:Gem_Green","floor":4.0},{"not_picked":["Guardian:BronzeOrb","Guardian:Gem_Red"],"picked":"Guardian:Recover","floor":6.0},{"not_picked":["Guardian:Gem_Purple","Guardian:FastForward"],"picked":"Guardian:SentryBeam","floor":8.0},{"not_picked":["Guardian:Gem_Cyan","Guardian:Gem_Lightblue"],"picked":"Guardian:DecasProtection","floor":10.0},{"not_picked":["Guardian:SentryBeam","Guardian:TemporalShield"],"picked":"Guardian:TemporalStrike","floor":12.0},{"not_picked":["Guardian:Suspension","Guardian:CrystalBeam"],"picked":"Guardian:Repulse","floor":13.0},{"not_picked":["Guardian:RollAttack","Guardian:TimeCapacitor"],"picked":"Guardian:FloatingOrbs","floor":15.0},{"not_picked":["Guardian:HyperBeam_Guardian","Guardian:FastForward"],"picked":"Guardian:Gem_Orange","floor":16.0},{"not_picked":["Guardian:Recover","Guardian:PrimingBeam"],"picked":"Guardian:Gem_Red","floor":19.0},{"not_picked":["Guardian:Preprogram","Guardian:Planning+1"],"picked":"Guardian:TemporalStrike+1","floor":20.0},{"not_picked":["Guardian:Gem_Fragmented","Guardian:Incinerate"],"picked":"Guardian:GuardianWhirl","floor":22.0},{"not_picked":["Guardian:PiercingHide","Guardian:SentryBeam"],"picked":"Guardian:PrimingBeam+1","floor":25.0},{"not_picked":["Guardian:ShieldSpikes+1","Guardian:DonusPower+1"],"picked":"Guardian:Gem_Cyan","floor":27.0},{"not_picked":["Guardian:BronzeOrb","Guardian:RollAttack","Guardian:VentSteam"],"picked":"Guardian:ChargeCore","floor":28.0},{"not_picked":["Guardian:Harden","Guardian:Gem_Cyan","Guardian:Suspension+1"],"picked":"Guardian:RevengeProtocol","floor":29.0},{"not_picked":["Guardian:PrismaticBarrier+1","Guardian:ChargeCore+1","Guardian:PrismaticBeam"],"picked":"Guardian:TimeCapacitor","floor":30.0},{"not_picked":["Guardian:FastForward","Guardian:ShieldCharger","Guardian:Reroute"],"picked":"Guardian:Repulse+1","floor":31.0},{"not_picked":["Guardian:WalkerClaw","Guardian:PrimingBeam","Guardian:Recover","Guardian:PiercingHide"],"picked":"SKIP","floor":32.0},{"not_picked":["Guardian:Gem_Synthetic","Guardian:TimeSifter","Guardian:ExploitGems"],"picked":"Guardian:AncientConstruct","floor":33.0},{"not_picked":["Guardian:TimeCapacitor","Guardian:PrimingBeam+1","Guardian:Gem_Blue"],"picked":"Guardian:EvasiveProtocol+1","floor":37.0},{"not_picked":["Guardian:PiercingHide+1","Guardian:PrismaticBarrier","Guardian:Gem_Green"],"picked":"Guardian:DecasProtection+1","floor":39.0},{"not_picked":["Guardian:FloatingOrbs","Guardian:TimeCapacitor","Guardian:SphericShield"],"picked":"Guardian:Gem_Lightblue","floor":40.0},{"not_picked":["Guardian:Gem_Cyan","Guardian:PrimingBeam+1","Guardian:Gem_Yellow"],"picked":"Guardian:Gem_Synthetic","floor":42.0},{"not_picked":["Guardian:Gem_Cyan","Guardian:WalkerClaw+1","Guardian:PrimingBeam","Guardian:Reroute+1"],"picked":"SKIP","floor":43.0},{"not_picked":["Guardian:PrismaticBeam","Guardian:Reroute+1","Guardian:RefractedBeam"],"picked":"Guardian:WalkerClaw+1","floor":45.0},{"not_picked":["Guardian:Gem_Orange","Guardian:BronzeArmor","Guardian:RollAttack"],"picked":"Guardian:GuardianWhirl+1","floor":46.0},{"not_picked":["Guardian:Incinerate","Guardian:CrystalBeam","Guardian:TemporalShield","Guardian:RollAttack+1"],"picked":"SKIP","floor":48.0},{"not_picked":["Guardian:Gem_White","Guardian:Clone+1","Guardian:Gem_Lightblue"],"picked":"Guardian:BodySlam","floor":49.0}],"player_experience":1105088,"relics_obtained":[{"floor":7.0,"key":"Sundial"},{"floor":10.0,"key":"Mummified Hand"},{"floor":12.0,"key":"HornCleat"},{"floor":21.0,"key":"Blood Vial"},{"floor":21.0,"key":"Bronze Scales"},{"floor":24.0,"key":"White Beast Statue"},{"floor":27.0,"key":"Question Card"},{"floor":30.0,"key":"Girya"},{"floor":41.0,"key":"Akabeko"},{"floor":42.0,"key":"Mercury Hourglass"}],"event_choices":[{"damage_healed":0.0,"max_hp_gain":0.0,"max_hp_loss":0.0,"gold_gain":0.0,"event_name":"Scrap Ooze","player_choice":"Success","floor":3.0,"gold_loss":0.0,"damage_taken":18.0,"relics_obtained":["Orichalcum"]},{"damage_healed":0.0,"max_hp_gain":0.0,"max_hp_loss":0.0,"gold_gain":0.0,"event_name":"Big Fish","player_choice":"Box","floor":5.0,"gold_loss":0.0,"damage_taken":0.0,"relics_obtained":["Matryoshka"],"cards_obtained":["Regret"]},{"cards_removed":["Doubt"],"damage_healed":0.0,"max_hp_gain":0.0,"max_hp_loss":0.0,"gold_gain":0.0,"event_name":"Wheel of Change","player_choice":"Card Removal","floor":14.0,"gold_loss":0.0,"damage_taken":0.0},{"damage_healed":0.0,"max_hp_gain":0.0,"max_hp_loss":0.0,"gold_gain":0.0,"event_name":"Addict","player_choice":"Stole Relic","floor":26.0,"gold_loss":0.0,"damage_taken":0.0,"relics_obtained":["Ginger"],"cards_obtained":["Pride"]}],"is_beta":false,"boss_relics":[{"not_picked":["Fusion Hammer","Black Star"],"picked":"Coffee Dripper"},{"not_picked":["Snecko Eye","SacredBark"],"picked":"Runic Pyramid"}],"items_purged_floors":[8,29,46],"is_endless":false,"potions_floor_spawned":[6,12,15,16,19,25,27,28,29,30,31,32,33,37,39,40,42,43,45,46,48,49],"ascension_level":0}}