{"host":"2e5gbsni44p3458r","time":1611993761,"event":{"mods":["BaseMod","Colored Map","Downfall","Hermit","Minty Spire (QoL Compilation)","Replay The Spire","StSLib","The Cursed"],"gold_per_floor":[176,189,207,207,227,227,251,263,289,389,421,155,155,170,189,189,189],"floor_reached":16,"language":"ENG","playtime":717,"items_purged":["Pain"],"score":123,"play_id":"ab9b81aa-413a-46e6-abdb-171621ce3717","local_time":"20210130170241","is_ascension_mode":true,"campfire_choices":[],"circlet_count":0,"master_deck":["hermit:Strike_Hermit","hermit:Strike_Hermit","hermit:Strike_Hermit","hermit:Strike_Hermit","hermit:Defend_Hermit","hermit:Defend_Hermit","hermit:Defend_Hermit","hermit:Defend_Hermit","hermit:Snapshot","hermit:Covet","hermit:GoldenBullet","hermit:Headshot","hermit:Ricochet","hermit:BlackWind","hermit:Enervate","expansioncontent:QuickStudy"],"relics":["hermit:Momento","WarpedTongs","Potion Belt","Boot","Bronze Scales","CultistMask"],"acts_visited":["Exordium"],"potions_floor_usage":[14,16,16,16],"damage_taken":[{"damage":1,"enemies":"Cultist","floor":2,"turns":3},{"damage":0,"enemies":"Small Slimes","floor":3,"turns":3},{"damage":12,"enemies":"Jaw Worm","floor":5,"turns":4},{"damage":15,"enemies":"Exordium Wildlife","floor":8,"turns":4},{"damage":26,"enemies":"3 Sentries","floor":9,"turns":8},{"damage":9,"enemies":"Replay:BlueRogue","floor":11,"turns":3},{"damage":10,"enemies":"downfall:FleeingMerchant","floor":12,"turns":4},{"damage":1,"enemies":"Exordium Thugs","floor":14,"turns":2},{"damage":0,"enemies":"Gremlin Gang","floor":15,"turns":2},{"damage":17,"enemies":"DF_ARCHETYPE_STREAMLINE","floor":16,"turns":3}],"seed_played":"-5055920715094125308","potions_obtained":[{"floor":2,"key":"Dexterity Potion"},{"floor":8,"key":"hermit:Tonic"},{"floor":9,"key":"sneckomod:MuddlingPotion"},{"floor":14,"key":"CultistPotion"}],"is_trial":false,"path_per_floor":["R_BF","M","M","?","M","T","T","M","E","?","E","$","?","M","M","B"],"character_chosen":"HERMIT","items_purchased":["expansioncontent:QuickStudy"],"campfire_rested":0,"item_purchase_floors":[12],"current_hp_per_floor":[82,81,81,81,69,69,69,54,28,28,19,9,9,8,8,0,0],"gold":189,"neow_bonus":"TEN_PERCENT_HP_BONUS","is_daily":false,"chose_seed":false,"campfire_upgraded":0,"win_rate":0.0,"timestamp":1611993761,"path_taken":["R_BF","M","M","?","?","?","T","M","E","?","E","$","?","?","M","BOSS"],"items_purchased_type":["Card"],"build_version":"2020-12-22","purchased_purges":1,"victory":false,"max_hp_per_floor":[82,82,82,82,82,82,82,82,82,82,82,82,82,82,82,82,82],"card_choices":[{"not_picked":["hermit:Virtue","hermit:Quickdraw","hermit:BodyArmor"],"picked":"SKIP","floor":2},{"not_picked":["hermit:Grudge","hermit:Manifest"],"picked":"hermit:GoldenBullet","floor":3},{"not_picked":["hermit:HoleUp","hermit:BodyArmor"],"picked":"hermit:Headshot","floor":5},{"not_picked":["hermit:Spite","hermit:LuckOfTheDraw"],"picked":"hermit:Ricochet","floor":8},{"not_picked":["hermit:Coalescence","hermit:Spite"],"picked":"hermit:BlackWind","floor":9},{"not_picked":["hermit:CursedWeapon","hermit:ItchyTrigger"],"picked":"hermit:Enervate","floor":11},{"not_picked":["hermit:LoneWolf","hermit:Coalescence","hermit:BodyArmor"],"picked":"SKIP","floor":12},{"not_picked":["hermit:CalledShot","hermit:Shortfuse","hermit:HighCaliber"],"picked":"SKIP","floor":14},{"not_picked":["hermit:LowProfile","hermit:Horror","hermit:Roulette"],"picked":"SKIP","floor":15}],"player_experience":780063,"relics_obtained":[{"floor":7,"key":"Potion Belt"},{"floor":9,"key":"Boot"},{"floor":11,"key":"Bronze Scales"}],"event_choices":[{"damage_healed":0,"gold_gain":0,"player_choice":"Rummage","damage_taken":0,"relics_obtained":["WarpedTongs"],"max_hp_gain":0,"max_hp_loss":0,"event_name":"Accursed Blacksmith","floor":4,"gold_loss":0,"cards_obtained":["Pain"]},{"damage_healed":0,"gold_gain":0,"player_choice":"Trade","damage_taken":0,"relics_obtained":["CultistMask"],"max_hp_gain":0,"max_hp_loss":0,"event_name":"FaceTrader","floor":13,"gold_loss":0}],"is_beta":false,"boss_relics":[],"items_purged_floors":[12],"is_endless":false,"potions_floor_spawned":[2,8,9,14],"killed_by":"DF_ARCHETYPE_STREAMLINE","ascension_level":2}}