{"host":"w4b7hmige5bnqipq","time":1611967592,"event":{"mods":["2.2 Compatiblity","BaseMod","Colored Map","DeckTracker","Keyboard Shortcuts","Minty Spire (QoL Compilation)","Permanent Neow","Rare Cards Sparkle","SuperFastMode","everything is the same but u backflip on backflip","slay the spire mod where everything is the same but ironclad has a cowboy hat"],"gold_per_floor":[118,118,130,144,158,487,487,515,515,542,507,539,200,213,213,313,313,326,340,355,109,129,159,159,194,218,218,133,133,152,34,34,137,137,152,165,165,85,85,110,110,125,125,155,166,177,177,197,197,197,197,197,41,75,75,75],"floor_reached":55,"language":"KOR","playtime":2784,"items_purged":["Strike_B","Defend_B"],"score":1092,"play_id":"714eea0f-0a2d-4327-bf36-321bd62cf5f6","local_time":"20210130094632","is_ascension_mode":true,"campfire_choices":[{"floor":7.0,"key":"REST"},{"data":"Multi-Cast","floor":15.0,"key":"SMITH"},{"floor":24.0,"key":"REST"},{"data":"Defragment","floor":27.0,"key":"SMITH"},{"data":"Defragment","floor":29.0,"key":"SMITH"},{"data":"Reinforced Body","floor":32.0,"key":"SMITH"},{"floor":41.0,"key":"RECALL"},{"data":"Buffer","floor":47.0,"key":"SMITH"},{"data":"Go for the Eyes","floor":49.0,"key":"SMITH"},{"data":"Aggregate","floor":52.0,"key":"SMITH"}],"circlet_count":0,"master_deck":["Strike_B","Strike_B","Strike_B","Defend_B","Defend_B","Defend_B","Zap","Dualcast","Multi-Cast+1","Glacier","Darkness","Undo","Go for the Eyes+1","Sunder","Stack","Compile Driver","Gash","Streamline","Core Surge","Conserve Battery","Reinforced Body+1","Defragment+1","Aggregate+1","Self Repair","Defragment+1","Redo","Buffer+1","Compile Driver+1","Reinforced Body+1","Reboot","Rebound+1","Hologram+1","Double Energy+1","Darkness","Reinforced Body","Multi-Cast"],"relics":["Cracked Core","Calipers","Old Coin","White Beast Statue","Pantograph","The Courier","Mummified Hand","Chemical X","Bag of Preparation","Inserter","Bird Faced Urn","Ancient Tea Set","Orichalcum","Blood Vial","Dead Branch","Toy Ornithopter","Coffee Dripper","Omamori","MealTicket","DollysMirror","Mercury Hourglass"],"acts_visited":["Exordium","TheCity","TheBeyond","TheEnding"],"potions_floor_usage":[55,55,55],"damage_taken":[{"damage":0.0,"enemies":"Small Slimes","floor":1.0,"turns":3.0},{"damage":0.0,"enemies":"2 Louse","floor":3.0,"turns":2.0},{"damage":6.0,"enemies":"Jaw Worm","floor":4.0,"turns":4.0},{"damage":4.0,"enemies":"Looter","floor":5.0,"turns":5.0},{"damage":21.0,"enemies":"Gremlin Nob","floor":6.0,"turns":4.0},{"damage":1.0,"enemies":"Lagavulin","floor":8.0,"turns":5.0},{"damage":10.0,"enemies":"3 Sentries","floor":10.0,"turns":10.0},{"damage":28.0,"enemies":"Gremlin Nob","floor":12.0,"turns":4.0},{"damage":11.0,"enemies":"Exordium Thugs","floor":14.0,"turns":4.0},{"damage":6.0,"enemies":"Slime Boss","floor":16.0,"turns":4.0},{"damage":12.0,"enemies":"Chosen","floor":18.0,"turns":4.0},{"damage":0.0,"enemies":"Spheric Guardian","floor":19.0,"turns":4.0},{"damage":6.0,"enemies":"Cultist and Chosen","floor":20.0,"turns":9.0},{"damage":2.0,"enemies":"Snake Plant","floor":22.0,"turns":4.0},{"damage":25.0,"enemies":"Slavers","floor":23.0,"turns":9.0},{"damage":14.0,"enemies":"Book of Stabbing","floor":25.0,"turns":6.0},{"damage":3.0,"enemies":"Snecko","floor":30.0,"turns":6.0},{"damage":19.0,"enemies":"Collector","floor":33.0,"turns":14.0},{"damage":0.0,"enemies":"3 Shapes","floor":35.0,"turns":5.0},{"damage":4.0,"enemies":"3 Darklings","floor":36.0,"turns":9.0},{"damage":2.0,"enemies":"Nemesis","floor":40.0,"turns":13.0},{"damage":27.0,"enemies":"Writhing Mass","floor":42.0,"turns":4.0},{"damage":32.0,"enemies":"Reptomancer","floor":44.0,"turns":12.0},{"damage":0.0,"enemies":"Spire Growth","floor":45.0,"turns":5.0},{"damage":8.0,"enemies":"3 Darklings","floor":46.0,"turns":6.0},{"damage":0.0,"enemies":"Transient","floor":48.0,"turns":5.0},{"damage":17.0,"enemies":"Time Eater","floor":50.0,"turns":17.0},{"damage":79.0,"enemies":"Shield and Spear","floor":54.0,"turns":5.0},{"damage":87,"enemies":"The Heart","floor":55,"turns":14}],"seed_played":"-7319093527591308878","potions_obtained":[{"floor":4.0,"key":"LiquidMemories"},{"floor":10.0,"key":"LiquidBronze"},{"floor":12.0,"key":"Swift Potion"},{"floor":14.0,"key":"SkillPotion"},{"floor":22.0,"key":"FairyPotion"},{"floor":23.0,"key":"BlessingOfTheForge"},{"floor":25.0,"key":"SpeedPotion"},{"floor":33.0,"key":"LiquidBronze"},{"floor":48.0,"key":"Weak Potion"},{"floor":54.0,"key":"DuplicationPotion"}],"is_trial":false,"path_per_floor":["M","?","M","M","M","E","R","E","T","E","?","E","$","M","R","B",null,"M","M","M","$","M","E","R","E","T","R","?","R","M","$","R","B",null,"M","M","?","$","?","E","R","M","T","E","M","M","R","M","R","B",null,"R","$","E","B"],"character_chosen":"DEFECT","items_purchased":["Chemical X","Bag of Preparation","Streamline","Bird Faced Urn","Toy Ornithopter","DollysMirror","Reinforced Body"],"campfire_rested":2,"item_purchase_floors":[13,13,13,21,31,53,53],"current_hp_per_floor":[68,56,56,50,46,25,47,46,46,36,54,26,26,15,15,34,65,53,53,47,47,47,24,46,43,43,43,43,43,55,55,55,69,74,75,75,75,75,71,71,71,55,55,40,57,66,66,71,71,65,70,70,71,28,0,0],"gold":75,"neow_bonus":"ONE_RANDOM_RARE_CARD","is_daily":false,"chose_seed":false,"campfire_upgraded":7,"win_rate":0.0,"timestamp":1611967592,"path_taken":["M","?","M","M","M","E","R","E","T","E","?","E","$","M","R","BOSS","M","M","M","$","M","E","R","E","T","R","?","R","M","$","R","BOSS","M","M","?","$","?","E","R","M","T","E","M","M","R","M","R","BOSS","R","$","E","BOSS"],"items_purchased_type":["Relic","Relic","Card","Relic","Relic","Relic","Card"],"build_version":"2020-12-22","purchased_purges":2,"victory":false,"max_hp_per_floor":[75,75,75,75,75,75,75,75,75,75,75,75,75,75,75,75,75,75,75,75,75,75,75,75,75,75,75,75,75,75,75,75,75,75,75,75,75,75,71,71,71,71,71,71,71,71,71,71,71,71,71,71,71,71,71,71],"card_choices":[{"not_picked":["Leap","Compile Driver"],"picked":"Glacier","floor":1.0},{"not_picked":["Leap","Rip and Tear"],"picked":"Darkness","floor":3.0},{"not_picked":["Force Field","Fusion"],"picked":"Undo","floor":4.0},{"not_picked":["Compile Driver","Fusion"],"picked":"Go for the Eyes","floor":5.0},{"not_picked":["Glacier","Scrape"],"picked":"Sunder","floor":6.0},{"not_picked":["Reprogram","Thunder Strike"],"picked":"Stack","floor":8.0},{"not_picked":["Rebound","Steam"],"picked":"Compile Driver","floor":10.0},{"not_picked":["Compile Driver","Force Field"],"picked":"Gash","floor":12.0},{"not_picked":["Scrape","Steam","Compile Driver"],"picked":"SKIP","floor":14.0},{"not_picked":["Thunder Strike","All For One"],"picked":"Core Surge","floor":16.0},{"not_picked":["Barrage","Stack+1"],"picked":"Conserve Battery","floor":18.0},{"not_picked":["Barrage","BootSequence"],"picked":"Reinforced Body","floor":19.0},{"not_picked":["Steam","Skim"],"picked":"Defragment","floor":20.0},{"not_picked":["Turbo","Leap"],"picked":"Aggregate","floor":22.0},{"not_picked":["Machine Learning","Turbo+1"],"picked":"Self Repair","floor":23.0},{"not_picked":["Cold Snap","Darkness"],"picked":"Defragment","floor":25.0},{"not_picked":["Self Repair+1","Blizzard"],"picked":"Redo","floor":30.0},{"not_picked":["Hyperbeam","Multi-Cast"],"picked":"Buffer","floor":33.0},{"not_picked":["Beam Cell+1","Rebound"],"picked":"Compile Driver+1","floor":35.0},{"not_picked":["Loop","Stack+1"],"picked":"Reinforced Body+1","floor":36.0},{"not_picked":["Conserve Battery+1","Auto Shields","Capacitor"],"picked":"SKIP","floor":40.0},{"not_picked":["Ball Lightning","Cold Snap+1"],"picked":"Reboot","floor":42.0},{"not_picked":["Leap","Steam"],"picked":"Rebound+1","floor":44.0},{"not_picked":["Gash+1","Double Energy+1"],"picked":"Hologram+1","floor":45.0},{"not_picked":["Rebound+1","BootSequence+1","Steam+1"],"picked":"SKIP","floor":46.0},{"not_picked":["Hologram+1","Reprogram+1"],"picked":"Double Energy+1","floor":48.0},{"not_picked":["Capacitor+1","Fusion"],"picked":"Multi-Cast","floor":54.0}],"player_experience":675477,"relics_obtained":[{"floor":6.0,"key":"Old Coin"},{"floor":8.0,"key":"White Beast Statue"},{"floor":9.0,"key":"Pantograph"},{"floor":10.0,"key":"The Courier"},{"floor":12.0,"key":"Mummified Hand"},{"floor":23.0,"key":"Ancient Tea Set"},{"floor":25.0,"key":"Orichalcum"},{"floor":26.0,"key":"Blood Vial"},{"floor":40.0,"key":"Omamori"},{"floor":44.0,"key":"MealTicket"},{"floor":54.0,"key":"Mercury Hourglass"}],"event_choices":[{"damage_healed":0.0,"max_hp_gain":0.0,"max_hp_loss":0.0,"gold_gain":0.0,"event_name":"Scrap Ooze","player_choice":"Success","floor":2.0,"gold_loss":0.0,"damage_taken":12.0,"relics_obtained":["Calipers"]},{"damage_healed":18.0,"max_hp_gain":0.0,"max_hp_loss":0.0,"gold_gain":0.0,"event_name":"The Cleric","player_choice":"Healed","floor":11.0,"gold_loss":35.0,"damage_taken":0.0},{"damage_healed":0.0,"max_hp_gain":0.0,"max_hp_loss":0.0,"gold_gain":0.0,"event_name":"Addict","player_choice":"Obtained Relic","floor":28.0,"gold_loss":85.0,"damage_taken":0.0,"relics_obtained":["Dead Branch"]},{"damage_healed":0.0,"max_hp_gain":0.0,"max_hp_loss":0.0,"gold_gain":0.0,"event_name":"Tomb of Lord Red Mask","player_choice":"Ignored","floor":37.0,"gold_loss":0.0,"damage_taken":0.0},{"damage_healed":0.0,"max_hp_gain":0.0,"max_hp_loss":4.0,"gold_gain":0.0,"event_name":"Winding Halls","player_choice":"Max HP","floor":39.0,"gold_loss":0.0,"damage_taken":0.0}],"is_beta":false,"boss_relics":[{"not_picked":["Fusion Hammer","Astrolabe"],"picked":"Inserter"},{"not_picked":["Nuclear Battery","Runic Pyramid"],"picked":"Coffee Dripper"}],"items_purged_floors":[13,38],"is_endless":false,"potions_floor_spawned":[4,10,12,14,16,18,19,20,22,23,25,30,33,35,36,40,42,44,45,46,48,54],"killed_by":"The Heart","ascension_level":7}}