{"host":"1pwde2j81wdvsae3","time":1611989988,"event":{"mods":["BaseMod","Minty Spire (QoL Compilation)","Replay The Spire","Shop Mod","StSLib"],"gold_per_floor":[111,111,121,156,176,210,210,245,245,256,274,289,305,19,19,94,94,111,111,81,95,35,35,52,52,52],"floor_reached":25,"language":"ZHS","playtime":742,"items_purged":["Decay"],"score":387,"play_id":"f0868a74-1591-47fa-a9c2-800afac13802","local_time":"20210130145948","is_ascension_mode":true,"campfire_choices":[{"floor":7.0,"key":"REST"},{"data":"Bash","floor":15.0,"key":"SMITH"},{"floor":23,"key":"REST"}],"circlet_count":0,"master_deck":["AscendersBane","Strike_R","Strike_R","Strike_R","Strike_R","Strike_R","Defend_R","Defend_R","Defend_R","Defend_R","Bash+1","Hemokinesis","Clothesline","Power Through","Perfected Strike","Fire Breathing","Sever Soul","Headbutt","Uppercut","Thunderclap","Feel No Pain","Blood for Blood","Immolate","Evolve+1","Dropkick","ReplayTheSpireMod:Stacked","Bloodletting"],"relics":["Burning Blood","NeowsBlessing","Pantograph","Lizard Tail","The Courier","Peace Pipe","Snack Pack","Replay:Bronze Core"],"acts_visited":["Exordium","TheCity"],"potions_floor_usage":[16,21,24],"damage_taken":[{"damage":0.0,"enemies":"Jaw Worm","floor":1.0,"turns":1.0},{"damage":0.0,"enemies":"Cultist","floor":3.0,"turns":1.0},{"damage":0.0,"enemies":"2 Louse","floor":5.0,"turns":1.0},{"damage":20.0,"enemies":"Gremlin Nob","floor":6.0,"turns":4.0},{"damage":14.0,"enemies":"Lagavulin","floor":8.0,"turns":5.0},{"damage":14.0,"enemies":"Exordium Wildlife","floor":10.0,"turns":3.0},{"damage":8.0,"enemies":"2 Fungi Beasts","floor":11.0,"turns":3.0},{"damage":9.0,"enemies":"Large Slime","floor":12.0,"turns":5.0},{"damage":24.0,"enemies":"Gremlin Gang","floor":13.0,"turns":4.0},{"damage":53,"enemies":"Fading Forest","floor":16,"turns":11},{"damage":25,"enemies":"Chosen","floor":18,"turns":6},{"damage":30,"enemies":"Shell Parasite","floor":21,"turns":5},{"damage":41,"enemies":"Shelled Parasite and Fungi","floor":24,"turns":5},{"damage":45,"enemies":"Slavers","floor":25,"turns":3}],"seed_played":"2852537183521464555","potions_obtained":[{"floor":5.0,"key":"EntropicBrew"},{"floor":6.0,"key":"BloodPotion"},{"floor":11.0,"key":"FearPotion"},{"floor":20,"key":"Milkshake"},{"floor":20,"key":"LifebloodPotion"},{"floor":21,"key":"Adrenaline Potion"}],"is_trial":false,"path_per_floor":["M","?","M","?","M","E","R","E","T","M","M","M","M","$","R","B",null,"M","?","?","M","$","R","M","E"],"character_chosen":"IRONCLAD","items_purchased":["Snack Pack","ReplayTheSpireMod:Stacked"],"campfire_rested":2,"item_purchase_floors":[14,22],"current_hp_per_floor":[74,74,75,45,51,37,59,51,51,43,41,38,35,35,35,25,63,50,29,29,9,9,33,44,0,0],"gold":52,"neow_bonus":"THREE_ENEMY_KILL","is_daily":false,"chose_seed":false,"campfire_upgraded":1,"win_rate":0.0,"timestamp":1611989988,"path_taken":["M","?","?","?","M","E","R","E","T","M","M","M","M","?","R","BOSS","M","?","?","?","$","R","M","E"],"items_purchased_type":["Relic","Card"],"build_version":"2020-12-22","purchased_purges":1,"victory":false,"max_hp_per_floor":[75,75,75,75,75,75,75,75,75,75,75,75,75,75,75,75,75,75,80,80,80,80,80,80,80,80],"card_choices":[{"not_picked":["Run Through","Flame Barrier"],"picked":"Hemokinesis","floor":1.0},{"not_picked":["Run Through","Armaments"],"picked":"Clothesline","floor":3.0},{"not_picked":["Sentinel","Pommel Strike"],"picked":"Power Through","floor":4.0},{"not_picked":["Iron Wave","Flex"],"picked":"Perfected Strike","floor":4.0},{"not_picked":["Disarm","Reckless Charge"],"picked":"Fire Breathing","floor":5.0},{"not_picked":["Exhume","ReplayTheSpireMod:Corrosion Curse"],"picked":"Sever Soul","floor":6.0},{"not_picked":["Sword Boomerang","Iron Wave"],"picked":"Headbutt","floor":8.0},{"not_picked":["ReplayTheSpireMod:Strike From Hell","Iron Wave"],"picked":"Uppercut","floor":10.0},{"not_picked":["ReplayTheSpireMod:Strike From Hell","Replay:Undeath\u0027s Touch"],"picked":"Thunderclap","floor":11.0},{"not_picked":["Exhume","Wild Strike"],"picked":"Feel No Pain","floor":12.0},{"not_picked":["Sword Boomerang","Thunderclap"],"picked":"Blood for Blood","floor":13.0},{"not_picked":["Fiend Fire","Bludgeon"],"picked":"Immolate","floor":16},{"not_picked":["Warcry","Second Wind"],"picked":"Evolve+1","floor":18},{"not_picked":["Combust","Heavy Blade"],"picked":"Dropkick","floor":21},{"not_picked":["Wild Strike","Perfected Strike"],"picked":"Bloodletting","floor":24}],"player_experience":254535,"relics_obtained":[{"floor":4.0,"key":"Pantograph"},{"floor":6.0,"key":"Lizard Tail"},{"floor":8.0,"key":"The Courier"},{"floor":9.0,"key":"Peace Pipe"}],"event_choices":[{"damage_healed":0.0,"max_hp_gain":0.0,"max_hp_loss":0.0,"gold_gain":0.0,"event_name":"Wheel of Change","player_choice":"Cursed","floor":2.0,"gold_loss":0.0,"damage_taken":0.0,"cards_obtained":["Decay"]},{"damage_healed":0,"gold_gain":0,"player_choice":"Shed Blood","damage_taken":26,"max_hp_gain":5,"max_hp_loss":0,"event_name":"Forgotten Altar","floor":19,"gold_loss":0},{"damage_healed":0,"gold_gain":0,"player_choice":"Bought 2 Potions","damage_taken":0,"max_hp_gain":0,"max_hp_loss":0,"event_name":"The Woman in Blue","floor":20,"gold_loss":0}],"is_beta":false,"boss_relics":[{"not_picked":["Runic Cube","Empty Cage"],"picked":"Replay:Bronze Core"}],"items_purged_floors":[14],"is_endless":false,"potions_floor_spawned":[5,6,11,12,21],"killed_by":"Slavers","ascension_level":16}}