{"host":"b96hyfeqj1peltkw","time":1611988071,"event":{"mods":["AchievementEnabler","Act Like it!","BaseMod","Block Reminder","Gensokyo","Minty Spire (QoL Compilation)","Practice Mode","StSLib"],"gold_per_floor":[113,213,213,227,227,227,52,52,75,85,100,111,323,335,335,335,335],"floor_reached":16,"language":"ENG","playtime":352,"items_purged":[],"score":155,"play_id":"58927acd-558f-48d7-9c03-f23671072b63","local_time":"20210130142751","is_ascension_mode":true,"campfire_choices":[{"data":"Coolheaded","floor":6,"key":"SMITH"},{"data":"Turbo","floor":8,"key":"SMITH"},{"data":"Skim","floor":15,"key":"SMITH"}],"circlet_count":0,"master_deck":["AscendersBane","Strike_B","Strike_B","Strike_B","Strike_B","Defend_B","Defend_B","Defend_B","Defend_B","Zap","Dualcast","Turbo+1","Streamline+1","Coolheaded+1","Gash","Skim+1","Turbo"],"relics":["Cracked Core","NeowsBlessing","ClockworkSouvenir","Vajra"],"acts_visited":["Gensokyo:Gensokyo"],"potions_floor_usage":[16,16],"damage_taken":[{"damage":0,"enemies":"Gensokyo:Python","floor":1,"turns":1},{"damage":0,"enemies":"Gensokyo:Gryphon","floor":4,"turns":1},{"damage":0,"enemies":"Gensokyo:3_Fairies","floor":10,"turns":1},{"damage":9,"enemies":"Gensokyo:Python_and_Kodama","floor":11,"turns":4},{"damage":2,"enemies":"Gensokyo:Kitsune","floor":12,"turns":3},{"damage":19,"enemies":"Gensokyo:Gryphon_and_Rabbit","floor":13,"turns":4},{"damage":3,"enemies":"Gensokyo:3_Kodama","floor":14,"turns":3},{"damage":60,"enemies":"Gensokyo:Reimu","floor":16,"turns":10}],"seed_played":"-6979768086199549478","potions_obtained":[{"floor":4,"key":"Fire Potion"},{"floor":12,"key":"Ancient Potion"}],"is_trial":false,"path_per_floor":["M","?","?","M","?","R","COS","R","T","M","M","M","M","M","R","B"],"character_chosen":"DEFECT","items_purchased":[],"campfire_rested":0,"item_purchase_floors":[],"current_hp_per_floor":[68,68,68,68,68,68,68,68,68,68,59,57,38,35,35,0,0],"gold":335,"neow_bonus":"THREE_ENEMY_KILL","is_daily":false,"chose_seed":false,"campfire_upgraded":3,"win_rate":0.0,"timestamp":1611988071,"path_taken":["M","?","?","M","?","R","COS","R","T","M","M","M","M","M","R","BOSS"],"items_purchased_type":[],"build_version":"2020-12-22","purchased_purges":0,"victory":false,"max_hp_per_floor":[75,75,75,75,75,75,75,75,75,75,75,75,75,75,75,75,75],"card_choices":[{"not_picked":["Compile Driver","BootSequence"],"picked":"Turbo","floor":1},{"not_picked":["Tempest","Loop"],"picked":"Coolheaded","floor":4},{"not_picked":["Beam Cell","Rip and Tear"],"picked":"Gash","floor":10},{"not_picked":["Leap","Cold Snap","Reinforced Body"],"picked":"SKIP","floor":11},{"not_picked":["Ball Lightning","Undo","Cold Snap"],"picked":"SKIP","floor":12},{"not_picked":["Machine Learning","BootSequence"],"picked":"Skim","floor":13},{"not_picked":["Consume","Turbo","Darkness"],"picked":"SKIP","floor":14},{"not_picked":["Consume","Darkness"],"picked":"Turbo","floor":14}],"player_experience":1372498,"relics_obtained":[{"floor":9,"key":"Vajra"}],"event_choices":[],"is_beta":false,"boss_relics":[],"items_purged_floors":[],"is_endless":false,"potions_floor_spawned":[4,12,14],"killed_by":"Gensokyo:Reimu","ascension_level":13}}