{"host":"9p8ljyyt9iu4be92","time":1611981599,"event":{"mods":["AchievementEnabler","BaseMod","Challenge The Spire","Colored Map","Downfall","Hubris","Minty Spire (QoL Compilation)","StSLib","The Bug Knight","slay the spire mod where everything is the same but ironclad has a cowboy hat"],"gold_per_floor":[99,113,130,149,159,94,117,151,151,178,191,203,103,137,149,149,149,149],"floor_reached":16,"language":"ENG","playtime":1588,"items_purged":[],"score":124,"play_id":"4fd187a1-43dd-4638-9691-c8ea1da60252","local_time":"20210129233959","is_ascension_mode":false,"campfire_choices":[{"floor":9,"key":"REST"},{"floor":13,"key":"REST"}],"circlet_count":0,"master_deck":["sneckomod:Strike","sneckomod:Strike","sneckomod:Strike","sneckomod:Defend","sneckomod:Defend","sneckomod:Defend","sneckomod:TailWhip","sneckomod:SnekBite","sneckomod:Unknown","champ:EnchantShield","sneckomod:WideSting","sneckomod:UnknownUncommonPower","sneckomod:UnknownCommonAttack","sneckomod:Unknown1Cost","sneckomod:UnknownUncommonAttack","sneckomod:UnknownBlock","sneckomod:SoulExchange","sneckomod:SerpentMind","sneckomod:SoulDraw","sneckomod:DiceCrush","sneckomod:Unknown2Cost","sneckomod:Unknown1Cost"],"relics":["sneckomod:SneckoSoul","Bronze Scales","sneckomod:LoadedDie","Toy Ornithopter","downfall:HeartBlessingGreen","hubris:OldNail"],"acts_visited":["Exordium"],"potions_floor_usage":[8,10],"damage_taken":[{"damage":4,"enemies":"2 Louse","floor":2,"turns":3},{"damage":8,"enemies":"Jaw Worm","floor":3,"turns":3},{"damage":6,"enemies":"Cultist","floor":4,"turns":3},{"damage":27,"enemies":"Exordium Thugs","floor":5,"turns":5},{"damage":0,"enemies":"downfall:FleeingMerchant","floor":6,"turns":4},{"damage":22,"enemies":"3 Sentries","floor":8,"turns":5},{"damage":11,"enemies":"Lagavulin","floor":10,"turns":6},{"damage":10,"enemies":"Gremlin Gang","floor":11,"turns":4},{"damage":9,"enemies":"3 Louse","floor":12,"turns":3},{"damage":20,"enemies":"3 Sentries","floor":14,"turns":8},{"damage":19,"enemies":"Blue Slaver","floor":15,"turns":3},{"damage":21,"enemies":"SI_SHIV_ARCHETYPE","floor":16,"turns":3}],"seed_played":"8049134665783599474","potions_obtained":[{"floor":3,"key":"Strength Potion"},{"floor":5,"key":"sneckomod:DiceRollPotion"},{"floor":14,"key":"Strength Potion"},{"floor":15,"key":"LiquidMemories"}],"is_trial":false,"path_per_floor":["R","M","M","M","M","$","T","E","R","E","M","M","R","E","M","B"],"character_chosen":"THE_SNECKO","items_purchased":["sneckomod:UnknownBlock"],"campfire_rested":2,"item_purchase_floors":[6],"current_hp_per_floor":[99,95,87,81,54,54,54,32,61,50,40,31,60,40,21,0,0,0],"gold":149,"neow_bonus":"TEN_PERCENT_HP_BONUS","is_daily":false,"chose_seed":false,"campfire_upgraded":0,"win_rate":0.0,"timestamp":1611981599,"path_taken":["R","M","M","M","M","$","T","E","R","E","M","M","R","E","M","BOSS"],"items_purchased_type":["Card"],"build_version":"2020-12-22","purchased_purges":0,"victory":false,"max_hp_per_floor":[99,99,99,99,99,99,99,99,99,99,99,99,99,99,99,99,99,99],"card_choices":[{"not_picked":["sneckomod:UnknownDraw","sneckomod:UnknownX"],"picked":"sneckomod:WideSting","floor":2},{"not_picked":["sneckomod:TrashToTreasure","sneckomod:DiceCrush"],"picked":"sneckomod:UnknownUncommonPower","floor":3},{"not_picked":["sneckomod:UnknownCommonSkill","sneckomod:DefensiveFlair"],"picked":"sneckomod:UnknownCommonAttack","floor":4},{"not_picked":["sneckomod:SoulDraw","sneckomod:UnknownWeak"],"picked":"sneckomod:Unknown1Cost","floor":5},{"not_picked":["sneckomod:RainOfDice","sneckomod:CheapStock"],"picked":"sneckomod:UnknownUncommonAttack","floor":6},{"not_picked":["sneckomod:UnknownVulnerable","sneckomod:SnekBeam"],"picked":"sneckomod:SoulExchange","floor":8},{"not_picked":["sneckomod:TrashToTreasure","sneckomod:DiceBlock"],"picked":"sneckomod:SerpentMind","floor":10},{"not_picked":["sneckomod:DiceBoulder","sneckomod:DiceBlock"],"picked":"sneckomod:SoulDraw","floor":11},{"not_picked":["sneckomod:TrashToTreasure","sneckomod:UnknownCommonSkill"],"picked":"sneckomod:DiceCrush","floor":12},{"not_picked":["sneckomod:WideSting","sneckomod:UnknownUncommonAttack"],"picked":"sneckomod:Unknown2Cost","floor":14},{"not_picked":["sneckomod:UnknownCommonSkill","sneckomod:WideSting"],"picked":"sneckomod:Unknown1Cost","floor":15}],"player_experience":525938,"relics_obtained":[{"floor":7,"key":"Bronze Scales"},{"floor":8,"key":"sneckomod:LoadedDie"},{"floor":10,"key":"Toy Ornithopter"},{"floor":14,"key":"hubris:OldNail"}],"event_choices":[],"is_beta":false,"boss_relics":[],"items_purged_floors":[],"is_endless":false,"potions_floor_spawned":[3,5,14,15],"killed_by":"SI_SHIV_ARCHETYPE","ascension_level":0}}