{"host":"7ap89n2sm7vm35bt","time":1611997855,"event":{"mods":["AchievementEnabler","Aspiration","BaseMod","Minty Spire (QoL Compilation)","StSLib","[IsaacMod]ÒÔÈö¼âËþ"],"gold_per_floor":[111,111,130,147,162,162,176,176,257,257,257,275,44,44,44,142,142,162,175,75,175,85,85,96,114,138,152,166,166,41,41,41,41,41],"floor_reached":33,"language":"ZHS","playtime":1052,"items_purged":["Strike_G","Defend_G","Strike_G"],"score":239,"play_id":"87954feb-7ea7-4379-905a-f50fb0aee00f","local_time":"20210130171055","is_ascension_mode":false,"campfire_choices":[{"data":"Neutralize","floor":6.0,"key":"SMITH"},{"data":"Poisoned Stab","floor":11.0,"key":"SMITH"},{"data":"Adrenaline","floor":15.0,"key":"SMITH"},{"floor":23.0,"key":"REST"},{"floor":32,"key":"REST"}],"circlet_count":0,"master_deck":["Strike_G","Strike_G","Defend_G","Defend_G","Defend_G","Survivor","Neutralize+1","Quick Slash+1","Poisoned Stab+1","Calculated Gamble","Adrenaline+1","After Image","Underhanded Strike","Cloak And Dagger","Deadly Poison","Tactician+1"],"relics":["Ring of the Snake","HushsDoor","GuppysPaw","NeowsBlessing","StrikeDummy","Lee\u0027s Waffle","SlaversCollar","Centennial Puzzle"],"acts_visited":["Exordium","TheCity"],"potions_floor_usage":[33],"damage_taken":[{"damage":0.0,"enemies":"Jaw Worm","floor":1.0,"turns":1.0},{"damage":0.0,"enemies":"Small Slimes","floor":3.0,"turns":1.0},{"damage":0.0,"enemies":"Cultist","floor":4.0,"turns":1.0},{"damage":2.0,"enemies":"Blue Slaver","floor":5.0,"turns":5.0},{"damage":21.0,"enemies":"Exordium Thugs","floor":7.0,"turns":7.0},{"damage":7.0,"enemies":"Red Slaver","floor":12.0,"turns":4.0},{"damage":19.0,"enemies":"The Guardian","floor":16.0,"turns":10.0},{"damage":28.0,"enemies":"3 Byrds","floor":18.0,"turns":7.0},{"damage":4.0,"enemies":"2 Thieves","floor":19.0,"turns":5.0},{"damage":14.0,"enemies":"Snecko","floor":24.0,"turns":5.0},{"damage":20.0,"enemies":"Sentry and Sphere","floor":25.0,"turns":6.0},{"damage":4.0,"enemies":"Shelled Parasite and Fungi","floor":27.0,"turns":5.0},{"damage":4.0,"enemies":"Snecko","floor":28.0,"turns":5.0},{"damage":85,"enemies":"Automaton","floor":33,"turns":12}],"seed_played":"9083522807775730975","potions_obtained":[{"floor":4.0,"key":"ColorlessPotion"},{"floor":7.0,"key":"Regen Potion"},{"floor":18.0,"key":"SpeedPotion"},{"floor":28.0,"key":"Poison Potion"}],"is_trial":false,"path_per_floor":["M","?","M","M","M","R","M","?","T","?","R","M","$","$","R","B",null,"M","M","$","?","?","R","M","M","T","M","M","?","$","?","R","B"],"character_chosen":"THE_SILENT","items_purchased":["Lee\u0027s Waffle"],"campfire_rested":2,"item_purchase_floors":[13],"current_hp_per_floor":[70,70,70,70,68,68,47,40,40,45,45,50,82,82,82,63,82,54,50,50,50,50,74,60,40,40,36,32,59,59,59,82,0,0],"gold":41,"neow_bonus":"THREE_ENEMY_KILL","is_daily":false,"chose_seed":false,"campfire_upgraded":3,"win_rate":0.0,"timestamp":1611997855,"path_taken":["M","?","M","M","M","R","M","?","T","?","R","M","?","$","R","BOSS","M","M","$","?","?","R","M","?","T","M","M","?","$","?","R","BOSS"],"items_purchased_type":["Relic"],"build_version":"2020-12-22","purchased_purges":3,"victory":false,"max_hp_per_floor":[70,70,70,70,70,70,70,70,70,75,75,75,82,82,82,82,82,82,82,82,82,82,82,82,82,82,82,82,82,82,82,82,82,82],"card_choices":[{"not_picked":["Flying Knee","PiercingWail","Footwork"],"picked":"SKIP","floor":1.0},{"not_picked":["PiercingWail","Underhanded Strike","Bane"],"picked":"SKIP","floor":3.0},{"not_picked":["Predator","Eviscerate"],"picked":"Quick Slash","floor":4.0},{"not_picked":["PiercingWail","Slice"],"picked":"Poisoned Stab","floor":5.0},{"not_picked":["Quick Slash","Footwork"],"picked":"Calculated Gamble","floor":7.0},{"not_picked":["Cloak And Dagger","Acrobatics"],"picked":"Adrenaline","floor":12.0},{"not_picked":["Adrenaline","Wraith Form v2"],"picked":"After Image","floor":16.0},{"not_picked":["Outmaneuver","Acrobatics"],"picked":"Underhanded Strike","floor":18.0},{"not_picked":["Eviscerate","Poisoned Stab"],"picked":"Cloak And Dagger","floor":19.0},{"not_picked":["Dodge and Roll","Bane","Calculated Gamble+1"],"picked":"SKIP","floor":24.0},{"not_picked":["Escape Plan","Setup"],"picked":"Deadly Poison","floor":25.0},{"not_picked":["Flechettes","Crippling Poison","PiercingWail"],"picked":"SKIP","floor":27.0},{"not_picked":["Choke","Bane"],"picked":"Tactician+1","floor":28.0}],"player_experience":246846,"relics_obtained":[{"floor":9.0,"key":"StrikeDummy"},{"floor":26.0,"key":"Centennial Puzzle"}],"event_choices":[{"damage_healed":0.0,"max_hp_gain":0.0,"max_hp_loss":0.0,"gold_gain":0.0,"event_name":"Shining Light","player_choice":"Ignored","floor":2.0,"gold_loss":0.0,"damage_taken":0.0},{"cards_removed":["Defend_G"],"damage_healed":0.0,"max_hp_gain":0.0,"max_hp_loss":0.0,"gold_gain":0.0,"event_name":"Golden Wing","player_choice":"Card Removal","floor":8.0,"gold_loss":0.0,"damage_taken":7.0},{"damage_healed":0.0,"max_hp_gain":5.0,"max_hp_loss":0.0,"gold_gain":0.0,"event_name":"Big Fish","player_choice":"Donut","floor":10.0,"gold_loss":0.0,"damage_taken":0.0},{"damage_healed":0.0,"max_hp_gain":0.0,"max_hp_loss":0.0,"gold_gain":100.0,"event_name":"Golden Shrine","player_choice":"Pray","floor":21.0,"gold_loss":0.0,"damage_taken":0.0},{"cards_removed":["Strike_G"],"damage_healed":0.0,"max_hp_gain":0.0,"max_hp_loss":0.0,"gold_gain":0.0,"event_name":"Designer","player_choice":"Upgrade and Remove","floor":22.0,"gold_loss":90.0,"damage_taken":0.0,"cards_upgraded":["Quick Slash"]},{"damage_healed":27,"gold_gain":0,"player_choice":"Heal","damage_taken":0,"max_hp_gain":0,"max_hp_loss":0,"event_name":"The Library","floor":29,"gold_loss":0},{"damage_healed":0,"gold_gain":0,"player_choice":"Ignored","damage_taken":0,"max_hp_gain":0,"max_hp_loss":0,"event_name":"Vampires","floor":31,"gold_loss":0}],"is_beta":false,"boss_relics":[{"not_picked":["Ring of the Serpent","Philosopher\u0027s Stone"],"picked":"SlaversCollar"},{"not_picked":[]}],"items_purged_floors":[13,20,30],"is_endless":false,"potions_floor_spawned":[4,7,18,28],"killed_by":"Automaton","ascension_level":0}}