{"host":"xc18ixkpjvqrt8st","time":1611974268,"event":{"mods":["Act Like it!","BaseMod","Better Match","Better Third Choice","Conspire","Hallownest","Hermit","Hubris","Infinite Spire","JesterMod","Minty Spire (QoL Compilation)","Reliquary","Replay The Spire","Robot Space Explorer","Shop Mod","Spicy Shops","Spire Arcade","StSLib","The Animator","The Edgeheg","The Jungle","The Marked","The Sage"],"gold_per_floor":[111,111,125,55,55,55,73,73,73,49,84,100,78,107,107,204,204,217,1,12,28,28,28,38,38,86,114,214,214,230,230,230,230,230],"floor_reached":33,"language":"ENG","playtime":1719,"items_purged":[],"score":273,"play_id":"6e3362c0-4fc0-46fe-a2bc-47cf141392f8","local_time":"20210129203748","is_ascension_mode":false,"campfire_choices":[{"floor":6,"key":"RECALL"},{"data":"jesterMod:Swiftness","floor":8,"key":"SMITH"},{"floor":15,"key":"REST"},{"floor":23,"key":"REST"},{"data":"jesterMod:Juggler","floor":25,"key":"SMITH"},{"floor":29,"key":"REST"},{"floor":32,"key":"REST"}],"circlet_count":0,"master_deck":["jesterMod:Strike","jesterMod:Strike","jesterMod:Strike","jesterMod:Strike","jesterMod:Sickle","jesterMod:Defend","jesterMod:Defend","jesterMod:Defend","jesterMod:Defend","jesterMod:Dodge","jesterMod:ButterKnife","jesterMod:Anticipation","jesterMod:Swiftness+1","RobotSpaceExplorer:ScrapMissile","jesterMod:Precipitation","jesterMod:Dilapidation","jesterMod:Swiftness","jesterMod:MudBall","jesterMod:Juggler+1","RobotSpaceExplorer:FreezingShield","Specialist","jesterMod:Swiftness","jesterMod:Anticipation","jesterMod:FlameDance","jesterMod:HedgehogForm","Replay:Fractal Strike","jesterMod:JackInTheBox+1","jesterMod:DaggerRain","jesterMod:Momentum","Shame"],"relics":["jesterMod:JesterCap","NeowsBlessing","hubris:DisguiseKit","reliquary:BoilingFlask","Akabeko","betterThird:SlimedRelic","hubris:Potato","hubris:RunicObelisk","hubris:HollowSoul","reliquary:JackalopeAntler","Shovel"],"acts_visited":["Exordium","TheCity"],"potions_floor_usage":[11,14,16,18,20,27],"damage_taken":[{"damage":0,"enemies":"Jaw Worm","floor":1,"turns":1},{"damage":0,"enemies":"Small Slimes","floor":3,"turns":1},{"damage":0,"enemies":"Cultist","floor":7,"turns":1},{"damage":45,"enemies":"Gremlin Nob","floor":11,"turns":7},{"damage":0,"enemies":"Exordium Wildlife","floor":12,"turns":2},{"damage":14,"enemies":"Lagavulin","floor":14,"turns":9},{"damage":11,"enemies":"Slime Boss","floor":16,"turns":18},{"damage":0,"enemies":"3 Byrds","floor":18,"turns":4},{"damage":19,"enemies":"conspire:FuzzyDice","floor":20,"turns":10},{"damage":0,"enemies":"Snecko","floor":21,"turns":8},{"damage":10,"enemies":"Centurion and Healer","floor":24,"turns":12},{"damage":22,"enemies":"Book of Stabbing","floor":27,"turns":6},{"damage":7,"enemies":"Chosen and Byrds","floor":30,"turns":6},{"damage":9,"enemies":"Automaton","floor":33,"turns":3}],"seed_played":"4636239986634698551","potions_obtained":[{"floor":1,"key":"LiquidMemories"},{"floor":12,"key":"Regen Potion"},{"floor":14,"key":"Reflective Coating"},{"floor":16,"key":"AttackPotion"},{"floor":18,"key":"LiquidBronze"},{"floor":24,"key":"Strength Potion"},{"floor":27,"key":"Energy Potion"}],"is_trial":false,"path_per_floor":["M","?","M","$","?","R","M","R","T","$","E","M","?","E","R","B",null,"M","$","M","M","AVR","R","M","R","T","E","?","R","M","?","R","B"],"character_chosen":"THE_JESTER","items_purchased":["jesterMod:Swiftness","jesterMod:Precipitation","Specialist","jesterMod:Swiftness","jesterMod:Anticipation"],"campfire_rested":4,"item_purchase_floors":[4,10,19,19,19],"current_hp_per_floor":[70,70,70,70,75,75,75,75,75,75,30,30,19,20,42,31,75,75,75,56,56,56,75,65,65,65,43,43,65,58,58,75,6,6],"gold":230,"neow_bonus":"THREE_ENEMY_KILL","is_daily":false,"chose_seed":false,"campfire_upgraded":2,"win_rate":0.0,"timestamp":1611974268,"path_taken":["M","?","M","$","?","R","M","R","T","$","E","M","?","E","R","BOSS","M","$","M","M","AVR","R","M","R","T","E","?","R","?","?","R","BOSS"],"items_purchased_type":["Card","Card","Card","Card","Card"],"build_version":"2020-12-22","purchased_purges":0,"victory":false,"max_hp_per_floor":[70,70,70,70,75,75,75,75,75,75,75,75,75,75,75,75,75,75,75,75,75,75,75,75,75,75,75,75,75,75,75,75,15,15],"card_choices":[{"not_picked":["jesterMod:OblivionStrike","jesterMod:Prankster"],"picked":"jesterMod:ButterKnife","floor":1},{"not_picked":["jesterMod:ButterKnife","jesterMod:OblivionStrike","RobotSpaceExplorer:PowerGlove"],"picked":"jesterMod:Anticipation","floor":3},{"not_picked":["jesterMod:Feint","jesterMod:Loot","jesterMod:DancingMad"],"picked":"RobotSpaceExplorer:ScrapMissile","floor":7},{"not_picked":["jesterMod:JugglerBlade","jesterMod:BouncingKnife","RobotSpaceExplorer:ExhaustFan"],"picked":"jesterMod:Dilapidation","floor":11},{"not_picked":["jesterMod:Hide","jesterMod:Rebuff","RobotSpaceExplorer:SurgingStrike"],"picked":"jesterMod:Swiftness","floor":12},{"not_picked":["jesterMod:Frustration","jesterMod:BouncingKnife","RobotSpaceExplorer:SurgingStrike"],"picked":"jesterMod:MudBall","floor":14},{"not_picked":["jesterMod:Frustration","jesterMod:Placebo","RobotSpaceExplorer:Exploration"],"picked":"jesterMod:Juggler","floor":16},{"not_picked":["jesterMod:Talion","jesterMod:SelfMockery","jesterMod:Dilapidation"],"picked":"RobotSpaceExplorer:FreezingShield","floor":18},{"not_picked":["jesterMod:QuickStrike","jesterMod:BouncingKnife","RobotSpaceExplorer:FrostMissile"],"picked":"jesterMod:FlameDance","floor":20},{"not_picked":["jesterMod:PerfectDodge","jesterMod:Anticipation+1","RobotSpaceExplorer:Discharger"],"picked":"jesterMod:HedgehogForm","floor":21},{"not_picked":["jesterMod:TrickyDodge","jesterMod:Feint","RobotSpaceExplorer:SwiftStep"],"picked":"jesterMod:JackInTheBox+1","floor":24},{"not_picked":["jesterMod:LightTheWick","jesterMod:JackInTheBox","RobotSpaceExplorer:FranticSearch"],"picked":"jesterMod:DaggerRain","floor":27},{"not_picked":["jesterMod:Anticipation","jesterMod:DancingMad","RobotSpaceExplorer:SwiftStep"],"picked":"jesterMod:Momentum","floor":30}],"player_experience":622178,"relics_obtained":[{"floor":9,"key":"reliquary:BoilingFlask"},{"floor":11,"key":"Akabeko"},{"floor":14,"key":"hubris:Potato"},{"floor":27,"key":"reliquary:JackalopeAntler"}],"event_choices":[{"damage_healed":0,"gold_gain":0,"player_choice":"Donut","damage_taken":0,"max_hp_gain":5,"max_hp_loss":0,"event_name":"Big Fish","floor":5,"gold_loss":0},{"damage_healed":0,"gold_gain":0,"player_choice":"Slimed","damage_taken":11,"max_hp_gain":0,"max_hp_loss":0,"event_name":"betterThird:BetterGoop","floor":13,"gold_loss":22},{"damage_healed":0,"gold_gain":100,"player_choice":"Pray","damage_taken":0,"max_hp_gain":0,"max_hp_loss":0,"event_name":"Golden Shrine","floor":28,"gold_loss":0},{"damage_healed":0,"gold_gain":0,"player_choice":"Stole Relic","damage_taken":0,"relics_obtained":["Shovel"],"max_hp_gain":0,"max_hp_loss":0,"event_name":"Addict","floor":31,"gold_loss":0,"cards_obtained":["Shame"]}],"is_beta":false,"boss_relics":[{"not_picked":["ReplayTheSpireMod:DimensionalGlitch","hubris:BlackHole"],"picked":"hubris:RunicObelisk"}],"items_purged_floors":[],"is_endless":false,"potions_floor_spawned":[1,12,14,16,18,24,27],"killed_by":"Automaton","ascension_level":0}}