{"host":"65a95dzim48ko8ke","time":1611985879,"event":{"mods":["Act Like it!","BaseMod","Block Reminder","Colored Powertips","Curses Come First","Gensokyo","Minty Spire (QoL Compilation)","Permanent Neow","Quick Restart","Rare Cards Sparkle","Replay The Spire","Spicy Shops","StSLib","Synergy Search"],"gold_per_floor":[136,171,238,41,104,104,433,433,457,740,55,122,122,122,122,277,277,365,20,170,235,13,68,68,1,1,1,40,81,0,16,16,361,361,423,423,423,437,39,39,39,99,99,435,470,687,703,3,3,3],"floor_reached":51,"language":"ENG","playtime":6368,"items_purged":[],"score":1016,"play_id":"c99bb865-868c-4d1f-9414-8bb0dbd43ed0","local_time":"20210130145119","is_ascension_mode":true,"campfire_choices":[{"data":"Vigilance","floor":6.0,"key":"SMITH"},{"data":"Sanctity","floor":8.0,"key":"SMITH"},{"data":"Magnetism","floor":15.0,"key":"SMITH"},{"data":"MentalFortress","floor":27.0,"key":"SMITH"},{"data":"Protect","floor":32.0,"key":"SMITH"},{"data":"Omniscience","floor":40.0,"key":"SMITH"},{"data":"Omniscience","floor":49.0,"key":"SMITH"}],"circlet_count":0,"master_deck":["Vigilance+1","Wish","Wish","Conclude","Sanctity+1","Replay:Vibes","Weave","FlurryOfBlows","Tantrum","Replay:Anticipation","Wish","FlurryOfBlows","MentalFortress+1","Magnetism+1","Weave","Protect+1","Judgement","Replay:DivineShield+1","LikeWater+1","Halt+1","EmptyFist","FollowUp+1","Fasting2+1","Wish","Omniscience+1","FollowUp+1","Sanctity+1","Crescendo+1","Wireheading","Gensokyo:Taser","Adaptation","Vault","CutThroughFate","FearNoEvil","Omniscience+1","FlurryOfBlows","JustLucky","LikeWater","ClearTheMind","FollowUp"],"relics":["Pandora\u0027s Box","Strange Spoon","Smiling Mask","Lantern","Blood Vial","Omamori","Medical Kit","Nunchaku","TeardropLocket","Replay:Grab Bag","Replay:Bronze Core","Coffee Dripper","Runic Pyramid","Turnip","Pocketwatch","Gambling Chip","Membership Card","Bronze Scales","Replay:Accelerometer","Gensokyo:MosesMiracle","WingedGreaves","Oddly Smooth Stone","Astrolabe","Gensokyo:TheCrow","ReplayTheSpireMod:EnergyBall","Meat on the Bone","Boot","Pantograph","Torii","Pondfish Scales","Mummified Hand","Gremlin Food","FossilizedHelix"],"acts_visited":["Exordium","Gensokyo:Gensokyo","Gensokyo:Gensokyoer"],"potions_floor_usage":[50],"damage_taken":[{"damage":3.0,"enemies":"Gensokyo:2_Kodama","floor":1.0,"turns":5.0},{"damage":0.0,"enemies":"Gensokyo:Gryphon","floor":2.0,"turns":3.0},{"damage":0.0,"enemies":"Gensokyo:3_Fairies","floor":3.0,"turns":4.0},{"damage":12.0,"enemies":"Gensokyo:Gryphon_and_Rabbit","floor":5.0,"turns":6.0},{"damage":7.0,"enemies":"Gensokyo:Aya","floor":7.0,"turns":8.0},{"damage":0.0,"enemies":"Gensokyo:Cirno","floor":10.0,"turns":9.0},{"damage":0.0,"enemies":"Gensokyo:Python_and_Kodama","floor":12.0,"turns":10.0},{"damage":8.0,"enemies":"Gensokyo:Kokoro","floor":16.0,"turns":11.0},{"damage":7.0,"enemies":"Gensokyo:Chomper","floor":18.0,"turns":5.0},{"damage":0.0,"enemies":"Gensokyo:Chomper","floor":20.0,"turns":8.0},{"damage":3.0,"enemies":"Gensokyo:3_Dogs","floor":21.0,"turns":5.0},{"damage":1.0,"enemies":"Gensokyo:Koishi","floor":23.0,"turns":6.0},{"damage":1.0,"enemies":"Gensokyo:Wraith","floor":28.0,"turns":3.0},{"damage":0.0,"enemies":"Gensokyo:3_Gloops","floor":29.0,"turns":10.0},{"damage":0.0,"enemies":"Gensokyo:Swordslinger","floor":31.0,"turns":4.0},{"damage":21.0,"enemies":"Gensokyo:Eiki","floor":33.0,"turns":11.0},{"damage":5.0,"enemies":"Gensokyo:AncientGuardian","floor":35.0,"turns":6.0},{"damage":0.0,"enemies":"Gensokyo:3_Boulders","floor":38.0,"turns":2.0},{"damage":27.0,"enemies":"Gensokyo:Marisa","floor":42.0,"turns":4.0},{"damage":15.0,"enemies":"Gensokyo:Dusk_and_Dawn","floor":44.0,"turns":5.0},{"damage":8.0,"enemies":"Gensokyo:Rafflesia","floor":45.0,"turns":5.0},{"damage":25.0,"enemies":"Gensokyo:SeedOfUnknown","floor":46.0,"turns":7.0},{"damage":14.0,"enemies":"Gensokyo:AtlasGolem","floor":47.0,"turns":4.0},{"damage":10,"enemies":"Gensokyo:Scarlet_Devils","floor":50,"turns":5}],"seed_played":"3676908481886620903","potions_obtained":[{"floor":1.0,"key":"Swift Potion"},{"floor":3.0,"key":"Elixir"},{"floor":12.0,"key":"PowerPotion"},{"floor":28.0,"key":"Regen Potion"},{"floor":33.0,"key":"ColorlessPotion"},{"floor":38.0,"key":"Regen Potion"},{"floor":44.0,"key":"Explosive Potion"},{"floor":45.0,"key":"Adrenaline Potion"},{"floor":46.0,"key":"Explosive Potion"}],"is_trial":false,"path_per_floor":["M","M","M","COS","M","R","E","R","T","E","$","M","?","?","R","B",null,"M","$","?","M","$","E","?","COS","T","R","M","M","?","M","R","B",null,"M","?","?","M","COS","R","?","E","T","M","M","M","M","$","R","B",null],"character_chosen":"WATCHER","items_purchased":["Omamori","Medical Kit","MentalFortress","Magnetism","Weave","Nunchaku","Turnip","LikeWater+1","Membership Card","Bronze Scales","Pantograph","Torii","LikeWater","ClearTheMind","Pondfish Scales","Mummified Hand","FollowUp","Gremlin Food"],"campfire_rested":0,"item_purchase_floors":[11,11,11,11,11,11,19,19,22,22,48,48,48,48,48,48,48,48],"current_hp_per_floor":[62,62,62,62,50,50,43,43,43,43,43,45,45,45,45,39,64,59,59,61,60,60,61,61,61,61,61,62,72,72,72,72,51,67,64,64,64,66,66,66,66,46,46,45,39,28,28,28,28,45],"gold":3,"neow_bonus":"BOSS_RELIC","is_daily":false,"chose_seed":false,"campfire_upgraded":7,"win_rate":0.0,"timestamp":1611985879,"path_taken":["M","M","M","COS","M","R","E","R","T","E","$","M","?","?","R","BOSS","M","$","?","?","$","E","?","COS","T","R","M","?","?","M","R","BOSS","M","?","?","?","COS","R","?","E","T","M","M","M","M","$","R","BOSS"],"items_purchased_type":["Relic","Relic","Card","Card","Card","Relic","Relic","Card","Relic","Relic","Relic","Relic","Card","Card","Relic","Relic","Card","Relic"],"build_version":"2020-12-22","purchased_purges":0,"victory":true,"max_hp_per_floor":[72,72,72,72,72,72,72,72,72,72,72,72,72,72,72,72,72,72,72,72,72,72,72,72,72,72,72,72,72,72,72,72,72,72,72,72,72,72,72,72,72,72,72,72,72,72,72,72,72,72],"card_choices":[{"not_picked":["Collect","Worship"],"picked":"FlurryOfBlows","floor":1.0},{"not_picked":["FlurryOfBlows","CutThroughFate"],"picked":"Replay:ManipulateFuture","floor":2.0},{"not_picked":["SashWhip","FlyingSleeves"],"picked":"Tantrum","floor":3.0},{"not_picked":["Vengeance","EmptyFist"],"picked":"Replay:Anticipation","floor":5.0},{"not_picked":["Replay:Cycle","CutThroughFate"],"picked":"Wish","floor":7.0},{"not_picked":["CutThroughFate","Swivel"],"picked":"FlurryOfBlows","floor":10.0},{"not_picked":["FollowUp","Collect"],"picked":"Protect","floor":12.0},{"not_picked":["Brilliance","Establishment"],"picked":"Judgement","floor":16.0},{"not_picked":["Evaluate","Halt"],"picked":"Replay:DivineShield+1","floor":18.0},{"not_picked":["Worship+1","Evaluate"],"picked":"Halt+1","floor":20.0},{"not_picked":["Fasting2","CarveReality"],"picked":"EmptyFist","floor":21.0},{"not_picked":["Protect","SignatureMove"],"picked":"FollowUp","floor":23.0},{"not_picked":["Crescendo","SignatureMove"],"picked":"Fasting2+1","floor":28.0},{"not_picked":["WaveOfTheHand+1","CrushJoints+1","Protect+1"],"picked":"SKIP","floor":29.0},{"not_picked":["Adaptation","FlyingSleeves"],"picked":"Wish","floor":31.0},{"not_picked":["ConjureBlade","Devotion"],"picked":"Omniscience","floor":33.0},{"not_picked":["Collect+1","Consecrate+1"],"picked":"Wireheading","floor":35.0},{"not_picked":["Tantrum","ReachHeaven+1"],"picked":"Adaptation","floor":38.0},{"not_picked":["Replay:ManipulateFuture","Halt+1"],"picked":"Vault","floor":42.0},{"not_picked":["CrushJoints","WheelKick"],"picked":"CutThroughFate","floor":44.0},{"not_picked":["Replay:ManipulateFuture+1","Replay:Anticipation+1"],"picked":"FearNoEvil","floor":45.0},{"not_picked":["DevaForm","MasterReality"],"picked":"Omniscience","floor":46.0},{"not_picked":["Prostrate+1","Replay:ManipulateFuture"],"picked":"FlurryOfBlows","floor":46.0},{"not_picked":["CutThroughFate+1","TalkToTheHand"],"picked":"JustLucky","floor":47.0}],"player_experience":334291,"relics_obtained":[{"floor":7.0,"key":"Smiling Mask"},{"floor":9.0,"key":"Lantern"},{"floor":10.0,"key":"Blood Vial"},{"floor":20.0,"key":"Pocketwatch"},{"floor":20.0,"key":"Gambling Chip"},{"floor":23.0,"key":"Replay:Accelerometer"},{"floor":26.0,"key":"WingedGreaves"},{"floor":31.0,"key":"Gensokyo:MosesMiracle"},{"floor":42.0,"key":"Meat on the Bone"},{"floor":43.0,"key":"Boot"}],"event_choices":[],"is_beta":false,"boss_relics":[{"not_picked":["Runic Dome","Calling Bell"],"picked":"Replay:Grab Bag"},{"not_picked":["Ectoplasm","Replay:Wanted Poster"],"picked":"Replay:Bronze Core"},{"not_picked":["Busted Crown","ReplayTheSpireMod:Onyx Gauntlets"],"picked":"Coffee Dripper"},{"not_picked":["SacredBark","VioletLotus"],"picked":"Runic Pyramid"},{"not_picked":["Honey Jar","Empty Cage"],"picked":"Astrolabe"}],"items_purged_floors":[],"is_endless":false,"potions_floor_spawned":[1,3,12,28,29,33,38,44,45,46],"ascension_level":6}}