{"host":"Ryley","time":1611977492,"event":{"mods":["BaseMod","Downfall","Minty Spire (QoL Compilation)","StSLib"],"gold_per_floor":[99,99,99,99,99,33,33,61,61,76,13,13,13,26,38,38,38,38],"floor_reached":16,"language":"ENG","playtime":694,"items_purged":[],"score":96,"play_id":"2ff18697-5e35-4944-82d8-24301d3e1c51","local_time":"20210129213132","is_ascension_mode":false,"campfire_choices":[],"circlet_count":0,"master_deck":["sneckomod:Strike","sneckomod:Strike","sneckomod:Strike","sneckomod:Defend","sneckomod:Defend","sneckomod:Defend","sneckomod:TailWhip","sneckomod:SnekBite","sneckomod:Unknown","sneckomod:UnknownCommonSkill","sneckomod:QuickMove","sneckomod:UnknownUncommonPower","sneckomod:DiceCrush","sneckomod:UnknownCommonAttack","sneckomod:UnknownCommonSkill","sneckomod:DiceCrush","sneckomod:DiceCrush","Slimebound:Grow","Slimebound:Grow","sneckomod:Cheat","sneckomod:SnakeSap"],"relics":["sneckomod:SneckoSoul","downfall:HeartsMalice","Regal Pillow","HornCleat","FossilizedHelix"],"acts_visited":["Exordium"],"potions_floor_usage":[],"damage_taken":[{"damage":0,"enemies":"Cultist","floor":2,"turns":1},{"damage":0,"enemies":"Jaw Worm","floor":3,"turns":1},{"damage":0,"enemies":"Small Slimes","floor":5,"turns":1},{"damage":10,"enemies":"downfall:FleeingMerchant","floor":6,"turns":4},{"damage":28,"enemies":"Gremlin Nob","floor":8,"turns":4},{"damage":0,"enemies":"Blue Slaver","floor":10,"turns":2},{"damage":0,"enemies":"downfall:FleeingMerchant","floor":11,"turns":4},{"damage":0,"enemies":"Gremlin Gang","floor":14,"turns":6},{"damage":0,"enemies":"2 Fungi Beasts","floor":15,"turns":4},{"damage":53,"enemies":"SI_SHIV_ARCHETYPE","floor":16,"turns":11}],"seed_played":"4655808948994120413","potions_obtained":[{"floor":10,"key":"sneckomod:OffclassReductionPotion"},{"floor":14,"key":"Ancient Potion"},{"floor":15,"key":"GamblersBrew"}],"is_trial":false,"path_per_floor":["R","M","M","?","M","$","T","E","?","M","$","R","?","M","M","B"],"character_chosen":"THE_SNECKO","items_purchased":["sneckomod:UnknownCommonAttack","sneckomod:DiceCrush"],"campfire_rested":0,"item_purchase_floors":[6,11],"current_hp_per_floor":[90,90,90,90,90,80,80,52,52,52,52,52,52,52,52,0,0,0],"gold":38,"neow_bonus":"THREE_ENEMY_KILL","is_daily":false,"chose_seed":false,"campfire_upgraded":0,"win_rate":0.0,"timestamp":1611977492,"path_taken":["R","M","?","?","M","?","T","E","?","M","$","R","?","?","M","BOSS"],"items_purchased_type":["Card","Card"],"build_version":"2020-12-18","purchased_purges":0,"victory":false,"max_hp_per_floor":[90,90,90,90,90,90,90,90,90,90,90,90,90,90,90,90,90,90],"card_choices":[{"not_picked":["sneckomod:Unknown2Cost","sneckomod:SnekBeam"],"picked":"sneckomod:UnknownCommonSkill","floor":2},{"not_picked":["sneckomod:WideSting","sneckomod:Unknown2Cost"],"picked":"sneckomod:QuickMove","floor":3},{"not_picked":["sneckomod:UnknownCommonSkill","sneckomod:IronFang"],"picked":"sneckomod:UnknownUncommonPower","floor":5},{"not_picked":["sneckomod:UnknownX","sneckomod:WideSting"],"picked":"sneckomod:DiceCrush","floor":6},{"not_picked":["sneckomod:Mudshield","sneckomod:UnknownUncommonAttack"],"picked":"sneckomod:UnknownUncommonPower","floor":8},{"not_picked":["sneckomod:UnknownDraw","sneckomod:SoulRoll"],"picked":"sneckomod:UnknownCommonSkill","floor":10},{"not_picked":["sneckomod:UnknownX","sneckomod:RainOfDice"],"picked":"sneckomod:DiceCrush","floor":11},{"not_picked":["sneckomod:DiceBlock","sneckomod:Unknown1Cost"],"picked":"sneckomod:Cheat","floor":14},{"not_picked":["sneckomod:DiceBoulder","sneckomod:Nope"],"picked":"sneckomod:SnakeSap","floor":15}],"player_experience":359500,"relics_obtained":[{"floor":7,"key":"Regal Pillow"},{"floor":8,"key":"HornCleat"}],"event_choices":[{"cards_removed":["Slimebound:MegaLick"],"damage_healed":0,"gold_gain":0,"player_choice":"Offered Uncommon","damage_taken":0,"max_hp_gain":0,"max_hp_loss":0,"event_name":"Bonfire Elementals","floor":4,"gold_loss":0}],"is_beta":true,"boss_relics":[],"items_purged_floors":[],"is_endless":false,"potions_floor_spawned":[10,14,15],"killed_by":"SI_SHIV_ARCHETYPE","ascension_level":0}}