{"host":"kpyf5rnb72uwap8k","time":1611978733,"event":{"mods":["AchievementEnabler","BaseMod","Colored Map","Colored Powertips","DeckTracker","Minty Spire (QoL Compilation)","Permanent Neow","Quick Restart","StSLib","SuperFastMode"],"gold_per_floor":[113,38,51,61,26,61,80,90,90,100,100,112,112,128,128,231,231,243,243,143,163,38,72,72,72,72],"floor_reached":25,"language":"KOR","playtime":741,"items_purged":["Strike_R","Strike_R","Strike_R"],"score":259,"play_id":"bf416c72-5b51-418f-b4e6-f3407c9725eb","local_time":"20210130125213","is_ascension_mode":true,"campfire_choices":[{"floor":11,"key":"REST"},{"data":"Seeing Red","floor":13,"key":"SMITH"},{"floor":15,"key":"REST"},{"data":"Heavy Blade","floor":24,"key":"SMITH"}],"circlet_count":0,"master_deck":["Strike_R","Defend_R","Defend_R","Defend_R","Defend_R","Bash+1","Heavy Blade","Shrug It Off","Hemokinesis","Carnage","Battle Trance","Rage","Seeing Red+1","Demon Form","CurseOfTheBell","Heavy Blade+1"],"relics":["Burning Blood","Lantern","Akabeko","Calling Bell","Happy Flower","Paper Frog","CaptainsWheel","Dream Catcher"],"acts_visited":["Exordium","TheCity"],"potions_floor_usage":[16,16,16,23,23,25],"damage_taken":[{"damage":8,"enemies":"Jaw Worm","floor":1,"turns":4},{"damage":6,"enemies":"Cultist","floor":3,"turns":3},{"damage":8,"enemies":"Small Slimes","floor":4,"turns":3},{"damage":61,"enemies":"Lagavulin","floor":6,"turns":8},{"damage":7,"enemies":"Red Slaver","floor":7,"turns":4},{"damage":9,"enemies":"Large Slime","floor":8,"turns":6},{"damage":2,"enemies":"Looter","floor":10,"turns":2},{"damage":11,"enemies":"Red Slaver","floor":12,"turns":2},{"damage":2,"enemies":"Exordium Wildlife","floor":14,"turns":3},{"damage":58,"enemies":"Hexaghost","floor":16,"turns":15},{"damage":14,"enemies":"Shell Parasite","floor":18,"turns":4},{"damage":9,"enemies":"Spheric Guardian","floor":21,"turns":3},{"damage":22,"enemies":"Book of Stabbing","floor":23,"turns":5},{"damage":67,"enemies":"Slavers","floor":25,"turns":4}],"seed_played":"7538822529383533163","potions_obtained":[{"floor":3,"key":"BlessingOfTheForge"},{"floor":6,"key":"PowerPotion"},{"floor":7,"key":"ElixirPotion"},{"floor":16,"key":"LiquidMemories"},{"floor":21,"key":"Regen Potion"},{"floor":23,"key":"DuplicationPotion"}],"is_trial":false,"path_per_floor":["M","$","M","M","$","E","M","M","T","M","R","M","R","M","R","B",null,"M","?","$","M","$","E","R","E"],"character_chosen":"IRONCLAD","items_purchased":["Carnage"],"campfire_rested":2,"item_purchase_floors":[5],"current_hp_per_floor":[78,78,78,76,76,21,20,17,17,21,45,40,40,44,68,16,80,72,72,72,69,69,58,58,0,0],"gold":72,"neow_bonus":"UPGRADE_CARD","is_daily":false,"chose_seed":false,"campfire_upgraded":2,"win_rate":0.0,"timestamp":1611978733,"path_taken":["M","$","M","M","$","E","M","M","T","M","R","M","R","M","R","BOSS","M","?","$","?","$","E","R","E"],"items_purchased_type":["Card"],"build_version":"2020-12-22","purchased_purges":3,"victory":false,"max_hp_per_floor":[80,80,80,80,80,80,80,80,80,80,80,80,80,80,80,80,80,80,80,80,80,80,80,80,80,80],"card_choices":[{"not_picked":["Warcry","Disarm"],"picked":"Heavy Blade","floor":1},{"not_picked":["Feel No Pain","Wild Strike"],"picked":"Shrug It Off","floor":3},{"not_picked":["Blood for Blood","Iron Wave"],"picked":"Hemokinesis","floor":4},{"not_picked":["Second Wind","Carnage"],"picked":"Battle Trance","floor":6},{"not_picked":["Iron Wave","Anger"],"picked":"Rage","floor":7},{"not_picked":["Flex","Body Slam"],"picked":"Seeing Red","floor":8},{"not_picked":["Clash","Body Slam","Entrench"],"picked":"SKIP","floor":10},{"not_picked":["Iron Wave","Impervious","Metallicize"],"picked":"SKIP","floor":12},{"not_picked":["Rampage","Clash","Cleave"],"picked":"SKIP","floor":14},{"not_picked":["Feed","Berserk"],"picked":"Demon Form","floor":16},{"not_picked":["Dual Wield","Perfected Strike","Headbutt+1"],"picked":"SKIP","floor":18},{"not_picked":["Searing Blow","Anger","Thunderclap+1"],"picked":"SKIP","floor":21},{"not_picked":["Impervious","Rage"],"picked":"Heavy Blade","floor":23}],"player_experience":236378,"relics_obtained":[{"floor":6,"key":"Lantern"},{"floor":9,"key":"Akabeko"},{"floor":17,"key":"Happy Flower"},{"floor":17,"key":"Paper Frog"},{"floor":17,"key":"CaptainsWheel"},{"floor":23,"key":"Dream Catcher"}],"event_choices":[{"cards_removed":["Strike_R"],"damage_healed":0,"gold_gain":0,"player_choice":"Card Removal","damage_taken":0,"max_hp_gain":0,"max_hp_loss":0,"event_name":"Wheel of Change","floor":19,"gold_loss":0}],"is_beta":false,"boss_relics":[{"not_picked":["SlaversCollar","Runic Dome"],"picked":"Calling Bell"}],"items_purged_floors":[2,20,22],"is_endless":false,"potions_floor_spawned":[3,6,7,10,16,21,23],"killed_by":"Slavers","ascension_level":3}}