{"host":"ml2ro5l6hu6y0pll","time":1611965568,"event":{"mods":["AchievementEnabler","BaseMod","Colored Map","Colored Powertips","Custom Start","Googly Eyes","Minty Spire (QoL Compilation)","Quick Restart","Rare Cards Sparkle","Relic Stats","Reliquary","StSLib","everything is the same but u backflip on backflip"],"gold_per_floor":[116,116,17,27,44,77,77,104,152,177,193,21,32,58,58,132,132,150,150,150,165,179,213,224,258,258,274,274,274,274,306,306,382,382,447,518,518,560,610,610,674,674,674,734,777,811,811,826,826,826,826,826,826,61,95,95],"floor_reached":57,"language":"ENG","playtime":3749,"items_purged":[],"score":3760,"play_id":"b472e78f-29b6-40c3-ab93-a3c7bbb5c049","local_time":"20210130001248","daily_mods":["Elite Swarm"],"is_ascension_mode":true,"campfire_choices":[{"data":"TalkToTheHand","floor":7.0,"key":"SMITH"},{"data":"TalkToTheHand","floor":15.0,"key":"SMITH"},{"data":"Omniscience","floor":28.0,"key":"SMITH"},{"data":"TalkToTheHand","floor":32.0,"key":"SMITH"},{"floor":40.0,"key":"RECALL"},{"floor":47.0,"key":"REST"},{"floor":49.0,"key":"REST"},{"floor":53,"key":"REST"}],"circlet_count":0,"master_deck":["EmptyBody+1","Protect+1","ThirdEye+1","EmptyBody+1","Vigilance+1","TalkToTheHand+1","CutThroughFate+1","FlurryOfBlows+1","Eruption+1","FlurryOfBlows+1","Consecrate+1","EmptyFist+1","Flash of Steel","CutThroughFate+1","Vault+1","DevaForm+1","Scrawl+1","TalkToTheHand+1","LessonLearned+1","CurseOfTheBell","MentalFortress+1","Blasphemy+1","DeusExMachina+1","Omniscience+1","TalkToTheHand+1","Omniscience+1","WaveOfTheHand+1","Tantrum+1","Wish","Wish+1","JustLucky","MentalFortress","Weave","Adaptation+1","MentalFortress"],"relics":["PureWater","Mummified Hand","OrangePellets","Kunai","Gremlin Horn","Nunchaku","Dream Catcher","War Paint","Bag of Preparation","reliquary:RosewoodLute","Calling Bell","Vajra","InkBottle","Pocketwatch","reliquary:HotPoker","reliquary:IvoryTrinket","Turnip","reliquary:BallBearing","Fusion Hammer","Mango","Gambling Chip","HornCleat","reliquary:PorcupineQuills","Oddly Smooth Stone","Torii","reliquary:Stiletto","Orrery","Thread and Needle"],"acts_visited":["Exordium","TheCity","TheBeyond","TheEnding"],"potions_floor_usage":[56],"damage_taken":[{"damage":0.0,"enemies":"Small Slimes","floor":1.0,"turns":2.0},{"damage":0.0,"enemies":"2 Louse","floor":4.0,"turns":2.0},{"damage":0.0,"enemies":"Cultist","floor":5.0,"turns":2.0},{"damage":4.0,"enemies":"Lagavulin","floor":6.0,"turns":5.0},{"damage":2.0,"enemies":"3 Sentries","floor":8.0,"turns":5.0},{"damage":0.0,"enemies":"Gremlin Nob","floor":10.0,"turns":3.0},{"damage":4.0,"enemies":"Exordium Wildlife","floor":11.0,"turns":2.0},{"damage":0.0,"enemies":"Looter","floor":13.0,"turns":1.0},{"damage":0.0,"enemies":"Lagavulin","floor":14.0,"turns":3.0},{"damage":0.0,"enemies":"Slime Boss","floor":16.0,"turns":7.0},{"damage":0.0,"enemies":"Chosen","floor":18.0,"turns":4.0},{"damage":0.0,"enemies":"2 Thieves","floor":21.0,"turns":4.0},{"damage":1.0,"enemies":"Snake Plant","floor":22.0,"turns":5.0},{"damage":0.0,"enemies":"Gremlin Leader","floor":23.0,"turns":4.0},{"damage":0.0,"enemies":"Cultist and Chosen","floor":24.0,"turns":4.0},{"damage":0.0,"enemies":"Book of Stabbing","floor":25.0,"turns":4.0},{"damage":0.0,"enemies":"Chosen and Byrds","floor":27.0,"turns":3.0},{"damage":0.0,"enemies":"Gremlin Leader","floor":31.0,"turns":4.0},{"damage":5.0,"enemies":"Collector","floor":33.0,"turns":6.0},{"damage":0.0,"enemies":"3 Darklings","floor":35.0,"turns":2.0},{"damage":0.0,"enemies":"2 Orb Walkers","floor":36.0,"turns":3.0},{"damage":0.0,"enemies":"Orb Walker","floor":38.0,"turns":3.0},{"damage":0.0,"enemies":"Jaw Worm Horde","floor":39.0,"turns":2.0},{"damage":0.0,"enemies":"Nemesis","floor":41.0,"turns":4.0},{"damage":0.0,"enemies":"Giant Head","floor":44.0,"turns":6.0},{"damage":0.0,"enemies":"Spire Growth","floor":45.0,"turns":5.0},{"damage":0.0,"enemies":"Reptomancer","floor":46.0,"turns":2.0},{"damage":0.0,"enemies":"3 Darklings","floor":48.0,"turns":2.0},{"damage":0.0,"enemies":"Donu and Deca","floor":50.0,"turns":7.0},{"damage":0,"enemies":"Awakened One","floor":51,"turns":8},{"damage":0,"enemies":"Shield and Spear","floor":55,"turns":5},{"damage":8,"enemies":"The Heart","floor":56,"turns":9}],"seed_played":"-6446178963511869412","potions_obtained":[{"floor":4.0,"key":"EssenceOfSteel"},{"floor":8.0,"key":"BottledMiracle"},{"floor":10.0,"key":"StancePotion"},{"floor":23.0,"key":"LiquidBronze"},{"floor":55,"key":"PowerPotion"}],"is_trial":true,"path_per_floor":["M","?","$","M","M","E","R","E","T","E","M","$","M","E","R","B",null,"M","?","?","M","M","E","M","E","T","M","R","?","?","E","R","B",null,"M","?","?","M","M","R","E","?","T","E","M","E","R","M","R","B","B",null,"R","$","E","B",null],"character_chosen":"WATCHER","items_purchased":["Flash of Steel","Bag of Preparation","Torii","Weave","reliquary:Stiletto","Orrery"],"campfire_rested":3,"item_purchase_floors":[3,12,54,54,54,54],"current_hp_per_floor":[61,50,50,50,50,46,46,44,44,44,40,40,40,40,40,40,61,61,61,61,61,60,60,60,60,60,60,60,60,60,60,60,55,65,65,79,82,82,82,82,82,82,82,82,82,82,82,82,82,82,82,82,82,82,82,74],"gold":95,"neow_bonus":"","is_daily":false,"chose_seed":false,"campfire_upgraded":4,"win_rate":0.0,"timestamp":1611965568,"path_taken":["M","?","$","M","M","E","R","E","T","E","M","$","M","E","R","BOSS","M","?","?","M","M","E","M","E","T","?","R","?","?","E","R","BOSS","M","?","?","?","M","R","E","?","T","E","M","E","R","M","R","BOSS","BOSS","R","$","E","BOSS"],"items_purchased_type":["Card","Relic","Relic","Card","Relic","Relic"],"build_version":"2020-12-22","purchased_purges":0,"victory":true,"max_hp_per_floor":[68,68,68,68,68,68,68,68,68,68,68,68,68,68,68,68,68,68,68,68,68,68,68,68,68,68,68,68,68,68,68,68,68,68,68,82,82,82,82,82,82,82,82,82,82,82,82,82,82,82,82,82,82,82,82,82],"relic_stats":{"Gremlin Horn":[32,34],"Torii":0,"counters":[32,128],"Bag of Preparation":[50],"War Paint":["EmptyBody","Vault"],"OrangePellets":[7],"Nunchaku":[59],"Dream Catcher":3,"Mummified Hand":[107],"Gambling Chip":[32],"Turnip":[8],"Kunai":[175],"obtain_stats":[{"reliquary:IvoryTrinket":25,"Gremlin Horn":2,"Torii":54,"Vajra":17,"Mango":36,"Bag of Preparation":12,"Nunchaku":6,"Dream Catcher":8,"reliquary:HotPoker":23,"HornCleat":43,"Mummified Hand":0,"Gambling Chip":41,"Fusion Hammer":34,"Kunai":0,"InkBottle":17,"Oddly Smooth Stone":46,"Thread and Needle":55,"War Paint":10,"reliquary:RosewoodLute":14,"Calling Bell":17,"OrangePellets":0,"reliquary:PorcupineQuills":44,"Orrery":54,"Turnip":26,"reliquary:BallBearing":31,"reliquary:Stiletto":54,"PureWater":0,"Pocketwatch":17},{"reliquary:IvoryTrinket":16,"Gremlin Horn":1,"Torii":30,"Vajra":10,"Mango":21,"Bag of Preparation":7,"Nunchaku":4,"Dream Catcher":5,"reliquary:HotPoker":14,"HornCleat":24,"Mummified Hand":0,"Gambling Chip":24,"Fusion Hammer":19,"Kunai":0,"InkBottle":10,"Oddly Smooth Stone":27,"Thread and Needle":31,"War Paint":6,"reliquary:RosewoodLute":9,"Calling Bell":10,"OrangePellets":0,"reliquary:PorcupineQuills":25,"Orrery":30,"Turnip":16,"reliquary:BallBearing":18,"reliquary:Stiletto":30,"PureWater":0,"Pocketwatch":10},{"reliquary:IvoryTrinket":57,"Gremlin Horn":2,"Torii":114,"Vajra":32,"Mango":75,"Bag of Preparation":21,"Nunchaku":11,"Dream Catcher":16,"reliquary:HotPoker":49,"HornCleat":84,"Mummified Hand":0,"Gambling Chip":84,"Fusion Hammer":70,"Kunai":0,"InkBottle":32,"Oddly Smooth Stone":97,"Thread and Needle":119,"War Paint":19,"reliquary:RosewoodLute":25,"Calling Bell":32,"OrangePellets":0,"reliquary:PorcupineQuills":90,"Orrery":114,"Turnip":57,"reliquary:BallBearing":64,"reliquary:Stiletto":114,"PureWater":0,"Pocketwatch":32}],"InkBottle":[77],"Pocketwatch":[16]},"card_choices":[{"not_picked":["ClearTheMind","Crescendo"],"picked":"EmptyFist","floor":1.0},{"not_picked":["Evaluate","Consecrate"],"picked":"CutThroughFate","floor":4.0},{"not_picked":["ThirdEye","CrushJoints","EmptyFist"],"picked":"SKIP","floor":5.0},{"not_picked":["Blasphemy","Alpha"],"picked":"Vault","floor":6.0},{"not_picked":["DeusExMachina","Judgement"],"picked":"DevaForm","floor":8.0},{"not_picked":["Blasphemy","Devotion"],"picked":"Scrawl","floor":10.0},{"not_picked":["Halt","Protect","BowlingBash"],"picked":"SKIP","floor":11.0},{"not_picked":["ClearTheMind","PathToVictory"],"picked":"TalkToTheHand","floor":13.0},{"not_picked":["Brilliance","DeusExMachina"],"picked":"LessonLearned","floor":14.0},{"not_picked":["SandsOfTime","Crescendo"],"picked":"MentalFortress+1","floor":18.0},{"not_picked":["FlyingSleeves","FollowUp","ClearTheMind"],"picked":"SKIP","floor":21.0},{"not_picked":["Study","FlurryOfBlows"],"picked":"Blasphemy","floor":22.0},{"not_picked":["Judgement","DeusExMachina","LessonLearned"],"picked":"SKIP","floor":23.0},{"not_picked":["Judgement","LessonLearned"],"picked":"DeusExMachina","floor":23.0},{"not_picked":["SashWhip","ClearTheMind","BowlingBash+1"],"picked":"SKIP","floor":24.0},{"not_picked":["DevaForm","Judgement"],"picked":"Omniscience","floor":25.0},{"not_picked":["CutThroughFate","Consecrate+1","CrushJoints"],"picked":"SKIP","floor":27.0},{"not_picked":["DeusExMachina","LessonLearned"],"picked":"Omniscience","floor":31.0},{"not_picked":["ConjureBlade","Omniscience"],"picked":"Wish","floor":33.0},{"not_picked":["Adaptation","Protect"],"picked":"WaveOfTheHand+1","floor":35.0},{"not_picked":["Study","FollowUp"],"picked":"Tantrum","floor":38.0},{"not_picked":["PathToVictory","Halt","Nirvana"],"picked":"SKIP","floor":39.0},{"not_picked":["SpiritShield","Brilliance"],"picked":"Wish","floor":41.0},{"not_picked":["Ragnarok","MasterReality"],"picked":"Wish","floor":44.0},{"not_picked":["WheelKick","JustLucky","SignatureMove"],"picked":"SKIP","floor":45.0},{"not_picked":["WheelKick","SignatureMove"],"picked":"JustLucky","floor":45.0},{"not_picked":["Alpha","Blasphemy","Wish"],"picked":"SKIP","floor":46.0},{"not_picked":["Vengeance","CutThroughFate"],"picked":"MentalFortress","floor":47.0},{"not_picked":["CrushJoints","PathToVictory+1","CutThroughFate"],"picked":"SKIP","floor":48.0},{"not_picked":["Fasting2","Halt+1"],"picked":"Adaptation+1","floor":54},{"not_picked":["EmptyFist","Vengeance"],"picked":"MentalFortress","floor":54},{"not_picked":["Ragnarok","LessonLearned","Blasphemy"],"picked":"SKIP","floor":55}],"player_experience":876357,"relics_obtained":[{"floor":6.0,"key":"Nunchaku"},{"floor":8.0,"key":"Dream Catcher"},{"floor":10.0,"key":"War Paint"},{"floor":14.0,"key":"reliquary:RosewoodLute"},{"floor":17.0,"key":"Vajra"},{"floor":17.0,"key":"InkBottle"},{"floor":17.0,"key":"Pocketwatch"},{"floor":23.0,"key":"reliquary:HotPoker"},{"floor":25.0,"key":"reliquary:IvoryTrinket"},{"floor":26.0,"key":"Turnip"},{"floor":31.0,"key":"reliquary:BallBearing"},{"floor":36.0,"key":"Mango"},{"floor":41.0,"key":"Gambling Chip"},{"floor":43.0,"key":"HornCleat"},{"floor":44.0,"key":"reliquary:PorcupineQuills"},{"floor":46.0,"key":"Oddly Smooth Stone"},{"floor":55,"key":"Thread and Needle"}],"event_choices":[{"damage_healed":0.0,"max_hp_gain":0.0,"max_hp_loss":0.0,"gold_gain":0.0,"event_name":"Scrap Ooze","player_choice":"Success","floor":2.0,"gold_loss":0.0,"damage_taken":11.0,"relics_obtained":["Gremlin Horn"]},{"damage_healed":0.0,"max_hp_gain":0.0,"max_hp_loss":0.0,"gold_gain":0.0,"event_name":"Beggar","player_choice":"Ignored","floor":19.0,"gold_loss":0.0,"damage_taken":0.0},{"damage_healed":0.0,"max_hp_gain":0.0,"max_hp_loss":0.0,"gold_gain":0.0,"event_name":"Accursed Blacksmith","player_choice":"Forge","floor":20.0,"gold_loss":0.0,"damage_taken":0.0,"cards_upgraded":["Scrawl"]},{"damage_healed":0.0,"max_hp_gain":0.0,"max_hp_loss":0.0,"gold_gain":0.0,"event_name":"The Library","player_choice":"Read","floor":29.0,"gold_loss":0.0,"damage_taken":0.0,"cards_obtained":["TalkToTheHand"]},{"damage_healed":0.0,"max_hp_gain":0.0,"max_hp_loss":0.0,"gold_gain":0.0,"event_name":"The Mausoleum","player_choice":"Ignored","floor":30.0,"gold_loss":0.0,"damage_taken":0.0},{"damage_healed":0.0,"max_hp_gain":0.0,"max_hp_loss":0.0,"gold_gain":0.0,"event_name":"Mysterious Sphere","player_choice":"Fight","floor":36.0,"gold_loss":0.0,"damage_taken":0.0},{"cards_removed":["FollowUp"],"damage_healed":5.0,"max_hp_gain":0.0,"max_hp_loss":0.0,"gold_gain":0.0,"event_name":"Bonfire Elementals","player_choice":"Offered Common","floor":37.0,"gold_loss":0.0,"damage_taken":0.0},{"cards_removed":["FollowUp"],"damage_healed":5.0,"max_hp_gain":0.0,"max_hp_loss":0.0,"gold_gain":0.0,"event_name":"Bonfire Elementals","player_choice":"Offered Special","floor":37.0,"gold_loss":0.0,"damage_taken":0.0},{"cards_removed":["Wish"],"damage_healed":0.0,"max_hp_gain":0.0,"max_hp_loss":0.0,"gold_gain":0.0,"event_name":"Falling","player_choice":"Removed Skill","floor":42.0,"gold_loss":0.0,"damage_taken":0.0}],"is_beta":false,"boss_relics":[{"not_picked":["Runic Dome","Velvet Choker"],"picked":"Calling Bell"},{"not_picked":["Tiny House","Coffee Dripper"],"picked":"Fusion Hammer"}],"items_purged_floors":[],"is_endless":false,"potions_floor_spawned":[4,8,10,14,23,24,31,35,38,44,55],"ascension_level":20}}