{"host":"yss3m9ygfcyke5zi","time":1611985546,"event":{"mods":["2.2 Compatiblity","BaseMod","Highlight Path","Minty Spire (QoL Compilation)","Permanent Neow"],"gold_per_floor":[117,67,86,11,23,52,52,66,89,89,107,119,119,129,129,224,224,236,246,246,246,1,30,30,44,44,44,63,63,63],"floor_reached":29,"language":"KOR","playtime":2272,"items_purged":["Defend_P","Writhe"],"score":247,"play_id":"b93f3ec9-0d3a-4238-8fbe-9810b540141c","local_time":"20210130144546","is_ascension_mode":false,"campfire_choices":[{"floor":7,"key":"REST"},{"data":"Eruption","floor":10,"key":"SMITH"},{"floor":15,"key":"REST"},{"floor":24,"key":"REST"},{"floor":27,"key":"RECALL"}],"circlet_count":0,"master_deck":["Strike_P","Strike_P","Strike_P+1","Strike_P","Defend_P+1","Eruption+1","Vigilance","Swivel","Sanctity","FearNoEvil","JustLucky+1","EmptyMind+1","FlurryOfBlows","Wallop","LessonLearned","Pray","Prostrate+1","Evaluate","Crescendo+1"],"relics":["PureWater","Pocketwatch","Centennial Puzzle","Fusion Hammer","Anchor","Art of War","Whetstone","Blood Vial"],"acts_visited":["Exordium","TheCity"],"potions_floor_usage":[11,14,16,16],"damage_taken":[{"damage":0,"enemies":"2 Louse","floor":1,"turns":2},{"damage":1,"enemies":"Jaw Worm","floor":3,"turns":3},{"damage":0,"enemies":"Cultist","floor":5,"turns":2},{"damage":38,"enemies":"Lagavulin","floor":6,"turns":6},{"damage":0,"enemies":"Large Slime","floor":8,"turns":2},{"damage":0,"enemies":"Lots of Slimes","floor":11,"turns":4},{"damage":0,"enemies":"Exordium Wildlife","floor":12,"turns":2},{"damage":2,"enemies":"Blue Slaver","floor":14,"turns":2},{"damage":25,"enemies":"The Guardian","floor":16,"turns":6},{"damage":2,"enemies":"Shell Parasite","floor":18,"turns":3},{"damage":12,"enemies":"3 Byrds","floor":19,"turns":3},{"damage":36,"enemies":"Book of Stabbing","floor":23,"turns":7},{"damage":12,"enemies":"Centurion and Healer","floor":25,"turns":5},{"damage":45,"enemies":"Snecko","floor":28,"turns":4},{"damage":26,"enemies":"Cultist and Chosen","floor":29,"turns":4}],"seed_played":"-9187868033606009623","potions_obtained":[{"floor":1,"key":"SkillPotion"},{"floor":5,"key":"Dexterity Potion"},{"floor":8,"key":"Strength Potion"},{"floor":12,"key":"Block Potion"},{"floor":23,"key":"Dexterity Potion"},{"floor":25,"key":"FairyPotion"}],"is_trial":false,"path_per_floor":["M","?","M","$","M","E","R","M","T","R","M","M","?","M","R","B",null,"M","M","?","?","$","E","R","M","T","R","M","M"],"character_chosen":"WATCHER","items_purchased":["Art of War"],"campfire_rested":3,"item_purchase_floors":[22],"current_hp_per_floor":[51,51,50,50,50,12,33,33,33,33,33,33,26,24,45,20,72,70,58,58,58,58,22,43,31,31,31,21,0,0],"gold":63,"neow_bonus":"ONE_RARE_RELIC","is_daily":false,"chose_seed":false,"campfire_upgraded":1,"win_rate":0.0,"timestamp":1611985546,"path_taken":["M","?","M","?","M","E","R","M","T","R","M","M","?","M","R","BOSS","M","M","?","?","$","E","R","M","T","R","M","M"],"items_purchased_type":["Relic"],"build_version":"2020-12-22","purchased_purges":2,"victory":false,"max_hp_per_floor":[72,72,72,72,72,72,72,72,72,72,72,72,72,72,72,72,72,72,72,72,72,72,72,72,72,72,72,72,72,72],"card_choices":[{"not_picked":["WreathOfFlame","Crescendo"],"picked":"Swivel","floor":1},{"not_picked":["Halt","Worship"],"picked":"Sanctity","floor":3},{"not_picked":["Evaluate","WreathOfFlame","BowlingBash"],"picked":"SKIP","floor":5},{"not_picked":["Protect","Devotion"],"picked":"FearNoEvil","floor":6},{"not_picked":["CutThroughFate","ReachHeaven"],"picked":"JustLucky","floor":8},{"not_picked":["Wallop","FlyingSleeves"],"picked":"EmptyMind","floor":11},{"not_picked":["Halt","Crescendo"],"picked":"FlurryOfBlows","floor":12},{"not_picked":["Pray","Study"],"picked":"Wallop","floor":14},{"not_picked":["DeusExMachina","Omniscience"],"picked":"LessonLearned","floor":16},{"not_picked":["Swivel","Crescendo+1"],"picked":"Pray","floor":18},{"not_picked":["JustLucky","EmptyMind"],"picked":"Prostrate+1","floor":19},{"not_picked":["Crescendo","Protect"],"picked":"Evaluate","floor":23},{"not_picked":["Sanctity","Halt"],"picked":"Crescendo","floor":25},{"not_picked":["BowlingBash+1","Sanctity","Worship"],"picked":"SKIP","floor":28}],"player_experience":172259,"relics_obtained":[{"floor":6,"key":"Centennial Puzzle"},{"floor":23,"key":"Whetstone"},{"floor":26,"key":"Blood Vial"}],"event_choices":[{"cards_removed":["Defend_P"],"damage_healed":0,"gold_gain":0,"player_choice":"Card Removal","damage_taken":0,"max_hp_gain":0,"max_hp_loss":0,"event_name":"The Cleric","floor":2,"gold_loss":50},{"cards_removed":["Defend_P"],"damage_healed":0,"gold_gain":0,"player_choice":"Card Removal","damage_taken":7,"max_hp_gain":0,"max_hp_loss":0,"event_name":"Golden Wing","floor":13,"gold_loss":0},{"damage_healed":0,"gold_gain":0,"player_choice":"Opened","damage_taken":0,"relics_obtained":["Anchor"],"max_hp_gain":0,"max_hp_loss":0,"event_name":"The Mausoleum","floor":20,"gold_loss":0,"cards_obtained":["Writhe"]},{"damage_healed":0,"gold_gain":0,"player_choice":"Ignored","damage_taken":0,"max_hp_gain":0,"max_hp_loss":0,"event_name":"Ghosts","floor":21,"gold_loss":0}],"is_beta":false,"boss_relics":[{"not_picked":["Philosopher\u0027s Stone","VioletLotus"],"picked":"Fusion Hammer"}],"items_purged_floors":[4,22],"is_endless":false,"potions_floor_spawned":[1,5,8,12,23,25],"killed_by":"Cultist and Chosen","ascension_level":0}}