{"host":"2wp95sdfrgw3k439","time":1611991573,"event":{"mods":["BaseMod","Better Altar","Better Skull","Better Third Choice","Curses Come First","Minty Spire (QoL Compilation)","Permanent Neow","StSLib"],"gold_per_floor":[118,130,150,124,134,134,134,191,239,414,414,414,458,482,482,482,482],"floor_reached":16,"language":"ENG","playtime":685,"items_purged":[],"score":128,"play_id":"e6e3f508-084c-4065-898a-9c2373c1e7c0","local_time":"20210130002613","is_ascension_mode":true,"campfire_choices":[{"floor":6,"key":"REST"},{"floor":12,"key":"REST"},{"floor":15,"key":"REST"}],"circlet_count":0,"master_deck":["Strike_P","Strike_P+1","Strike_P","Strike_P","Defend_P","Defend_P","Defend_P","Defend_P","Eruption","Vigilance","Devotion","Prostrate","Crescendo","CutThroughFate","Tantrum+1","Wish","EmptyFist","Doubt","ClearTheMind"],"relics":["PureWater","Yang","Regal Pillow","Golden Idol","Omamori"],"acts_visited":["Exordium"],"potions_floor_usage":[5,8,16],"damage_taken":[{"damage":4,"enemies":"Small Slimes","floor":1,"turns":5},{"damage":13,"enemies":"2 Louse","floor":2,"turns":4},{"damage":0,"enemies":"Jaw Worm","floor":3,"turns":3},{"damage":24,"enemies":"Exordium Thugs","floor":4,"turns":5},{"damage":0,"enemies":"2 Fungi Beasts","floor":5,"turns":2},{"damage":32,"enemies":"3 Sentries","floor":8,"turns":6},{"damage":21,"enemies":"3 Sentries","floor":13,"turns":6},{"damage":3,"enemies":"Exordium Wildlife","floor":14,"turns":4},{"damage":55,"enemies":"Hexaghost","floor":16,"turns":7}],"seed_played":"-8888681139614184488","potions_obtained":[{"floor":4,"key":"AttackPotion"},{"floor":5,"key":"BlessingOfTheForge"},{"floor":13,"key":"GamblersBrew"}],"is_trial":false,"path_per_floor":["M","M","M","M","M","R","?","?","T","?","?","R","E","M","R","B"],"character_chosen":"WATCHER","items_purchased":[],"campfire_rested":3,"item_purchase_floors":[],"current_hp_per_floor":[68,55,55,31,31,52,38,6,6,6,6,41,20,17,52,0,0],"gold":482,"neow_bonus":"ONE_RANDOM_RARE_CARD","is_daily":false,"chose_seed":false,"campfire_upgraded":0,"win_rate":0.0,"timestamp":1611991573,"path_taken":["M","M","M","M","M","R","?","?","T","?","?","R","E","M","R","BOSS"],"items_purchased_type":[],"build_version":"2020-12-22","purchased_purges":0,"victory":false,"max_hp_per_floor":[72,72,72,72,72,72,72,72,72,72,67,67,67,67,67,67,67],"card_choices":[{"not_picked":["Evaluate","BowlingBash"],"picked":"Prostrate","floor":1},{"not_picked":["FlyingSleeves","PathToVictory"],"picked":"Crescendo","floor":2},{"not_picked":["LikeWater","EmptyBody"],"picked":"CutThroughFate","floor":3},{"not_picked":["Indignation","Prostrate"],"picked":"Tantrum","floor":4},{"not_picked":["BowlingBash","SashWhip"],"picked":"Wish","floor":5},{"not_picked":["SashWhip","Evaluate"],"picked":"EmptyFist","floor":8},{"not_picked":["PathToVictory","Crescendo","Perseverance"],"picked":"SKIP","floor":13},{"not_picked":["EmptyMind","Conclude"],"picked":"ClearTheMind","floor":14}],"player_experience":518136,"relics_obtained":[{"floor":8,"key":"Yang"},{"floor":9,"key":"Regal Pillow"},{"floor":13,"key":"Omamori"}],"event_choices":[{"damage_healed":52,"gold_gain":0,"player_choice":"Upgrade","damage_taken":14,"max_hp_gain":0,"max_hp_loss":72,"event_name":"betterThird:BetterShining","floor":7,"gold_loss":0,"cards_upgraded":["Tantrum","Strike_P"]},{"damage_healed":0,"gold_gain":0,"player_choice":"Searched \u00271\u0027 times","damage_taken":0,"max_hp_gain":0,"max_hp_loss":0,"event_name":"Dead Adventurer","floor":8,"gold_loss":0},{"damage_healed":0,"gold_gain":175,"player_choice":"AGREE","damage_taken":239,"max_hp_gain":0,"max_hp_loss":0,"event_name":"betterThird:BetterSerpent","floor":10,"gold_loss":0},{"damage_healed":0,"gold_gain":0,"player_choice":"Lose Max HP","damage_taken":0,"relics_obtained":["Golden Idol"],"max_hp_gain":0,"max_hp_loss":5,"event_name":"Golden Idol","floor":11,"gold_loss":0}],"is_beta":false,"boss_relics":[],"items_purged_floors":[],"is_endless":false,"potions_floor_spawned":[4,5,13],"killed_by":"Hexaghost","ascension_level":5}}