{"host":"49pjgf1q9ev52n8z","time":1611995634,"event":{"mods":["BaseMod","Bestiary","Colored Map","Minty Spire (QoL Compilation)","Relic Stats","StSLib"],"gold_per_floor":[112,6,25,38,88,88,114,114,114,125,137,137,157,191,191,269,269,244,264,276,276,276],"floor_reached":21,"language":"ENG","playtime":1895,"items_purged":[],"score":376,"play_id":"f4b94bf5-02f2-4ec0-85cc-a9a870e3867c","local_time":"20210130003354","is_ascension_mode":true,"campfire_choices":[{"data":"Neutralize","floor":6,"key":"SMITH"},{"data":"Noxious Fumes","floor":8,"key":"SMITH"},{"floor":12,"key":"REST"},{"floor":15,"key":"REST"}],"circlet_count":0,"master_deck":["AscendersBane","Strike_G","Strike_G","Strike_G","Strike_G","Strike_G","Defend_G","Defend_G","Defend_G","Defend_G","Defend_G","Survivor","Neutralize+1","Backstab","Poisoned Stab","Quick Slash","Noxious Fumes+1","Backstab","Deadly Poison","Malaise","Malaise","PiercingWail","Concentrate"],"relics":["Ring of the Snake","Kunai","Gremlin Horn","Smiling Mask","Runic Pyramid"],"acts_visited":["Exordium","TheCity"],"potions_floor_usage":[7,7,14,16,18],"damage_taken":[{"damage":0,"enemies":"Cultist","floor":1,"turns":4},{"damage":0,"enemies":"Jaw Worm","floor":3,"turns":3},{"damage":5,"enemies":"2 Louse","floor":4,"turns":2},{"damage":15,"enemies":"Lagavulin","floor":7,"turns":5},{"damage":10,"enemies":"Red Slaver","floor":10,"turns":4},{"damage":1,"enemies":"Looter","floor":11,"turns":2},{"damage":5,"enemies":"Gremlin Gang","floor":13,"turns":6},{"damage":15,"enemies":"Gremlin Nob","floor":14,"turns":4},{"damage":9,"enemies":"The Guardian","floor":16,"turns":9},{"damage":15,"enemies":"2 Thieves","floor":18,"turns":4},{"damage":18,"enemies":"Spheric Guardian","floor":19,"turns":7},{"damage":11,"enemies":"Snake Plant","floor":20,"turns":6},{"damage":23,"enemies":"Chosen and Byrds","floor":21,"turns":5}],"seed_played":"-2826434158263757700","potions_obtained":[{"floor":4,"key":"DuplicationPotion"},{"floor":10,"key":"BlessingOfTheForge"},{"floor":14,"key":"Strength Potion"},{"floor":16,"key":"Weak Potion"}],"is_trial":false,"path_per_floor":["M","$","M","M","?","R","E","R","T","M","M","R","M","E","R","B",null,"M","M","M","M"],"character_chosen":"THE_SILENT","items_purchased":["Fire Potion","Poisoned Stab"],"campfire_rested":2,"item_purchase_floors":[2,2],"current_hp_per_floor":[65,65,65,60,60,60,45,45,45,35,34,55,50,35,56,47,66,51,33,22,0,0],"gold":276,"neow_bonus":"TEN_PERCENT_HP_BONUS","is_daily":false,"chose_seed":false,"campfire_upgraded":2,"win_rate":0.0,"timestamp":1611995634,"path_taken":["M","$","M","M","?","R","E","R","T","M","M","R","M","E","R","BOSS","M","M","M","M"],"items_purchased_type":["Potion","Card"],"build_version":"2020-12-22","purchased_purges":0,"victory":false,"max_hp_per_floor":[72,72,72,72,72,72,72,72,72,72,72,72,72,72,72,72,72,72,72,72,72,72],"relic_stats":{"Gremlin Horn":[4,4],"counters":[13,61],"Kunai":[12],"Smiling Mask":0,"obtain_stats":[{"Gremlin Horn":9,"Kunai":7,"Smiling Mask":14,"Ring of the Snake":0,"Runic Pyramid":17},{"Gremlin Horn":4,"Kunai":4,"Smiling Mask":8,"Ring of the Snake":0,"Runic Pyramid":9},{"Gremlin Horn":14,"Kunai":14,"Smiling Mask":30,"Ring of the Snake":0,"Runic Pyramid":39}],"Ring of the Snake":[26]},"card_choices":[{"not_picked":["Dagger Throw","Riddle With Holes"],"picked":"Backstab","floor":1},{"not_picked":["Dagger Throw","Noxious Fumes"],"picked":"Quick Slash","floor":3},{"not_picked":["Backflip","Acrobatics","Riddle With Holes"],"picked":"SKIP","floor":4},{"not_picked":["Distraction","Footwork"],"picked":"Noxious Fumes","floor":7},{"not_picked":["Dagger Throw","Underhanded Strike"],"picked":"Backstab","floor":10},{"not_picked":["Bane","Deflect","Poisoned Stab"],"picked":"SKIP","floor":11},{"not_picked":["Dagger Spray","Setup"],"picked":"Deadly Poison","floor":13},{"not_picked":["Acrobatics","Choke"],"picked":"Malaise","floor":14},{"not_picked":["Storm of Steel","A Thousand Cuts"],"picked":"Malaise","floor":16},{"not_picked":["Underhanded Strike","Deadly Poison"],"picked":"PiercingWail","floor":18},{"not_picked":["Caltrops","Dash"],"picked":"Concentrate","floor":19},{"not_picked":["Outmaneuver","Well Laid Plans+1","Quick Slash"],"picked":"SKIP","floor":20}],"player_experience":645751,"relics_obtained":[{"floor":7,"key":"Kunai"},{"floor":9,"key":"Gremlin Horn"},{"floor":14,"key":"Smiling Mask"}],"event_choices":[{"damage_healed":0,"gold_gain":50,"player_choice":"Gained Gold","damage_taken":0,"max_hp_gain":0,"max_hp_loss":0,"event_name":"Golden Wing","floor":5,"gold_loss":0}],"is_beta":false,"boss_relics":[{"not_picked":["Tiny House","Black Star"],"picked":"Runic Pyramid"}],"items_purged_floors":[],"is_endless":false,"potions_floor_spawned":[4,10,14,16],"killed_by":"Chosen and Byrds","ascension_level":19}}