{"host":"c3lc60y5x60jlt1y","time":1611997607,"event":{"mods":["AchievementEnabler","BaseMod","Bestiary","Colored Map","Minty Spire (QoL Compilation)","Quick Restart","StSLib","ojb\u0027s Info Mod"],"gold_per_floor":[112,62,62,62,62,62,82,82,82,95,95,114,94,19,19,122,122,142,154,79,79,96,96,114,131,131,147,162,162,162],"floor_reached":29,"language":"ENG","playtime":1080,"items_purged":["Strike_P"],"score":267,"play_id":"9f409db1-7b2f-4803-9ab1-82ecfca1451e","local_time":"20210130110647","is_ascension_mode":false,"campfire_choices":[{"data":"Eruption","floor":6.0,"key":"SMITH"},{"data":"PathToVictory","floor":8.0,"key":"SMITH"},{"data":"TalkToTheHand","floor":11.0,"key":"SMITH"},{"data":"SashWhip","floor":15.0,"key":"SMITH"},{"data":"PathToVictory","floor":23.0,"key":"SMITH"}],"circlet_count":0,"master_deck":["Strike_P","Defend_P","Defend_P","Eruption+1","Vigilance","TalkToTheHand+1","SashWhip+1","PathToVictory+1","Sanctity","ClearTheMind","Ragnarok","BattleHymn","PathToVictory+1","PathToVictory+1","EmptyBody+1","Indignation","WheelKick+1","Crescendo+1"],"relics":["PureWater"],"acts_visited":["Exordium","TheCity"],"potions_floor_usage":[29],"damage_taken":[{"damage":0.0,"enemies":"2 Louse","floor":1.0,"turns":2.0},{"damage":1.0,"enemies":"Jaw Worm","floor":7.0,"turns":3.0},{"damage":0.0,"enemies":"Small Slimes","floor":10.0,"turns":2.0},{"damage":3.0,"enemies":"Exordium Wildlife","floor":12.0,"turns":3.0},{"damage":0.0,"enemies":"Slime Boss","floor":16.0,"turns":4.0},{"damage":21.0,"enemies":"2 Thieves","floor":18.0,"turns":4.0},{"damage":0.0,"enemies":"Spheric Guardian","floor":19.0,"turns":3.0},{"damage":0.0,"enemies":"Snake Plant","floor":22.0,"turns":2.0},{"damage":42.0,"enemies":"Sentry and Sphere","floor":24.0,"turns":6.0},{"damage":5.0,"enemies":"Shelled Parasite and Fungi","floor":25.0,"turns":5.0},{"damage":0.0,"enemies":"Snake Plant","floor":27.0,"turns":1.0},{"damage":11.0,"enemies":"Chosen and Byrds","floor":28.0,"turns":4.0},{"damage":26,"enemies":"Slavers","floor":29,"turns":3}],"seed_played":"431797986081806272","potions_obtained":[{"floor":1.0,"key":"SkillPotion"},{"floor":12.0,"key":"DuplicationPotion"},{"floor":13.0,"key":"FairyPotion"},{"floor":18.0,"key":"SkillPotion"},{"floor":19.0,"key":"LiquidMemories"},{"floor":25.0,"key":"StancePotion"},{"floor":27.0,"key":"Swift Potion"}],"is_trial":false,"path_per_floor":["M","?","?","?","?","R","M","R","T","M","R","M","?","$","R","B",null,"M","M","?","?","M","R","M","M","T","M","M","E"],"character_chosen":"WATCHER","items_purchased":[],"campfire_rested":0,"item_purchase_floors":[],"current_hp_per_floor":[79,79,72,72,72,72,71,71,71,71,71,68,68,68,68,68,79,58,58,58,58,58,58,16,11,11,11,23,0,0],"gold":162,"neow_bonus":"TEN_PERCENT_HP_BONUS","is_daily":false,"chose_seed":false,"campfire_upgraded":5,"win_rate":0.0,"timestamp":1611997607,"path_taken":["M","?","?","?","?","R","M","R","T","M","R","?","?","$","R","BOSS","M","?","?","?","M","R","M","M","T","?","M","E"],"items_purchased_type":[],"build_version":"2020-12-22","purchased_purges":1,"victory":false,"max_hp_per_floor":[79,79,79,79,79,79,79,79,79,79,79,79,79,79,79,79,79,79,79,79,79,79,79,79,79,79,79,79,79,79],"card_choices":[{"not_picked":["Study","WindmillStrike"],"picked":"TalkToTheHand","floor":1.0},{"not_picked":["Prostrate","EmptyFist"],"picked":"PathToVictory","floor":7.0},{"not_picked":["Prostrate","Swivel"],"picked":"Sanctity","floor":10.0},{"not_picked":["Pray","Crescendo"],"picked":"ClearTheMind","floor":12.0},{"not_picked":["Alpha","Establishment"],"picked":"Ragnarok","floor":16.0},{"not_picked":["EmptyBody","JustLucky"],"picked":"BattleHymn","floor":18.0},{"not_picked":["ThirdEye","Pray"],"picked":"PathToVictory","floor":19.0},{"not_picked":["Swivel","BowlingBash"],"picked":"EmptyBody+1","floor":22.0},{"not_picked":["FollowUp","WaveOfTheHand+1"],"picked":"Indignation","floor":24.0},{"not_picked":["Consecrate+1","SashWhip","JustLucky"],"picked":"SKIP","floor":25.0},{"not_picked":["ClearTheMind","FearNoEvil"],"picked":"WheelKick+1","floor":27.0},{"not_picked":["CarveReality+1","Swivel+1"],"picked":"Crescendo+1","floor":28.0}],"player_experience":8775707,"relics_obtained":[],"event_choices":[{"cards_removed":["Defend_P"],"damage_healed":0.0,"max_hp_gain":0.0,"max_hp_loss":0.0,"gold_gain":0.0,"event_name":"The Cleric","player_choice":"Card Removal","floor":2.0,"gold_loss":50.0,"damage_taken":0.0},{"cards_removed":["Strike_P"],"damage_healed":0.0,"max_hp_gain":0.0,"max_hp_loss":0.0,"gold_gain":0.0,"event_name":"Golden Wing","player_choice":"Card Removal","floor":3.0,"gold_loss":0.0,"damage_taken":7.0},{"damage_healed":0.0,"max_hp_gain":0.0,"max_hp_loss":0.0,"gold_gain":0.0,"event_name":"Scrap Ooze","player_choice":"Fled","floor":4.0,"gold_loss":0.0,"damage_taken":0.0},{"damage_healed":0.0,"max_hp_gain":0.0,"max_hp_loss":0.0,"gold_gain":0.0,"cards_transformed":["Defend_P"],"event_name":"Living Wall","player_choice":"Change","floor":5.0,"gold_loss":0.0,"damage_taken":0.0,"cards_obtained":["SashWhip"]},{"damage_healed":0.0,"max_hp_gain":0.0,"max_hp_loss":0.0,"gold_gain":0.0,"event_name":"The Woman in Blue","player_choice":"Bought 1 Potion","floor":13.0,"gold_loss":0.0,"damage_taken":0.0},{"cards_removed":["Strike_P"],"damage_healed":0.0,"max_hp_gain":0.0,"max_hp_loss":0.0,"gold_gain":0.0,"event_name":"Beggar","player_choice":"Gave Gold","floor":20.0,"gold_loss":75.0,"damage_taken":0.0},{"damage_healed":0.0,"max_hp_gain":0.0,"max_hp_loss":0.0,"gold_gain":0.0,"event_name":"Duplicator","player_choice":"Copied","floor":21.0,"gold_loss":0.0,"damage_taken":0.0,"cards_obtained":["PathToVictory"]}],"is_beta":false,"boss_relics":[{"not_picked":["SlaversCollar","Empty Cage","Busted Crown"]}],"items_purged_floors":[14],"is_endless":false,"potions_floor_spawned":[1,12,18,19,25,27],"killed_by":"Slavers","ascension_level":0}}