{"host":"sc0o2qwpf9j16a4i","time":1612030450,"event":{"mods":["AchievementEnabler","BaseMod","BetterRewards","Block Reminder","Colored Map","Colored Powertips","Custom Start","Highlight Path","Minty Spire (QoL Compilation)","Relic Stats"],"gold_per_floor":[110,120,120,295,80,80,116,167,167,39,78,103,28,48,48,174,174,198,198,198,221,221,287,366,391,391,441,70,118,118,192,192,342,342,355,355,375,441,514,587,645,657,669,681,727,739,801,15,15,15],"floor_reached":51,"language":"ENG","playtime":2288,"items_purged":["Doubt"],"score":957,"play_id":"bf82182e-a491-446a-9903-fb2277ba184d","local_time":"20210130201410","daily_mods":["Shiny","Purple Cards","Lethality"],"is_ascension_mode":false,"campfire_choices":[{"data":"Wish","floor":6,"key":"SMITH"},{"floor":15,"key":"REST"},{"floor":32,"key":"REST"},{"data":"Devotion","floor":44,"key":"SMITH"},{"data":"Aggregate","floor":46,"key":"SMITH"},{"data":"Heatsinks","floor":49,"key":"SMITH"}],"circlet_count":0,"master_deck":["Judgement","ConjureBlade","MasterReality+1","Brilliance","Devotion+1","Blasphemy","Ragnarok","Scrawl","Vault","Alpha","Wish+1","Omniscience","Establishment+1","SpiritShield","DevaForm","DeusExMachina+1","Multi-Cast","Hyperbeam","Thunder Strike","Biased Cognition","Machine Learning","Electrodynamics","Buffer","Rainbow","Seek+1","Meteor Strike+1","Echo Form","All For One","Reboot","Amplify","Creative AI","Fission","Core Surge","Aggregate+1","Heatsinks+1","Genetic Algorithm+1","TalkToTheHand","Glacier","SandsOfTime","Protect","Electrodynamics","Fasting2","Self Repair","Glacier+1","Adaptation","Recycle+1","Meteor Strike","Worship+1","Core Surge+1","Capacitor+1","Apotheosis+1"],"relics":["Cracked Core","Golden Idol","DataDisk","Singing Bowl","Dream Catcher","HornCleat","Snecko Eye","MutagenicStrength","Meat on the Bone","Dead Branch","Runic Capacitor","PreservedInsect","Toxic Egg 2","Centennial Puzzle","Black Star","Bird Faced Urn","Molten Egg 2","MawBank","Peace Pipe","Blood Vial","Potion Belt","Toy Ornithopter","Unceasing Top"],"acts_visited":["Exordium","TheCity","TheBeyond"],"potions_floor_usage":[8,16,24,31,38,47,50,50,50,50],"damage_taken":[{"damage":0,"enemies":"Jaw Worm","floor":1,"turns":2},{"damage":0,"enemies":"Cultist","floor":2,"turns":2},{"damage":3,"enemies":"Lagavulin","floor":7,"turns":7},{"damage":11,"enemies":"Small Slimes","floor":8,"turns":3},{"damage":6,"enemies":"Gremlin Nob","floor":11,"turns":3},{"damage":0,"enemies":"2 Fungi Beasts","floor":12,"turns":1},{"damage":0,"enemies":"Looter","floor":14,"turns":1},{"damage":55,"enemies":"Hexaghost","floor":16,"turns":8},{"damage":0,"enemies":"2 Thieves","floor":18,"turns":3},{"damage":0,"enemies":"3 Byrds","floor":21,"turns":1},{"damage":22,"enemies":"Gremlin Leader","floor":23,"turns":4},{"damage":32,"enemies":"Snake Plant","floor":24,"turns":6},{"damage":0,"enemies":"3 Cultists","floor":25,"turns":5},{"damage":11,"enemies":"Centurion and Healer","floor":27,"turns":2},{"damage":0,"enemies":"Snake Plant","floor":29,"turns":4},{"damage":12,"enemies":"Slavers","floor":31,"turns":4},{"damage":19,"enemies":"Champ","floor":33,"turns":6},{"damage":5,"enemies":"Orb Walker","floor":35,"turns":4},{"damage":0,"enemies":"3 Shapes","floor":37,"turns":4},{"damage":20,"enemies":"2 Orb Walkers","floor":38,"turns":4},{"damage":0,"enemies":"Spire Growth","floor":39,"turns":5},{"damage":0,"enemies":"Giant Head","floor":40,"turns":2},{"damage":0,"enemies":"Sphere and 2 Shapes","floor":41,"turns":3},{"damage":0,"enemies":"Reptomancer","floor":45,"turns":4},{"damage":15,"enemies":"3 Darklings","floor":47,"turns":3},{"damage":5,"enemies":"Awakened One","floor":50,"turns":6}],"seed_played":"5898336699139802653","potions_obtained":[{"floor":1,"key":"Dexterity Potion"},{"floor":2,"key":"ColorlessPotion"},{"floor":16,"key":"SmokeBomb"},{"floor":22,"key":"Strength Potion"},{"floor":23,"key":"FocusPotion"},{"floor":24,"key":"Weak Potion"},{"floor":31,"key":"SmokeBomb"},{"floor":37,"key":"PowerPotion"},{"floor":45,"key":"Regen Potion"}],"is_trial":true,"path_per_floor":["M","M","?","?","$","R","E","M","T","$","E","M","$","M","R","B",null,"M","?","?","M","?","E","M","M","T","M","$","M","T","E","R","B",null,"M","?","M","?","M","E","M","?","T","R","E","R","M","$","R","B",null],"character_chosen":"DEFECT","items_purchased":["DataDisk","Genetic Algorithm","TalkToTheHand","FocusPotion","SandsOfTime","Runic Capacitor","PreservedInsect","Self Repair","Apotheosis+1","Toy Ornithopter","Block Potion","Weak Potion","Unceasing Top"],"campfire_rested":2,"item_purchase_floors":[5,5,10,10,13,28,28,28,48,48,48,48,48],"current_hp_per_floor":[75,75,69,69,69,69,68,59,59,59,55,55,55,55,75,22,77,79,79,79,81,81,61,41,55,55,46,46,48,48,55,81,64,91,91,91,91,73,93,95,97,97,97,97,97,97,88,88,88,97],"gold":15,"neow_bonus":"","is_daily":false,"chose_seed":false,"campfire_upgraded":4,"win_rate":0.0,"timestamp":1612030450,"path_taken":["M","M","?","?","$","R","E","M","T","?","E","M","$","?","R","BOSS","M","?","?","M","?","E","M","M","T","?","$","M","?","E","R","BOSS","M","?","M","?","M","E","M","?","T","R","E","R","M","$","R","BOSS"],"items_purchased_type":["Relic","Card","Card","Potion","Card","Relic","Relic","Card","Card","Relic","Potion","Potion","Relic"],"build_version":"2020-12-22","purchased_purges":1,"victory":true,"max_hp_per_floor":[75,75,69,69,69,69,71,73,73,73,75,75,75,75,75,77,77,79,79,79,81,81,83,83,85,85,87,87,89,89,89,89,91,91,91,91,91,93,93,95,97,97,97,97,97,97,97,97,97,97],"relic_stats":{"Singing Bowl":28,"counters":[26,97],"Golden Idol":191,"Dead Branch":[132],"PreservedInsect":222,"MawBank":96,"Peace Pipe":0,"Blood Vial":2,"Dream Catcher":2,"Centennial Puzzle":[15],"Bird Faced Urn":[33],"Snecko Eye":[130,147,139,155],"Black Star":2,"obtain_stats":[{"Potion Belt":45,"Singing Bowl":7,"Golden Idol":3,"Dead Branch":26,"PreservedInsect":28,"Runic Capacitor":28,"MawBank":40,"Peace Pipe":43,"Blood Vial":45,"DataDisk":5,"Dream Catcher":9,"Centennial Puzzle":31,"HornCleat":11,"MutagenicStrength":19,"Bird Faced Urn":38,"Snecko Eye":17,"Molten Egg 2":40,"Black Star":34,"Toxic Egg 2":30,"Cracked Core":0,"Toy Ornithopter":48,"Unceasing Top":48,"Meat on the Bone":23},{"Potion Belt":24,"Singing Bowl":3,"Golden Idol":2,"Dead Branch":13,"PreservedInsect":14,"Runic Capacitor":14,"MawBank":22,"Peace Pipe":23,"Blood Vial":24,"DataDisk":2,"Dream Catcher":4,"Centennial Puzzle":16,"HornCleat":5,"MutagenicStrength":9,"Bird Faced Urn":20,"Snecko Eye":8,"Molten Egg 2":22,"Black Star":17,"Toxic Egg 2":15,"Cracked Core":0,"Toy Ornithopter":25,"Unceasing Top":25,"Meat on the Bone":11},{"Potion Belt":88,"Singing Bowl":11,"Golden Idol":4,"Dead Branch":46,"PreservedInsect":48,"Runic Capacitor":48,"MawBank":81,"Peace Pipe":84,"Blood Vial":88,"DataDisk":4,"Dream Catcher":14,"Centennial Puzzle":56,"HornCleat":17,"MutagenicStrength":30,"Bird Faced Urn":74,"Snecko Eye":27,"Molten Egg 2":81,"Black Star":62,"Toxic Egg 2":52,"Cracked Core":0,"Toy Ornithopter":91,"Unceasing Top":91,"Meat on the Bone":35}],"Toy Ornithopter":5,"Unceasing Top":[0],"Meat on the Bone":36},"card_choices":[{"not_picked":["Weave","Steam"],"picked":"Aggregate","floor":1},{"not_picked":["ClearTheMind","Gash"],"picked":"Heatsinks","floor":2},{"not_picked":["Vengeance","Conserve Battery","Pray"],"picked":"Singing Bowl","floor":7},{"not_picked":["Streamline","BootSequence","Coolheaded"],"picked":"Singing Bowl","floor":8},{"not_picked":["Compile Driver","Leap","FlurryOfBlows"],"picked":"Singing Bowl","floor":11},{"not_picked":["FlurryOfBlows","WheelKick"],"picked":"Glacier","floor":12},{"not_picked":["JustLucky","Wireheading"],"picked":"Protect","floor":14},{"not_picked":["Protect","SashWhip"],"picked":"Electrodynamics","floor":15},{"not_picked":["DeusExMachina","Fission","Establishment"],"picked":"Singing Bowl","floor":16},{"not_picked":["Tantrum","Steam","Stack"],"picked":"Singing Bowl","floor":18},{"not_picked":["Reinforced Body","SignatureMove","Crescendo"],"picked":"Singing Bowl","floor":21},{"not_picked":["Reinforced Body","DeceiveReality","CarveReality+1"],"picked":"Singing Bowl","floor":23},{"not_picked":["BowlingBash","FlyingSleeves"],"picked":"Fasting2","floor":24},{"not_picked":["InnerPeace","FlyingSleeves","Aggregate"],"picked":"Singing Bowl","floor":25},{"not_picked":["Pray","Sanctity","Redo"],"picked":"Singing Bowl","floor":27},{"not_picked":["ThirdEye","Hologram","Beam Cell"],"picked":"Singing Bowl","floor":29},{"not_picked":["ReachHeaven","Stack+1"],"picked":"Glacier+1","floor":31},{"not_picked":["EmptyBody+1","Beam Cell"],"picked":"Adaptation","floor":32},{"not_picked":["Devotion","Hyperbeam","Establishment"],"picked":"Singing Bowl","floor":33},{"not_picked":["EmptyFist+1","Go for the Eyes"],"picked":"Recycle+1","floor":35},{"not_picked":["EmptyBody+1","BootSequence+1"],"picked":"Meteor Strike","floor":37},{"not_picked":["Gash+1","EmptyBody+1","SashWhip+1"],"picked":"Singing Bowl","floor":38},{"not_picked":["Crescendo+1","FTL"],"picked":"Worship+1","floor":39},{"not_picked":["Scrape+1","Evaluate+1","WindmillStrike+1"],"picked":"Singing Bowl","floor":40},{"not_picked":["FlurryOfBlows+1","BootSequence+1","ClearTheMind+1"],"picked":"Singing Bowl","floor":41},{"not_picked":["ThirdEye+1","WaveOfTheHand+1"],"picked":"Core Surge+1","floor":45},{"not_picked":["FollowUp+1","Blizzard+1"],"picked":"Capacitor+1","floor":47}],"player_experience":1102282,"relics_obtained":[{"floor":7,"key":"Singing Bowl"},{"floor":9,"key":"Dream Catcher"},{"floor":11,"key":"HornCleat"},{"floor":23,"key":"Meat on the Bone"},{"floor":26,"key":"Dead Branch"},{"floor":30,"key":"Toxic Egg 2"},{"floor":31,"key":"Centennial Puzzle"},{"floor":38,"key":"Bird Faced Urn"},{"floor":40,"key":"Molten Egg 2"},{"floor":40,"key":"MawBank"},{"floor":43,"key":"Peace Pipe"},{"floor":45,"key":"Blood Vial"},{"floor":45,"key":"Potion Belt"}],"event_choices":[{"damage_healed":0,"gold_gain":0,"player_choice":"Lose Max HP","damage_taken":0,"relics_obtained":["Golden Idol"],"max_hp_gain":0,"max_hp_loss":6,"event_name":"Golden Idol","floor":3,"gold_loss":0},{"damage_healed":0,"gold_gain":175,"player_choice":"AGREE","damage_taken":0,"max_hp_gain":0,"max_hp_loss":0,"event_name":"Liars Game","floor":4,"gold_loss":0,"cards_obtained":["Doubt"]},{"damage_healed":0,"gold_gain":0,"player_choice":"Inject Mutagens","damage_taken":0,"relics_obtained":["MutagenicStrength"],"max_hp_gain":0,"max_hp_loss":0,"event_name":"Drug Dealer","floor":19,"gold_loss":0},{"damage_healed":0,"gold_gain":0,"player_choice":"Ignored","damage_taken":0,"max_hp_gain":0,"max_hp_loss":0,"event_name":"Beggar","floor":20,"gold_loss":0},{"damage_healed":0,"gold_gain":0,"player_choice":"Got Potions","damage_taken":0,"max_hp_gain":0,"max_hp_loss":0,"event_name":"Lab","floor":22,"gold_loss":0},{"cards_removed":["LessonLearned"],"damage_healed":0,"gold_gain":0,"player_choice":"Removed Attack","damage_taken":0,"max_hp_gain":0,"max_hp_loss":0,"event_name":"Falling","floor":36,"gold_loss":0},{"damage_healed":0,"gold_gain":0,"player_choice":"Fight","damage_taken":0,"max_hp_gain":0,"max_hp_loss":0,"event_name":"Mysterious Sphere","floor":38,"gold_loss":0},{"damage_healed":0,"gold_gain":0,"player_choice":"Ignored","damage_taken":0,"max_hp_gain":0,"max_hp_loss":0,"event_name":"Tomb of Lord Red Mask","floor":42,"gold_loss":0}],"is_beta":false,"boss_relics":[{"not_picked":["Calling Bell","Empty Cage"],"picked":"Snecko Eye"},{"not_picked":["Astrolabe","FrozenCore"],"picked":"Black Star"}],"items_purged_floors":[48],"is_endless":false,"potions_floor_spawned":[1,2,16,23,24,29,31,35,37,45],"ascension_level":0}}