{"host":"hk6dyp3pgs92n0l4","time":1612016819,"event":{"mods":["AchievementEnabler","BaseMod","Colored Powertips","Duelist Mod","GifTheSpireLib","Minty Spire (QoL Compilation)","StSLib","The Hierophant"],"gold_per_floor":[113,123,123,123,136,136,153,184,184,184,215,215,390,403,403,506,506,516,57,57,67,67,67],"floor_reached":22,"language":"ENG","playtime":805,"items_purged":["Strike_B"],"score":213,"play_id":"86ab49c8-851a-4972-a45b-794e2c4252cd","local_time":"20210130062659","is_ascension_mode":true,"campfire_choices":[{"data":"Redo","floor":6,"key":"SMITH"},{"data":"Zap","floor":10,"key":"SMITH"},{"floor":15,"key":"REST"}],"circlet_count":0,"master_deck":["Strike_B","Strike_B","Strike_B","Defend_B","Defend_B","Defend_B+1","Zap+1","Dualcast","Leap+1","Barrage","Redo+1","Ball Lightning","Biased Cognition","Parasite","Doubt","Echo Form","Redo","Aggregate"],"relics":["Cracked Core","Orichalcum","Shuriken","Black Star","Frozen Egg 2","War Paint"],"acts_visited":["Exordium","TheCity"],"potions_floor_usage":[11,11,16],"damage_taken":[{"damage":13,"enemies":"Small Slimes","floor":1,"turns":2},{"damage":4,"enemies":"2 Louse","floor":2,"turns":4},{"damage":2,"enemies":"Jaw Worm","floor":5,"turns":4},{"damage":8,"enemies":"Looter","floor":7,"turns":3},{"damage":21,"enemies":"3 Sentries","floor":8,"turns":8},{"damage":16,"enemies":"Lagavulin","floor":11,"turns":6},{"damage":8,"enemies":"Blue Slaver","floor":14,"turns":2},{"damage":34,"enemies":"Hexaghost","floor":16,"turns":8},{"damage":21,"enemies":"Shell Parasite","floor":18,"turns":5},{"damage":6,"enemies":"Chosen","floor":21,"turns":3},{"damage":73,"enemies":"3 Cultists","floor":22,"turns":4}],"seed_played":"1967249688914614628","potions_obtained":[{"floor":2,"key":"BlessingOfTheForge"},{"floor":7,"key":"SpeedPotion"},{"floor":8,"key":"Swift Potion"},{"floor":16,"key":"DuplicationPotion"},{"floor":18,"key":"FocusPotion"},{"floor":21,"key":"Weak Potion"}],"is_trial":false,"path_per_floor":["M","M","?","?","M","R","M","E","T","R","E","?","?","M","R","B",null,"M","$","?","M","M"],"character_chosen":"DEFECT","items_purchased":["Frozen Egg 2","War Paint"],"campfire_rested":1,"item_purchase_floors":[19,19],"current_hp_per_floor":[69,65,58,63,61,61,53,32,32,32,16,37,37,29,55,21,87,66,66,66,60,0,0],"gold":67,"neow_bonus":"TEN_PERCENT_HP_BONUS","is_daily":false,"chose_seed":false,"campfire_upgraded":2,"win_rate":0.0,"timestamp":1612016819,"path_taken":["M","M","?","?","M","R","M","E","T","R","E","?","?","M","R","BOSS","M","$","?","M","M"],"items_purchased_type":["Relic","Relic"],"build_version":"2020-12-22","purchased_purges":1,"victory":false,"max_hp_per_floor":[82,82,82,87,87,87,87,87,87,87,87,87,87,87,87,87,87,87,87,87,87,87,87],"card_choices":[{"not_picked":["Hologram","Gash"],"picked":"Leap","floor":1},{"not_picked":["Rip and Tear","Streamline"],"picked":"Barrage","floor":2},{"not_picked":["Lockon","Turbo"],"picked":"Redo","floor":5},{"not_picked":["Beam Cell","Compile Driver","Barrage"],"picked":"SKIP","floor":7},{"not_picked":["Chill","Hello World"],"picked":"Ball Lightning","floor":8},{"not_picked":["Hologram","Go for the Eyes"],"picked":"Biased Cognition","floor":11},{"not_picked":["Hologram","Barrage","Streamline"],"picked":"SKIP","floor":14},{"not_picked":["Amplify","Thunder Strike"],"picked":"Echo Form","floor":16},{"not_picked":["Streamline+1","Scrape"],"picked":"Redo","floor":18},{"not_picked":["Undo","Hologram"],"picked":"Aggregate","floor":21}],"player_experience":92185,"relics_obtained":[{"floor":8,"key":"Orichalcum"},{"floor":11,"key":"Shuriken"}],"event_choices":[{"cards_removed":["Defend_B"],"damage_healed":0,"gold_gain":0,"player_choice":"Card Removal","damage_taken":7,"max_hp_gain":0,"max_hp_loss":0,"event_name":"Golden Wing","floor":3,"gold_loss":0},{"damage_healed":0,"gold_gain":0,"player_choice":"Donut","damage_taken":0,"max_hp_gain":5,"max_hp_loss":0,"event_name":"Big Fish","floor":4,"gold_loss":0},{"damage_healed":21,"gold_gain":0,"player_choice":"Healed and dodged fight","damage_taken":0,"max_hp_gain":0,"max_hp_loss":0,"event_name":"Mushrooms","floor":12,"gold_loss":0,"cards_obtained":["Parasite"]},{"damage_healed":0,"gold_gain":175,"player_choice":"AGREE","damage_taken":0,"max_hp_gain":0,"max_hp_loss":0,"event_name":"Liars Game","floor":13,"gold_loss":0,"cards_obtained":["Doubt"]},{"damage_healed":0,"gold_gain":0,"player_choice":"Ignored","damage_taken":0,"max_hp_gain":0,"max_hp_loss":0,"event_name":"Ghosts","floor":20,"gold_loss":0}],"is_beta":false,"boss_relics":[{"not_picked":["Sozu","Runic Pyramid"],"picked":"Black Star"}],"items_purged_floors":[19],"is_endless":false,"potions_floor_spawned":[2,7,8,16,18,21],"killed_by":"3 Cultists","ascension_level":2}}