{"host":"TBODragonshy","time":1612047219,"event":{"mods":["2.2 Compatiblity","Aspiration","BaseMod","Better Altar","Better Note","Better Sensory Stone","Better Skull","Better Third Choice","BetterRewards","Clawfect","Colored Powertips","Conspire","Defuse TimeMaze Blight","Emptier Cage","Energized Spire","Gremlin Skip","Highlight Path","Ironclad Rager","Marked Mod","Minty Spire (QoL Compilation)","Potionbrewer","Quick Restart","Relic Sorter","Relic Stats","Replay The Spire","SacredBarkPlus","Small Relic Pack","Spicy Shops","StSLib","The Bug Knight","The Jungle","The Servant 0.9.4","TheBandit","TheHeartMod","Uncapped","Yuri Mod"],"gold_per_floor":[117,135,145,145,164,164,188,188,188,207,207,223,236,236,236,361,361,375,375,72,95,119,135,158,171,195,95,95,110,126,150,150,150,150],"floor_reached":33,"language":"ENG","playtime":1937,"items_purged":["Clawfect:Clawline","Clawfect:ClawSnap"],"score":274,"play_id":"8cb54101-d776-4cf1-84c6-5bb87f43cc91","local_time":"20210130165339","is_ascension_mode":false,"campfire_choices":[{"data":"Clawfect:ClawCell","floor":6,"key":"SMITH"},{"data":"Steam","floor":11,"key":"SMITH"},{"floor":15,"key":"REST"},{"floor":28,"key":"REST"},{"floor":32,"key":"REST"}],"circlet_count":0,"master_deck":["Gash","Gash","Gash","Gash","Defend_B+2","Defend_B","Defend_B","Defend_B+1","Defend_B","Clawfect:ClawCell+1","Steam+1","Clawfect:Clawter","Skim","ReplaySort","Steam+1","Clawfect:ClawingBeam","Clawfect:ClawForOne","Finesse","Reboot","Reprogram+1","Leap+1","Steam","Auto Shields+1","Skim","Clawfect:ScrapingClaw"],"relics":["Clawfect:DRClaw","Golden Idol","Simple Rune","Fusion Hammer","Prayer Wheel","conspire:GiftBox","aspiration:ChemicalBlood"],"acts_visited":["Exordium","TheCity"],"potions_floor_usage":[3,16,21,29,33,33,33],"damage_taken":[{"damage":0,"enemies":"Cultist","floor":1,"turns":4},{"damage":5,"enemies":"Small Slimes","floor":2,"turns":4},{"damage":3,"enemies":"conspire:RoseBush","floor":3,"turns":4},{"damage":3,"enemies":"Exordium Thugs","floor":5,"turns":5},{"damage":5,"enemies":"Blue Slaver","floor":7,"turns":5},{"damage":6,"enemies":"conspire:2 RoseBushes","floor":10,"turns":5},{"damage":6,"enemies":"Lots of Slimes","floor":12,"turns":5},{"damage":24,"enemies":"Gremlin Gang","floor":13,"turns":4},{"damage":14,"enemies":"The Guardian","floor":16,"turns":7},{"damage":15,"enemies":"Chosen","floor":18,"turns":5},{"damage":23,"enemies":"Snecko","floor":21,"turns":7},{"damage":12,"enemies":"Centurion and Healer","floor":22,"turns":3},{"damage":0,"enemies":"3 Cultists","floor":23,"turns":4},{"damage":14,"enemies":"Shelled Parasite and Fungi","floor":24,"turns":5},{"damage":9,"enemies":"Sentry and Sphere","floor":25,"turns":3},{"damage":0,"enemies":"Snake Plant","floor":29,"turns":5},{"damage":0,"enemies":"conspire:HollyBat","floor":30,"turns":8},{"damage":0,"enemies":"Chosen and Byrds","floor":31,"turns":4},{"damage":50,"enemies":"Automaton","floor":33,"turns":7}],"seed_played":"5854720101619264059","potions_obtained":[{"floor":2,"key":"potionbrewer:ToxicPotion"},{"floor":3,"key":"FearPotion"},{"floor":5,"key":"SneckoOil"},{"floor":10,"key":"Weak Potion"},{"floor":18,"key":"Elixir"},{"floor":21,"key":"potionbrewer:DiscountPotion"},{"floor":29,"key":"ColorlessPotion"},{"floor":31,"key":"potionbrewer:StunPotion"}],"is_trial":false,"path_per_floor":["M","M","M","?","M","R","M","?","T","M","R","M","M","?","R","B",null,"M","?","$","M","M","M","M","M","T","$","R","M","M","M","R","B"],"character_chosen":"DEFECT","items_purchased":["Finesse","Reboot"],"campfire_rested":3,"item_purchase_floors":[20,20],"current_hp_per_floor":[75,70,67,49,46,46,41,41,41,35,35,29,5,5,27,13,75,60,60,60,37,25,25,11,2,2,2,24,24,24,24,46,0,0],"gold":150,"neow_bonus":"RANDOM_EVENT","is_daily":false,"chose_seed":false,"campfire_upgraded":2,"win_rate":0.0,"timestamp":1612047219,"path_taken":["M","?","M","?","M","R","M","?","T","M","R","?","M","?","R","BOSS","M","?","$","M","M","?","M","?","T","?","R","M","?","M","R","BOSS"],"items_purchased_type":["Card","Card"],"build_version":"2020-12-18","purchased_purges":2,"victory":false,"max_hp_per_floor":[75,75,75,75,75,75,75,75,75,75,75,75,75,75,75,75,75,75,75,75,75,75,75,75,75,75,75,75,75,75,75,75,75,75],"relic_stats":{"counters":[19,94],"Golden Idol":79,"Prayer Wheel":9,"obtain_stats":[{"conspire:GiftBox":19,"Golden Idol":4,"Simple Rune":9,"Prayer Wheel":18,"Fusion Hammer":17,"Clawfect:DRClaw":0,"aspiration:ChemicalBlood":26},{"conspire:GiftBox":10,"Golden Idol":3,"Simple Rune":5,"Prayer Wheel":10,"Fusion Hammer":9,"Clawfect:DRClaw":0,"aspiration:ChemicalBlood":15},{"conspire:GiftBox":48,"Golden Idol":12,"Simple Rune":22,"Prayer Wheel":46,"Fusion Hammer":43,"Clawfect:DRClaw":0,"aspiration:ChemicalBlood":70}]},"card_choices":[{"not_picked":["Redo","ReplayTheSpireMod:Repulse","Storm"],"picked":"SKIP","floor":1},{"not_picked":["Clawfect:Clawrage","Turbo"],"picked":"Clawfect:ClawCell","floor":2},{"not_picked":["Clawfect:ClawForTheEyes","FTL"],"picked":"Clawfect:ClawSnap","floor":3},{"not_picked":["Steam Power","Redo"],"picked":"Steam","floor":5},{"not_picked":["Echo Form","Clawfect:ClawAndGloom"],"picked":"Clawfect:Clawline","floor":7},{"not_picked":["Clawfect:ClawForTheEyes","ReplayTheSpireMod:System Scan"],"picked":"Clawfect:Clawter","floor":10},{"not_picked":["Conserve Battery","Rebound"],"picked":"Skim","floor":12},{"not_picked":["Stack","Loop"],"picked":"ReplaySort","floor":13},{"not_picked":["Fission","Biased Cognition"],"picked":"ReplayTheSpireMod:Fabricate Wheel","floor":16},{"not_picked":["Clawfect:ClawpileDriver","Capacitor"],"picked":"Steam+1","floor":18},{"not_picked":["ReplaySort","Clawfect:Clawrage"],"picked":"Clawfect:ClawingBeam","floor":18},{"not_picked":["Hyperbeam","Echo Form"],"picked":"Clawfect:ClawForOne","floor":19},{"not_picked":["Clawfect:Clawrage+1","Hyperbeam","BasicCrystalCard"],"picked":"SKIP","floor":21},{"not_picked":["Rebound","Redo","Sunder"],"picked":"SKIP","floor":21},{"not_picked":["Clawfect:ClawCell","Self Repair+1"],"picked":"Reprogram+1","floor":22},{"not_picked":["Seek","Storm","Chill"],"picked":"SKIP","floor":22},{"not_picked":["Seek","Storm","Chill"],"picked":"SKIP","floor":22},{"not_picked":["Sunder+1","Clawfect:ClawLightning"],"picked":"Leap+1","floor":23},{"not_picked":["Leap","Gash","Self Repair"],"picked":"SKIP","floor":23},{"not_picked":["Coolheaded","Defragment"],"picked":"Steam","floor":24},{"not_picked":["Capacitor","Multi-Cast","ReplayTheSpireMod:System Scan"],"picked":"SKIP","floor":24},{"not_picked":["BasicCrystalCard+1","Clawfect:Clawline"],"picked":"Auto Shields+1","floor":25},{"not_picked":["Rebound","Fusion"],"picked":"Skim","floor":25},{"not_picked":["Clawfect:ClawSnap","Echo Form","Clawfect:ClawLightning"],"picked":"SKIP","floor":29},{"not_picked":["Static Discharge","White Noise","Clawfect:ClawAndTear"],"picked":"SKIP","floor":29},{"not_picked":["Redo+1","conspire:SharedLibrary","Force Field+1"],"picked":"SKIP","floor":30},{"not_picked":["Panic Button","Double Energy","Glacier"],"picked":"SKIP","floor":30},{"not_picked":["Steam","ReplayTheSpireMod:Omega Cannon"],"picked":"Clawfect:ScrapingClaw","floor":31},{"not_picked":["Clawfect:ClawingBeam","Chill+1","Turbo"],"picked":"SKIP","floor":31}],"player_experience":272110,"relics_obtained":[{"floor":9,"key":"Simple Rune"},{"floor":26,"key":"aspiration:ChemicalBlood"}],"event_choices":[{"damage_healed":0,"gold_gain":0,"player_choice":"Grow","damage_taken":0,"max_hp_gain":0,"max_hp_loss":0,"event_name":"Living Wall","floor":0,"gold_loss":0,"cards_upgraded":["Defend_B"]},{"damage_healed":0,"gold_gain":0,"player_choice":"Take Damage","damage_taken":18,"relics_obtained":["Golden Idol"],"max_hp_gain":0,"max_hp_loss":0,"event_name":"Golden Idol","floor":4,"gold_loss":0},{"damage_healed":0,"gold_gain":0,"player_choice":"Ignored","damage_taken":0,"max_hp_gain":0,"max_hp_loss":0,"event_name":"betterNote:BetterNote","floor":8,"gold_loss":0,"cards_obtained":["PathToVictory"]},{"damage_healed":0,"gold_gain":0,"player_choice":"Ignored","damage_taken":0,"max_hp_gain":0,"max_hp_loss":0,"event_name":"Golden Wing","floor":14,"gold_loss":0},{"cards_removed":["Gash"],"damage_healed":0,"gold_gain":0,"player_choice":"Gave Card","damage_taken":0,"relics_obtained":["conspire:GiftBox"],"max_hp_gain":0,"max_hp_loss":0,"event_name":"WeMeetAgain","floor":19,"gold_loss":0}],"is_beta":true,"boss_relics":[{"not_picked":["energizedSpire:SpiderWeb","energizedSpire:OgreHead"],"picked":"Fusion Hammer"}],"items_purged_floors":[20,27],"is_endless":false,"potions_floor_spawned":[2,3,5,10,18,21,29,30,31],"killed_by":"Automaton","ascension_level":0}}