{"host":"9oshzrjkbi608dco","time":1612006999,"event":{"mods":["AchievementEnabler","BaseMod","Colored Powertips","Minty Spire (QoL Compilation)"],"gold_per_floor":[115,115,132,307,307,334,344,361,412,49,67,92,92,112,112,215,215,230,330,340,359,359,379,379,407,407,9,27,27,27,27],"floor_reached":30,"language":"ENG","playtime":2470,"items_purged":["Pain"],"score":362,"play_id":"2aa2ff93-71f7-43ff-a01d-12e5910e12d2","local_time":"20210130224319","is_ascension_mode":false,"campfire_choices":[{"data":"DevaForm","floor":13,"key":"SMITH"},{"floor":15,"key":"RECALL"},{"floor":24,"key":"REST"}],"circlet_count":0,"master_deck":["Strike_P","Strike_P","Strike_P","Strike_P","Defend_P","Defend_P","Defend_P+1","Defend_P","Eruption","Vigilance","PathToVictory+1","Sanctity","Flash of Steel","Consecrate","DevaForm+1","Evaluate","LessonLearned","Clumsy","CrushJoints+1","Indignation+1","Perseverance","PathToVictory","Judgement","Halt+1","LessonLearned","Meditate"],"relics":["PureWater","NeowsBlessing","WarpedTongs","HornCleat","Bag of Marbles","Bronze Scales","Astrolabe","Happy Flower","Frozen Egg 2","InkBottle"],"acts_visited":["Exordium","TheCity"],"potions_floor_usage":[11,11,16,16,21,25,30],"damage_taken":[{"damage":0,"enemies":"Small Slimes","floor":1,"turns":1},{"damage":0,"enemies":"Cultist","floor":3,"turns":1},{"damage":0,"enemies":"3 Sentries","floor":6,"turns":2},{"damage":0,"enemies":"2 Louse","floor":7,"turns":2},{"damage":0,"enemies":"Looter","floor":8,"turns":1},{"damage":9,"enemies":"Exordium Wildlife","floor":11,"turns":4},{"damage":0,"enemies":"Gremlin Nob","floor":12,"turns":3},{"damage":2,"enemies":"Lots of Slimes","floor":14,"turns":3},{"damage":0,"enemies":"Hexaghost","floor":16,"turns":8},{"damage":24,"enemies":"2 Thieves","floor":18,"turns":5},{"damage":0,"enemies":"3 Byrds","floor":20,"turns":4},{"damage":6,"enemies":"Centurion and Healer","floor":21,"turns":7},{"damage":10,"enemies":"Shelled Parasite and Fungi","floor":23,"turns":9},{"damage":27,"enemies":"Slavers","floor":25,"turns":6},{"damage":1,"enemies":"Snecko","floor":28,"turns":5},{"damage":13,"enemies":"Snake Plant","floor":30,"turns":3}],"seed_played":"742149812754837803","potions_obtained":[{"floor":7,"key":"Swift Potion"},{"floor":8,"key":"BottledMiracle"},{"floor":11,"key":"GamblersBrew"},{"floor":12,"key":"SteroidPotion"},{"floor":18,"key":"FearPotion"},{"floor":23,"key":"SkillPotion"}],"is_trial":false,"path_per_floor":["M","?","M","?","?","E","M","M","T","$","M","E","R","M","R","B",null,"M","?","M","M","?","M","R","E","T","$","M","?","M"],"character_chosen":"WATCHER","items_purchased":["Bag of Marbles","Flash of Steel","Block Potion","InkBottle","LessonLearned"],"campfire_rested":1,"item_purchase_floors":[10,10,10,27,27],"current_hp_per_floor":[72,72,72,72,72,72,72,72,72,72,63,63,63,61,61,61,72,48,48,48,42,26,16,37,10,10,10,9,9,0,0],"gold":27,"neow_bonus":"THREE_ENEMY_KILL","is_daily":false,"chose_seed":false,"campfire_upgraded":1,"win_rate":0.0,"timestamp":1612006999,"path_taken":["M","?","?","?","?","E","M","M","T","$","M","E","R","M","R","BOSS","M","?","?","M","?","M","R","E","T","$","M","?","M"],"items_purchased_type":["Relic","Card","Potion","Relic","Card"],"build_version":"2020-12-22","purchased_purges":1,"victory":false,"max_hp_per_floor":[72,72,72,72,72,72,72,72,72,72,72,72,72,72,72,72,72,72,72,72,72,72,72,72,72,72,72,72,72,72,72],"card_choices":[{"not_picked":["Protect","Weave"],"picked":"PathToVictory","floor":1},{"not_picked":["Pray","JustLucky"],"picked":"SignatureMove","floor":3},{"not_picked":["Vengeance","Crescendo"],"picked":"Sanctity","floor":6},{"not_picked":["WreathOfFlame","SignatureMove"],"picked":"SashWhip","floor":7},{"not_picked":["ReachHeaven","Crescendo","Consecrate"],"picked":"SKIP","floor":8},{"not_picked":["ClearTheMind","JustLucky"],"picked":"Consecrate","floor":11},{"not_picked":["CrushJoints","FlurryOfBlows"],"picked":"DevaForm","floor":12},{"not_picked":["FollowUp","FlyingSleeves"],"picked":"Evaluate","floor":14},{"not_picked":["Ragnarok","Judgement"],"picked":"LessonLearned","floor":16},{"not_picked":["JustLucky","EmptyBody+1"],"picked":"Perseverance","floor":18},{"not_picked":["EmptyFist","WreathOfFlame","EmptyBody"],"picked":"SKIP","floor":20},{"not_picked":["TalkToTheHand+1","Indignation+1"],"picked":"PathToVictory","floor":21},{"not_picked":["ThirdEye","FollowUp+1"],"picked":"Judgement","floor":23},{"not_picked":["SashWhip","CrushJoints"],"picked":"Halt+1","floor":25},{"not_picked":["WindmillStrike","JustLucky+1"],"picked":"Meditate","floor":28}],"player_experience":71017,"relics_obtained":[{"floor":6,"key":"HornCleat"},{"floor":12,"key":"Bronze Scales"},{"floor":25,"key":"Happy Flower"},{"floor":26,"key":"Frozen Egg 2"}],"event_choices":[{"damage_healed":0,"gold_gain":0,"player_choice":"Rummage","damage_taken":0,"relics_obtained":["WarpedTongs"],"max_hp_gain":0,"max_hp_loss":0,"event_name":"Accursed Blacksmith","floor":2,"gold_loss":0,"cards_obtained":["Pain"]},{"damage_healed":0,"gold_gain":175,"player_choice":"AGREE","damage_taken":0,"max_hp_gain":0,"max_hp_loss":0,"event_name":"Liars Game","floor":4,"gold_loss":0,"cards_obtained":["Doubt"]},{"damage_healed":0,"gold_gain":0,"player_choice":"Grow","damage_taken":0,"max_hp_gain":0,"max_hp_loss":0,"event_name":"Living Wall","floor":5,"gold_loss":0,"cards_upgraded":["PathToVictory"]},{"damage_healed":0,"gold_gain":100,"player_choice":"Pray","damage_taken":0,"max_hp_gain":0,"max_hp_loss":0,"event_name":"Golden Shrine","floor":19,"gold_loss":0},{"damage_healed":0,"gold_gain":0,"player_choice":"Obtained Book","damage_taken":16,"max_hp_gain":0,"max_hp_loss":0,"event_name":"Cursed Tome","floor":22,"gold_loss":0}],"is_beta":false,"boss_relics":[{"not_picked":["Coffee Dripper","Empty Cage"],"picked":"Astrolabe"}],"items_purged_floors":[10],"is_endless":false,"potions_floor_spawned":[7,8,11,12,18,23],"killed_by":"Snake Plant","ascension_level":0}}