{"host":"59fzh68erzs7h44i","time":1612018443,"event":{"mods":["AchievementEnabler","BaseMod","Downfall","Minty Spire (QoL Compilation)","StSLib","The Jungle"],"gold_per_floor":[113,113,38,58,58,93,109,109,133,133,467,123,138,156,156,255,305,318,318,318,106,119,146,146,146,146,146,161,173,173,184,184,288,288,308,308,321,321,362,362,362,362],"floor_reached":41,"language":"ENG","playtime":2022,"items_purged":["Defend_P","Strike_P","Strike_P"],"score":421,"play_id":"b15964a5-a2d6-448b-8bbb-97a4d928baca","local_time":"20210130095403","is_ascension_mode":false,"campfire_choices":[{"data":"PathToVictory","floor":8,"key":"SMITH"},{"data":"Eruption","floor":10,"key":"SMITH"},{"floor":15,"key":"REST"},{"floor":24,"key":"REST"},{"floor":27,"key":"REST"},{"data":"Vault","floor":32,"key":"SMITH"},{"floor":40,"key":"REST"}],"circlet_count":0,"master_deck":["Eruption+1","Vigilance","PathToVictory+1","Halt+1","JustLucky","JustLucky","ThirdEye","Consecrate","EmptyBody","Vault+1","FearNoEvil","Enlightenment","FollowUp","CrushJoints+1","PathToVictory","CutThroughFate","Alpha","Wish+1","TalkToTheHand+1","FollowUp+1","DeceiveReality","Parasite","CrushJoints+1"],"relics":["PureWater","Dream Catcher","Blood Vial","Old Coin","Ornamental Fan","Tiny House","Bottled Lightning","Mummified Hand","Astrolabe"],"acts_visited":["Exordium","TheCity","TheBeyond"],"potions_floor_usage":[6,6,16,23,29,33,33,41,41],"damage_taken":[{"damage":3,"enemies":"2 Louse","floor":1,"turns":3},{"damage":0,"enemies":"Cultist","floor":4,"turns":2},{"damage":11,"enemies":"3 Sentries","floor":6,"turns":6},{"damage":5,"enemies":"Small Slimes","floor":7,"turns":2},{"damage":13,"enemies":"Lagavulin","floor":11,"turns":5},{"damage":0,"enemies":"2 Fungi Beasts","floor":13,"turns":2},{"damage":0,"enemies":"Exordium Thugs","floor":14,"turns":3},{"damage":31,"enemies":"The Guardian","floor":16,"turns":8},{"damage":3,"enemies":"Spheric Guardian","floor":18,"turns":4},{"damage":25,"enemies":"3 Byrds","floor":22,"turns":7},{"damage":25,"enemies":"Slavers","floor":23,"turns":6},{"damage":1,"enemies":"Centurion and Healer","floor":28,"turns":5},{"damage":0,"enemies":"Snecko","floor":29,"turns":3},{"damage":4,"enemies":"3 Cultists","floor":31,"turns":6},{"damage":52,"enemies":"Champ","floor":33,"turns":11},{"damage":17,"enemies":"Orb Walker","floor":35,"turns":5},{"damage":17,"enemies":"3 Darklings","floor":37,"turns":5},{"damage":19,"enemies":"Writhing Mass","floor":39,"turns":8},{"damage":55,"enemies":"Giant Head","floor":41,"turns":8}],"seed_played":"7718941467572573035","potions_obtained":[{"floor":1,"key":"Block Potion"},{"floor":4,"key":"Explosive Potion"},{"floor":13,"key":"BlessingOfTheForge"},{"floor":14,"key":"Explosive Potion"},{"floor":17,"key":"SneckoOil"},{"floor":18,"key":"SteroidPotion"},{"floor":31,"key":"BlessingOfTheForge"},{"floor":33,"key":"SteroidPotion"},{"floor":39,"key":"BottledMiracle"}],"is_trial":false,"path_per_floor":["M","?","$","M","?","E","M","R","T","R","E","$","M","M","R","B",null,"M","?","?","$","M","E","R","?","T","R","M","M","?","M","R","B",null,"M","?","M","?","M","R","E"],"character_chosen":"WATCHER","items_purchased":["Ornamental Fan","Enlightenment"],"campfire_rested":4,"item_purchase_floors":[12,21],"current_hp_per_floor":[62,62,62,62,62,51,46,46,46,46,35,35,37,39,58,29,70,67,67,67,67,44,21,42,42,42,63,64,66,66,64,64,14,70,53,53,38,38,21,42,0,0],"gold":362,"neow_bonus":"THREE_RARE_CARDS","is_daily":false,"chose_seed":false,"campfire_upgraded":3,"win_rate":0.0,"timestamp":1612018443,"path_taken":["M","?","?","?","?","E","M","R","T","R","E","$","M","M","R","BOSS","M","?","?","$","?","E","R","?","T","R","M","M","?","M","R","BOSS","M","?","M","?","?","R","E"],"items_purchased_type":["Relic","Card"],"build_version":"2020-12-22","purchased_purges":3,"victory":false,"max_hp_per_floor":[65,65,65,65,65,65,65,65,65,65,65,65,65,65,65,65,70,70,70,70,70,70,70,70,70,70,70,70,70,70,70,70,70,70,70,70,70,70,70,70,70,70],"card_choices":[{"not_picked":["Scrawl","Alpha"],"picked":"Brilliance","floor":0},{"not_picked":["Crescendo","Consecrate"],"picked":"PathToVictory","floor":1},{"not_picked":["DeceiveReality","WindmillStrike"],"picked":"Halt","floor":4},{"not_picked":["FlyingSleeves","SignatureMove"],"picked":"JustLucky","floor":6},{"not_picked":["Vault","Protect"],"picked":"JustLucky","floor":7},{"not_picked":["Vengeance","Crescendo","DeceiveReality"],"picked":"SKIP","floor":11},{"not_picked":["BattleHymn","EmptyBody"],"picked":"ThirdEye","floor":13},{"not_picked":["JustLucky","Conclude"],"picked":"Consecrate","floor":14},{"not_picked":["JustLucky","FlyingSleeves"],"picked":"EmptyBody","floor":15},{"not_picked":["SpiritShield","Establishment"],"picked":"Vault","floor":16},{"not_picked":["SandsOfTime","FlyingSleeves"],"picked":"FearNoEvil","floor":17},{"not_picked":["WreathOfFlame+1","EmptyBody"],"picked":"Collect","floor":18},{"not_picked":["CrushJoints","SashWhip","EmptyBody"],"picked":"SKIP","floor":22},{"not_picked":["ThirdEye","LikeWater","ClearTheMind"],"picked":"SKIP","floor":23},{"not_picked":["Nirvana","Pray+1"],"picked":"FollowUp","floor":24},{"not_picked":["FlyingSleeves","Vengeance"],"picked":"CrushJoints+1","floor":27},{"not_picked":["Crescendo","JustLucky","EmptyFist"],"picked":"SKIP","floor":28},{"not_picked":["EmptyBody","ConjureBlade","Protect"],"picked":"SKIP","floor":29},{"not_picked":["Prostrate+1","EmptyFist"],"picked":"CutThroughFate","floor":31},{"not_picked":["Ragnarok","Establishment"],"picked":"Alpha","floor":33},{"not_picked":["Wallop","MentalFortress+1"],"picked":"FollowUp+1","floor":35},{"not_picked":["SashWhip+1","FearNoEvil","JustLucky"],"picked":"SKIP","floor":37},{"not_picked":["ThirdEye+1","Sanctity"],"picked":"CrushJoints+1","floor":39}],"player_experience":194186,"relics_obtained":[{"floor":6,"key":"Dream Catcher"},{"floor":9,"key":"Blood Vial"},{"floor":11,"key":"Old Coin"},{"floor":23,"key":"Bottled Lightning"},{"floor":26,"key":"Mummified Hand"}],"event_choices":[{"cards_removed":["Defend_P"],"damage_healed":0,"gold_gain":0,"player_choice":"Purged","damage_taken":0,"max_hp_gain":0,"max_hp_loss":0,"event_name":"Purifier","floor":2,"gold_loss":0},{"cards_removed":["Defend_P"],"damage_healed":0,"gold_gain":0,"player_choice":"Forget","damage_taken":0,"max_hp_gain":0,"max_hp_loss":0,"event_name":"Living Wall","floor":5,"gold_loss":0},{"cards_removed":["Defend_P"],"damage_healed":0,"gold_gain":0,"player_choice":"Purged","damage_taken":0,"max_hp_gain":0,"max_hp_loss":0,"event_name":"Purifier","floor":20,"gold_loss":0},{"cards_removed":["Strike_P"],"damage_healed":0,"gold_gain":0,"player_choice":"Elegance","damage_taken":0,"max_hp_gain":0,"max_hp_loss":0,"event_name":"Back to Basics","floor":25,"gold_loss":0},{"damage_healed":0,"gold_gain":0,"player_choice":"Read","damage_taken":0,"max_hp_gain":0,"max_hp_loss":0,"event_name":"The Library","floor":30,"gold_loss":0,"cards_obtained":["PathToVictory"]},{"damage_healed":0,"gold_gain":0,"player_choice":"Ignored","damage_taken":0,"max_hp_gain":0,"max_hp_loss":0,"event_name":"Tomb of Lord Red Mask","floor":36,"gold_loss":0},{"damage_healed":0,"gold_gain":0,"cards_transformed":["WaveOfTheHand"],"player_choice":"Transformed","damage_taken":0,"max_hp_gain":0,"max_hp_loss":0,"event_name":"Transmorgrifier","floor":38,"gold_loss":0,"cards_obtained":["DeceiveReality"]}],"is_beta":false,"boss_relics":[{"not_picked":["Runic Pyramid","Calling Bell"],"picked":"Tiny House"},{"not_picked":["Empty Cage","VioletLotus"],"picked":"Astrolabe"}],"items_purged_floors":[3,12,21],"is_endless":false,"potions_floor_spawned":[1,4,13,14,18,31,33,39],"killed_by":"Giant Head","ascension_level":0}}