{"host":"61r95uy0hn86b9iu","time":1612037087,"event":{"mods":["AchievementEnabler","BaseMod","Better Vampires","BetterRewards","Colored Powertips","Hubris","Minty Spire (QoL Compilation)","Shop Mod","StSLib"],"gold_per_floor":[109,109,126,201,28,28,61,61,86,120,137,62,62,73,73,151,151,164,174,174,174,190,190,216,216,216,245,45,45,64,81,81,157,157,169,169,169,169,169],"floor_reached":38,"language":"ENG","playtime":1472,"items_purged":["Apotheosis+1","Strike_B"],"score":1083,"play_id":"627eb814-e286-4edd-bd3c-0645c4bb2fbb","local_time":"20210130140447","is_ascension_mode":true,"campfire_choices":[{"floor":6.0,"key":"REST"},{"data":"Capacitor","floor":8.0,"key":"SMITH"},{"data":"hubris:Ukulele","floor":13.0,"key":"SMITH"},{"floor":15.0,"key":"RECALL"},{"data":"Capacitor","floor":23.0,"key":"SMITH"},{"floor":25.0,"key":"REST"},{"floor":32.0,"key":"REST"}],"circlet_count":0,"master_deck":["AscendersBane","Apotheosis+1","Strike_B","Strike_B","Defend_B","Defend_B","Zap","Dualcast","Glacier","Capacitor+1","Chill","Self Repair","hubris:Ukulele+1","Electrodynamics","Capacitor+1","Sweeping Beam","Panacea","Barrage","Buffer","Leap+1"],"relics":["FrozenCore","WingedGreaves","Gremlin Horn","Membership Card","Symbiotic Virus","hubris:SlimyHat","hubris:BottledRain","SacredBark","hubris:SphereOfDissonance","hubris:MedicalManual","Dream Catcher","hubris:RGBLights"],"acts_visited":["Exordium","TheCity","TheBeyond"],"potions_floor_usage":[],"damage_taken":[{"damage":0.0,"enemies":"2 Louse","floor":1.0,"turns":3.0},{"damage":0.0,"enemies":"Small Slimes","floor":3.0,"turns":5.0},{"damage":8.0,"enemies":"Lagavulin","floor":7.0,"turns":10.0},{"damage":10.0,"enemies":"3 Sentries","floor":10.0,"turns":17.0},{"damage":0.0,"enemies":"Jaw Worm","floor":11.0,"turns":4.0},{"damage":0.0,"enemies":"Looter","floor":14.0,"turns":4.0},{"damage":21.0,"enemies":"Hexaghost","floor":16.0,"turns":9.0},{"damage":0.0,"enemies":"3 Byrds","floor":18.0,"turns":2.0},{"damage":18.0,"enemies":"2 Thieves","floor":19.0,"turns":4.0},{"damage":9.0,"enemies":"Centurion and Healer","floor":22.0,"turns":4.0},{"damage":42.0,"enemies":"Slavers","floor":24.0,"turns":4.0},{"damage":24.0,"enemies":"Gremlin Leader","floor":27.0,"turns":6.0},{"damage":13.0,"enemies":"Sentry and Sphere","floor":30.0,"turns":6.0},{"damage":33.0,"enemies":"Snake Plant","floor":31.0,"turns":4.0},{"damage":32.0,"enemies":"Champ","floor":33.0,"turns":11.0},{"damage":42.0,"enemies":"3 Shapes","floor":35.0,"turns":6.0},{"damage":33,"enemies":"3 Darklings","floor":38,"turns":5}],"seed_played":"-7173474389411297225","potions_obtained":[{"floor":1.0,"key":"Energy Potion"},{"floor":11.0,"key":"FocusPotion"},{"floor":16.0,"key":"Fruit Juice"},{"floor":18.0,"key":"FocusPotion"},{"floor":19.0,"key":"FocusPotion"},{"floor":30.0,"key":"GamblersBrew"},{"floor":33.0,"key":"LiquidBronze"}],"is_trial":false,"path_per_floor":["M","?","M","?","$","R","E","R","T","E","M","?","R","M","R","B",null,"M","M","?","?","M","R","E","R","T","E","$","?","M","M","R","B",null,"M","?","?","M"],"character_chosen":"DEFECT","items_purchased":["Gremlin Horn","Glacier","Capacitor","Membership Card","hubris:RGBLights","Panacea","Barrage"],"campfire_rested":3,"item_purchase_floors":[0,0,0,5,28,28,28],"current_hp_per_floor":[43,43,53,42,42,63,65,65,65,65,71,71,71,71,71,65,73,73,65,65,65,66,66,34,56,56,42,42,42,39,16,38,16,61,26,26,26,0,0],"gold":169,"neow_bonus":"","is_daily":false,"chose_seed":false,"campfire_upgraded":3,"win_rate":0.0,"timestamp":1612037087,"path_taken":["M","?","M","?","$","R","E","R","T","E","M","?","R","M","R","BOSS","M","M","?","?","M","R","E","R","T","E","$","?","M","?","R","BOSS","M","?","?","M"],"items_purchased_type":["Relic","Card","Card","Relic","Relic","Card","Card"],"build_version":"2020-12-22","purchased_purges":2,"victory":false,"max_hp_per_floor":[71,71,71,71,71,71,71,71,71,71,71,71,71,71,71,76,76,76,76,76,76,76,76,76,76,76,76,76,76,76,76,76,76,76,76,76,76,76,76],"card_choices":[{"not_picked":["Turbo","Gash"],"picked":"Chill","floor":1.0},{"not_picked":["Turbo","Rebound"],"picked":"Conserve Battery","floor":3.0},{"not_picked":["Coolheaded","Beam Cell","Self Repair"],"picked":"SKIP","floor":7.0},{"not_picked":["Reinforced Body","Beam Cell"],"picked":"hubris:Ukulele","floor":10.0},{"not_picked":["Gash","Storm","Cold Snap"],"picked":"SKIP","floor":11.0},{"not_picked":["hubris:Prefetch","Aggregate","Coolheaded"],"picked":"SKIP","floor":14.0},{"not_picked":["Multi-Cast","Fission"],"picked":"Electrodynamics","floor":16.0},{"not_picked":["Rebound","Go for the Eyes","Leap"],"picked":"SKIP","floor":18.0},{"not_picked":["Turbo","Barrage+1"],"picked":"Capacitor","floor":19.0},{"not_picked":["Go for the Eyes","Coolheaded","Heatsinks+1"],"picked":"SKIP","floor":22.0},{"not_picked":["Rebound","Stack","Ball Lightning"],"picked":"SKIP","floor":24.0},{"not_picked":["Rebound","Cold Snap"],"picked":"Sweeping Beam","floor":27.0},{"not_picked":["Compile Driver","Lockon","Rebound"],"picked":"SKIP","floor":30.0},{"not_picked":["Sweeping Beam+1","Scrape","Redo+1"],"picked":"SKIP","floor":31.0},{"not_picked":["hubris:Prefetch","Core Surge"],"picked":"Buffer","floor":33.0},{"not_picked":["Ball Lightning+1","Rip and Tear"],"picked":"Leap+1","floor":35.0}],"player_experience":3326338,"relics_obtained":[{"floor":7.0,"key":"Symbiotic Virus"},{"floor":9.0,"key":"hubris:SlimyHat"},{"floor":10.0,"key":"hubris:BottledRain"},{"floor":24.0,"key":"hubris:MedicalManual"},{"floor":27.0,"key":"Dream Catcher"}],"event_choices":[{"damage_healed":0.0,"max_hp_gain":0.0,"max_hp_loss":0.0,"gold_gain":0.0,"cards_transformed":["Strike_B"],"event_name":"Living Wall","player_choice":"Change","floor":2.0,"gold_loss":0.0,"damage_taken":0.0,"cards_obtained":["Self Repair"]},{"damage_healed":0.0,"max_hp_gain":0.0,"max_hp_loss":0.0,"gold_gain":75.0,"event_name":"World of Goop","player_choice":"Gather Gold","floor":4.0,"gold_loss":0.0,"damage_taken":11.0},{"cards_removed":["Defend_B"],"damage_healed":0.0,"max_hp_gain":0.0,"max_hp_loss":0.0,"gold_gain":0.0,"event_name":"The Cleric","player_choice":"Card Removal","floor":12.0,"gold_loss":75.0,"damage_taken":0.0},{"cards_removed":["Defend_B"],"damage_healed":0.0,"max_hp_gain":0.0,"max_hp_loss":0.0,"gold_gain":0.0,"event_name":"Back to Basics","player_choice":"Elegance","floor":20.0,"gold_loss":0.0,"damage_taken":0.0},{"damage_healed":0.0,"max_hp_gain":0.0,"max_hp_loss":0.0,"gold_gain":0.0,"event_name":"The Mausoleum","player_choice":"Opened","floor":21.0,"gold_loss":0.0,"damage_taken":0.0,"relics_obtained":["hubris:SphereOfDissonance"],"cards_obtained":["Writhe"]},{"cards_removed":["Writhe"],"damage_healed":0.0,"max_hp_gain":0.0,"max_hp_loss":0.0,"gold_gain":0.0,"event_name":"Fountain of Cleansing","player_choice":"Removed Curses","floor":29.0,"gold_loss":0.0,"damage_taken":0.0},{"damage_healed":0,"gold_gain":0,"player_choice":"Ignored","damage_taken":0,"max_hp_gain":0,"max_hp_loss":0,"event_name":"Mysterious Sphere","floor":36,"gold_loss":0},{"cards_removed":["Conserve Battery"],"damage_healed":0,"gold_gain":0,"player_choice":"Removed Skill","damage_taken":0,"max_hp_gain":0,"max_hp_loss":0,"event_name":"Falling","floor":37,"gold_loss":0}],"is_beta":false,"boss_relics":[{"not_picked":["Tiny House","Snecko Eye"],"picked":"SacredBark"},{"not_picked":["hubris:VirtuousBlindfold","hubris:BlackHole"],"picked":"FrozenCore"}],"items_purged_floors":[0,0],"is_endless":false,"potions_floor_spawned":[1,11,16,18,19,30,33],"killed_by":"3 Darklings","ascension_level":18}}