{"host":"8ki4rp59nppvqwda","time":1612049838,"event":{"mods":["AlwaysNeverKeys","BaseMod","Hermit","Minty Spire (QoL Compilation)","Robot Space Explorer","SacredBarkPlus","StSLib","The Cursed","The Necromancer","The Trickster"],"gold_per_floor":[116,116,133,147,165,165,193,193,193,205,230,230,243,268,268,373,373,383,393,411,34,50,83,112,152,188,200,225,237,263,275,287,401,413,441,453,515,30,49,49,49,67,92,392,403,422,455,474,474,474],"floor_reached":51,"language":"ENG","playtime":2492,"items_purged":["RobotSpaceExplorer:Strike","RobotSpaceExplorer:Strike"],"score":1023,"play_id":"5ac9a6c6-50a3-469d-9d0c-e549ee4373b9","local_time":"20210130183718","is_ascension_mode":true,"campfire_choices":[{"data":"RobotSpaceExplorer:MiniDrones","floor":6.0,"key":"SMITH"},{"data":"RobotSpaceExplorer:ChargingLaser","floor":8.0,"key":"SMITH"},{"data":"RobotSpaceExplorer:StarLightning","floor":12.0,"key":"SMITH"},{"data":"RobotSpaceExplorer:Scan","floor":15.0,"key":"SMITH"},{"data":"RobotSpaceExplorer:Explosion","floor":27.0,"key":"SMITH"},{"floor":29.0,"key":"REST"},{"floor":32.0,"key":"REST"},{"floor":40.0,"key":"REST"},{"floor":49,"key":"REST"}],"circlet_count":0,"master_deck":["RobotSpaceExplorer:Strike","RobotSpaceExplorer:Strike","RobotSpaceExplorer:Defend+1","RobotSpaceExplorer:Defend","RobotSpaceExplorer:Defend+1","RobotSpaceExplorer:Defend","RobotSpaceExplorer:Scan+1","RobotSpaceExplorer:MiniLasers+1","CurseOfTheBell","RobotSpaceExplorer:MiniDrones+1","RobotSpaceExplorer:StunGrenade","RobotSpaceExplorer:JunkDive","RobotSpaceExplorer:BigMissile","RobotSpaceExplorer:ChargingLaser+1","RobotSpaceExplorer:StarLightning+1","RobotSpaceExplorer:ScrapMissile","RobotSpaceExplorer:JunkDive","RobotSpaceExplorer:Explosion","RobotSpaceExplorer:FranticSearch","RobotSpaceExplorer:LaserBurst+1","RobotSpaceExplorer:DualCore+1","RobotSpaceExplorer:StunGrenade","RobotSpaceExplorer:Explosion+1","RobotSpaceExplorer:DoubleFind+1","RobotSpaceExplorer:Arsenal+1","RobotSpaceExplorer:PlasmaMissile+1","RobotSpaceExplorer:ScrapToss","RobotSpaceExplorer:Autoloader","RobotSpaceExplorer:ScrapMissile","RobotSpaceExplorer:RigExplosive+1","RobotSpaceExplorer:GlueShot","RobotSpaceExplorer:ScrapToss+1","RobotSpaceExplorer:Pulsar+1","RobotSpaceExplorer:FrostMissile+1"],"relics":["Calling Bell","Strawberry","Sundial","Ice Cream","Question Card","RobotSpaceExplorer:BottledGravity","Bag of Marbles","Anchor","RobotSpaceExplorer:SearchSpecs","War Paint","Vajra","MawBank","Omamori","Oddly Smooth Stone","Fusion Hammer","Turnip","Eternal Feather","The Courier","Blood Vial","Centennial Puzzle"],"acts_visited":["Exordium","TheCity","TheBeyond"],"potions_floor_usage":[45,48,50,50,50,50],"damage_taken":[{"damage":0.0,"enemies":"Jaw Worm","floor":1.0,"turns":6.0},{"damage":0.0,"enemies":"2 Louse","floor":3.0,"turns":2.0},{"damage":0.0,"enemies":"Small Slimes","floor":4.0,"turns":5.0},{"damage":1.0,"enemies":"Looter","floor":5.0,"turns":3.0},{"damage":15.0,"enemies":"3 Sentries","floor":7.0,"turns":8.0},{"damage":1.0,"enemies":"Exordium Thugs","floor":10.0,"turns":4.0},{"damage":8.0,"enemies":"Lagavulin","floor":11.0,"turns":7.0},{"damage":12.0,"enemies":"Exordium Wildlife","floor":13.0,"turns":3.0},{"damage":27.0,"enemies":"Slime Boss","floor":16.0,"turns":9.0},{"damage":0.0,"enemies":"2 Thieves","floor":18.0,"turns":2.0},{"damage":0.0,"enemies":"3 Byrds","floor":19.0,"turns":4.0},{"damage":12.0,"enemies":"Snake Plant","floor":20.0,"turns":4.0},{"damage":0.0,"enemies":"Snecko","floor":22.0,"turns":3.0},{"damage":0.0,"enemies":"Gremlin Leader","floor":23.0,"turns":5.0},{"damage":0.0,"enemies":"Centurion and Healer","floor":24.0,"turns":3.0},{"damage":30.0,"enemies":"Book of Stabbing","floor":25.0,"turns":6.0},{"damage":0.0,"enemies":"Snake Plant","floor":28.0,"turns":3.0},{"damage":23.0,"enemies":"Snecko","floor":30.0,"turns":5.0},{"damage":22.0,"enemies":"Collector","floor":33.0,"turns":7.0},{"damage":0.0,"enemies":"Orb Walker","floor":35.0,"turns":1.0},{"damage":28.0,"enemies":"Mind Bloom Boss Battle","floor":37.0,"turns":5.0},{"damage":2.0,"enemies":"3 Darklings","floor":39.0,"turns":5.0},{"damage":10.0,"enemies":"Spire Growth","floor":42.0,"turns":3.0},{"damage":19,"enemies":"Transient","floor":45,"turns":5},{"damage":0,"enemies":"3 Darklings","floor":46,"turns":2},{"damage":0,"enemies":"Giant Head","floor":47,"turns":4},{"damage":1,"enemies":"Writhing Mass","floor":48,"turns":5},{"damage":19,"enemies":"Awakened One","floor":50,"turns":6}],"seed_played":"8074225302296014060","potions_obtained":[{"floor":3.0,"key":"DuplicationPotion"},{"floor":4.0,"key":"SpeedPotion"},{"floor":5.0,"key":"Swift Potion"},{"floor":10.0,"key":"Swift Potion"},{"floor":16.0,"key":"SteroidPotion"},{"floor":18.0,"key":"EssenceOfSteel"},{"floor":19.0,"key":"FearPotion"},{"floor":28.0,"key":"LiquidBronze"},{"floor":30.0,"key":"Dexterity Potion"},{"floor":33.0,"key":"EssenceOfSteel"},{"floor":35.0,"key":"BlessingOfTheForge"},{"floor":39.0,"key":"RobotSpaceExplorer:PlasmaFlask"},{"floor":46,"key":"DistilledChaos"},{"floor":48,"key":"Strength Potion"}],"is_trial":false,"path_per_floor":["M","?","M","M","M","R","E","R","T","M","E","R","M","T","R","B",null,"M","M","M","$","M","E","M","E","T","R","M","R","M","?","R","B",null,"M","$","?","$","M","R","?","M","T","?","M","M","E","M","R","B",null],"character_chosen":"RobotSpaceExplorer","items_purchased":["War Paint","Vajra","Eternal Feather","RobotSpaceExplorer:Exploration"],"campfire_rested":4,"item_purchase_floors":[21,21,38,38],"current_hp_per_floor":[82,82,82,82,81,81,66,66,66,65,57,57,45,45,45,18,66,66,66,54,54,54,54,54,24,24,24,24,48,25,25,49,27,68,68,68,40,40,38,80,80,70,70,70,53,55,57,58,82,63],"gold":474,"neow_bonus":"BOSS_RELIC","is_daily":false,"chose_seed":false,"campfire_upgraded":5,"win_rate":0.0,"timestamp":1612049838,"path_taken":["M","?","M","M","M","R","E","R","T","M","E","R","M","?","R","BOSS","M","M","M","$","M","E","M","E","T","R","M","R","M","?","R","BOSS","M","$","?","$","M","R","?","?","T","?","M","M","E","M","R","BOSS"],"items_purchased_type":["Relic","Relic","Relic","Card"],"build_version":"2020-12-22","purchased_purges":2,"victory":true,"max_hp_per_floor":[82,82,82,82,82,82,82,82,82,82,82,82,82,82,82,82,82,82,82,82,82,82,82,82,82,82,82,82,82,82,82,82,82,82,82,82,82,82,82,82,82,82,82,82,82,82,82,82,82,82],"card_choices":[{"not_picked":["RobotSpaceExplorer:ExhaustFan","RobotSpaceExplorer:SurgingStrike"],"picked":"RobotSpaceExplorer:MiniDrones","floor":1.0},{"not_picked":["RobotSpaceExplorer:FrostMissile","RobotSpaceExplorer:GlueShot"],"picked":"RobotSpaceExplorer:StunGrenade","floor":3.0},{"not_picked":["RobotSpaceExplorer:MiniDrones","RobotSpaceExplorer:ExhaustFan"],"picked":"RobotSpaceExplorer:JunkDive","floor":4.0},{"not_picked":["RobotSpaceExplorer:ImprovisedAttack","RobotSpaceExplorer:Ammunition"],"picked":"RobotSpaceExplorer:BigMissile","floor":5.0},{"not_picked":["RobotSpaceExplorer:Fix","RobotSpaceExplorer:MetalStrike"],"picked":"RobotSpaceExplorer:ChargingLaser","floor":7.0},{"not_picked":["RobotSpaceExplorer:PowerGlove","RobotSpaceExplorer:StunGrenade","RobotSpaceExplorer:Probe"],"picked":"RobotSpaceExplorer:StarLightning","floor":10.0},{"not_picked":["RobotSpaceExplorer:ScrapShield","RobotSpaceExplorer:FrostMissile","RobotSpaceExplorer:Probe"],"picked":"RobotSpaceExplorer:ScrapMissile","floor":11.0},{"not_picked":["RobotSpaceExplorer:SlimeMissile","RobotSpaceExplorer:FrostMissile","RobotSpaceExplorer:ShockKick"],"picked":"RobotSpaceExplorer:JunkDive","floor":13.0},{"not_picked":["RobotSpaceExplorer:Arsenal","RobotSpaceExplorer:Wormhole","RobotSpaceExplorer:TrailblazerForm"],"picked":"RobotSpaceExplorer:Explosion","floor":16.0},{"not_picked":["RobotSpaceExplorer:ExhaustFan","RobotSpaceExplorer:MiniDrones+1","RobotSpaceExplorer:Discharger"],"picked":"RobotSpaceExplorer:FranticSearch","floor":18.0},{"not_picked":["RobotSpaceExplorer:Pulsar","RobotSpaceExplorer:Reload+1","RobotSpaceExplorer:ExhaustFan+1"],"picked":"RobotSpaceExplorer:LaserBurst+1","floor":19.0},{"not_picked":["RobotSpaceExplorer:Counterblock","RobotSpaceExplorer:ShovelStrike","RobotSpaceExplorer:PlasmaMissile"],"picked":"RobotSpaceExplorer:DualCore+1","floor":20.0},{"not_picked":["RobotSpaceExplorer:LaserBurst","RobotSpaceExplorer:SurgingStrike","RobotSpaceExplorer:DualCore"],"picked":"RobotSpaceExplorer:StunGrenade","floor":22.0},{"not_picked":["RobotSpaceExplorer:FreezeRay","RobotSpaceExplorer:DualCore","RobotSpaceExplorer:SurgingStrike"],"picked":"RobotSpaceExplorer:Explosion","floor":23.0},{"not_picked":["RobotSpaceExplorer:StarLightning+1","RobotSpaceExplorer:FrostMissile","RobotSpaceExplorer:MakeshiftVolley"],"picked":"RobotSpaceExplorer:DoubleFind+1","floor":24.0},{"not_picked":["RobotSpaceExplorer:GlueShot","RobotSpaceExplorer:MetalStrike","RobotSpaceExplorer:ShockKick"],"picked":"RobotSpaceExplorer:Arsenal","floor":25.0},{"not_picked":["RobotSpaceExplorer:IronShell","RobotSpaceExplorer:Ammunition","RobotSpaceExplorer:SwiftStep"],"picked":"RobotSpaceExplorer:PlasmaMissile+1","floor":28.0},{"not_picked":["RobotSpaceExplorer:Pulsar","RobotSpaceExplorer:GlueShot","RobotSpaceExplorer:ExhaustFan"],"picked":"RobotSpaceExplorer:ScrapToss","floor":30.0},{"not_picked":["RobotSpaceExplorer:Scanner","RobotSpaceExplorer:Exploration","RobotSpaceExplorer:Arsenal"],"picked":"RobotSpaceExplorer:Autoloader","floor":33.0},{"not_picked":["RobotSpaceExplorer:MiniDrones","RobotSpaceExplorer:SurgingStrike+1","RobotSpaceExplorer:SwiftStep+1"],"picked":"RobotSpaceExplorer:ScrapMissile","floor":35.0},{"not_picked":["RobotSpaceExplorer:StunGrenade","RobotSpaceExplorer:ExhaustFan","RobotSpaceExplorer:GlueSpray+1"],"picked":"RobotSpaceExplorer:RigExplosive+1","floor":37.0},{"not_picked":["RobotSpaceExplorer:MetalStrike+1","RobotSpaceExplorer:FranticSearch","RobotSpaceExplorer:ScrapShield"],"picked":"RobotSpaceExplorer:GlueShot","floor":39.0},{"not_picked":["RobotSpaceExplorer:TurboDodge+1","RobotSpaceExplorer:GlueSpray+1","RobotSpaceExplorer:Ammunition"],"picked":"RobotSpaceExplorer:ScrapToss+1","floor":42.0},{"not_picked":["RobotSpaceExplorer:SurgingShield","RobotSpaceExplorer:SurgingStrike+1","RobotSpaceExplorer:FranticSearch","RobotSpaceExplorer:JunkDive"],"picked":"SKIP","floor":45},{"not_picked":["RobotSpaceExplorer:ShockKick","RobotSpaceExplorer:DualCore","RobotSpaceExplorer:Multitool"],"picked":"RobotSpaceExplorer:Pulsar+1","floor":46},{"not_picked":["RobotSpaceExplorer:SelfCleaning+1","RobotSpaceExplorer:SurgingShield","RobotSpaceExplorer:Probe+1"],"picked":"RobotSpaceExplorer:FrostMissile+1","floor":47},{"not_picked":["RobotSpaceExplorer:ShockKick+1","RobotSpaceExplorer:TurboDodge","RobotSpaceExplorer:SlimeMissile","RobotSpaceExplorer:Counterblock+1"],"picked":"SKIP","floor":48}],"player_experience":1276103,"relics_obtained":[{"floor":0.0,"key":"Strawberry"},{"floor":0.0,"key":"Sundial"},{"floor":0.0,"key":"Ice Cream"},{"floor":7.0,"key":"Question Card"},{"floor":9.0,"key":"RobotSpaceExplorer:BottledGravity"},{"floor":11.0,"key":"Bag of Marbles"},{"floor":14.0,"key":"Anchor"},{"floor":23.0,"key":"MawBank"},{"floor":25.0,"key":"Omamori"},{"floor":26.0,"key":"Oddly Smooth Stone"},{"floor":37.0,"key":"Turnip"},{"floor":39.0,"key":"The Courier"},{"floor":43.0,"key":"Blood Vial"},{"floor":47,"key":"Centennial Puzzle"}],"event_choices":[{"damage_healed":0.0,"max_hp_gain":0.0,"max_hp_loss":0.0,"gold_gain":0.0,"event_name":"Living Wall","player_choice":"Grow","floor":2.0,"gold_loss":0.0,"damage_taken":0.0,"cards_upgraded":["RobotSpaceExplorer:MiniLasers"]},{"damage_healed":0.0,"max_hp_gain":0.0,"max_hp_loss":0.0,"gold_gain":0.0,"event_name":"Ghosts","player_choice":"Ignored","floor":31.0,"gold_loss":0.0,"damage_taken":0.0},{"damage_healed":0.0,"max_hp_gain":0.0,"max_hp_loss":0.0,"gold_gain":0.0,"event_name":"MindBloom","player_choice":"Fight","floor":37.0,"gold_loss":0.0,"damage_taken":0.0},{"damage_healed":0.0,"max_hp_gain":0.0,"max_hp_loss":0.0,"gold_gain":0.0,"event_name":"Accursed Blacksmith","player_choice":"Forge","floor":41.0,"gold_loss":0.0,"damage_taken":0.0,"cards_upgraded":["RobotSpaceExplorer:Arsenal"]},{"damage_healed":0.0,"max_hp_gain":0.0,"max_hp_loss":0.0,"gold_gain":300.0,"event_name":"Wheel of Change","player_choice":"Gold","floor":44.0,"gold_loss":0.0,"damage_taken":0.0}],"is_beta":false,"boss_relics":[{"not_picked":["SacredBark","Ectoplasm"],"picked":"RobotSpaceExplorer:SearchSpecs"},{"not_picked":["Snecko Eye","Runic Pyramid"],"picked":"Fusion Hammer"}],"items_purged_floors":[21,38],"is_endless":false,"potions_floor_spawned":[3,4,5,10,16,18,19,28,30,33,35,39,46,47,48],"ascension_level":5}}