{"host":"qgrlfjrqk9z96gfi","time":1612043122,"event":{"mods":["BaseMod","Block Reminder","Colored Map","Custom Start","DeckTracker","Minty Spire (QoL Compilation)"],"gold_per_floor":[116,128,25,25,41,76,76,101,101,26,44,94,111,122,122,195,195,215,227,247,247,266,266,266,266],"floor_reached":24,"language":"ENG","playtime":701,"items_purged":["Strike_G"],"score":420,"play_id":"4e5f6927-6a85-4b45-b802-030694b304a9","local_time":"20210130114522","is_ascension_mode":true,"campfire_choices":[{"floor":7,"key":"REST"},{"floor":15,"key":"REST"},{"floor":23,"key":"REST"}],"circlet_count":0,"master_deck":["AscendersBane","Strike_G","Strike_G","Strike_G","Strike_G","Defend_G","Defend_G","Defend_G","Defend_G","Defend_G","Survivor","Neutralize","Dagger Spray","Cloak And Dagger","Blade Dance","Infinite Blades","Phantasmal Killer","Blade Dance","Footwork","Cloak And Dagger","Phantasmal Killer","After Image","Blade Dance","Finisher","Footwork","Outmaneuver+1"],"relics":["Ring of the Snake","NeowsBlessing","HornCleat","Bottled Lightning","Question Card","Gremlin Horn","WristBlade"],"acts_visited":["Exordium","TheCity"],"potions_floor_usage":[16,16,24,24],"damage_taken":[{"damage":0,"enemies":"Cultist","floor":1,"turns":1},{"damage":0,"enemies":"2 Louse","floor":2,"turns":1},{"damage":0,"enemies":"Jaw Worm","floor":5,"turns":1},{"damage":27,"enemies":"Lagavulin","floor":6,"turns":9},{"damage":19,"enemies":"3 Sentries","floor":8,"turns":8},{"damage":0,"enemies":"Exordium Wildlife","floor":11,"turns":4},{"damage":2,"enemies":"Blue Slaver","floor":13,"turns":3},{"damage":6,"enemies":"Large Slime","floor":14,"turns":5},{"damage":5,"enemies":"Hexaghost","floor":16,"turns":9},{"damage":5,"enemies":"Shell Parasite","floor":18,"turns":5},{"damage":14,"enemies":"2 Thieves","floor":19,"turns":3},{"damage":12,"enemies":"Sentry and Sphere","floor":20,"turns":4},{"damage":29,"enemies":"Snake Plant","floor":22,"turns":5},{"damage":35,"enemies":"Gremlin Leader","floor":24,"turns":4}],"seed_played":"-354594810256497843","potions_obtained":[{"floor":8,"key":"LiquidBronze"},{"floor":11,"key":"Swift Potion"},{"floor":13,"key":"SkillPotion"},{"floor":19,"key":"Poison Potion"},{"floor":22,"key":"Poison Potion"}],"is_trial":false,"path_per_floor":["M","M","$","?","M","E","R","E","T","$","M","?","M","M","R","B",null,"M","M","M","?","M","R","E"],"character_chosen":"THE_SILENT","items_purchased":["Blade Dance","Infinite Blades"],"campfire_rested":3,"item_purchase_floors":[3,3],"current_hp_per_floor":[59,59,59,41,41,14,33,14,14,14,14,14,12,6,25,20,55,50,36,24,37,8,27,0,0],"gold":266,"neow_bonus":"THREE_ENEMY_KILL","is_daily":false,"chose_seed":false,"campfire_upgraded":0,"win_rate":0.0,"timestamp":1612043122,"path_taken":["M","?","?","?","M","E","R","E","T","$","M","?","M","M","R","BOSS","M","?","M","?","M","R","E"],"items_purchased_type":["Card","Card"],"build_version":"2020-12-22","purchased_purges":1,"victory":false,"max_hp_per_floor":[66,66,66,66,66,66,66,66,66,66,66,66,66,66,66,66,66,66,66,66,66,66,66,66,66],"card_choices":[{"not_picked":["Cloak And Dagger","PiercingWail"],"picked":"Dagger Spray","floor":1},{"not_picked":["Dodge and Roll","Dagger Spray"],"picked":"Cloak And Dagger","floor":2},{"not_picked":["Endless Agony","Eviscerate"],"picked":"Phantasmal Killer","floor":5},{"not_picked":["Cloak And Dagger","Backflip"],"picked":"Blade Dance","floor":6},{"not_picked":["Blur","Underhanded Strike"],"picked":"Footwork","floor":8},{"not_picked":["Bane","Slice","Acrobatics","Riddle With Holes"],"picked":"SKIP","floor":11},{"not_picked":["Caltrops","Blade Dance","Dagger Spray"],"picked":"Cloak And Dagger","floor":13},{"not_picked":["Bane","Slice","Underhanded Strike"],"picked":"Phantasmal Killer","floor":14},{"not_picked":["Corpse Explosion","Storm of Steel","Adrenaline"],"picked":"After Image","floor":16},{"not_picked":["Poisoned Stab","Flying Knee","Masterful Stab"],"picked":"Blade Dance","floor":18},{"not_picked":["Choke","Bouncing Flask","Cloak And Dagger"],"picked":"Finisher","floor":19},{"not_picked":["Dodge and Roll","Masterful Stab","Outmaneuver"],"picked":"Footwork","floor":20},{"not_picked":["Underhanded Strike","Choke","Blade Dance+1"],"picked":"Outmaneuver+1","floor":22}],"player_experience":1085193,"relics_obtained":[{"floor":6,"key":"Bottled Lightning"},{"floor":8,"key":"Question Card"},{"floor":9,"key":"Gremlin Horn"}],"event_choices":[{"damage_healed":0,"gold_gain":0,"player_choice":"Success","damage_taken":18,"relics_obtained":["HornCleat"],"max_hp_gain":0,"max_hp_loss":0,"event_name":"Scrap Ooze","floor":4,"gold_loss":0},{"damage_healed":0,"gold_gain":50,"player_choice":"Pray","damage_taken":0,"max_hp_gain":0,"max_hp_loss":0,"event_name":"Golden Shrine","floor":12,"gold_loss":0},{"damage_healed":13,"gold_gain":0,"player_choice":"Heal","damage_taken":0,"max_hp_gain":0,"max_hp_loss":0,"event_name":"The Library","floor":21,"gold_loss":0}],"is_beta":false,"boss_relics":[{"not_picked":["Tiny House","Busted Crown"],"picked":"WristBlade"}],"items_purged_floors":[10],"is_endless":false,"potions_floor_spawned":[8,11,13,19,22],"killed_by":"Gremlin Leader","ascension_level":20}}