{"host":"hvseegfg1v8jz7jr","time":1612032065,"event":{"mods":["AchievementEnabler","Ascension Reborn","Aspiration","BaseMod","BetterRewards","Clawfect","Colored Map","Colored Powertips","Conspire","Energized Spire","GifTheSpireLib","Googly Eyes","Halation","Highlight Path","Hubris","Minty Spire (QoL Compilation)","Replay The Spire","Shop Mod","Small Relic Pack","Spikes Relics","StSLib","Stuff the Spire","The Alterego","Unceasing Turn Reminder"],"gold_per_floor":[111,111,111,130,130,161,161,187,255,291,291,313,349,349,349,460,460,484,484,484,678,701,713,628,628,654,701,749,929,626,663,663,775,775,807,807,807,576,536,578,506,576,576,612,612,612,636,346,346,380],"floor_reached":51,"language":"ENG","playtime":3197,"items_purged":["alterego_mod:BiFurious"],"score":850,"play_id":"fd8c68be-d2e9-4f0f-a8f7-f4ba4dd5a28f","local_time":"20210130114105","daily_mods":["Vintage","Allstar","Diverse","Colorless Cards","Heirloom","Time Dilation","Flight"],"is_ascension_mode":true,"campfire_choices":[{"data":"alterego_mod:Mirror","floor":15,"key":"SMITH"},{"floor":32,"key":"REST"}],"circlet_count":0,"master_deck":["Strike_R+1","Strike_R+2","Strike_R+1","Strike_R+1","Strike_R+2","Defend_R+1","Defend_R+1","Defend_R+2","Bash+1","Bandage Up","Sadistic Nature+1","Mayhem+1","ReplayTheSpireMod:Brewmster","Enlightenment","alterego_mod:Mirror+1","Auto Shields","Rainbow+1","Intimidate","Heavy Blade+1","conspire:Banana+1","alterego_mod:GachaTicket","Anger","Survey Options+1","Flash of Steel+1","alterego_mod:Birthday","Twin Strike","alterego_mod:Mirror"],"relics":["Burning Blood","replay:Trail_Library","halation:VictoryRuler","Ancient Tea Set","hubris:Teleporter","Replay:Bandana","Garlic","hubris:BottledRain","conspire:TopHat","Happy Flower","hubris:BundleOfHerbs","Red Skull","hubris:Metronome","Durian","aspiration:SeaSaltIceCream","halation:EternalFortune","halation:Trompette","ReplayTheSpireMod:TigerMarble","SpikesRelics:DaevaFist","halation:WeightlessCrab","Tiny Chest","Membership Card","MealTicket","aspiration:DefectSkillbook","Bag of Preparation","hubris:Towel","TheAbacus","Strawberry","Simple Rune","Pet Ghost","Toolbox","hubris:SphereOfDissonance","Replay:Accelerometer","Replay:Wax Seal","Whetstone","hubris:TenFootPole","Nunchaku","halation:Jellyphish"],"acts_visited":["Exordium","TheCity","TheBeyond"],"potions_floor_usage":[18,50,50,50,50,50],"damage_taken":[{"damage":0,"enemies":"Small Slimes","floor":1,"turns":2},{"damage":0,"enemies":"2 Louse","floor":4,"turns":3},{"damage":19,"enemies":"Replay:BlueRogue","floor":6,"turns":6},{"damage":3,"enemies":"Jaw Worm","floor":8,"turns":3},{"damage":19,"enemies":"Gremlin Nob","floor":10,"turns":4},{"damage":3,"enemies":"3 Louse","floor":12,"turns":2},{"damage":10,"enemies":"Lagavulin","floor":13,"turns":5},{"damage":3,"enemies":"Slime Boss","floor":16,"turns":6},{"damage":1,"enemies":"Shell Parasite","floor":18,"turns":5},{"damage":13,"enemies":"conspire:FuzzyDice","floor":22,"turns":5},{"damage":11,"enemies":"conspire:HollyBat","floor":23,"turns":8},{"damage":30,"enemies":"Gremlin Leader","floor":27,"turns":5},{"damage":4,"enemies":"Slavers","floor":28,"turns":3},{"damage":2,"enemies":"3 Cultists","floor":31,"turns":4},{"damage":24,"enemies":"conspire:MysteriousRune","floor":33,"turns":8},{"damage":0,"enemies":"3 Darklings","floor":35,"turns":4},{"damage":28,"enemies":"Reptomancer","floor":40,"turns":6},{"damage":3,"enemies":"3 Shapes","floor":44,"turns":2},{"damage":2,"enemies":"Donu and Deca","floor":50,"turns":4}],"seed_played":"-1601045654038021479","potions_obtained":[{"floor":4,"key":"SpeedPotion"},{"floor":6,"key":"EntropicBrew"},{"floor":11,"key":"PowerPotion"},{"floor":22,"key":"DistilledChaos"}],"is_trial":true,"path_per_floor":["M","?","?","M","$","E","?","M","T","E","?","M","E","?","R","B",null,"M","?","?","?","M","M","?","T","T","E","E","?","$","M","R","B",null,"M","?","?","$","?","E","$","T","T","M","?","?","T","$","R_BF","B",null],"character_chosen":"IRONCLAD","items_purchased":["Tiny Chest","Membership Card","TheAbacus","Strawberry","Simple Rune","Toolbox","hubris:TenFootPole","Nunchaku","halation:Jellyphish","Twin Strike"],"campfire_rested":1,"item_purchase_floors":[30,30,38,38,38,41,48,48,48,48],"current_hp_per_floor":[80,80,80,80,80,67,67,74,74,61,61,68,68,68,68,75,80,80,80,65,65,62,66,69,69,69,49,53,28,28,38,67,55,99,101,101,101,108,108,88,103,103,103,108,108,108,108,112,112,114],"gold":380,"neow_bonus":"","is_daily":false,"chose_seed":false,"campfire_upgraded":1,"win_rate":0.0,"timestamp":1612032065,"path_taken":["M","?","?","?","$","E","?","?","T","E","?","?","E","?","R","BOSS","M","?","?","?","M","M","?","?","T","E","E","?","$","M","R","BOSS","M","?","?","$","?","E","$","?","T","?","?","?","?","?","R_BF","BOSS"],"items_purchased_type":["Relic","Relic","Relic","Relic","Relic","Relic","Relic","Relic","Relic","Card"],"build_version":"2020-12-22","purchased_purges":1,"victory":true,"max_hp_per_floor":[80,80,80,80,80,80,80,80,80,80,80,80,80,80,80,80,80,80,80,85,85,85,90,93,93,93,93,95,95,95,97,97,99,99,101,101,101,108,108,110,110,110,110,112,112,112,112,112,112,114],"card_choices":[{"not_picked":["Life Link","StuffTheSpire:Python"],"picked":"Flex","floor":6},{"not_picked":["Replay:ManipulateFuture","Fission","ReplayTheSpireMod:Corrosion Curse"],"picked":"SKIP","floor":10},{"not_picked":["Headbutt","StuffTheSpire:LoadUp"],"picked":"Auto Shields","floor":13},{"not_picked":["Replay:AtTheReady","alterego_mod:DiscoLights+1"],"picked":"Intimidate","floor":21},{"not_picked":["Clawfect:ClawAndGloom","Flying Knee+1"],"picked":"conspire:Banana+1","floor":27},{"not_picked":["alterego_mod:MagicResistance","Hello World+1"],"picked":"alterego_mod:GachaTicket","floor":28},{"not_picked":["Poisoned Stab","BowlingBash","ReplayTheSpireMod:Corrosion Curse","alterego_mod:GoddessCore"],"picked":"SKIP","floor":40}],"player_experience":156743,"relics_obtained":[{"floor":1,"key":"Ancient Tea Set"},{"floor":4,"key":"hubris:Teleporter"},{"floor":6,"key":"Replay:Bandana"},{"floor":8,"key":"Garlic"},{"floor":9,"key":"hubris:BottledRain"},{"floor":10,"key":"conspire:TopHat"},{"floor":12,"key":"Happy Flower"},{"floor":13,"key":"hubris:BundleOfHerbs"},{"floor":18,"key":"Red Skull"},{"floor":22,"key":"hubris:Metronome"},{"floor":23,"key":"Durian"},{"floor":25,"key":"halation:Trompette"},{"floor":26,"key":"ReplayTheSpireMod:TigerMarble"},{"floor":27,"key":"SpikesRelics:DaevaFist"},{"floor":28,"key":"halation:WeightlessCrab"},{"floor":31,"key":"MealTicket"},{"floor":35,"key":"Bag of Preparation"},{"floor":40,"key":"Pet Ghost"},{"floor":42,"key":"hubris:SphereOfDissonance"},{"floor":43,"key":"Replay:Accelerometer"},{"floor":44,"key":"Replay:Wax Seal"},{"floor":47,"key":"Whetstone"}],"event_choices":[{"damage_healed":0,"gold_gain":0,"cards_transformed":["Flex"],"player_choice":"Transformed","damage_taken":0,"max_hp_gain":0,"max_hp_loss":0,"event_name":"Transmorgrifier","floor":7,"gold_loss":0,"cards_obtained":["alterego_mod:Mirror"]},{"damage_healed":0,"gold_gain":0,"player_choice":"Got Potions","damage_taken":0,"max_hp_gain":0,"max_hp_loss":0,"event_name":"Lab","floor":11,"gold_loss":0},{"damage_healed":0,"gold_gain":0,"player_choice":"Shed Blood","damage_taken":20,"max_hp_gain":5,"max_hp_loss":0,"event_name":"Forgotten Altar","floor":20,"gold_loss":0},{"damage_healed":0,"gold_gain":0,"player_choice":"Obtained Relic","damage_taken":0,"relics_obtained":["aspiration:SeaSaltIceCream"],"max_hp_gain":0,"max_hp_loss":0,"event_name":"Addict","floor":24,"gold_loss":85},{"damage_healed":0,"gold_gain":180,"player_choice":"GOLD CARD GOLD ","damage_taken":25,"max_hp_gain":0,"max_hp_loss":0,"event_name":"Knowing Skull","floor":29,"potions_obtained":[],"gold_loss":0,"cards_obtained":["Survey Options"]},{"damage_healed":0,"gold_gain":0,"player_choice":"Upgrade","damage_taken":0,"max_hp_gain":0,"max_hp_loss":0,"event_name":"Designer","floor":39,"gold_loss":40,"cards_upgraded":["Survey Options"]},{"damage_healed":0,"gold_gain":0,"player_choice":"Ignored","damage_taken":0,"max_hp_gain":0,"max_hp_loss":0,"event_name":"Tomb of Lord Red Mask","floor":45,"gold_loss":0},{"damage_healed":0,"gold_gain":0,"player_choice":"Upgraded","damage_taken":0,"max_hp_gain":0,"max_hp_loss":0,"event_name":"Upgrade Shrine","floor":46,"gold_loss":0,"cards_upgraded":["Flash of Steel"]}],"is_beta":false,"boss_relics":[{"not_picked":["Snecko Eye","energizedSpire:DecayingSkull","halation:PlatinumPhoenix"]},{"not_picked":["halation:ForbiddenBikini","Replay:Drink Me"],"picked":"aspiration:DefectSkillbook"}],"items_purged_floors":[48],"is_endless":false,"potions_floor_spawned":[4,6,12,18,22,33,35,44],"ascension_level":0}}