{"host":"usrgk25etjl0nf5i","time":1612032556,"event":{"mods":["2.2 Compatiblity","BaseMod","Downfall","Hubris","Minty Spire (QoL Compilation)","Permanent Neow","StSLib","SuperFastMode"],"gold_per_floor":[114,114,114,132,155,185,205,205,229,241,44,73,93,119,119,231,231,253,274,131,150,179,214,214,242,269,269,269,293,293,293],"floor_reached":30,"language":"ENG","playtime":1148,"items_purged":[],"score":340,"play_id":"2f605199-e5cd-4de2-b871-77e69dd37fe9","local_time":"20210130104916","is_ascension_mode":true,"campfire_choices":[{"floor":8,"key":"REST"},{"floor":15,"key":"REST"},{"floor":24,"key":"REST"},{"floor":28,"key":"REST"}],"circlet_count":0,"master_deck":["Strike_P","Strike_P","Strike_P","Strike_P+1","Defend_P","Defend_P","Defend_P","Defend_P+1","Eruption+1","Vigilance","LessonLearned","FlurryOfBlows+1","LikeWater","MasterReality","BowlingBash","FlyingSleeves+1","WheelKick","EmptyFist","DeceiveReality","Establishment+1","Protect+1","Crescendo+1","DevaForm","FlurryOfBlows","LikeWater","FlurryOfBlows","SpiritShield","FlyingSleeves","Adaptation"],"relics":["PureWater","NlothsMask","Blood Vial","Omamori","hubris:Metronome","CeramicFish","hubris:TerracottaHorce","Regal Pillow","Tiny Chest","Nloth\u0027s Gift"],"acts_visited":["Exordium","TheCity"],"potions_floor_usage":[16,16,19,21,23],"damage_taken":[{"damage":3,"enemies":"2 Louse","floor":1,"turns":2},{"damage":0,"enemies":"Small Slimes","floor":4,"turns":3},{"damage":42,"enemies":"Gremlin Nob","floor":6,"turns":4},{"damage":0,"enemies":"Cultist","floor":7,"turns":2},{"damage":6,"enemies":"Exordium Thugs","floor":10,"turns":4},{"damage":21,"enemies":"Lagavulin","floor":12,"turns":8},{"damage":5,"enemies":"Gremlin Gang","floor":13,"turns":5},{"damage":10,"enemies":"3 Sentries","floor":14,"turns":8},{"damage":4,"enemies":"Hexaghost","floor":16,"turns":5},{"damage":0,"enemies":"Shell Parasite","floor":18,"turns":1},{"damage":16,"enemies":"3 Byrds","floor":19,"turns":3},{"damage":11,"enemies":"Centurion and Healer","floor":21,"turns":4},{"damage":14,"enemies":"3 Cultists","floor":22,"turns":6},{"damage":15,"enemies":"Gremlin Leader","floor":23,"turns":5},{"damage":34,"enemies":"Snake Plant","floor":25,"turns":4},{"damage":49,"enemies":"Centurion and Healer","floor":29,"turns":3},{"damage":20,"enemies":"Snecko","floor":30,"turns":2}],"seed_played":"1141493820967050010","potions_obtained":[{"floor":6,"key":"Energy Potion"},{"floor":12,"key":"Guardian:BlockOnCardUsePotion"},{"floor":14,"key":"hexamod:SoulburnPotion"},{"floor":16,"key":"BlessingOfTheForge"},{"floor":19,"key":"SkillPotion"}],"is_trial":false,"path_per_floor":["M","?","?","M","T","E","M","R","T","M","$","E","M","E","R","B",null,"M","M","$","M","M","E","R","M","T","?","R","M","M"],"character_chosen":"WATCHER","items_purchased":["Omamori","WheelKick","DevaForm","FlurryOfBlows"],"campfire_rested":4,"item_purchase_floors":[11,11,20,20],"current_hp_per_floor":[69,69,69,69,69,27,27,48,48,44,44,25,22,14,35,33,62,64,50,50,41,29,16,52,20,20,20,56,9,0,0],"gold":293,"neow_bonus":"THREE_RARE_CARDS","is_daily":false,"chose_seed":false,"campfire_upgraded":0,"win_rate":0.0,"timestamp":1612032556,"path_taken":["M","?","?","?","?","E","M","R","T","?","$","E","M","E","R","BOSS","M","?","$","M","M","E","R","M","T","?","R","M","M"],"items_purchased_type":["Relic","Card","Card","Card"],"build_version":"2020-12-22","purchased_purges":0,"victory":false,"max_hp_per_floor":[72,72,72,72,72,72,72,72,72,72,72,72,72,72,72,72,72,72,72,72,72,72,72,72,72,72,72,72,72,72,72],"card_choices":[{"not_picked":["Scrawl","Omniscience"],"picked":"LessonLearned","floor":0},{"not_picked":["MentalFortress","CrushJoints"],"picked":"FlurryOfBlows","floor":1},{"not_picked":["Consecrate","Wireheading"],"picked":"LikeWater","floor":4},{"not_picked":["EmptyBody","Conclude"],"picked":"MasterReality","floor":6},{"not_picked":["WheelKick","EmptyFist"],"picked":"BowlingBash","floor":7},{"not_picked":["BowlingBash","JustLucky"],"picked":"FlyingSleeves","floor":10},{"not_picked":["SashWhip","FearNoEvil"],"picked":"EmptyFist","floor":12},{"not_picked":["WreathOfFlame","BowlingBash"],"picked":"DeceiveReality","floor":13},{"not_picked":["Wireheading","CrushJoints","FearNoEvil"],"picked":"SKIP","floor":14},{"not_picked":["Omniscience","LessonLearned"],"picked":"Establishment","floor":16},{"not_picked":["ThirdEye","BowlingBash+1"],"picked":"Protect","floor":18},{"not_picked":["Conclude","JustLucky"],"picked":"Crescendo+1","floor":19},{"not_picked":["Evaluate","FlyingSleeves"],"picked":"LikeWater","floor":21},{"not_picked":["LikeWater","CrushJoints+1"],"picked":"FlurryOfBlows","floor":22},{"not_picked":["BowlingBash","FearNoEvil"],"picked":"SpiritShield","floor":23},{"not_picked":["CutThroughFate","EmptyBody"],"picked":"FlyingSleeves","floor":25},{"not_picked":["JustLucky+1","Crescendo"],"picked":"Adaptation","floor":29}],"player_experience":682809,"relics_obtained":[{"floor":6,"key":"Peace Pipe"},{"floor":9,"key":"Blood Vial"},{"floor":12,"key":"hubris:Metronome"},{"floor":14,"key":"CeramicFish"},{"floor":23,"key":"Regal Pillow"},{"floor":26,"key":"Tiny Chest"}],"event_choices":[{"cards_removed":["Pain"],"damage_healed":0,"gold_gain":0,"player_choice":"Forget","damage_taken":0,"max_hp_gain":0,"max_hp_loss":0,"event_name":"Living Wall","floor":2,"gold_loss":0},{"damage_healed":0,"gold_gain":0,"player_choice":"Trade","damage_taken":0,"relics_obtained":["NlothsMask"],"max_hp_gain":0,"max_hp_loss":0,"event_name":"FaceTrader","floor":3,"gold_loss":0},{"damage_healed":0,"gold_gain":0,"player_choice":"Traded Relic","damage_taken":0,"relics_obtained":["Nloth\u0027s Gift"],"max_hp_gain":0,"max_hp_loss":0,"event_name":"N\u0027loth","floor":27,"relics_lost":["Peace Pipe"],"gold_loss":0}],"is_beta":false,"boss_relics":[{"not_picked":["VioletLotus","Empty Cage"],"picked":"hubris:TerracottaHorce"}],"items_purged_floors":[],"is_endless":false,"potions_floor_spawned":[6,12,14,16,19],"killed_by":"Snecko","ascension_level":5}}