{"host":"mo324zvkdr1xwprd","time":1612016058,"event":{"mods":["BaseMod","Better Note","BetterRewards","Hermit","Highlight Path","Hubris","Minty Spire (QoL Compilation)","Quick Restart","Rare Cards Sparkle","Shop Mod","StSLib","The Cursed","The Hierophant"],"gold_per_floor":[112,125,144,219,184,210,262,280,280,312,325,335,366,87,87,185,185,195,212,224,224,15,15,49,49,49,78,78,32,67,87,87,87,87],"floor_reached":33,"language":"ENG","playtime":2357,"items_purged":[],"score":628,"play_id":"def9e77f-00a5-422e-b4c3-467ebf666208","local_time":"20210130141418","is_ascension_mode":true,"campfire_choices":[{"floor":15.0,"key":"REST"},{"floor":23.0,"key":"REST"},{"data":"TheCursedMod:CollectTribute","floor":25.0,"key":"SMITH"},{"floor":32.0,"key":"REST"}],"circlet_count":0,"master_deck":["TheCursedMod:Strike_TheCursed","TheCursedMod:Strike_TheCursed","TheCursedMod:Strike_TheCursed","TheCursedMod:Strike_TheCursed","TheCursedMod:Defend_TheCursed","TheCursedMod:Defend_TheCursed","TheCursedMod:Defend_TheCursed","TheCursedMod:Defend_TheCursed","TheCursedMod:CursedWand","TheCursedMod:CleanUpWorkshop","TheCursedMod:Dregs","TheCursedMod:CursedBlade","TheCursedMod:SpitefulStrike","TheCursedMod:CursedAmulet","TheCursedMod:SoulReap","TheCursedMod:TacticalStrike","TheCursedMod:WearCloak","TheCursedMod:TroublousMinions","TheCursedMod:AntiAging","TheCursedMod:SpreadPlague","Apotheosis","TheCursedMod:WearCloak","TheCursedMod:CursedBoomerang","TheCursedMod:LuckyCharm","TheCursedMod:CollectTribute+1","TheCursedMod:VitalStrike","TheCursedMod:TacticalStrike","TheCursedMod:SpitefulStrike","Dramatic Entrance","TheCursedMod:SurpriseAttack","TheCursedMod:HellfireBreathing","TheCursedMod:CircleOfCorruption+1","TheCursedMod:CursedMace","TheCursedMod:CursedMace+1","TheCursedMod:TacticalStrike","TheCursedMod:SoulReap+1","TheCursedMod:TroublousMinions","TheCursedMod:Grudge"],"relics":["TheCursedMod:BlackMagic101","Dream Catcher","Letter Opener","Strawberry","Ornamental Fan","hubris:CrackedHourglass","Bronze Scales","TheCursedMod:CrystalBall","hubris:ToyBattleship","hubris:PeanutButter"],"acts_visited":["Exordium","TheCity"],"potions_floor_usage":[33],"damage_taken":[{"damage":2.0,"enemies":"Small Slimes","floor":1.0,"turns":4.0},{"damage":2.0,"enemies":"Jaw Worm","floor":2.0,"turns":3.0},{"damage":0.0,"enemies":"Cultist","floor":3.0,"turns":3.0},{"damage":31.0,"enemies":"Lagavulin","floor":6.0,"turns":8.0},{"damage":6.0,"enemies":"2 Fungi Beasts","floor":8.0,"turns":3.0},{"damage":41.0,"enemies":"Gremlin Nob","floor":10.0,"turns":5.0},{"damage":0.0,"enemies":"3 Louse","floor":11.0,"turns":3.0},{"damage":0.0,"enemies":"Red Slaver","floor":12.0,"turns":3.0},{"damage":24.0,"enemies":"3 Sentries","floor":13.0,"turns":10.0},{"damage":30.0,"enemies":"Hexaghost","floor":16.0,"turns":10.0},{"damage":22.0,"enemies":"Spheric Guardian","floor":18.0,"turns":4.0},{"damage":6.0,"enemies":"2 Thieves","floor":19.0,"turns":4.0},{"damage":28.0,"enemies":"Snake Plant","floor":20.0,"turns":6.0},{"damage":15.0,"enemies":"Slavers","floor":24.0,"turns":4.0},{"damage":4.0,"enemies":"Gremlin Leader","floor":27.0,"turns":5.0},{"damage":34.0,"enemies":"Slavers","floor":30.0,"turns":2.0},{"damage":0.0,"enemies":"Cultist and Chosen","floor":31.0,"turns":3.0}],"seed_played":"5427977501231382956","potions_obtained":[{"floor":1.0,"key":"LiquidMemories"},{"floor":8.0,"key":"TheCursedMod:DregsPotion"},{"floor":10.0,"key":"SneckoOil"},{"floor":12.0,"key":"SteroidPotion"},{"floor":18.0,"key":"EssenceOfSteel"},{"floor":20.0,"key":"DuplicationPotion"},{"floor":21.0,"key":"ColorlessPotion"},{"floor":21.0,"key":"SkillPotion"},{"floor":27.0,"key":"GamblersBrew"},{"floor":31.0,"key":"DuplicationPotion"}],"is_trial":false,"path_per_floor":["M","M","M","?","?","E","?","M","T","E","M","M","E","$","R","B",null,"M","M","M","?","$","R","E","R","T","E","?","$","E","M","R","B"],"character_chosen":"THE_CURSED","items_purchased":["Apotheosis","TheCursedMod:WearCloak","TheCursedMod:CursedBoomerang","Dramatic Entrance","TheCursedMod:SurpriseAttack","TheCursedMod:HellfireBreathing","TheCursedMod:TacticalStrike"],"campfire_rested":3,"item_purchase_floors":[14,14,14,22,22,22,29],"current_hp_per_floor":[73,71,71,60,80,49,49,48,48,19,24,29,12,12,39,16,74,54,58,37,37,37,67,52,52,52,60,60,60,36,48,80,0,0],"gold":87,"neow_bonus":"TEN_PERCENT_HP_BONUS","is_daily":false,"chose_seed":false,"campfire_upgraded":1,"win_rate":0.0,"timestamp":1612016058,"path_taken":["M","M","M","?","?","E","?","M","T","E","M","M","E","$","R","BOSS","M","M","M","?","?","R","E","R","T","E","?","$","E","M","R","BOSS"],"items_purchased_type":["Card","Card","Card","Card","Card","Card","Card"],"build_version":"2020-12-22","purchased_purges":0,"victory":false,"max_hp_per_floor":[82,82,82,82,82,82,82,82,82,89,89,89,91,91,91,93,93,95,98,100,100,100,100,100,100,100,102,102,102,105,107,107,109,109],"card_choices":[{"not_picked":["TheCursedMod:HellsGateOpen","TheCursedMod:VitalStrike"],"picked":"TheCursedMod:CursedBlade","floor":1.0},{"not_picked":["TheCursedMod:RapidMovement","TheCursedMod:Stretching"],"picked":"TheCursedMod:SpitefulStrike","floor":2.0},{"not_picked":["TheCursedMod:ManaCirculation","TheCursedMod:BloodBarrier"],"picked":"TheCursedMod:CursedAmulet","floor":3.0},{"not_picked":["TheCursedMod:UltimatePain","TheCursedMod:Obscuration"],"picked":"TheCursedMod:SoulReap","floor":6.0},{"not_picked":["TheCursedMod:Stretching","TheCursedMod:CircleOfCorruption"],"picked":"TheCursedMod:TacticalStrike","floor":8.0},{"not_picked":["TheCursedMod:CursedBlade","TheCursedMod:VitalStrike"],"picked":"TheCursedMod:WearCloak","floor":10.0},{"not_picked":["TheCursedMod:SmokeScreen","TheCursedMod:Obscuration"],"picked":"TheCursedMod:TroublousMinions","floor":11.0},{"not_picked":["TheCursedMod:Stretching","TheCursedMod:CursedAmulet"],"picked":"TheCursedMod:AntiAging","floor":12.0},{"not_picked":["TheCursedMod:HellsGateOpen","TheCursedMod:Mangle"],"picked":"TheCursedMod:SpreadPlague","floor":13.0},{"not_picked":["TheCursedMod:CircleOfFocus","TheCursedMod:Wield"],"picked":"TheCursedMod:LuckyCharm","floor":15.0},{"not_picked":["TheCursedMod:StunningStrike","TheCursedMod:ManaCirculation"],"picked":"TheCursedMod:CollectTribute","floor":16.0},{"not_picked":["TheCursedMod:Wield+1","TheCursedMod:FleshFromBone"],"picked":"TheCursedMod:VitalStrike","floor":18.0},{"not_picked":["TheCursedMod:Stretching","TheCursedMod:RavingStaff"],"picked":"TheCursedMod:TacticalStrike","floor":19.0},{"not_picked":["TheCursedMod:PrepareRite","TheCursedMod:ManaCirculation"],"picked":"TheCursedMod:SpitefulStrike","floor":20.0},{"not_picked":["TheCursedMod:CursedShiv","TheCursedMod:AshesToAshes"],"picked":"TheCursedMod:CircleOfCorruption+1","floor":23.0},{"not_picked":["TheCursedMod:EmpowerCircles","TheCursedMod:CircleOfWindfury"],"picked":"TheCursedMod:CursedMace","floor":24.0},{"not_picked":["TheCursedMod:RapidMovement","TheCursedMod:AshesToAshes"],"picked":"TheCursedMod:CursedMace+1","floor":27.0},{"not_picked":["TheCursedMod:FleshFromBone+1","TheCursedMod:CursedAmulet"],"picked":"TheCursedMod:SoulReap+1","floor":30.0},{"not_picked":["TheCursedMod:CursedShiv","TheCursedMod:ManaBullet"],"picked":"TheCursedMod:TroublousMinions","floor":31.0},{"not_picked":["TheCursedMod:Torture","TheCursedMod:Evocation+1"],"picked":"TheCursedMod:Grudge","floor":32.0}],"player_experience":427110,"relics_obtained":[{"floor":6.0,"key":"Dream Catcher"},{"floor":9.0,"key":"Letter Opener"},{"floor":10.0,"key":"Strawberry"},{"floor":13.0,"key":"Ornamental Fan"},{"floor":24.0,"key":"Bronze Scales"},{"floor":26.0,"key":"TheCursedMod:CrystalBall"},{"floor":27.0,"key":"hubris:ToyBattleship"},{"floor":30.0,"key":"hubris:PeanutButter"}],"event_choices":[{"damage_healed":0.0,"max_hp_gain":0.0,"max_hp_loss":0.0,"gold_gain":75.0,"event_name":"World of Goop","player_choice":"Gather Gold","floor":4.0,"gold_loss":0.0,"damage_taken":11.0},{"damage_healed":20.0,"max_hp_gain":0.0,"max_hp_loss":0.0,"gold_gain":0.0,"event_name":"The Cleric","player_choice":"Healed","floor":5.0,"gold_loss":35.0,"damage_taken":0.0},{"damage_healed":0.0,"max_hp_gain":0.0,"max_hp_loss":0.0,"gold_gain":52.0,"event_name":"Golden Wing","player_choice":"Gained Gold","floor":7.0,"gold_loss":0.0,"damage_taken":0.0},{"damage_healed":0.0,"max_hp_gain":0.0,"max_hp_loss":0.0,"gold_gain":0.0,"event_name":"Lab","player_choice":"Got Potions","floor":21.0,"gold_loss":0.0,"damage_taken":0.0},{"damage_healed":0.0,"max_hp_gain":0.0,"max_hp_loss":0.0,"gold_gain":0.0,"event_name":"Purifier","player_choice":"Ignored","floor":28.0,"gold_loss":0.0,"damage_taken":0.0}],"is_beta":false,"boss_relics":[{"not_picked":["hubris:HollowSoul","Ectoplasm"],"picked":"hubris:CrackedHourglass"}],"items_purged_floors":[],"is_endless":false,"potions_floor_spawned":[1,8,10,12,18,20,27,31],"killed_by":"hubris:MusketHawk","ascension_level":6}}