{"host":"kh6fvhxn285ncg0o","time":1612012344,"event":{"mods":["Act Like it!","BaseMod","Colored Map","Friendly Minions","Keyboard Shortcuts","Minty Spire (QoL Compilation)","Quick Restart","Relic Stats","StSLib","SuperFastMode","UnlockEverythingMod"],"gold_per_floor":[110,128,128,53,203,228,240,252,289,301,338,370,410,422,434,524,536,561,302,319,333,248,248,282,282,282,282,295,320,320,340,340,418,418,435,435,435,11,58,92,105,105,130,163,163,179,211,228,228,228,228],"floor_reached":50,"language":"KOR","playtime":2007,"items_purged":["Strike_R","Doubt"],"score":1272,"play_id":"56fbb34a-c552-4bdd-8375-c7504b1a696e","local_time":"20210130221224","is_ascension_mode":true,"campfire_choices":[{"data":"Uppercut","floor":7.0,"key":"SMITH"},{"data":"Spot Weakness","floor":10.0,"key":"SMITH"},{"floor":15.0,"key":"REST"},{"data":"Immolate","floor":23.0,"key":"SMITH"},{"floor":27.0,"key":"REST"},{"data":"Body Slam","floor":32.0,"key":"SMITH"},{"floor":49,"key":"RECALL"}],"circlet_count":0,"master_deck":["AscendersBane","Strike_R+1","Defend_R","Defend_R+1","Defend_R","Defend_R","Bash+1","Uppercut+1","Spot Weakness+1","Pummel+1","Barricade","Immolate+1","Sword Boomerang+1","Dark Embrace","Evolve","Body Slam+1","Exhume","True Grit+1","Thunderclap+1","Impervious+1","Master of Strategy","Thinking Ahead","Violence","Shockwave","Battle Trance","Feel No Pain","Feel No Pain+1","Sever Soul"],"relics":["Burning Blood","NeowsBlessing","Bronze Scales","MawBank","Strawberry","Potion Belt","White Beast Statue","Vajra","Velvet Choker","Bag of Marbles","Regal Pillow","StrikeDummy","Pantograph","Enchiridion","Astrolabe","Bag of Preparation","HornCleat","Bird Faced Urn","Whetstone","MealTicket","Orichalcum","Akabeko"],"acts_visited":["Exordium","TheCity","TheBeyond"],"potions_floor_usage":[40,40,44,45,47,48],"damage_taken":[{"damage":0.0,"enemies":"Cultist","floor":1.0,"turns":1.0},{"damage":0.0,"enemies":"2 Louse","floor":2.0,"turns":1.0},{"damage":0.0,"enemies":"Lagavulin","floor":6.0,"turns":1.0},{"damage":20.0,"enemies":"3 Sentries","floor":11.0,"turns":6.0},{"damage":2.0,"enemies":"Jaw Worm","floor":12.0,"turns":3.0},{"damage":25.0,"enemies":"Lagavulin","floor":13.0,"turns":6.0},{"damage":36.0,"enemies":"The Guardian","floor":16.0,"turns":12.0},{"damage":12.0,"enemies":"Chosen","floor":18.0,"turns":3.0},{"damage":0.0,"enemies":"2 Thieves","floor":20.0,"turns":1.0},{"damage":28.0,"enemies":"Sentry and Sphere","floor":21.0,"turns":4.0},{"damage":20.0,"enemies":"Slavers","floor":24.0,"turns":3.0},{"damage":1.0,"enemies":"Chosen and Byrds","floor":28.0,"turns":3.0},{"damage":16.0,"enemies":"Book of Stabbing","floor":29.0,"turns":4.0},{"damage":1.0,"enemies":"3 Cultists","floor":31.0,"turns":3.0},{"damage":71.0,"enemies":"Champ","floor":33.0,"turns":10.0},{"damage":0,"enemies":"3 Darklings","floor":35,"turns":1},{"damage":13,"enemies":"2 Orb Walkers","floor":39,"turns":3},{"damage":38,"enemies":"Reptomancer","floor":40,"turns":5},{"damage":0,"enemies":"3 Shapes","floor":41,"turns":5},{"damage":35,"enemies":"Giant Head","floor":44,"turns":8},{"damage":0,"enemies":"Transient","floor":45,"turns":3},{"damage":0,"enemies":"Spire Growth","floor":46,"turns":4},{"damage":11,"enemies":"Reptomancer","floor":47,"turns":6},{"damage":0,"enemies":"3 Darklings","floor":48,"turns":1},{"damage":84,"enemies":"Awakened One","floor":50,"turns":8}],"seed_played":"-7103375231583875365","potions_obtained":[{"floor":1.0,"key":"Fire Potion"},{"floor":6.0,"key":"Fire Potion"},{"floor":12.0,"key":"Explosive Potion"},{"floor":13.0,"key":"SteroidPotion"},{"floor":16.0,"key":"Ancient Potion"},{"floor":18.0,"key":"Fire Potion"},{"floor":20.0,"key":"PowerPotion"},{"floor":21.0,"key":"Swift Potion"},{"floor":24.0,"key":"Dexterity Potion"},{"floor":28.0,"key":"Explosive Potion"},{"floor":29.0,"key":"Regen Potion"},{"floor":31.0,"key":"Swift Potion"},{"floor":33.0,"key":"SkillPotion"},{"floor":35,"key":"SkillPotion"},{"floor":39,"key":"SmokeBomb"},{"floor":40,"key":"Dexterity Potion"},{"floor":41,"key":"BloodPotion"},{"floor":44,"key":"ColorlessPotion"},{"floor":46,"key":"Ancient Potion"},{"floor":47,"key":"SmokeBomb"},{"floor":48,"key":"Dexterity Potion"}],"is_trial":false,"path_per_floor":["M","M","T","$","?","E","R","T","T","R","E","M","E","?","R","B",null,"M","$","M","M","?","R","E","?","T","R","M","E","?","M","R","B",null,"M","?","?","$","?","E","M","$","T","E","M","M","E","M","R","B"],"character_chosen":"IRONCLAD","items_purchased":["Bag of Marbles","Bag of Preparation","HornCleat"],"campfire_rested":2,"item_purchase_floors":[19,38,38],"current_hp_per_floor":[74,75,75,75,75,75,75,82,82,82,68,72,53,28,52,22,67,61,61,67,45,45,45,31,31,31,70,75,65,44,58,58,17,66,72,72,62,62,55,27,41,41,41,18,28,44,49,72,72,0,0],"gold":228,"neow_bonus":"THREE_ENEMY_KILL","is_daily":false,"chose_seed":false,"campfire_upgraded":4,"win_rate":0.0,"timestamp":1612012344,"path_taken":["M","?","?","$","?","E","R","?","T","R","E","M","E","?","R","BOSS","M","$","M","M","?","R","E","?","T","R","M","E","?","M","R","BOSS","M","?","?","$","?","E","M","?","T","E","?","M","E","M","R","BOSS"],"items_purchased_type":["Relic","Relic","Relic"],"build_version":"2020-12-22","purchased_purges":2,"victory":false,"max_hp_per_floor":[75,75,75,75,75,75,75,82,82,82,82,82,82,82,82,82,82,82,82,82,82,82,82,82,82,82,82,82,82,82,82,82,82,82,82,78,78,78,78,78,78,78,78,78,78,78,78,78,78,78,78],"relic_stats":{"Regal Pillow":15,"counters":[25,105],"Astrolabe":["True Grit","Thunderclap","Impervious"],"Bag of Preparation":[18],"Whetstone":["Bash","Pummel"],"Orichalcum":[12],"MawBank":156,"Burning Blood":133,"Bronze Scales":[285],"Pantograph":30,"Bird Faced Urn":[46],"MealTicket":0,"obtain_stats":[{"Potion Belt":9,"Regal Pillow":22,"NeowsBlessing":0,"Astrolabe":34,"Vajra":13,"Velvet Choker":17,"Enchiridion":30,"Bag of Preparation":38,"Whetstone":40,"Orichalcum":44,"MawBank":6,"Burning Blood":0,"White Beast Statue":11,"Akabeko":47,"HornCleat":38,"Bronze Scales":3,"Strawberry":8,"Pantograph":29,"Bird Faced Urn":39,"MealTicket":43,"Bag of Marbles":19,"StrikeDummy":24},{"Potion Belt":3,"Regal Pillow":10,"NeowsBlessing":0,"Astrolabe":15,"Vajra":6,"Velvet Choker":7,"Enchiridion":13,"Bag of Preparation":16,"Whetstone":18,"Orichalcum":20,"MawBank":3,"Burning Blood":0,"White Beast Statue":4,"Akabeko":23,"HornCleat":16,"Bronze Scales":2,"Strawberry":3,"Pantograph":13,"Bird Faced Urn":17,"MealTicket":19,"Bag of Marbles":8,"StrikeDummy":11},{"Potion Belt":3,"Regal Pillow":38,"NeowsBlessing":0,"Astrolabe":61,"Vajra":18,"Velvet Choker":30,"Enchiridion":48,"Bag of Preparation":62,"Whetstone":70,"Orichalcum":83,"MawBank":3,"Burning Blood":0,"White Beast Statue":9,"Akabeko":96,"HornCleat":62,"Bronze Scales":2,"Strawberry":3,"Pantograph":48,"Bird Faced Urn":65,"MealTicket":75,"Bag of Marbles":33,"StrikeDummy":41}]},"card_choices":[{"not_picked":["Dropkick","Pommel Strike"],"picked":"Uppercut","floor":1.0},{"not_picked":["Shockwave","Warcry"],"picked":"Spot Weakness","floor":6.0},{"not_picked":["Armaments","Cleave"],"picked":"Pummel","floor":12.0},{"not_picked":["Fiend Fire","Fire Breathing"],"picked":"Barricade","floor":13.0},{"not_picked":["Barricade","Limit Break"],"picked":"Immolate","floor":16.0},{"not_picked":["Dropkick","Inflame"],"picked":"Sword Boomerang+1","floor":18.0},{"not_picked":["Inflame","Pommel Strike","Iron Wave"],"picked":"SKIP","floor":20.0},{"not_picked":["Perfected Strike","Sword Boomerang"],"picked":"Dark Embrace","floor":21.0},{"not_picked":["Iron Wave","Metallicize","Twin Strike"],"picked":"SKIP","floor":24.0},{"not_picked":["Clash","Barricade","Rampage+1"],"picked":"SKIP","floor":28.0},{"not_picked":["Perfected Strike","Disarm"],"picked":"Body Slam","floor":29.0},{"not_picked":["Armaments","Heavy Blade","Dual Wield"],"picked":"SKIP","floor":31.0},{"not_picked":["Corruption","Juggernaut"],"picked":"Exhume","floor":33.0},{"not_picked":["Perfected Strike","Fire Breathing","Evolve+1"],"picked":"SKIP","floor":35},{"not_picked":["Dark Shackles","Transmutation"],"picked":"Master of Strategy","floor":37},{"not_picked":["Swift Strike","Flash of Steel"],"picked":"Thinking Ahead","floor":37},{"not_picked":["Blind","Purity"],"picked":"Violence","floor":37},{"not_picked":["Metallicize","True Grit"],"picked":"Shockwave","floor":39},{"not_picked":["Spot Weakness","Searing Blow"],"picked":"Battle Trance","floor":40},{"not_picked":["Clash+1","Body Slam","Demon Form"],"picked":"SKIP","floor":41},{"not_picked":["Rupture","Anger"],"picked":"Feel No Pain","floor":44},{"not_picked":["Iron Wave","Pommel Strike"],"picked":"Feel No Pain+1","floor":46},{"not_picked":["Clothesline","Pommel Strike","Clash+1"],"picked":"SKIP","floor":47},{"not_picked":["Sever Soul","Cleave","Pommel Strike"],"picked":"SKIP","floor":48},{"not_picked":["Cleave","Pommel Strike"],"picked":"Sever Soul","floor":48}],"player_experience":1297806,"relics_obtained":[{"floor":3.0,"key":"Bronze Scales"},{"floor":6.0,"key":"MawBank"},{"floor":8.0,"key":"Strawberry"},{"floor":9.0,"key":"Potion Belt"},{"floor":11.0,"key":"White Beast Statue"},{"floor":13.0,"key":"Vajra"},{"floor":24.0,"key":"StrikeDummy"},{"floor":29.0,"key":"Pantograph"},{"floor":30.0,"key":"Enchiridion"},{"floor":39,"key":"Bird Faced Urn"},{"floor":40,"key":"Whetstone"},{"floor":43,"key":"MealTicket"},{"floor":44,"key":"Orichalcum"},{"floor":47,"key":"Akabeko"}],"event_choices":[{"damage_healed":0.0,"max_hp_gain":0.0,"max_hp_loss":0.0,"gold_gain":150.0,"event_name":"Liars Game","player_choice":"AGREE","floor":5.0,"gold_loss":0.0,"damage_taken":0.0,"cards_obtained":["Doubt"]},{"damage_healed":0.0,"max_hp_gain":0.0,"max_hp_loss":0.0,"gold_gain":0.0,"event_name":"Shining Light","player_choice":"Entered Light","floor":14.0,"gold_loss":0.0,"damage_taken":25.0,"cards_upgraded":["Strike_R","Defend_R"]},{"damage_healed":0.0,"max_hp_gain":0.0,"max_hp_loss":0.0,"gold_gain":0.0,"event_name":"Addict","player_choice":"Obtained Relic","floor":22.0,"gold_loss":85.0,"damage_taken":0.0,"relics_obtained":["Regal Pillow"]},{"damage_healed":0.0,"max_hp_gain":0.0,"max_hp_loss":0.0,"gold_gain":0.0,"event_name":"The Library","player_choice":"Read","floor":25.0,"gold_loss":0.0,"damage_taken":0.0,"cards_obtained":["Evolve"]},{"damage_healed":0.0,"max_hp_gain":0.0,"max_hp_loss":0.0,"gold_gain":0.0,"event_name":"Cursed Tome","player_choice":"Obtained Book","floor":30.0,"gold_loss":0.0,"damage_taken":21.0},{"damage_healed":0,"gold_gain":0,"player_choice":"Max HP","damage_taken":0,"max_hp_gain":0,"max_hp_loss":4,"event_name":"Winding Halls","floor":36,"gold_loss":0},{"damage_healed":0,"gold_gain":0,"player_choice":"Memory 3","damage_taken":10,"max_hp_gain":0,"max_hp_loss":0,"event_name":"SensoryStone","floor":37,"gold_loss":0},{"damage_healed":0,"gold_gain":0,"player_choice":"Fight","damage_taken":0,"max_hp_gain":0,"max_hp_loss":0,"event_name":"Mysterious Sphere","floor":39,"gold_loss":0}],"is_beta":false,"boss_relics":[{"not_picked":["Runic Dome","Philosopher\u0027s Stone"],"picked":"Velvet Choker"},{"not_picked":["SacredBark","Fusion Hammer"],"picked":"Astrolabe"}],"items_purged_floors":[4,19],"is_endless":false,"potions_floor_spawned":[1,6,12,13,16,18,20,21,24,28,29,31,33,35,39,40,41,44,45,46,47,48],"killed_by":"Awakened One","ascension_level":20}}