{"host":"ilhhjx796p2x2wmd","time":1612024042,"event":{"mods":["AchievementEnabler","BaseMod","BetterRewards","Colored Map","Colored Powertips","DeckTracker","Highlight Path","Minty Spire (QoL Compilation)","Permanent Neow","Rare Cards Sparkle","Shop Mod"],"gold_per_floor":[111,130,147,162,162,193,193,193,193,224,22,56,80,99,99,222,222,243,243,42,66,80,80,120,120,120,120,120,245,21,45,57,192,204,239,584,608,270,280,280,305,305,305,339,339,0,0,0,0,0],"floor_reached":51,"language":"KOR","playtime":1278,"items_purged":["Pain","Injury"],"score":1006,"play_id":"6feedcb8-38f8-465c-ba4c-d2d07862d35e","local_time":"20210131012722","is_ascension_mode":true,"campfire_choices":[{"floor":8.0,"key":"REST"},{"floor":15.0,"key":"REST"},{"data":"Demon Form","floor":23.0,"key":"SMITH"},{"floor":25.0,"key":"REST"},{"data":"Armaments","floor":28.0,"key":"SMITH"},{"floor":32.0,"key":"DIG"},{"floor":40.0,"key":"DIG"},{"floor":45.0,"key":"REST"},{"floor":49.0,"key":"DIG"}],"circlet_count":0,"master_deck":["Strike_R+1","Strike_R+1","Strike_R+1","Strike_R+1","Strike_R+1","Defend_R+1","Defend_R+1","Bash","Twin Strike","Cleave","Perfected Strike+1","Shrug It Off","Immolate","Pommel Strike","Armaments+1","True Grit","Shrug It Off","Demon Form+1","Inflame+1","Perfected Strike","Battle Trance","Shrug It Off+1","Offering+1","Perfected Strike+1","Demon Form+1","Parasite","Feed","Madness+1","Panacea+1","Decay"],"relics":["Burning Blood","White Beast Statue","Eternal Feather","Self Forming Clay","Orrery","Pen Nib","Cursed Key","Vajra","Toxic Egg 2","Gremlin Horn","Blue Candle","Shovel","Letter Opener","Frozen Eye","MawBank","Orichalcum","Fusion Hammer","DollysMirror","Mercury Hourglass","Lantern","Pantograph","Unceasing Top","Red Mask","Mummified Hand"],"acts_visited":["Exordium","TheCity","TheBeyond"],"potions_floor_usage":[50,50],"damage_taken":[{"damage":12.0,"enemies":"Jaw Worm","floor":1.0,"turns":2.0},{"damage":8.0,"enemies":"2 Louse","floor":2.0,"turns":2.0},{"damage":0.0,"enemies":"Cultist","floor":3.0,"turns":2.0},{"damage":11.0,"enemies":"Looter","floor":4.0,"turns":2.0},{"damage":40.0,"enemies":"Lagavulin","floor":6.0,"turns":4.0},{"damage":19.0,"enemies":"3 Sentries","floor":10.0,"turns":7.0},{"damage":20.0,"enemies":"Lagavulin","floor":12.0,"turns":4.0},{"damage":1.0,"enemies":"Blue Slaver","floor":13.0,"turns":2.0},{"damage":0.0,"enemies":"3 Louse","floor":14.0,"turns":1.0},{"damage":46.0,"enemies":"Slime Boss","floor":16.0,"turns":11.0},{"damage":17.0,"enemies":"Shell Parasite","floor":18.0,"turns":4.0},{"damage":7.0,"enemies":"3 Byrds","floor":21.0,"turns":4.0},{"damage":16.0,"enemies":"Cultist and Chosen","floor":22.0,"turns":4.0},{"damage":49.0,"enemies":"Book of Stabbing","floor":24.0,"turns":5.0},{"damage":21.0,"enemies":"Colosseum Slavers","floor":29.0,"turns":2.0},{"damage":12.0,"enemies":"Colosseum Nobs","floor":29.0,"turns":3.0},{"damage":48.0,"enemies":"Collector","floor":33.0,"turns":8.0},{"damage":20.0,"enemies":"3 Darklings","floor":35.0,"turns":3.0},{"damage":1.0,"enemies":"3 Shapes","floor":37.0,"turns":2.0},{"damage":4.0,"enemies":"Writhing Mass","floor":39.0,"turns":3.0},{"damage":38.0,"enemies":"Reptomancer","floor":41.0,"turns":4.0},{"damage":25.0,"enemies":"Nemesis","floor":44.0,"turns":3.0},{"damage":0.0,"enemies":"Jaw Worm Horde","floor":47.0,"turns":1.0},{"damage":71,"enemies":"Awakened One","floor":50,"turns":6}],"seed_played":"-4240190741215338832","potions_obtained":[{"floor":2.0,"key":"Energy Potion"},{"floor":10.0,"key":"SteroidPotion"},{"floor":12.0,"key":"Block Potion"},{"floor":13.0,"key":"BloodPotion"},{"floor":14.0,"key":"Explosive Potion"},{"floor":16.0,"key":"AttackPotion"},{"floor":18.0,"key":"ColorlessPotion"},{"floor":24.0,"key":"Regen Potion"},{"floor":29.0,"key":"SteroidPotion"},{"floor":33.0,"key":"ElixirPotion"},{"floor":35.0,"key":"SneckoOil"},{"floor":39.0,"key":"SteroidPotion"},{"floor":44.0,"key":"PowerPotion"}],"is_trial":false,"path_per_floor":["M","M","M","M","?","E","?","R","T","E","$","E","M","M","R","B",null,"M","?","$","M","M","R","E","R","T","?","R","?","$","T","R","B",null,"M","?","M","$","M","R","E","?","T","E","R","?","M","?","R","B",null],"character_chosen":"IRONCLAD","items_purchased":["Orrery","Swift Potion","Vajra","Perfected Strike","Frozen Eye","DollysMirror","EntropicBrew"],"campfire_rested":4,"item_purchase_floors":[11,11,20,20,30,38,38],"current_hp_per_floor":[66,64,70,65,65,31,13,34,34,21,21,7,12,18,48,22,60,49,49,49,48,38,50,7,40,40,40,52,31,31,31,43,16,58,44,44,49,49,51,66,34,29,29,10,49,49,55,55,72,11],"gold":0,"neow_bonus":"TRANSFORM_TWO_CARDS","is_daily":false,"chose_seed":false,"campfire_upgraded":2,"win_rate":0.0,"timestamp":1612024042,"path_taken":["M","M","M","M","?","E","?","R","T","E","?","E","?","M","R","BOSS","M","?","$","M","M","R","E","R","T","?","R","?","?","?","R","BOSS","M","?","M","$","M","R","E","?","T","E","R","?","M","?","R","BOSS"],"items_purchased_type":["Relic","Potion","Relic","Card","Relic","Relic","Potion"],"build_version":"2020-12-22","purchased_purges":2,"victory":true,"max_hp_per_floor":[72,72,72,72,72,72,72,72,72,72,72,72,72,72,72,72,72,72,72,72,72,72,72,72,72,72,72,72,72,72,72,72,72,72,72,72,72,72,72,72,72,72,72,72,72,72,72,72,72,76],"card_choices":[{"not_picked":["Headbutt","Combust","Flex"],"picked":"SKIP","floor":1.0},{"not_picked":["Shrug It Off","Warcry"],"picked":"Perfected Strike","floor":2.0},{"not_picked":["Combust","Second Wind","Anger"],"picked":"SKIP","floor":3.0},{"not_picked":["Dark Embrace","Pummel"],"picked":"Shrug It Off","floor":4.0},{"not_picked":["Clothesline","Rage","Cleave"],"picked":"SKIP","floor":6.0},{"not_picked":["Hemokinesis","Limit Break"],"picked":"Immolate","floor":10.0},{"not_picked":["Warcry","Clothesline"],"picked":"Pommel Strike","floor":11.0},{"not_picked":["Iron Wave","Rupture"],"picked":"Armaments","floor":11.0},{"not_picked":["Body Slam","Second Wind","Hemokinesis"],"picked":"SKIP","floor":12.0},{"not_picked":["Clash","Havoc"],"picked":"True Grit","floor":13.0},{"not_picked":["Ghostly Armor","Flex"],"picked":"Shrug It Off","floor":14.0},{"not_picked":["Exhume","Barricade"],"picked":"Demon Form","floor":16.0},{"not_picked":["Pommel Strike","Flex"],"picked":"Inflame+1","floor":18.0},{"not_picked":["Iron Wave","Seeing Red"],"picked":"Battle Trance","floor":21.0},{"not_picked":["Cleave","Armaments+1","Clash"],"picked":"SKIP","floor":22.0},{"not_picked":["Sever Soul","Dual Wield+1","Warcry+1"],"picked":"SKIP","floor":24.0},{"not_picked":["Wild Strike+1","True Grit+1"],"picked":"Shrug It Off+1","floor":29.0},{"not_picked":["Feed","Bludgeon"],"picked":"Offering+1","floor":33.0},{"not_picked":["Wild Strike+1","Iron Wave+1"],"picked":"Perfected Strike+1","floor":35.0},{"not_picked":["Flex+1","Body Slam","Sword Boomerang+1"],"picked":"SKIP","floor":37.0},{"not_picked":["Berserk","Anger","Flex+1"],"picked":"SKIP","floor":39.0},{"not_picked":["Thunderclap","Bloodletting+1"],"picked":"Feed","floor":41.0},{"not_picked":["Deep Breath+1","Mind Blast"],"picked":"Madness+1","floor":42.0},{"not_picked":["Dramatic Entrance","Purity+1"],"picked":"Panacea+1","floor":42.0},{"not_picked":["Sword Boomerang+1","Flex+1","Second Wind+1"],"picked":"SKIP","floor":44.0}],"player_experience":317093,"relics_obtained":[{"floor":6.0,"key":"White Beast Statue"},{"floor":9.0,"key":"Eternal Feather"},{"floor":10.0,"key":"Self Forming Clay"},{"floor":12.0,"key":"Pen Nib"},{"floor":24.0,"key":"Toxic Egg 2"},{"floor":26.0,"key":"Gremlin Horn"},{"floor":29.0,"key":"Shovel"},{"floor":29.0,"key":"Letter Opener"},{"floor":31.0,"key":"MawBank"},{"floor":32.0,"key":"Orichalcum"},{"floor":40.0,"key":"Mercury Hourglass"},{"floor":41.0,"key":"Lantern"},{"floor":43.0,"key":"Pantograph"},{"floor":44.0,"key":"Unceasing Top"},{"floor":49.0,"key":"Mummified Hand"}],"event_choices":[{"damage_healed":0.0,"max_hp_gain":0.0,"max_hp_loss":0.0,"gold_gain":0.0,"event_name":"Living Wall","player_choice":"Grow","floor":5.0,"gold_loss":0.0,"damage_taken":0.0,"cards_upgraded":["Perfected Strike"]},{"damage_healed":0.0,"max_hp_gain":0.0,"max_hp_loss":0.0,"gold_gain":0.0,"event_name":"Golden Idol","player_choice":"Take Damage","floor":7.0,"gold_loss":0.0,"damage_taken":18.0,"relics_obtained":["Golden Idol"]},{"damage_healed":0.0,"max_hp_gain":0.0,"max_hp_loss":0.0,"gold_gain":0.0,"event_name":"Back to Basics","player_choice":"Simplicity","floor":19.0,"gold_loss":0.0,"damage_taken":0.0,"cards_upgraded":["Strike_R","Strike_R","Strike_R","Strike_R","Strike_R","Defend_R","Defend_R"]},{"damage_healed":0.0,"max_hp_gain":0.0,"max_hp_loss":0.0,"gold_gain":0.0,"event_name":"The Mausoleum","player_choice":"Opened","floor":27.0,"gold_loss":0.0,"damage_taken":0.0,"relics_obtained":["Blue Candle"]},{"damage_healed":0.0,"max_hp_gain":0.0,"max_hp_loss":0.0,"gold_gain":0.0,"event_name":"Colosseum","player_choice":"Fight","floor":29.0,"gold_loss":0.0,"damage_taken":0.0},{"damage_healed":0.0,"max_hp_gain":0.0,"max_hp_loss":0.0,"gold_gain":0.0,"event_name":"Colosseum","player_choice":"Fought Nobs","floor":29.0,"gold_loss":0.0,"damage_taken":0.0},{"damage_healed":0.0,"max_hp_gain":0.0,"max_hp_loss":0.0,"gold_gain":333.0,"event_name":"The Moai Head","player_choice":"Gave Idol","floor":36.0,"relics_lost":["Golden Idol"],"gold_loss":0.0,"damage_taken":0.0},{"damage_healed":0.0,"max_hp_gain":0.0,"max_hp_loss":0.0,"gold_gain":0.0,"event_name":"SensoryStone","player_choice":"Memory 2","floor":42.0,"gold_loss":0.0,"damage_taken":5.0},{"damage_healed":0.0,"max_hp_gain":0.0,"max_hp_loss":0.0,"gold_gain":0.0,"event_name":"Tomb of Lord Red Mask","player_choice":"Paid","floor":46.0,"gold_loss":339.0,"damage_taken":0.0,"relics_obtained":["Red Mask"]},{"damage_healed":0.0,"max_hp_gain":0.0,"max_hp_loss":0.0,"gold_gain":0.0,"event_name":"Mysterious Sphere","player_choice":"Ignored","floor":48.0,"gold_loss":0.0,"damage_taken":0.0}],"is_beta":false,"boss_relics":[{"not_picked":["SlaversCollar","Ectoplasm"],"picked":"Cursed Key"},{"not_picked":["Runic Dome","Pandora\u0027s Box"],"picked":"Fusion Hammer"}],"items_purged_floors":[30,38],"is_endless":false,"potions_floor_spawned":[2,10,12,13,14,16,18,21,22,24,29,29,33,35,37,39,41,44,47],"ascension_level":6}}