{"host":"b5jaqh8y266k2cz4","time":1612040488,"event":{"mods":["AchievementEnabler","Aspiration","BaseMod","Colored Powertips","Conspire","Downfall","Googly Eyes","Hermit","Highlight Path","Hubris","Infinite Spire","MarisaÅiñ∂âJÅ@ñÇóùçπÅj","Mimic Mod","Minty Spire (QoL Compilation)","Replay The Spire","SOSÅiézîb?îVéqÅj","Spikes Relics","StSLib","Synergy Search","The Animator","The Cursed","The Jungle","The Necromancer","The Servant 0.9.4","The Wild Card","slay the spire mod where everything is the same but ironclad has a cowboy hat","Åyå˜î\ModÅz?ñæìIç≈?Boss"],"gold_per_floor":[112,112,112,75,95,95,130,150,177,196,98,112,112,112,112,213,213,232,65,65,65],"floor_reached":20,"language":"ENG","playtime":791,"items_purged":["Sickly","theWildCard:Arsene"],"score":207,"play_id":"343223d8-e929-4264-80e3-adb01f269b34","local_time":"20210130160128","is_ascension_mode":true,"campfire_choices":[{"data":"theWildCard:Abstinence","floor":6,"key":"SMITH"},{"data":"1","floor":13,"key":"LIFT"},{"data":"2","floor":15,"key":"LIFT"}],"circlet_count":0,"master_deck":["theWildCard:BasicStrike","theWildCard:BasicStrike","theWildCard:BasicStrike","theWildCard:BasicStrike","theWildCard:BasicDefend","theWildCard:BasicDefend","theWildCard:BasicDefend","theWildCard:BasicDefend","theWildCard:CallToAdventure","theWildCard:ArcanaArtistry","theWildCard:MagicalMight","theWildCard:Abstinence+1","theWildCard:MagicMettle","theWildCard:MagicMettle","theWildCard:UnderLockAndKey","theWildCard:SeveringSlash","theWildCard:ArchaicAssault","Regret","theWildCard:Desolation","theWildCard:Abstinence"],"relics":["theWildCard:VelvetContract","NeowsBlessing","aspiration:ChemicalBlood","Girya","Regal Pillow","ReplayTheSpireMod:CursedCoin","Nunchaku","hubris:CuriousFeather"],"acts_visited":["Exordium","theJungle:Jungle"],"potions_floor_usage":[16,16,18,20,20,20,20,20,20],"damage_taken":[{"damage":0,"enemies":"Jaw Worm","floor":1,"turns":1},{"damage":0,"enemies":"2 Louse","floor":5,"turns":1},{"damage":0,"enemies":"3 Sentries","floor":7,"turns":2},{"damage":0,"enemies":"Cultist","floor":8,"turns":3},{"damage":0,"enemies":"Large Slime","floor":10,"turns":5},{"damage":17,"enemies":"Lots of Slimes","floor":12,"turns":6},{"damage":27,"enemies":"Fading Forest","floor":16,"turns":11},{"damage":9,"enemies":"theJungle:MUSHROOMGANG","floor":18,"turns":5},{"damage":52,"enemies":"JungleHuntersEvent","floor":20,"turns":5}],"seed_played":"1359892195091776932","potions_obtained":[{"floor":1,"key":"SpeedPotion"},{"floor":12,"key":"Fire Potion"},{"floor":16,"key":"Milkshake"},{"floor":16,"key":"Explosive Potion"},{"floor":18,"key":"FearPotion"},{"floor":20,"key":"BlessingOfTheForge"},{"floor":20,"key":"hexamod:SoulburnPotion"},{"floor":20,"key":"Weak Potion"}],"is_trial":false,"path_per_floor":["M","?","?","$","M","R","E","M","T","M","$","M","R","?","R","B",null,"M","$","?"],"character_chosen":"THE_WILD_CARD","items_purchased":["theWildCard:MagicalMight","ReplayTheSpireMod:CursedCoin","Nunchaku","theWildCard:SeveringSlash","theWildCard:Abstinence"],"campfire_rested":0,"item_purchase_floors":[4,11,11,11,19],"current_hp_per_floor":[60,57,57,57,57,57,57,57,57,57,57,40,40,40,40,13,60,51,51,0,0],"gold":65,"neow_bonus":"THREE_ENEMY_KILL","is_daily":false,"chose_seed":false,"campfire_upgraded":1,"win_rate":0.0,"timestamp":1612040488,"path_taken":["M","?","?","$","M","R","E","M","T","M","$","M","R","?","R","BOSS","M","$","?"],"items_purchased_type":["Card","Relic","Relic","Card","Card"],"build_version":"2020-12-22","purchased_purges":2,"victory":false,"max_hp_per_floor":[60,60,60,60,60,60,60,60,60,60,60,60,60,60,60,60,60,60,60,60,60],"card_choices":[{"not_picked":["theWildCard:Proficiency","theWildCard:MasterPlan"],"picked":"theWildCard:ArcanaArtistry","floor":1},{"not_picked":["theWildCard:MagicMettle","theWildCard:Proficiency"],"picked":"theWildCard:Abstinence","floor":5},{"not_picked":["theWildCard:Michael","theWildCard:TheArcanaUnleashed"],"picked":"theWildCard:MagicMettle","floor":7},{"not_picked":["theWildCard:MasterPlan","theWildCard:MaskChange"],"picked":"theWildCard:MagicMettle","floor":8},{"not_picked":["theWildCard:Alice","theWildCard:Polydeuces"],"picked":"theWildCard:UnderLockAndKey","floor":10},{"not_picked":["theWildCard:Alice","theWildCard:BladeOfGenerations"],"picked":"theWildCard:ArchaicAssault","floor":12},{"not_picked":["theWildCard:FinalHour","theWildCard:FuelForTheFire"],"picked":"theWildCard:Desolation","floor":16},{"not_picked":["theWildCard:Patience","theWildCard:Loki","theWildCard:MagicMettle"],"picked":"SKIP","floor":18}],"player_experience":329414,"relics_obtained":[{"floor":7,"key":"Girya"},{"floor":9,"key":"Regal Pillow"}],"event_choices":[{"damage_healed":0,"gold_gain":0,"player_choice":"Success","damage_taken":3,"relics_obtained":["aspiration:ChemicalBlood"],"max_hp_gain":0,"max_hp_loss":0,"event_name":"Scrap Ooze","floor":2,"gold_loss":0},{"damage_healed":0,"gold_gain":0,"player_choice":"Leave","damage_taken":0,"max_hp_gain":0,"max_hp_loss":0,"event_name":"conspire:Investor","floor":3,"gold_loss":0},{"damage_healed":0,"gold_gain":0,"player_choice":"Box","damage_taken":0,"relics_obtained":["hubris:CuriousFeather"],"max_hp_gain":0,"max_hp_loss":0,"event_name":"Big Fish","floor":14,"gold_loss":0,"cards_obtained":["Regret"]}],"is_beta":false,"boss_relics":[{"not_picked":["aspiration:SilentSkillbook","Busted Crown","hubris:TerracottaHorce"]}],"items_purged_floors":[11,19],"is_endless":false,"potions_floor_spawned":[1,12,16],"killed_by":"JungleHuntersEvent","ascension_level":1}}