{"host":"m4qpn8a4h7jhbw2f","time":1612036847,"event":{"mods":["BaseMod","Colored Map","Colored Powertips","Minty Spire (QoL Compilation)","Rare Cards Sparkle","Relic Stats"],"gold_per_floor":[110,110,121,139,158,192,192,192,192,205,59,74,84,116,116,211,211,221,233,243,243,253,253,284,284,284],"floor_reached":25,"language":"ENG","playtime":1742,"items_purged":["Strike_R"],"score":261,"play_id":"9dc28035-56d5-40f5-b80f-4901fca9e257","local_time":"20210130150047","is_ascension_mode":true,"campfire_choices":[{"data":"Pommel Strike","floor":8,"key":"SMITH"},{"data":"Uppercut","floor":15,"key":"SMITH"},{"data":"Barricade","floor":23,"key":"SMITH"}],"circlet_count":0,"master_deck":["Strike_R","Strike_R","Defend_R","Defend_R","Defend_R","Defend_R","Flex+1","Uppercut+1","Headbutt+1","Reaper","Pommel Strike+1","Body Slam","Spot Weakness","Power Through","Juggernaut","Barricade+1","Pommel Strike+1","Entrench","Body Slam","Shrug It Off+1","Power Through"],"relics":["Burning Blood","Bronze Scales","Oddly Smooth Stone","Blue Candle","Empty Cage","Whetstone"],"acts_visited":["Exordium","TheCity"],"potions_floor_usage":[6,12,19,20,20,24,25],"damage_taken":[{"damage":6,"enemies":"2 Louse","floor":1,"turns":2},{"damage":10,"enemies":"Small Slimes","floor":3,"turns":3},{"damage":0,"enemies":"Cultist","floor":4,"turns":2},{"damage":7,"enemies":"3 Louse","floor":5,"turns":4},{"damage":7,"enemies":"Gremlin Nob","floor":6,"turns":3},{"damage":2,"enemies":"Gremlin Gang","floor":10,"turns":4},{"damage":17,"enemies":"Exordium Wildlife","floor":12,"turns":4},{"damage":8,"enemies":"Looter","floor":13,"turns":3},{"damage":30,"enemies":"3 Sentries","floor":14,"turns":8},{"damage":27,"enemies":"The Guardian","floor":16,"turns":11},{"damage":0,"enemies":"3 Byrds","floor":18,"turns":3},{"damage":17,"enemies":"2 Thieves","floor":19,"turns":5},{"damage":33,"enemies":"Chosen and Byrds","floor":20,"turns":9},{"damage":28,"enemies":"Snake Plant","floor":22,"turns":4},{"damage":14,"enemies":"Book of Stabbing","floor":24,"turns":7},{"damage":37,"enemies":"Sentry and Sphere","floor":25,"turns":6}],"seed_played":"4573832457354175759","potions_obtained":[{"floor":3,"key":"DistilledChaos"},{"floor":4,"key":"GamblersBrew"},{"floor":6,"key":"Explosive Potion"},{"floor":16,"key":"LiquidMemories"},{"floor":18,"key":"DistilledChaos"},{"floor":19,"key":"BlessingOfTheForge"},{"floor":21,"key":"SteroidPotion"},{"floor":21,"key":"HeartOfIron"},{"floor":24,"key":"Block Potion"}],"is_trial":false,"path_per_floor":["M","?","M","M","M","E","?","R","T","M","$","M","M","E","R","B",null,"M","M","M","?","M","R","E","M"],"character_chosen":"IRONCLAD","items_purchased":["Spot Weakness"],"campfire_rested":0,"item_purchase_floors":[11],"current_hp_per_floor":[88,88,84,88,87,86,86,86,86,88,88,83,81,64,64,43,88,88,77,50,50,28,28,20,0,0],"gold":284,"neow_bonus":"TEN_PERCENT_HP_BONUS","is_daily":false,"chose_seed":false,"campfire_upgraded":3,"win_rate":0.0,"timestamp":1612036847,"path_taken":["M","?","M","M","M","E","?","R","T","?","$","M","M","E","R","BOSS","M","M","M","?","?","R","E","M"],"items_purchased_type":["Card"],"build_version":"2020-12-22","purchased_purges":1,"victory":false,"max_hp_per_floor":[88,88,88,88,88,88,88,88,88,88,88,88,88,88,88,88,88,88,88,88,88,88,88,88,88,88],"relic_stats":{"counters":[16,78],"Bronze Scales":[264],"Blue Candle":[0],"Whetstone":["Headbutt","Pommel Strike"],"obtain_stats":[{"Bronze Scales":6,"Blue Candle":14,"Oddly Smooth Stone":9,"Whetstone":24,"Empty Cage":17,"Burning Blood":0},{"Bronze Scales":5,"Blue Candle":9,"Oddly Smooth Stone":5,"Whetstone":15,"Empty Cage":10,"Burning Blood":0},{"Bronze Scales":14,"Blue Candle":33,"Oddly Smooth Stone":14,"Whetstone":72,"Empty Cage":44,"Burning Blood":0}],"Burning Blood":80},"card_choices":[{"not_picked":["Anger","Headbutt"],"picked":"Flex","floor":1},{"not_picked":["Anger","Armaments"],"picked":"Uppercut","floor":3},{"not_picked":["Combust","Sever Soul"],"picked":"Headbutt","floor":4},{"not_picked":["Havoc","Clothesline"],"picked":"Reaper","floor":5},{"not_picked":["True Grit","Immolate"],"picked":"Pommel Strike","floor":6},{"not_picked":["Combust","Bloodletting"],"picked":"Body Slam","floor":10},{"not_picked":["Clash","Havoc"],"picked":"Power Through","floor":12},{"not_picked":["Dual Wield","Clash","Second Wind"],"picked":"SKIP","floor":13},{"not_picked":["Thunderclap","Pommel Strike"],"picked":"Juggernaut","floor":14},{"not_picked":["Fiend Fire","Immolate"],"picked":"Barricade","floor":16},{"not_picked":["Headbutt","Twin Strike"],"picked":"Pommel Strike","floor":18},{"not_picked":["Havoc","Warcry"],"picked":"Entrench","floor":19},{"not_picked":["Perfected Strike","Clash"],"picked":"Body Slam","floor":20},{"not_picked":["Iron Wave","Armaments"],"picked":"Shrug It Off+1","floor":22},{"not_picked":["Dual Wield","Combust"],"picked":"Power Through","floor":24}],"player_experience":169901,"relics_obtained":[{"floor":6,"key":"Bronze Scales"},{"floor":9,"key":"Oddly Smooth Stone"},{"floor":14,"key":"Blue Candle"},{"floor":24,"key":"Whetstone"}],"event_choices":[{"damage_healed":0,"gold_gain":0,"player_choice":"Grow","damage_taken":0,"max_hp_gain":0,"max_hp_loss":0,"event_name":"Living Wall","floor":2,"gold_loss":0,"cards_upgraded":["Flex"]},{"cards_removed":["Bash"],"damage_healed":0,"gold_gain":0,"player_choice":"Purged","damage_taken":0,"max_hp_gain":0,"max_hp_loss":0,"event_name":"Purifier","floor":7,"gold_loss":0},{"damage_healed":0,"gold_gain":0,"player_choice":"Got Potions","damage_taken":0,"max_hp_gain":0,"max_hp_loss":0,"event_name":"Lab","floor":21,"gold_loss":0}],"is_beta":false,"boss_relics":[{"not_picked":["Astrolabe","Ectoplasm"],"picked":"Empty Cage"}],"items_purged_floors":[11],"is_endless":false,"potions_floor_spawned":[3,4,6,16,18,19,24],"killed_by":"Sentry and Sphere","ascension_level":2}}