{"host":"dxb4eoww080epc4n","time":1612050173,"event":{"mods":["AchievementEnabler","BaseMod","Better Note","BetterRewards","Colored Powertips","Conspire","Energized Spire","GifTheSpireLib","Gremlin Skip","Hubris","KinomotoSakuraMod(????)","Minty Spire (QoL Compilation)","Permanent Neow","Quick Restart","Rare Cards Sparkle","Relic Sorter","Replay The Spire","Shop Mod","Spikes Relics","StSLib","The Animator"],"gold_per_floor":[112,146,171,171,17,69,91,91,167,187,187,206,220,255,255,391,391,377,403,69,69,69,107,32,55,55,55,94,94,116,116,116,222,222,248,34,57,97,119,119,119,119],"floor_reached":41,"language":"ENG","playtime":5940,"items_purged":["hubris:Compulsion"],"score":475,"play_id":"dcbbfc3c-9927-42c0-8dd3-90c4099d78e0","local_time":"20210131004253","is_ascension_mode":false,"campfire_choices":[{"floor":15,"key":"REST"},{"floor":27,"key":"RECALL"},{"floor":29,"key":"REST"},{"floor":32,"key":"REST"},{"floor":40,"key":"REST"}],"circlet_count":0,"master_deck":["animator:Strike_GoblinSlayer","animator:Defend_GoblinSlayer+1","animator:Strike+1","animator:Strike+1","animator:Defend+1","animator:LizardPriest+1","animator:DwarfShaman","animator:Shuna+1","animator:Kaijin","animator:GuildGirl","animator:LizardPriest","animator:IrohaTamaki","animator:Shuna","animator:HighElfArcher","animator:GoblinSlayer","animator:IrohaTamaki","animator:Canti+1","animator:Canti","animator:MamizouFutatsuiwa","animator:Hibiki","animator:YachiyoNanami+1","animator:Spearman+1","animator:PinaCoLada","Languid","Injury","animator:YunYun+1","animator:LizardPriest","animator:KyokoSakura+1"],"relics":["animator:LivingPicture","animator:TheMissingPiece","animator:ShionDessert","Potion Belt","MerchantsRug","Bronze Scales","animator:Hoodie","Meat on the Bone","energizedSpire:MagnifyingGlass","MealTicket","ReplayTheSpireMod:ShopPack","War Paint","animator:OldCoffin","Gremlin Food","GremlinMask","Kintsugi","conspire:BottledYoYo"],"acts_visited":["Exordium","TheCity","TheBeyond"],"potions_floor_usage":[13,19,35,41],"damage_taken":[{"damage":6,"enemies":"Jaw Worm","floor":1,"turns":4},{"damage":0,"enemies":"conspire:MimicChest","floor":2,"turns":5},{"damage":1,"enemies":"Small Slimes","floor":3,"turns":4},{"damage":8,"enemies":"3 Sentries","floor":6,"turns":8},{"damage":0,"enemies":"2 Louse","floor":7,"turns":3},{"damage":0,"enemies":"Looter","floor":10,"turns":3},{"damage":0,"enemies":"Exordium Thugs","floor":12,"turns":5},{"damage":1,"enemies":"Gremlin Gang","floor":13,"turns":4},{"damage":38,"enemies":"Gremlin Nob","floor":14,"turns":6},{"damage":21,"enemies":"Slime Boss","floor":16,"turns":13},{"damage":9,"enemies":"2 Thieves","floor":18,"turns":4},{"damage":0,"enemies":"3 Byrds","floor":19,"turns":4},{"damage":0,"enemies":"conspire:Head Lice","floor":23,"turns":12},{"damage":18,"enemies":"Cultist and Chosen","floor":25,"turns":7},{"damage":19,"enemies":"3 Cultists","floor":28,"turns":7},{"damage":12,"enemies":"Centurion and Healer","floor":30,"turns":10},{"damage":52,"enemies":"Collector","floor":33,"turns":11},{"damage":23,"enemies":"3 Darklings","floor":35,"turns":8},{"damage":11,"enemies":"Orb Walker","floor":37,"turns":4},{"damage":31,"enemies":"4 Shapes","floor":38,"turns":5},{"damage":7,"enemies":"Sphere and 2 Shapes","floor":39,"turns":5},{"damage":88,"enemies":"Reptomancer","floor":41,"turns":3}],"seed_played":"-3771082123347904485","potions_obtained":[{"floor":2,"key":"Cursed Concoction"},{"floor":3,"key":"Block Potion"},{"floor":10,"key":"Fire Potion"},{"floor":13,"key":"Strength Potion"},{"floor":18,"key":"Fruit Juice"},{"floor":28,"key":"Strength Potion"},{"floor":33,"key":"SkillPotion"},{"floor":35,"key":"Dexterity Potion"},{"floor":39,"key":"Weak Potion"}],"is_trial":false,"path_per_floor":["M","?","M","?","$","E","M","?","T","M","T","M","M","E","R","B",null,"M","M","$","?","?","E","$","M","T","R","M","R","M","?","R","B",null,"M","$","M","M","M","R","E"],"character_chosen":"THE_ANIMATOR","items_purchased":["MerchantsRug","animator:LizardPriest","animator:Canti","MealTicket","ReplayTheSpireMod:ShopPack","conspire:BottledYoYo"],"campfire_rested":4,"item_purchase_floors":[5,5,20,20,20,36],"current_hp_per_floor":[60,60,59,46,46,38,38,38,38,41,41,44,43,6,27,18,73,64,72,72,72,72,76,85,68,68,68,49,74,62,62,86,47,87,64,79,68,49,54,80,0,0],"gold":119,"neow_bonus":"RANDOM_COMMON_RELIC","is_daily":false,"chose_seed":false,"campfire_upgraded":0,"win_rate":0.0,"timestamp":1612050173,"path_taken":["M","?","M","?","$","E","M","?","T","M","?","?","M","E","R","BOSS","M","M","$","?","?","E","?","M","T","R","M","R","M","?","R","BOSS","M","$","M","?","M","R","E"],"items_purchased_type":["Relic","Card","Card","Relic","Relic","Relic"],"build_version":"2020-12-22","purchased_purges":1,"victory":false,"max_hp_per_floor":[66,66,66,66,66,66,66,66,66,69,69,72,72,73,73,73,73,73,81,81,81,81,85,85,86,86,86,86,86,86,86,86,87,87,87,87,87,87,87,87,87,87],"card_choices":[{"not_picked":["animator:OrikoMikuni","animator:Shion"],"picked":"animator:Shuna","floor":1},{"not_picked":["animator:OrikoMikuni","animator:NarberalGamma"],"picked":"animator:Kaijin","floor":2},{"not_picked":["animator:KyokoSakura","animator:SwordMaiden"],"picked":"animator:GuildGirl","floor":3},{"not_picked":["animator:ChaikaBohdan","animator:Kazuma"],"picked":"animator:IrohaTamaki","floor":6},{"not_picked":["animator:Souei","animator:Millim"],"picked":"animator:Shuna","floor":7},{"not_picked":["animator:Bozes","animator:TukaLunaMarceau"],"picked":"animator:Vesta","floor":10},{"not_picked":["animator:AcuraAkari","animator:AcuraTooru","animator:Demiurge"],"picked":"SKIP","floor":12},{"not_picked":["animator:SayakaMiki","animator:AcuraAkari","animator:Demiurge"],"picked":"SKIP","floor":13},{"not_picked":["animator:DwarfShaman","animator:Spearman"],"picked":"animator:HighElfArcher","floor":14},{"not_picked":["animator:Kyubey","animator:AcuraShin"],"picked":"animator:GoblinSlayer","floor":16},{"not_picked":["animator:Shion+1","animator:Vesta"],"picked":"animator:IrohaTamaki","floor":18},{"not_picked":["animator:SayakaMiki","animator:Gillette+1","animator:Viivi"],"picked":"SKIP","floor":19},{"not_picked":["animator:Hibiki","animator:MisaKurobane"],"picked":"animator:Canti","floor":20},{"not_picked":["animator:Lelouch","animator:MisakiNakahara"],"picked":"animator:MamizouFutatsuiwa","floor":20},{"not_picked":["animator:Patchouli","animator:Emilia"],"picked":"animator:Hibiki","floor":20},{"not_picked":["animator:Darkness+1","animator:Sebas"],"picked":"animator:YachiyoNanami+1","floor":23},{"not_picked":["animator:LizardPriest","animator:HighElfArcher"],"picked":"animator:Spearman","floor":25},{"not_picked":["animator:Benimaru","animator:Vanir"],"picked":"animator:TukaLunaMarceau","floor":28},{"not_picked":["animator:Arpeggio+1","animator:Cocytus","animator:Evileye+1"],"picked":"SKIP","floor":30},{"not_picked":["animator:MadokaKaname","animator:Shizu"],"picked":"animator:PinaCoLada","floor":33},{"not_picked":["animator:Entoma+1","animator:Arpeggio"],"picked":"animator:YunYun+1","floor":35},{"not_picked":["animator:HighElfArcher","animator:DwarfShaman"],"picked":"animator:LizardPriest","floor":37},{"not_picked":["animator:PandorasActor+1","animator:LizardPriest+1"],"picked":"animator:KyokoSakura+1","floor":38},{"not_picked":["animator:ChaikaBohdan","animator:Hakurou+1","animator:Vanir+1"],"picked":"SKIP","floor":39}],"player_experience":188606,"relics_obtained":[{"floor":2,"key":"Potion Belt"},{"floor":6,"key":"Bronze Scales"},{"floor":9,"key":"animator:Hoodie"},{"floor":14,"key":"Meat on the Bone"},{"floor":23,"key":"animator:OldCoffin"},{"floor":26,"key":"Gremlin Food"}],"event_choices":[{"damage_healed":0,"gold_gain":0,"player_choice":"Entered Light","damage_taken":13,"max_hp_gain":0,"max_hp_loss":0,"event_name":"Shining Light","floor":4,"gold_loss":0,"cards_upgraded":["animator:Defend_GoblinSlayer","animator:Strike"]},{"cards_removed":["animator:Defend"],"damage_healed":0,"gold_gain":0,"player_choice":"Give","damage_taken":0,"max_hp_gain":0,"max_hp_loss":0,"event_name":"betterNote:BetterNote","floor":21,"gold_loss":0,"cards_obtained":["Regret"]},{"damage_healed":0,"gold_gain":0,"player_choice":"Trade","damage_taken":0,"relics_obtained":["GremlinMask"],"max_hp_gain":0,"max_hp_loss":0,"event_name":"FaceTrader","floor":31,"gold_loss":0}],"is_beta":false,"boss_relics":[{"not_picked":["Abe\u0027s Treasure","energizedSpire:EnergizedDie"],"picked":"energizedSpire:MagnifyingGlass"},{"not_picked":["conspire:RoyalGoblet","energizedSpire:StickyHand"],"picked":"Kintsugi"}],"items_purged_floors":[24],"is_endless":false,"potions_floor_spawned":[2,3,10,13,18,28,33,35,39],"killed_by":"Reptomancer","ascension_level":0}}