{"host":"ficgsz0si2azpg0p","time":1612027046,"event":{"mods":["BaseMod","Downfall","Minty Spire (QoL Compilation)","StSLib","The Hierophant"],"gold_per_floor":[109,109,120,195,209,209,223,223,270,282,298,313,51,61,61,166,166,182,182,195,215,230,258,258,291,291,216,216,216,216],"floor_reached":29,"language":"ENG","playtime":873,"items_purged":[],"score":259,"play_id":"27d2efa3-51e8-4320-aa40-2889ee95a8a9","local_time":"20210130121726","is_ascension_mode":false,"campfire_choices":[{"data":"Zap","floor":6,"key":"SMITH"},{"data":"Dualcast","floor":8,"key":"SMITH"},{"floor":15,"key":"REST"},{"floor":24,"key":"REST"}],"circlet_count":0,"master_deck":["Strike_B","Strike_B","Defend_B","Defend_B","Defend_B","Defend_B","Zap+1","Dualcast+1","Go for the Eyes","Streamline","Sweeping Beam","FTL","FTL","Electrodynamics","Conserve Battery","Steam","Gash","Beam Cell"],"relics":["Cracked Core","Orichalcum","Eternal Feather","Fusion Hammer","Nunchaku","Lantern","Peace Pipe"],"acts_visited":["Exordium","TheCity"],"potions_floor_usage":[1,1,10,11,16,16,18,22,29],"damage_taken":[{"damage":2,"enemies":"Small Slimes","floor":1,"turns":5},{"damage":0,"enemies":"Cultist","floor":3,"turns":4},{"damage":0,"enemies":"2 Louse","floor":5,"turns":2},{"damage":0,"enemies":"Blue Slaver","floor":7,"turns":3},{"damage":2,"enemies":"Large Slime","floor":10,"turns":4},{"damage":8,"enemies":"Exordium Thugs","floor":11,"turns":4},{"damage":2,"enemies":"Blue Slaver","floor":12,"turns":3},{"damage":2,"enemies":"2 Fungi Beasts","floor":14,"turns":3},{"damage":69,"enemies":"Slime Boss","floor":16,"turns":11},{"damage":17,"enemies":"2 Thieves","floor":18,"turns":3},{"damage":5,"enemies":"Spheric Guardian","floor":20,"turns":3},{"damage":0,"enemies":"Cultist and Chosen","floor":21,"turns":6},{"damage":7,"enemies":"Centurion and Healer","floor":22,"turns":6},{"damage":17,"enemies":"Gremlin Leader","floor":23,"turns":10},{"damage":56,"enemies":"Slavers","floor":25,"turns":6},{"damage":6,"enemies":"3 Cultists","floor":29,"turns":3}],"seed_played":"8767793485452306143","potions_obtained":[{"floor":0,"key":"Block Potion"},{"floor":0,"key":"Weak Potion"},{"floor":0,"key":"SneckoOil"},{"floor":5,"key":"Weak Potion"},{"floor":10,"key":"Fire Potion"},{"floor":11,"key":"FearPotion"},{"floor":12,"key":"PotionOfCapacity"},{"floor":16,"key":"Swift Potion"},{"floor":21,"key":"Swift Potion"},{"floor":25,"key":"CultistPotion"},{"floor":28,"key":"champ:CounterPotion"}],"is_trial":false,"path_per_floor":["M","?","M","?","M","R","M","R","T","M","M","M","$","M","R","B",null,"M","?","M","M","M","E","R","E","T","?","?","M"],"character_chosen":"DEFECT","items_purchased":["Eternal Feather"],"campfire_rested":2,"item_purchase_floors":[13],"current_hp_per_floor":[73,73,73,62,62,62,62,62,62,60,52,50,50,48,75,6,75,58,58,53,53,46,29,60,4,4,4,4,0,0],"gold":216,"neow_bonus":"THREE_SMALL_POTIONS","is_daily":false,"chose_seed":false,"campfire_upgraded":2,"win_rate":0.0,"timestamp":1612027046,"path_taken":["M","?","?","?","M","R","M","R","T","M","M","M","$","M","R","BOSS","M","?","M","M","M","E","R","E","T","?","?","M"],"items_purchased_type":["Relic"],"build_version":"2020-12-22","purchased_purges":0,"victory":false,"max_hp_per_floor":[75,75,75,75,75,75,75,75,75,75,75,75,75,75,75,75,75,75,75,75,75,75,75,75,75,75,75,75,75,75],"card_choices":[{"not_picked":["Compile Driver","Melter","Reinforced Body"],"picked":"SKIP","floor":1},{"not_picked":["Coolheaded","Lockon"],"picked":"Go for the Eyes","floor":3},{"not_picked":["Rebound","White Noise","Blizzard"],"picked":"SKIP","floor":5},{"not_picked":["Doom and Gloom","Cold Snap"],"picked":"Streamline","floor":7},{"not_picked":["Undo","Auto Shields","Barrage"],"picked":"SKIP","floor":10},{"not_picked":["Barrage","Turbo"],"picked":"Sweeping Beam","floor":11},{"not_picked":["Rainbow","Chaos"],"picked":"FTL","floor":12},{"not_picked":["Sweeping Beam","Stack"],"picked":"FTL","floor":14},{"not_picked":["Biased Cognition","Seek"],"picked":"Electrodynamics","floor":16},{"not_picked":["Barrage","Lockon+1"],"picked":"Conserve Battery","floor":18},{"not_picked":["Streamline","Rebound"],"picked":"Steam","floor":20},{"not_picked":["Compile Driver","Amplify"],"picked":"Gash","floor":21},{"not_picked":["Cold Snap","Capacitor","Recycle+1"],"picked":"SKIP","floor":22},{"not_picked":["Loop","Fusion","Chill"],"picked":"SKIP","floor":23},{"not_picked":["Auto Shields+1","Recycle"],"picked":"Beam Cell","floor":25}],"player_experience":11985726,"relics_obtained":[{"floor":9,"key":"Orichalcum"},{"floor":23,"key":"Nunchaku"},{"floor":25,"key":"Lantern"},{"floor":26,"key":"Peace Pipe"}],"event_choices":[{"cards_removed":["Strike_B"],"damage_healed":0,"gold_gain":0,"player_choice":"Purged","damage_taken":0,"max_hp_gain":0,"max_hp_loss":0,"event_name":"Purifier","floor":2,"gold_loss":0},{"damage_healed":0,"gold_gain":75,"player_choice":"Gather Gold","damage_taken":11,"max_hp_gain":0,"max_hp_loss":0,"event_name":"World of Goop","floor":4,"gold_loss":0},{"damage_healed":0,"gold_gain":0,"player_choice":"Ignored","damage_taken":0,"max_hp_gain":0,"max_hp_loss":0,"event_name":"Ghosts","floor":19,"gold_loss":0},{"cards_removed":["Strike_B"],"damage_healed":0,"gold_gain":0,"player_choice":"Gave Gold","damage_taken":0,"max_hp_gain":0,"max_hp_loss":0,"event_name":"Beggar","floor":27,"gold_loss":75},{"damage_healed":0,"gold_gain":0,"player_choice":"Got Potions","damage_taken":0,"max_hp_gain":0,"max_hp_loss":0,"event_name":"Lab","floor":28,"gold_loss":0}],"is_beta":false,"boss_relics":[{"not_picked":["Philosopher\u0027s Stone","FrozenCore"],"picked":"Fusion Hammer"}],"items_purged_floors":[],"is_endless":false,"potions_floor_spawned":[5,10,11,12,16,21,25],"killed_by":"3 Cultists","ascension_level":0}}