{"host":"stk82ot58bnorhun","time":1612020352,"event":{"mods":["BaseMod","Colored Powertips","Highlight Path","Minty Spire (QoL Compilation)","Replay The Spire","Shop Mod","StSLib","SuperFastMode"],"gold_per_floor":[115,115,178,178,190,210,68,81,81,81,96,46,57,67,67,67,67],"floor_reached":16,"language":"ZHS","playtime":620,"items_purged":[],"score":94,"play_id":"65b8d89d-4c1f-49a5-80b5-4af28ff98ca0","local_time":"20210130232552","is_ascension_mode":false,"campfire_choices":[{"data":"Enlightenment","floor":15.0,"key":"SMITH"}],"circlet_count":0,"master_deck":["Strike_B","Strike_B","Defend_B+1","Defend_B+1","Defend_B","Defend_B","Zap","Dualcast","Panic Button","Force Field","Redo","Compile Driver","Auto Shields+1","Enlightenment+1","Aggregate","BasicCrystalCard","Beam Cell"],"relics":["Cracked Core","Shuriken","Blue Candle","War Paint"],"acts_visited":["Exordium"],"potions_floor_usage":[16],"damage_taken":[{"damage":0.0,"enemies":"Cultist","floor":1.0,"turns":3.0},{"damage":0.0,"enemies":"Small Slimes","floor":5.0,"turns":3.0},{"damage":6.0,"enemies":"Jaw Worm","floor":6.0,"turns":3.0},{"damage":5.0,"enemies":"3 Louse","floor":8.0,"turns":3.0},{"damage":0.0,"enemies":"Blue Slaver","floor":11.0,"turns":4.0},{"damage":5.0,"enemies":"2 Fungi Beasts","floor":13.0,"turns":6.0},{"damage":5.0,"enemies":"Looter","floor":14.0,"turns":3.0},{"damage":31,"enemies":"The Guardian","floor":16,"turns":7}],"seed_played":"-8155849979322965484","potions_obtained":[{"floor":1.0,"key":"FearPotion"},{"floor":3.0,"key":"Fire Potion"},{"floor":6.0,"key":"Ancient Potion"},{"floor":8.0,"key":"Block Potion"}],"is_trial":false,"path_per_floor":["M","?","?","?","M","M","$","M","T","?","M","?","M","M","R","B"],"character_chosen":"DEFECT","items_purchased":["Auto Shields+1","Enlightenment"],"campfire_rested":0,"item_purchase_floors":[7,7],"current_hp_per_floor":[82,87,87,62,62,56,56,51,51,44,44,44,39,34,34,3,3],"gold":67,"neow_bonus":"TEN_PERCENT_HP_BONUS","is_daily":false,"chose_seed":false,"campfire_upgraded":1,"win_rate":0.0,"timestamp":1612020352,"path_taken":["M","?","?","?","M","M","$","M","T","?","?","?","M","M","R","BOSS"],"items_purchased_type":["Card","Card"],"build_version":"2020-12-22","purchased_purges":0,"victory":false,"max_hp_per_floor":[82,87,87,87,87,87,87,87,87,87,87,87,87,87,87,87,87],"card_choices":[{"not_picked":["Rip and Tear","ReplayTheSpireMod:GoodbyeWorld"],"picked":"Panic Button","floor":1.0},{"not_picked":["Compile Driver","ReplayTheSpireMod:GoodbyeWorld"],"picked":"Force Field","floor":3.0},{"not_picked":["Hologram","Static Discharge"],"picked":"Redo","floor":5.0},{"not_picked":["Stack","Leap"],"picked":"Compile Driver","floor":6.0},{"not_picked":["ReplayTheSpireMod:Repulse","Barrage","Stack"],"picked":"SKIP","floor":8.0},{"not_picked":["Seek","Doom and Gloom"],"picked":"Aggregate","floor":11.0},{"not_picked":["Hologram","Panic Button"],"picked":"BasicCrystalCard","floor":13.0},{"not_picked":["Leap","Streamline"],"picked":"Beam Cell","floor":14.0}],"player_experience":37752,"relics_obtained":[{"floor":3.0,"key":"Shuriken"},{"floor":9.0,"key":"War Paint"}],"event_choices":[{"damage_healed":0.0,"max_hp_gain":5.0,"max_hp_loss":0.0,"gold_gain":0.0,"event_name":"Big Fish","player_choice":"Donut","floor":2.0,"gold_loss":0.0,"damage_taken":0.0},{"damage_healed":0.0,"max_hp_gain":0.0,"max_hp_loss":0.0,"gold_gain":0.0,"event_name":"Scrap Ooze","player_choice":"Success","floor":4.0,"gold_loss":0.0,"damage_taken":25.0,"relics_obtained":["Blue Candle"]},{"cards_removed":["Strike_B"],"damage_healed":0.0,"max_hp_gain":0.0,"max_hp_loss":0.0,"gold_gain":0.0,"event_name":"Golden Wing","player_choice":"Card Removal","floor":10.0,"gold_loss":0.0,"damage_taken":7.0},{"cards_removed":["Strike_B"],"damage_healed":0.0,"max_hp_gain":0.0,"max_hp_loss":0.0,"gold_gain":0.0,"event_name":"The Cleric","player_choice":"Card Removal","floor":12.0,"gold_loss":50.0,"damage_taken":0.0}],"is_beta":false,"boss_relics":[],"items_purged_floors":[],"is_endless":false,"potions_floor_spawned":[1,6,8],"killed_by":"The Guardian","ascension_level":0}}