{"host":"2pffx5rqbod9ds0c","time":1612041353,"event":{"mods":["BaseMod","Better Altar","Better Match","Better Note","Better Sensory Stone","Better Skull","Better Third Choice","Custom Start","Hubris","Minty Spire (QoL Compilation)","Quick Restart","Relic Stats","Robot Space Explorer","Spicy Shops","StSLib"],"gold_per_floor":[110,110,35,45,55,55,67,67,67,101,0,34,49,60,60,134,134,154,154,174,184,184,218,230,272,311,323,335,335],"floor_reached":28,"language":"ENG","playtime":1083,"items_purged":[],"score":536,"play_id":"fdbfb88b-6178-4b9f-9ff9-8e4d5f5defe2","local_time":"20210130131553","is_ascension_mode":true,"campfire_choices":[{"data":"Heavy Blade","floor":6.0,"key":"SMITH"},{"data":"Sword Boomerang","floor":8.0,"key":"SMITH"},{"data":"Bash","floor":15.0,"key":"SMITH"},{"floor":24.0,"key":"REST"}],"circlet_count":0,"master_deck":["AscendersBane","Strike_R","Strike_R","Defend_R","Defend_R","Defend_R","Defend_R","Bash+1","Heavy Blade+1","Sword Boomerang+1","Shockwave","Pummel","Pummel","Enlightenment","Shrug It Off","Disarm","Limit Break+1","Burning Pact"],"relics":["Burning Blood","hubris:GlazedTorus","Charon\u0027s Ashes","Vajra","Blood Vial","Black Star","hubris:Icosahedron","MawBank","Orichalcum","Regal Pillow","Magic Flower","Anchor"],"acts_visited":["Exordium","TheCity"],"potions_floor_usage":[28],"damage_taken":[{"damage":8.0,"enemies":"Small Slimes","floor":1.0,"turns":5.0},{"damage":2.0,"enemies":"Jaw Worm","floor":4.0,"turns":5.0},{"damage":3.0,"enemies":"2 Louse","floor":5.0,"turns":2.0},{"damage":8.0,"enemies":"Large Slime","floor":7.0,"turns":5.0},{"damage":25.0,"enemies":"Lagavulin","floor":10.0,"turns":7.0},{"damage":10.0,"enemies":"3 Sentries","floor":12.0,"turns":4.0},{"damage":5.0,"enemies":"Blue Slaver","floor":13.0,"turns":2.0},{"damage":0.0,"enemies":"2 Fungi Beasts","floor":14.0,"turns":2.0},{"damage":21.0,"enemies":"Hexaghost","floor":16.0,"turns":7.0},{"damage":25.0,"enemies":"2 Thieves","floor":18.0,"turns":4.0},{"damage":10.0,"enemies":"3 Byrds","floor":20.0,"turns":4.0},{"damage":31.0,"enemies":"Centurion and Healer","floor":21.0,"turns":6.0},{"damage":21.0,"enemies":"Gremlin Leader","floor":23.0,"turns":5.0},{"damage":36.0,"enemies":"Book of Stabbing","floor":25.0,"turns":5.0},{"damage":19,"enemies":"Shelled Parasite and Fungi","floor":28,"turns":3}],"seed_played":"8180509779565517103","potions_obtained":[{"floor":5.0,"key":"LiquidBronze"},{"floor":10.0,"key":"PowerPotion"},{"floor":25.0,"key":"Swift Potion"}],"is_trial":false,"path_per_floor":["M","?","?","M","M","R","M","R","T","E","?","E","M","M","R","B",null,"M","?","M","M","?","E","R","E","T","?","M"],"character_chosen":"IRONCLAD","items_purchased":[],"campfire_rested":1,"item_purchase_floors":[],"current_hp_per_floor":[48,41,41,45,48,48,46,46,46,27,33,29,32,40,40,27,68,51,51,49,26,26,13,37,9,9,9,0,0],"gold":335,"neow_bonus":"ONE_RARE_RELIC","is_daily":false,"chose_seed":false,"campfire_upgraded":3,"win_rate":0.0,"timestamp":1612041353,"path_taken":["M","?","?","M","M","R","M","R","T","E","?","E","M","M","R","BOSS","M","?","M","M","?","E","R","E","T","?","?"],"items_purchased_type":[],"build_version":"2020-12-22","purchased_purges":0,"victory":false,"max_hp_per_floor":[75,75,75,75,75,75,75,75,75,75,81,81,81,81,81,81,81,81,81,81,81,81,81,81,81,81,81,81,81],"relic_stats":{"Blood Vial":19,"Regal Pillow":0,"counters":[15,66],"Magic Flower":[1],"Charon\u0027s Ashes":[184],"Black Star":2,"Orichalcum":[12],"MawBank":60,"obtain_stats":[{"Blood Vial":12,"Regal Pillow":25,"Anchor":26,"hubris:Icosahedron":22,"Vajra":10,"Magic Flower":25,"Charon\u0027s Ashes":9,"Black Star":17,"Orichalcum":23,"MawBank":23,"Burning Blood":0,"hubris:GlazedTorus":0},{"Blood Vial":6,"Regal Pillow":14,"Anchor":14,"hubris:Icosahedron":12,"Vajra":5,"Magic Flower":14,"Charon\u0027s Ashes":4,"Black Star":9,"Orichalcum":13,"MawBank":13,"Burning Blood":0,"hubris:GlazedTorus":0},{"Blood Vial":28,"Regal Pillow":63,"Anchor":63,"hubris:Icosahedron":53,"Vajra":24,"Magic Flower":63,"Charon\u0027s Ashes":17,"Black Star":39,"Orichalcum":58,"MawBank":58,"Burning Blood":0,"hubris:GlazedTorus":0}],"Burning Blood":84},"card_choices":[{"not_picked":["Perfected Strike","Thunderclap"],"picked":"Heavy Blade","floor":1.0},{"not_picked":["Flex","Heavy Blade"],"picked":"Sword Boomerang","floor":4.0},{"not_picked":["Pommel Strike","Barricade"],"picked":"Shockwave","floor":5.0},{"not_picked":["Body Slam","Flex"],"picked":"Pummel","floor":7.0},{"not_picked":["Flex","Shockwave"],"picked":"Pummel","floor":10.0},{"not_picked":["Bludgeon","Battle Trance"],"picked":"Shrug It Off","floor":12.0},{"not_picked":["Body Slam","Twin Strike","Headbutt"],"picked":"SKIP","floor":13.0},{"not_picked":["Armaments","Shrug It Off"],"picked":"Disarm","floor":14.0},{"not_picked":["hubris:StunningStrike","Fiend Fire"],"picked":"Limit Break","floor":16.0},{"not_picked":["Rupture","Pommel Strike","Anger"],"picked":"SKIP","floor":18.0},{"not_picked":["Pommel Strike","Shrug It Off","Armaments"],"picked":"SKIP","floor":20.0},{"not_picked":["Sword Boomerang","Perfected Strike","Intimidate+1"],"picked":"SKIP","floor":21.0},{"not_picked":["Uppercut+1","Metallicize"],"picked":"Burning Pact","floor":23.0},{"not_picked":["Clothesline","Fire Breathing","Brutality"],"picked":"SKIP","floor":25.0}],"player_experience":800833,"relics_obtained":[{"floor":9.0,"key":"Charon\u0027s Ashes"},{"floor":10.0,"key":"Vajra"},{"floor":12.0,"key":"Blood Vial"},{"floor":23.0,"key":"MawBank"},{"floor":23.0,"key":"Orichalcum"},{"floor":25.0,"key":"Regal Pillow"},{"floor":25.0,"key":"Magic Flower"},{"floor":26.0,"key":"Anchor"}],"event_choices":[{"cards_removed":["Strike_R"],"damage_healed":0.0,"max_hp_gain":0.0,"max_hp_loss":0.0,"gold_gain":0.0,"event_name":"Golden Wing","player_choice":"Card Removal","floor":2.0,"gold_loss":0.0,"damage_taken":7.0},{"cards_removed":["Strike_R"],"damage_healed":0.0,"max_hp_gain":0.0,"max_hp_loss":0.0,"gold_gain":0.0,"event_name":"The Cleric","player_choice":"Card Removal","floor":3.0,"gold_loss":75.0,"damage_taken":0.0},{"damage_healed":0.0,"max_hp_gain":0.0,"max_hp_loss":0.0,"gold_gain":0.0,"event_name":"betterThird:BetterSerpent","player_choice":"RENOUNCE","floor":11.0,"gold_loss":101.0,"damage_taken":101.0,"cards_obtained":["Enlightenment"]},{"cards_removed":["Strike_R"],"damage_healed":0.0,"max_hp_gain":0.0,"max_hp_loss":0.0,"gold_gain":0.0,"event_name":"Purifier","player_choice":"Purged","floor":27.0,"gold_loss":0.0,"damage_taken":0.0}],"is_beta":false,"boss_relics":[{"not_picked":["Tiny House","hubris:GrandSneckoEye"],"picked":"Black Star"}],"items_purged_floors":[],"is_endless":false,"potions_floor_spawned":[5,10,20,21,25],"killed_by":"Shelled Parasite and Fungi","ascension_level":20}}