{"host":"y76clbnovzmw9ubx","time":1612016820,"event":{"mods":["AchievementEnabler","BaseMod","Minty Spire (QoL Compilation)","Permanent Neow","Relic Stats"],"gold_per_floor":[115,133,133,152,165,165,191,191,217,250,250,285,314,333,333,429,429,447,462,462,462,199,235,235,275,275,325,5,5,5],"floor_reached":29,"language":"ENG","playtime":1479,"items_purged":["Strike_G","Strike_G"],"score":658,"play_id":"ac899653-e371-4b24-a044-aa43f49948bb","local_time":"20210130092700","is_ascension_mode":true,"campfire_choices":[{"data":"Dagger Spray","floor":6,"key":"SMITH"},{"floor":8,"key":"REST"},{"data":"Finisher","floor":15,"key":"SMITH"},{"data":"Finisher","floor":24,"key":"SMITH"}],"circlet_count":0,"master_deck":["AscendersBane","Strike_G","Strike_G","Strike_G","Defend_G","Defend_G","Defend_G","Defend_G","Defend_G","Survivor","Neutralize","Infinite Blades","Sucker Punch","Dagger Spray+1","Masterful Stab","Calculated Gamble","Finisher+1","Predator","Endless Agony","Venomology","Dodge and Roll","Finisher+1","Necronomicurse","Sadistic Nature","After Image","Endless Agony+1","Backstab+1","Footwork","Cloak And Dagger"],"relics":["Ring of the Snake","Centennial Puzzle","Bag of Marbles","MealTicket","Toy Ornithopter","Golden Idol","White Beast Statue","Odd Mushroom","Black Star","Necronomicon","Eternal Feather","Torii","Sundial","Molten Egg 2","Paper Crane"],"acts_visited":["Exordium","TheCity"],"potions_floor_usage":[7,12,16,16,19,23,23,25,25,25,29,29],"damage_taken":[{"damage":0,"enemies":"Small Slimes","floor":1,"turns":4},{"damage":2,"enemies":"Jaw Worm","floor":2,"turns":7},{"damage":0,"enemies":"2 Louse","floor":4,"turns":4},{"damage":9,"enemies":"Looter","floor":5,"turns":4},{"damage":12,"enemies":"Gremlin Nob","floor":7,"turns":4},{"damage":19,"enemies":"3 Sentries","floor":10,"turns":5},{"damage":17,"enemies":"Lagavulin","floor":12,"turns":4},{"damage":0,"enemies":"The Mushroom Lair","floor":13,"turns":2},{"damage":5,"enemies":"Exordium Wildlife","floor":14,"turns":3},{"damage":0,"enemies":"Slime Boss","floor":16,"turns":4},{"damage":6,"enemies":"3 Byrds","floor":18,"turns":5},{"damage":0,"enemies":"Chosen","floor":19,"turns":2},{"damage":7,"enemies":"Slavers","floor":23,"turns":3},{"damage":6,"enemies":"Book of Stabbing","floor":25,"turns":2},{"damage":88,"enemies":"Gremlin Leader","floor":29,"turns":9}],"seed_played":"6639438767640165532","potions_obtained":[{"floor":1,"key":"Block Potion"},{"floor":4,"key":"PowerPotion"},{"floor":12,"key":"LiquidMemories"},{"floor":13,"key":"Swift Potion"},{"floor":16,"key":"CunningPotion"},{"floor":23,"key":"LiquidMemories"},{"floor":25,"key":"ColorlessPotion"}],"is_trial":false,"path_per_floor":["M","M","?","M","M","R","E","R","T","E","?","E","?","M","R","B",null,"M","M","?","T","$","E","R","E","T","?","$","E"],"character_chosen":"THE_SILENT","items_purchased":["Sadistic Nature","Backstab+1","Footwork","Cloak And Dagger"],"campfire_rested":1,"item_purchase_floors":[22,28,28,28],"current_hp_per_floor":[59,57,57,57,48,48,36,55,55,36,36,24,24,19,19,29,52,46,51,30,30,45,48,60,54,54,54,60,0,0],"gold":5,"neow_bonus":"RANDOM_COMMON_RELIC","is_daily":false,"chose_seed":false,"campfire_upgraded":3,"win_rate":0.0,"timestamp":1612016820,"path_taken":["M","M","?","M","M","R","E","R","T","E","?","E","?","M","R","BOSS","M","M","?","?","$","E","R","E","T","?","$","E"],"items_purchased_type":["Card","Card","Card","Card"],"build_version":"2020-12-22","purchased_purges":2,"victory":false,"max_hp_per_floor":[66,66,66,66,66,66,66,66,66,66,60,60,60,60,60,60,60,60,60,60,60,60,60,60,60,60,60,60,60,60],"relic_stats":{"Centennial Puzzle":[30],"Torii":7,"counters":[15,62],"Golden Idol":58,"Sundial":[0],"MealTicket":21,"Eternal Feather":12,"Black Star":2,"Necronomicon":[4],"obtain_stats":[{"Torii":23,"Golden Idol":11,"Eternal Feather":21,"Odd Mushroom":13,"Paper Crane":25,"White Beast Statue":12,"Centennial Puzzle":0,"Sundial":23,"MealTicket":9,"Molten Egg 2":25,"Bag of Marbles":7,"Black Star":17,"Necronomicon":20,"Toy Ornithopter":10,"Ring of the Snake":0},{"Torii":13,"Golden Idol":6,"Eternal Feather":12,"Odd Mushroom":8,"Paper Crane":14,"White Beast Statue":7,"Centennial Puzzle":0,"Sundial":13,"MealTicket":5,"Molten Egg 2":14,"Bag of Marbles":5,"Black Star":10,"Necronomicon":12,"Toy Ornithopter":6,"Ring of the Snake":0},{"Torii":51,"Golden Idol":28,"Eternal Feather":48,"Odd Mushroom":34,"Paper Crane":53,"White Beast Statue":32,"Centennial Puzzle":0,"Sundial":51,"MealTicket":23,"Molten Egg 2":53,"Bag of Marbles":23,"Black Star":41,"Necronomicon":48,"Toy Ornithopter":28,"Ring of the Snake":0}],"Toy Ornithopter":35,"Ring of the Snake":[30]},"card_choices":[{"not_picked":["Bane","Deadly Poison"],"picked":"Infinite Blades","floor":1},{"not_picked":["Deadly Poison","Acrobatics"],"picked":"Sucker Punch","floor":2},{"not_picked":["Prepared","Outmaneuver"],"picked":"Dagger Spray","floor":4},{"not_picked":["Bane","Dagger Throw"],"picked":"Masterful Stab","floor":5},{"not_picked":["Prepared","PiercingWail"],"picked":"Calculated Gamble","floor":7},{"not_picked":["Catalyst","Quick Slash"],"picked":"Finisher","floor":10},{"not_picked":["Expertise","Poisoned Stab","Dagger Throw"],"picked":"SKIP","floor":12},{"not_picked":["Dagger Throw","Underhanded Strike"],"picked":"Predator","floor":13},{"not_picked":["Slice","Sucker Punch"],"picked":"Endless Agony","floor":14},{"not_picked":["Adrenaline","A Thousand Cuts"],"picked":"Venomology","floor":16},{"not_picked":["Choke","Poisoned Stab"],"picked":"Dodge and Roll","floor":18},{"not_picked":["All Out Attack","Dagger Throw"],"picked":"Finisher","floor":19},{"not_picked":["Dash","Dagger Throw"],"picked":"After Image","floor":23},{"not_picked":["Eviscerate+1","Slice+1"],"picked":"Endless Agony+1","floor":25}],"player_experience":3149991,"relics_obtained":[{"floor":7,"key":"Bag of Marbles"},{"floor":9,"key":"MealTicket"},{"floor":10,"key":"Toy Ornithopter"},{"floor":12,"key":"White Beast Statue"},{"floor":13,"key":"Odd Mushroom"},{"floor":20,"key":"Necronomicon"},{"floor":21,"key":"Eternal Feather"},{"floor":23,"key":"Torii"},{"floor":23,"key":"Sundial"},{"floor":25,"key":"Molten Egg 2"},{"floor":25,"key":"Paper Crane"}],"event_choices":[{"damage_healed":0,"gold_gain":0,"player_choice":"Ignored","damage_taken":0,"max_hp_gain":0,"max_hp_loss":0,"event_name":"Liars Game","floor":3,"gold_loss":0},{"damage_healed":0,"gold_gain":0,"player_choice":"Lose Max HP","damage_taken":0,"relics_obtained":["Golden Idol"],"max_hp_gain":0,"max_hp_loss":6,"event_name":"Golden Idol","floor":11,"gold_loss":0},{"damage_healed":0,"gold_gain":0,"player_choice":"Fought Mushrooms","damage_taken":0,"max_hp_gain":0,"max_hp_loss":0,"event_name":"Mushrooms","floor":13,"gold_loss":0},{"damage_healed":0,"gold_gain":0,"player_choice":"Obtained Book","damage_taken":21,"max_hp_gain":0,"max_hp_loss":0,"event_name":"Cursed Tome","floor":20,"gold_loss":0},{"damage_healed":0,"gold_gain":50,"player_choice":"Stole From Cult","damage_taken":0,"max_hp_gain":0,"max_hp_loss":0,"event_name":"Nest","floor":27,"gold_loss":0}],"is_beta":false,"boss_relics":[{"not_picked":["Sozu","SlaversCollar"],"picked":"Black Star"}],"items_purged_floors":[22,28],"is_endless":false,"potions_floor_spawned":[1,4,12,13,14,16,18,19,23,25],"killed_by":"Gremlin Leader","ascension_level":20}}