{"host":"vyjryxuuuxkt43k4","time":1612027303,"event":{"mods":["AchievementEnabler","BaseMod","Colored Map","DeckTracker","Keyboard Shortcuts","Minty Spire (QoL Compilation)","Permanent Neow","Quick Restart","Rare Cards Sparkle","StSLib","SuperFastMode","everything is the same but u backflip on backflip"],"gold_per_floor":[410,20,35,35,47,47,72,90,137,137,157,157,157],"floor_reached":12,"language":"KOR","playtime":422,"items_purged":["Strike_R"],"score":160,"play_id":"2082a641-9547-4f0b-920b-06e30ace61b6","local_time":"20210131022143","is_ascension_mode":true,"campfire_choices":[{"data":"Body Slam","floor":6,"key":"SMITH"},{"floor":10,"key":"REST"}],"circlet_count":0,"master_deck":["AscendersBane","Strike_R","Strike_R","Strike_R","Defend_R","Defend_R","Defend_R","Defend_R","Bash","Body Slam+1","Whirlwind","Shrug It Off","True Grit","Armaments","Entrench"],"relics":["Burning Blood","Old Coin","Meat on the Bone","Bottled Flame","Bag of Preparation"],"acts_visited":["Exordium"],"potions_floor_usage":[8,12],"damage_taken":[{"damage":2,"enemies":"Cultist","floor":1,"turns":4},{"damage":16,"enemies":"Jaw Worm","floor":3,"turns":5},{"damage":8,"enemies":"2 Louse","floor":5,"turns":3},{"damage":19,"enemies":"3 Sentries","floor":7,"turns":10},{"damage":41,"enemies":"Exordium Thugs","floor":8,"turns":7},{"damage":11,"enemies":"Red Slaver","floor":11,"turns":6},{"damage":96,"enemies":"Gremlin Nob","floor":12,"turns":6}],"seed_played":"4432790823611394643","potions_obtained":[{"floor":3,"key":"LiquidMemories"},{"floor":8,"key":"PowerPotion"}],"is_trial":false,"path_per_floor":["M","$","M","?","M","R","E","M","T","R","M","E"],"character_chosen":"IRONCLAD","items_purchased":["Meat on the Bone","Whirlwind"],"campfire_rested":1,"item_purchase_floors":[2,2],"current_hp_per_floor":[54,54,44,44,54,54,53,30,30,52,47,0,0],"gold":157,"neow_bonus":"ONE_RARE_RELIC","is_daily":false,"chose_seed":false,"campfire_upgraded":1,"win_rate":0.0,"timestamp":1612027303,"path_taken":["M","$","M","?","M","R","E","M","T","R","?","E"],"items_purchased_type":["Relic","Card"],"build_version":"2020-12-22","purchased_purges":1,"victory":false,"max_hp_per_floor":[75,75,75,75,75,75,75,75,75,75,75,75,75],"card_choices":[{"not_picked":["Sentinel","Hemokinesis"],"picked":"Body Slam","floor":1},{"not_picked":["Power Through","Searing Blow"],"picked":"Shrug It Off","floor":3},{"not_picked":["Iron Wave","Shrug It Off"],"picked":"Armaments","floor":5},{"not_picked":["Perfected Strike","Bloodletting","Feed"],"picked":"SKIP","floor":7},{"not_picked":["Wild Strike","Body Slam"],"picked":"Entrench","floor":8},{"not_picked":["Twin Strike","Iron Wave","Havoc"],"picked":"SKIP","floor":11}],"player_experience":530678,"relics_obtained":[{"floor":7,"key":"Bottled Flame"},{"floor":9,"key":"Bag of Preparation"}],"event_choices":[{"damage_healed":0,"gold_gain":0,"cards_transformed":["Strike_R"],"player_choice":"Transformed","damage_taken":0,"max_hp_gain":0,"max_hp_loss":0,"event_name":"Transmorgrifier","floor":4,"gold_loss":0,"cards_obtained":["True Grit"]}],"is_beta":false,"boss_relics":[],"items_purged_floors":[2],"is_endless":false,"potions_floor_spawned":[3,8],"killed_by":"Gremlin Nob","ascension_level":20}}