{"host":"BaronFel","time":1612028655,"event":{"mods":["BaseMod","Filter the Spire","Highlight Path","Minty Spire (QoL Compilation)","Relic Stats","ojb\u0027s Info Mod"],"gold_per_floor":[215,21,41,51,51,51,78,78,104,104,104,137,137,137,137,137,137],"floor_reached":16,"language":"ENG","playtime":759,"items_purged":[],"score":212,"play_id":"a1a34622-b978-4ece-a849-e5d21c3ef39f","local_time":"20210130114415","is_ascension_mode":true,"campfire_choices":[{"data":"Anger","floor":6,"key":"SMITH"},{"data":"Bash","floor":8,"key":"SMITH"},{"data":"Ghostly Armor","floor":10,"key":"SMITH"},{"data":"Rupture","floor":15,"key":"SMITH"}],"circlet_count":0,"master_deck":["AscendersBane","Strike_R","Strike_R","Strike_R","Strike_R","Defend_R","Defend_R","Defend_R","Bash+1","Rupture+1","Anger+1","Ghostly Armor+1","Dual Wield+1","Feel No Pain"],"relics":["Burning Blood","Nunchaku","Tiny Chest","Pen Nib","Mummified Hand"],"acts_visited":["Exordium"],"potions_floor_usage":[7,12],"damage_taken":[{"damage":7,"enemies":"Small Slimes","floor":1,"turns":6},{"damage":8,"enemies":"2 Louse","floor":3,"turns":3},{"damage":0,"enemies":"Cultist","floor":4,"turns":3},{"damage":15,"enemies":"3 Sentries","floor":7,"turns":7},{"damage":31,"enemies":"Lagavulin","floor":12,"turns":6},{"damage":31,"enemies":"Hexaghost","floor":16,"turns":7}],"seed_played":"4238859081086288830","potions_obtained":[{"floor":4,"key":"Fire Potion"},{"floor":7,"key":"FearPotion"}],"is_trial":false,"path_per_floor":["M","$","M","M","?","R","E","R","T","R","?","E","?","?","R","B"],"character_chosen":"IRONCLAD","items_purchased":["Nunchaku","Anger"],"campfire_rested":0,"item_purchase_floors":[2,2],"current_hp_per_floor":[67,67,65,71,64,64,55,55,55,55,55,30,30,30,30,0,0],"gold":137,"neow_bonus":"HUNDRED_GOLD","is_daily":false,"chose_seed":false,"campfire_upgraded":4,"win_rate":0.0,"timestamp":1612028655,"path_taken":["M","$","M","M","?","R","E","R","T","R","?","E","?","?","R","BOSS"],"items_purchased_type":["Relic","Card"],"build_version":"2020-12-18","purchased_purges":0,"victory":false,"max_hp_per_floor":[75,75,75,75,75,75,75,75,75,75,75,75,75,75,75,75,75],"relic_stats":{"Nunchaku":[5],"counters":[6,32],"Mummified Hand":[1],"Tiny Chest":0,"Pen Nib":[3],"obtain_stats":[{"Nunchaku":2,"Mummified Hand":12,"Tiny Chest":7,"Pen Nib":9,"Burning Blood":0},{"Nunchaku":1,"Mummified Hand":5,"Tiny Chest":4,"Pen Nib":4,"Burning Blood":0},{"Nunchaku":6,"Mummified Hand":25,"Tiny Chest":19,"Pen Nib":19,"Burning Blood":0}],"Burning Blood":30},"card_choices":[{"not_picked":["Havoc","True Grit"],"picked":"Rupture","floor":1},{"not_picked":["Reckless Charge","Wild Strike"],"picked":"Ghostly Armor","floor":3},{"not_picked":["Rupture","Clash","Armaments"],"picked":"SKIP","floor":4},{"not_picked":["Anger","Power Through","Infernal Blade"],"picked":"SKIP","floor":7},{"not_picked":["Flex","True Grit"],"picked":"Feel No Pain","floor":12}],"player_experience":1097841,"relics_obtained":[{"floor":7,"key":"Tiny Chest"},{"floor":9,"key":"Pen Nib"},{"floor":12,"key":"Mummified Hand"}],"event_choices":[{"cards_removed":["Defend_R"],"damage_healed":0,"gold_gain":0,"player_choice":"Card Removal","damage_taken":7,"max_hp_gain":0,"max_hp_loss":0,"event_name":"Golden Wing","floor":5,"gold_loss":0},{"damage_healed":0,"gold_gain":0,"cards_transformed":["Strike_R"],"player_choice":"Change","damage_taken":0,"max_hp_gain":0,"max_hp_loss":0,"event_name":"Living Wall","floor":11,"gold_loss":0,"cards_obtained":["Dual Wield"]},{"damage_healed":0,"gold_gain":0,"player_choice":"Ignored","damage_taken":0,"max_hp_gain":0,"max_hp_loss":0,"event_name":"Liars Game","floor":13,"gold_loss":0},{"damage_healed":0,"gold_gain":0,"player_choice":"Upgraded","damage_taken":0,"max_hp_gain":0,"max_hp_loss":0,"event_name":"Upgrade Shrine","floor":14,"gold_loss":0,"cards_upgraded":["Dual Wield"]}],"is_beta":true,"boss_relics":[],"items_purged_floors":[],"is_endless":false,"potions_floor_spawned":[4,7],"killed_by":"Hexaghost","ascension_level":20}}