{"host":"7xbu8gt067z192g2","time":1612049314,"event":{"mods":["BaseMod","Better Note","BetterRewards","Colored Map","Colored Powertips","Decade(???)","Googly Eyes","Highlight Path","Infinite Spire","Jorbs\u0027s Wanderer Trilogy","Minty Spire (QoL Compilation)","Rare Cards Sparkle","Replay The Spire","StSLib","The Bladedancer","The Bug Knight","The Construct","The Cursed","The Hierophant","The Valiant","The Wild Card"],"gold_per_floor":[115,115,0,24,49,98,98,115,115,159,187,37,69,89,89,95,95],"floor_reached":16,"language":"ENG","playtime":897,"items_purged":[],"score":120,"play_id":"e25bf5fc-c788-4bdb-a709-6ae3f2fea08f","local_time":"20210130182834","is_ascension_mode":false,"campfire_choices":[{"data":"HollowMod:HornetsHelp","floor":7,"key":"SMITH"},{"data":"HollowMod:HornetsHelp","floor":15,"key":"SMITH"}],"circlet_count":0,"master_deck":["HollowMod:NailStrikeStart","HollowMod:NailStrikeStart","HollowMod:NailStrikeStart","HollowMod:NailStrikeStart","HollowMod:QuickDashStart","HollowMod:QuickDashStart","HollowMod:QuickDashStart","HollowMod:QuickDashStart","HollowMod:FocusHealStart","HollowMod:PogoStrike","HollowMod:CycloneSlash","HollowMod:HornetsHelp+1","HollowMod:HornetsHelp+1","HollowMod:HowlingWraiths","HollowMod:PureNailStrike","HollowMod:ZotesMagnificence","HollowMod:CloakDash","HollowMod:SoulStrike","HollowMod:CornifersMapStart","HollowMod:SoulVessel"],"relics":["HollowMod:VesselMask","Oddly Smooth Stone","Replay:Bandana","infinitespire:FocusingShard","Prayer Wheel","infinitespire:Lucky Rock","HollowMod:StagPassRelic","Pondfish Scales"],"acts_visited":["Exordium"],"potions_floor_usage":[16],"damage_taken":[{"damage":0,"enemies":"Small Slimes","floor":1,"turns":4},{"damage":0,"enemies":"Cultist","floor":5,"turns":4},{"damage":27,"enemies":"Gremlin Nob","floor":6,"turns":4},{"damage":0,"enemies":"Jaw Worm","floor":8,"turns":4},{"damage":15,"enemies":"3 Sentries","floor":10,"turns":6},{"damage":9,"enemies":"2 Fungi Beasts","floor":11,"turns":3},{"damage":3,"enemies":"Gremlin Nob","floor":13,"turns":5},{"damage":0,"enemies":"Blue Slaver","floor":14,"turns":3},{"damage":32,"enemies":"Slime Boss","floor":16,"turns":8}],"seed_played":"-7262092968831444402","potions_obtained":[{"floor":5,"key":"SpeedPotion"},{"floor":8,"key":"Ancient Potion"}],"is_trial":false,"path_per_floor":["M","?","$","T","M","E","R","M","T","E","M","?","E","M","R","B"],"character_chosen":"THE_BUGKNIGHT","items_purchased":["HollowMod:HornetsHelp"],"campfire_rested":0,"item_purchase_floors":[3],"current_hp_per_floor":[75,75,75,75,75,48,48,48,48,39,30,30,27,27,27,0,0],"gold":95,"neow_bonus":"RANDOM_COMMON_RELIC","is_daily":false,"chose_seed":false,"campfire_upgraded":2,"win_rate":0.0,"timestamp":1612049314,"path_taken":["M","?","$","?","M","E","R","M","T","E","?","?","E","M","R","BOSS"],"items_purchased_type":["Card"],"build_version":"2020-12-22","purchased_purges":0,"victory":false,"max_hp_per_floor":[75,75,75,75,75,75,75,75,75,75,75,75,75,75,75,75,75],"card_choices":[{"not_picked":["HollowMod:SharpenedNail","HollowMod:AbyssShriek"],"picked":"HollowMod:CycloneSlash","floor":1},{"not_picked":["HollowMod:SiblingsSouls","HollowMod:HeavyBlow"],"picked":"HollowMod:HowlingWraiths","floor":5},{"not_picked":["HollowMod:SoulShaman","HollowMod:InfectionAssault"],"picked":"HollowMod:PureNailStrike","floor":6},{"not_picked":["HollowMod:LifebloodCocoon","HollowMod:NewJinnsSoul"],"picked":"HollowMod:ZotesMagnificence","floor":8},{"not_picked":["HollowMod:HeavyBlow","HollowMod:TaintedHusks"],"picked":"HollowMod:CloakDash","floor":10},{"not_picked":["HollowMod:SiblingsShadow","HollowMod:InfectionAssault"],"picked":"HollowMod:SoulStrike","floor":11},{"not_picked":["HollowMod:ShadowDash","HollowMod:GoodIntentions","HollowMod:SharpenedShadows"],"picked":"SKIP","floor":11},{"not_picked":["HollowMod:ShapeofUnn","HollowMod:SoulStrike"],"picked":"HollowMod:CornifersMapStart","floor":13},{"not_picked":["HollowMod:BlackTendrils","HollowMod:MothsMistake"],"picked":"HollowMod:SoulVessel","floor":14},{"not_picked":["HollowMod:HuntersJournal","HollowMod:PureNailStrike","HollowMod:VengefulSpirit"],"picked":"SKIP","floor":14}],"player_experience":212708,"relics_obtained":[{"floor":4,"key":"Replay:Bandana"},{"floor":6,"key":"infinitespire:FocusingShard"},{"floor":9,"key":"Prayer Wheel"},{"floor":10,"key":"infinitespire:Lucky Rock"},{"floor":13,"key":"Pondfish Scales"}],"event_choices":[{"damage_healed":0,"gold_gain":0,"player_choice":"0 cards matched","damage_taken":0,"max_hp_gain":0,"max_hp_loss":0,"event_name":"Match and Keep!","floor":2,"gold_loss":0,"cards_obtained":[]}],"is_beta":false,"boss_relics":[],"items_purged_floors":[],"is_endless":false,"potions_floor_spawned":[5,8],"killed_by":"Slime Boss","ascension_level":0}}