{"host":"0pqkjyfh91td6rj0","time":1612046625,"event":{"mods":["BaseMod","Colored Map","Minty Spire (QoL Compilation)","Relic Stats","UnlockEverythingMod"],"gold_per_floor":[112,112,128,148,148,179,190,190,190,219,231,306,356,385,385,456,456,470,302,315,315,100,100,112,112,112],"floor_reached":25,"language":"ENG","playtime":1355,"items_purged":["Writhe"],"score":442,"play_id":"78a5df8f-3588-4fb4-82ab-cf5705ac24a5","local_time":"20210130174345","is_ascension_mode":true,"campfire_choices":[{"data":"Uppercut","floor":8.0,"key":"SMITH"},{"data":"Inflame","floor":15.0,"key":"SMITH"},{"data":"Armaments","floor":23.0,"key":"SMITH"}],"circlet_count":0,"master_deck":["AscendersBane","Strike_R+1","Strike_R+1","Strike_R","Strike_R","Defend_R","Defend_R","Defend_R","Defend_R","Bash","Uppercut+1","Shrug It Off","Pommel Strike","Battle Trance","Anger","Inflame+1","Impervious","Shrug It Off","Feed","Feel No Pain","Inflame+1","Shockwave","Armaments+1"],"relics":["Burning Blood","Magic Flower","Whetstone","Bottled Flame","Lizard Tail","Kunai","SacredBark","Sling","Ornamental Fan"],"acts_visited":["Exordium","TheCity"],"potions_floor_usage":[],"damage_taken":[{"damage":9.0,"enemies":"Jaw Worm","floor":1.0,"turns":4.0},{"damage":7.0,"enemies":"2 Louse","floor":3.0,"turns":4.0},{"damage":6.0,"enemies":"Cultist","floor":4.0,"turns":4.0},{"damage":39.0,"enemies":"Gremlin Nob","floor":6.0,"turns":5.0},{"damage":3.0,"enemies":"2 Fungi Beasts","floor":7.0,"turns":5.0},{"damage":35.0,"enemies":"3 Sentries","floor":10.0,"turns":9.0},{"damage":3.0,"enemies":"Looter","floor":11.0,"turns":3.0},{"damage":9.0,"enemies":"Gremlin Nob","floor":14.0,"turns":4.0},{"damage":29.0,"enemies":"Slime Boss","floor":16.0,"turns":11.0},{"damage":49.0,"enemies":"2 Thieves","floor":18.0,"turns":5.0},{"damage":40.0,"enemies":"3 Byrds","floor":20.0,"turns":7.0},{"damage":18.0,"enemies":"Snake Plant","floor":24.0,"turns":6.0},{"damage":14,"enemies":"Centurion and Healer","floor":25,"turns":4}],"seed_played":"-741359793812958076","potions_obtained":[{"floor":1.0,"key":"SpeedPotion"},{"floor":3.0,"key":"ColorlessPotion"},{"floor":14.0,"key":"Fruit Juice"},{"floor":18.0,"key":"Ancient Potion"},{"floor":20.0,"key":"Energy Potion"}],"is_trial":false,"path_per_floor":["M","?","M","M","?","E","M","R","T","E","M","?","?","E","R","B",null,"M","$","M","?","$","R","M","M"],"character_chosen":"IRONCLAD","items_purchased":["Sling","Shockwave","Armaments"],"campfire_rested":0,"item_purchase_floors":[19,22,22],"current_hp_per_floor":[68,61,63,66,71,41,47,47,47,21,27,16,16,16,16,59,70,35,35,24,24,24,24,15,1,1],"gold":112,"neow_bonus":"ONE_RARE_RELIC","is_daily":false,"chose_seed":false,"campfire_upgraded":3,"win_rate":0.0,"timestamp":1612046625,"path_taken":["M","?","M","M","?","E","?","R","T","E","M","?","?","E","R","BOSS","M","?","M","?","$","R","M","M"],"items_purchased_type":["Relic","Card","Card"],"build_version":"2020-12-22","purchased_purges":1,"victory":false,"max_hp_per_floor":[68,68,68,68,73,73,73,73,73,73,73,73,73,73,73,73,73,76,76,89,89,89,89,89,89,89],"relic_stats":{"Lizard Tail":54,"counters":[13,71],"Ornamental Fan":[0],"Magic Flower":[63],"Whetstone":["Strike_R","Strike_R"],"Kunai":[10],"obtain_stats":[{"Bottled Flame":9,"Lizard Tail":10,"Ornamental Fan":21,"SacredBark":17,"Magic Flower":0,"Whetstone":6,"Kunai":14,"Sling":19,"Burning Blood":0},{"Bottled Flame":5,"Lizard Tail":6,"Ornamental Fan":11,"SacredBark":9,"Magic Flower":0,"Whetstone":4,"Kunai":8,"Sling":10,"Burning Blood":0},{"Bottled Flame":22,"Lizard Tail":31,"Ornamental Fan":61,"SacredBark":49,"Magic Flower":0,"Whetstone":17,"Kunai":38,"Sling":54,"Burning Blood":0}],"Burning Blood":108},"card_choices":[{"not_picked":["Iron Wave","Metallicize"],"picked":"Uppercut","floor":1.0},{"not_picked":["Sword Boomerang","Clothesline"],"picked":"Shrug It Off","floor":3.0},{"not_picked":["Armaments","Thunderclap"],"picked":"Pommel Strike","floor":4.0},{"not_picked":["Warcry","Thunderclap"],"picked":"Battle Trance","floor":6.0},{"not_picked":["Warcry","Body Slam"],"picked":"Anger","floor":7.0},{"not_picked":["Blood for Blood","Body Slam"],"picked":"Inflame","floor":10.0},{"not_picked":["Anger","Sword Boomerang"],"picked":"Impervious","floor":11.0},{"not_picked":["Body Slam","Dual Wield"],"picked":"Shrug It Off","floor":14.0},{"not_picked":["Fiend Fire","Corruption"],"picked":"Feed","floor":16.0},{"not_picked":["Perfected Strike","Heavy Blade"],"picked":"Feel No Pain","floor":18.0},{"not_picked":["Flex","Searing Blow"],"picked":"Inflame+1","floor":20.0},{"not_picked":["Flame Barrier","Bloodletting","Anger"],"picked":"SKIP","floor":24.0}],"player_experience":136905,"relics_obtained":[{"floor":6.0,"key":"Whetstone"},{"floor":9.0,"key":"Bottled Flame"},{"floor":10.0,"key":"Lizard Tail"},{"floor":14.0,"key":"Kunai"}],"event_choices":[{"cards_removed":["Strike_R"],"damage_healed":0.0,"max_hp_gain":0.0,"max_hp_loss":0.0,"gold_gain":0.0,"event_name":"Golden Wing","player_choice":"Card Removal","floor":2.0,"gold_loss":0.0,"damage_taken":7.0},{"damage_healed":0.0,"max_hp_gain":5.0,"max_hp_loss":0.0,"gold_gain":0.0,"event_name":"Big Fish","player_choice":"Donut","floor":5.0,"gold_loss":0.0,"damage_taken":0.0},{"damage_healed":0.0,"max_hp_gain":0.0,"max_hp_loss":0.0,"gold_gain":75.0,"event_name":"World of Goop","player_choice":"Gather Gold","floor":12.0,"gold_loss":0.0,"damage_taken":11.0},{"damage_healed":0.0,"max_hp_gain":0.0,"max_hp_loss":0.0,"gold_gain":50.0,"event_name":"Golden Shrine","player_choice":"Pray","floor":13.0,"gold_loss":0.0,"damage_taken":0.0},{"damage_healed":0.0,"max_hp_gain":0.0,"max_hp_loss":0.0,"gold_gain":0.0,"event_name":"The Mausoleum","player_choice":"Opened","floor":21.0,"gold_loss":0.0,"damage_taken":0.0,"relics_obtained":["Ornamental Fan"],"cards_obtained":["Writhe"]}],"is_beta":false,"boss_relics":[{"not_picked":["Tiny House","Busted Crown"],"picked":"SacredBark"}],"items_purged_floors":[22],"is_endless":false,"potions_floor_spawned":[1,3,14,18,20],"killed_by":"Centurion and Healer","ascension_level":20}}