{"host":"vk2n6bsv4f6zkux3","time":1612017781,"event":{"mods":["BaseMod","Infinite Spire","Minty Spire (QoL Compilation)","Quick Restart","Replay The Spire","Shop Mod","StSLib"],"gold_per_floor":[112,112,132,132,9303,9303,9303,9303,9328,9328,9358,8316,8337,7493,7493,7593,7593,7613,7528,7468,6708,6708,6708,6708,6708,6708,5591,5591,5591,5591,5591,5616,5643,5643,5754,5754,5776,5776,4917,4944,4967,4891,4911,4172,4172,4172,4172,4172,4172,4193,4193,4193],"floor_reached":53,"language":"ENG","playtime":3354,"items_purged":["Strike_B","Strike_B","Strike_B","Defend_B","Defend_B","Dualcast"],"score":695,"play_id":"246d6a46-e98c-4f6f-911c-093c1e400d29","local_time":"20210130094300","daily_mods":["Heirloom","Flight"],"is_ascension_mode":false,"campfire_choices":[{"floor":6,"key":"REST"},{"data":"Zap","floor":7,"key":"SMITH"},{"data":"Loop","floor":8,"key":"SMITH"},{"data":"infinitespire:Punishment","floor":10,"key":"SMITH"},{"data":"Redo","floor":15,"key":"SMITH"},{"data":"Storm","floor":23,"key":"SMITH"},{"data":"Creative AI","floor":24,"key":"SMITH"},{"data":"BootSequence","floor":29,"key":"SMITH"},{"data":"Pot Of Greed","floor":47,"key":"SMITH"},{"data":"Crystallizer","floor":48,"key":"SMITH"},{"data":"Pot Of Greed","floor":49,"key":"SMITH"},{"data":"Pot Of Greed","floor":51,"key":"SMITH"}],"circlet_count":0,"master_deck":["Zap+1","Gash","Dramatic Entrance+1","infinitespire:Punishment+1","Meteor Strike","Loop+1","ReplayTheSpireMod:System Scan","Redo+1","Static Discharge","Meteor Strike","Conserve Battery","Defragment","Heatsinks","Beam Cell","Turbo","Panic Button","Bandage Up","Creative AI+1","BootSequence+1","BasicCrystalCard","Coolheaded","Storm+1","Flash of Steel","Undo","Streamline","Coolheaded","FIFO Queue","Violence","Recycle","Capacitor","Machine Learning","Cold Snap+1","Crystallizer+1","Thunder Strike+1","Coolheaded+1","Rebound+1","Crystallizer+1","Lockon+1","Static Discharge","Steam","Pot Of Greed","Pot Of Greed+1","Pot Of Greed+1","Pot Of Greed+1","Crystallizer+1"],"relics":["Cracked Core","CaptainsWheel","Omamori","infinitespire:PuzzleCube","MerchantsRug","infinitespire:Freezer","Strawberry","Emotion Chip","Runic Capacitor","Art of War","Odd Mushroom","Ice Cream","Sling","Nuclear Battery","Boot","StrikeDummy","Solar Panel","BargainBundle","CeramicFish","TungstenRod","infinitespire:Bottled Soul","SacredBark","Molten Egg 2","Vajra","HandDrill","Replay:Antivirus Software","infinitespire:Lucky Rock","Ornamental Fan","ClockworkSouvenir","Grinning Jar","The Courier"],"acts_visited":["Exordium","TheCity","TheBeyond"],"potions_floor_usage":[16,16,32,32,33,35,40,43,52,52,52],"damage_taken":[{"damage":1,"enemies":"Jaw Worm","floor":1,"turns":5},{"damage":10,"enemies":"infinitespire:Voidling","floor":3,"turns":4},{"damage":0,"enemies":"Gremlin Nob","floor":11,"turns":3},{"damage":6,"enemies":"The Mushroom Lair","floor":13,"turns":3},{"damage":37,"enemies":"The Guardian","floor":16,"turns":6},{"damage":15,"enemies":"Chosen","floor":18,"turns":5},{"damage":0,"enemies":"3 Byrds","floor":32,"turns":2},{"damage":8,"enemies":"Shelled Parasite and Fungi","floor":33,"turns":3},{"damage":13,"enemies":"Automaton","floor":35,"turns":6},{"damage":0,"enemies":"Orb Walker","floor":37,"turns":1},{"damage":16,"enemies":"3 Darklings","floor":40,"turns":3},{"damage":0,"enemies":"Writhing Mass","floor":41,"turns":4},{"damage":0,"enemies":"Transient","floor":43,"turns":5},{"damage":0,"enemies":"Sphere and 2 Shapes","floor":50,"turns":3},{"damage":12,"enemies":"Replay:Hell Engine","floor":52,"turns":3}],"seed_played":"4978616217500552690","potions_obtained":[{"floor":3,"key":"Strength Potion"},{"floor":32,"key":"EssenceOfSteel"},{"floor":34,"key":"AttackPotion"},{"floor":34,"key":"PotionOfCapacity"},{"floor":37,"key":"Energy Potion"},{"floor":41,"key":"Fruit Juice"}],"is_trial":true,"path_per_floor":["M","?","M","?","$","R","R","R","T","R","E","$","?","$","R","B",null,"M","?","?","$","AVR","R","R","?","T","$","?","R","PTL","PTL","M","M","R","B",null,"M","?","$","M","M","?","M","$","T","?","R","R","R","M","R","B",null],"character_chosen":"DEFECT","items_purchased":["Meteor Strike","Omamori","PotionOfCapacity","infinitespire:PuzzleCube","Loop","MerchantsRug","Redo","Static Discharge","Emotion Chip","Runic Capacitor","Swift Potion","Meteor Strike","Art of War","Conserve Battery","Heatsinks","Ice Cream","Sling","Beam Cell","Turbo","Panic Button","Bandage Up","StrikeDummy","Solar Panel","BargainBundle","BasicCrystalCard","Coolheaded","Storm","Flash of Steel","TungstenRod","infinitespire:Bottled Soul","LiquidBronze","BlessingOfTheForge","Coolheaded","FIFO Queue","Violence","Vajra","HandDrill","PowerPotion","Crystallizer+1","Thunder Strike+1","Replay:Antivirus Software","Ornamental Fan","ClockworkSouvenir","Lockon+1","Static Discharge","Steam","PowerPotion","Grinning Jar"],"campfire_rested":1,"item_purchase_floors":[5,5,5,5,5,5,12,12,12,12,12,12,12,12,14,14,14,14,14,14,14,21,21,21,21,21,21,21,27,27,27,27,27,27,27,39,39,39,39,39,39,44,44,44,44,44,44,44],"current_hp_per_floor":[74,74,71,52,52,74,74,74,74,74,81,81,75,75,75,42,82,69,69,69,69,69,69,69,69,69,69,69,69,69,69,73,75,75,82,82,82,82,82,76,80,80,92,92,92,92,92,92,92,92,92,92],"gold":4193,"neow_bonus":"","is_daily":false,"chose_seed":false,"campfire_upgraded":11,"win_rate":0.0,"timestamp":1612017780,"path_taken":["M","?","?","?","$","R","R","R","T","R","E","$","?","$","R","BOSS","M","?","?","$","AVR","R","R","?","T","$","?","R","PTL","PTL","?","M","R","BOSS","M","?","$","M","?","?","?","$","T","?","R","R","R","M","R","BOSS"],"items_purchased_type":["Card","Relic","Potion","Relic","Card","Relic","Card","Card","Relic","Relic","Potion","Card","Relic","Card","Card","Relic","Relic","Card","Card","Card","Card","Relic","Relic","Relic","Card","Card","Card","Card","Relic","Relic","Potion","Potion","Card","Card","Card","Relic","Relic","Potion","Card","Card","Relic","Relic","Relic","Card","Card","Card","Potion","Relic"],"build_version":"2020-12-22","purchased_purges":6,"victory":true,"max_hp_per_floor":[75,75,75,75,75,75,75,75,75,75,82,82,82,82,82,82,82,82,82,82,82,82,82,82,82,82,82,82,82,82,82,82,82,82,82,82,82,82,82,82,82,82,92,92,92,92,92,92,92,92,92,92],"card_choices":[{"not_picked":["Doom and Gloom","Stack"],"picked":"Gash","floor":1},{"not_picked":["Compile Driver","Scrape","Rebound"],"picked":"SKIP","floor":3},{"not_picked":["ReplayTheSpireMod:Haul","ReplayTheSpireMod:??????????????????????"],"picked":"infinitespire:Punishment","floor":4},{"not_picked":["Doom and Gloom","Rip and Tear"],"picked":"ReplayTheSpireMod:System Scan","floor":11},{"not_picked":["Hello World","Coolheaded"],"picked":"Defragment","floor":13},{"not_picked":["Seek","Meteor Strike"],"picked":"Creative AI","floor":16},{"not_picked":["Double Energy","Sweeping Beam"],"picked":"BootSequence","floor":18},{"not_picked":["Reprogram","Streamline"],"picked":"Recycle","floor":32},{"not_picked":["Barrage","Beam Cell"],"picked":"Capacitor","floor":33},{"not_picked":["Thunder Strike","Creative AI"],"picked":"Machine Learning","floor":35},{"not_picked":["Conserve Battery+1","Undo"],"picked":"Cold Snap+1","floor":37},{"not_picked":["Darkness","Glacier"],"picked":"Coolheaded+1","floor":40},{"not_picked":["Doom and Gloom+1","Stack"],"picked":"Rebound+1","floor":41},{"not_picked":["Panic Button+1","Hello World"],"picked":"Crystallizer","floor":43},{"not_picked":["ReplayTheSpireMod:Reroute Power+1","Rebound+1"],"picked":"Crystallizer+1","floor":50}],"player_experience":124930,"relics_obtained":[{"floor":9,"key":"infinitespire:Freezer"},{"floor":11,"key":"Strawberry"},{"floor":13,"key":"Odd Mushroom"},{"floor":26,"key":"CeramicFish"},{"floor":38,"key":"Molten Egg 2"},{"floor":45,"key":"The Courier"}],"event_choices":[{"cards_removed":["Strike_B"],"damage_healed":0,"gold_gain":0,"player_choice":"Took Card","damage_taken":0,"max_hp_gain":0,"max_hp_loss":0,"event_name":"NoteForYourself","floor":2,"gold_loss":0,"cards_obtained":["Dramatic Entrance"]},{"damage_healed":0,"gold_gain":0,"player_choice":"Fought Mushrooms","damage_taken":0,"max_hp_gain":0,"max_hp_loss":0,"event_name":"Mushrooms","floor":13,"gold_loss":0},{"damage_healed":0,"gold_gain":0,"player_choice":"Obtained Relic","damage_taken":0,"relics_obtained":["Boot"],"max_hp_gain":0,"max_hp_loss":0,"event_name":"Addict","floor":19,"gold_loss":85},{"damage_healed":0,"gold_gain":0,"cards_transformed":["Defend_B","Defend_B"],"player_choice":"Became Test Subject","damage_taken":0,"max_hp_gain":0,"max_hp_loss":0,"event_name":"Drug Dealer","floor":25,"gold_loss":0,"cards_obtained":["Undo","Streamline"]},{"damage_healed":0,"gold_gain":0,"player_choice":"Ignored","damage_taken":0,"max_hp_gain":0,"max_hp_loss":0,"event_name":"Vampires","floor":28,"gold_loss":0},{"damage_healed":0,"gold_gain":0,"player_choice":"Relic","damage_taken":0,"max_hp_gain":0,"max_hp_loss":0,"event_name":"Wheel of Change","floor":38,"gold_loss":0},{"damage_healed":0,"gold_gain":0,"player_choice":"Paid Gold","damage_taken":0,"relics_obtained":["infinitespire:Lucky Rock"],"max_hp_gain":0,"max_hp_loss":0,"event_name":"WeMeetAgain","floor":42,"gold_loss":76}],"is_beta":false,"boss_relics":[{"not_picked":["Astrolabe","Philosopher\u0027s Stone"],"picked":"Nuclear Battery"},{"not_picked":["Kintsugi","Replay:Grab Bag"],"picked":"SacredBark"}],"items_purged_floors":[5,12,14,21,27,39],"is_endless":false,"potions_floor_spawned":[3,13,32,37,41,50],"ascension_level":0}}