{"host":"f0gpob8hq9vgebej","time":1612019638,"event":{"mods":["AchievementEnabler","BaseMod","Minty Spire (QoL Compilation)","Quick Restart","SuperFastMode"],"gold_per_floor":[114,128,140,151,164,164,164,183,183,196,196,196,43,60,60,157,157,169,183,56,56,72,72,84,84,107,121,121,71,84,84,84,187,187,206,206,206,206,132,132,149,179,205,215,215,8,22,53,53,53,53],"floor_reached":50,"language":"KOR","playtime":1298,"items_purged":["Strike_B","Strike_B","Defend_B"],"score":808,"play_id":"969cbb23-f0d5-45ad-b747-d5aa0274a013","local_time":"20210131001358","is_ascension_mode":true,"campfire_choices":[{"data":"Apotheosis","floor":6.0,"key":"SMITH"},{"data":"Storm","floor":11.0,"key":"SMITH"},{"data":"Loop","floor":15.0,"key":"SMITH"},{"data":"Creative AI","floor":23.0,"key":"SMITH"},{"data":"Self Repair","floor":25.0,"key":"SMITH"},{"floor":32.0,"key":"REST"},{"floor":40.0,"key":"REST"},{"floor":49.0,"key":"REST"}],"circlet_count":0,"master_deck":["AscendersBane","Zap","Dualcast","Apotheosis+1","Loop+1","Storm+1","Self Repair+1","Conserve Battery","Amplify","Glacier","Barrage","Heatsinks","Creative AI+1","Turbo","Force Field","Hologram","Chill","Self Repair","Electrodynamics","Panache","Reboot"],"relics":["Cracked Core","Darkstone Periapt","Inserter","Ancient Tea Set","Smiling Mask","Empty Cage","Cables","Happy Flower","Runic Capacitor","Bottled Tornado"],"acts_visited":["Exordium","TheCity","TheBeyond"],"potions_floor_usage":[],"damage_taken":[{"damage":3.0,"enemies":"2 Louse","floor":1.0,"turns":2.0},{"damage":6.0,"enemies":"Cultist","floor":2.0,"turns":3.0},{"damage":2.0,"enemies":"Jaw Worm","floor":3.0,"turns":4.0},{"damage":0.0,"enemies":"Large Slime","floor":4.0,"turns":6.0},{"damage":20.0,"enemies":"Exordium Thugs","floor":5.0,"turns":5.0},{"damage":12.0,"enemies":"Looter","floor":8.0,"turns":4.0},{"damage":6.0,"enemies":"Large Slime","floor":10.0,"turns":7.0},{"damage":15.0,"enemies":"Exordium Thugs","floor":14.0,"turns":4.0},{"damage":12.0,"enemies":"Hexaghost","floor":16.0,"turns":6.0},{"damage":9.0,"enemies":"Chosen","floor":18.0,"turns":5.0},{"damage":10.0,"enemies":"Spheric Guardian","floor":19.0,"turns":4.0},{"damage":12.0,"enemies":"Snecko","floor":22.0,"turns":7.0},{"damage":8.0,"enemies":"Centurion and Healer","floor":24.0,"turns":5.0},{"damage":21.0,"enemies":"Shelled Parasite and Fungi","floor":27.0,"turns":5.0},{"damage":18.0,"enemies":"Snecko","floor":30.0,"turns":7.0},{"damage":37.0,"enemies":"Champ","floor":33.0,"turns":11.0},{"damage":23.0,"enemies":"Orb Walker","floor":35.0,"turns":4.0},{"damage":11.0,"enemies":"3 Shapes","floor":41.0,"turns":3.0},{"damage":0.0,"enemies":"Giant Head","floor":42.0,"turns":8.0},{"damage":16.0,"enemies":"Writhing Mass","floor":44.0,"turns":4.0},{"damage":23.0,"enemies":"Sphere and 2 Shapes","floor":47.0,"turns":3.0},{"damage":38.0,"enemies":"Reptomancer","floor":48.0,"turns":5.0},{"damage":40,"enemies":"Awakened One","floor":50,"turns":5}],"seed_played":"-1337112340297066873","potions_obtained":[{"floor":3.0,"key":"PowerPotion"},{"floor":4.0,"key":"PowerPotion"},{"floor":5.0,"key":"Dexterity Potion"},{"floor":10.0,"key":"FocusPotion"},{"floor":19.0,"key":"Explosive Potion"},{"floor":24.0,"key":"GamblersBrew"},{"floor":30.0,"key":"Weak Potion"},{"floor":47.0,"key":"Explosive Potion"}],"is_trial":false,"path_per_floor":["M","M","M","M","M","R","?","M","T","M","R","?","$","M","R","B",null,"M","M","$","?","M","R","M","R","T","M","?","$","M","?","R","B",null,"M","?","?","?","$","R","M","E","T","M","?","$","M","E","R","B"],"character_chosen":"DEFECT","items_purchased":["Heatsinks","Hologram","Reboot","Runic Capacitor","SkillPotion"],"campfire_rested":3,"item_purchase_floors":[13,20,39,46,46],"current_hp_per_floor":[47,41,39,46,36,36,36,38,38,42,42,42,42,27,27,29,64,65,62,62,62,57,57,59,59,59,48,48,48,40,40,62,42,67,54,54,54,54,54,75,75,75,75,75,75,75,59,38,60,20,20],"gold":53,"neow_bonus":"RANDOM_COLORLESS_2","is_daily":false,"chose_seed":false,"campfire_upgraded":5,"win_rate":0.0,"timestamp":1612019638,"path_taken":["M","M","M","M","M","R","?","?","T","M","R","?","$","M","R","BOSS","M","M","$","?","M","R","M","R","T","M","?","$","M","?","R","BOSS","M","?","?","?","$","R","?","E","T","M","?","$","M","E","R","BOSS"],"items_purchased_type":["Card","Card","Card","Relic","Potion"],"build_version":"2020-12-22","purchased_purges":3,"victory":false,"max_hp_per_floor":[75,75,75,75,75,75,75,75,75,75,75,75,75,75,75,75,75,75,75,75,75,75,75,75,75,75,75,75,75,75,75,75,75,75,75,75,75,75,75,75,75,75,75,75,75,75,75,75,75,75,75],"card_choices":[{"not_picked":["The Bomb","Secret Technique"],"picked":"Apotheosis","floor":0.0},{"not_picked":["Streamline","Beam Cell"],"picked":"Loop","floor":1.0},{"not_picked":["Gash","Reinforced Body"],"picked":"Storm","floor":2.0},{"not_picked":["Leap","Turbo"],"picked":"Self Repair","floor":3.0},{"not_picked":["Loop","Hello World"],"picked":"Conserve Battery","floor":4.0},{"not_picked":["Reinforced Body","Coolheaded"],"picked":"Amplify","floor":5.0},{"not_picked":["Reprogram","Redo"],"picked":"Glacier","floor":8.0},{"not_picked":["Turbo","Redo"],"picked":"Barrage","floor":10.0},{"not_picked":["Chill","Rebound"],"picked":"Ball Lightning","floor":14.0},{"not_picked":["All For One","Buffer"],"picked":"Creative AI","floor":16.0},{"not_picked":["Auto Shields+1","Loop"],"picked":"Turbo","floor":18.0},{"not_picked":["Barrage+1","Streamline+1"],"picked":"Force Field","floor":19.0},{"not_picked":["Auto Shields","Melter"],"picked":"Chill","floor":22.0},{"not_picked":["Hologram","Ball Lightning","Storm+1"],"picked":"SKIP","floor":24.0},{"not_picked":["Recycle","Streamline","Steam"],"picked":"SKIP","floor":27.0},{"not_picked":["Hologram","Lockon"],"picked":"Self Repair","floor":30.0},{"not_picked":["All For One","Reboot"],"picked":"Electrodynamics","floor":33.0},{"not_picked":["Ball Lightning+1","Sweeping Beam+1","Beam Cell"],"picked":"SKIP","floor":35.0},{"not_picked":["Forethought","Panacea"],"picked":"Panache","floor":38.0},{"not_picked":["Barrage","Steam+1","Rebound"],"picked":"SKIP","floor":41.0},{"not_picked":["Hyperbeam","Conserve Battery","Stack"],"picked":"SKIP","floor":42.0},{"not_picked":["Go for the Eyes+1","Beam Cell","Coolheaded+1"],"picked":"SKIP","floor":44.0},{"not_picked":["Beam Cell+1","Barrage","Hologram"],"picked":"SKIP","floor":47.0},{"not_picked":["Rip and Tear+1","Genetic Algorithm","Undo+1"],"picked":"SKIP","floor":48.0}],"player_experience":291098,"relics_obtained":[{"floor":9.0,"key":"Darkstone Periapt"},{"floor":26.0,"key":"Smiling Mask"},{"floor":42.0,"key":"Cables"},{"floor":43.0,"key":"Happy Flower"},{"floor":48.0,"key":"Bottled Tornado"}],"event_choices":[{"cards_removed":["Strike_B"],"damage_healed":0.0,"max_hp_gain":0.0,"max_hp_loss":0.0,"gold_gain":0.0,"event_name":"Purifier","player_choice":"Purged","floor":7.0,"gold_loss":0.0,"damage_taken":0.0},{"damage_healed":0.0,"max_hp_gain":0.0,"max_hp_loss":0.0,"gold_gain":0.0,"event_name":"Golden Idol","player_choice":"Ignored","floor":12.0,"gold_loss":0.0,"damage_taken":0.0},{"damage_healed":0.0,"max_hp_gain":0.0,"max_hp_loss":0.0,"gold_gain":0.0,"event_name":"The Mausoleum","player_choice":"Opened","floor":21.0,"gold_loss":0.0,"damage_taken":0.0,"relics_obtained":["Ancient Tea Set"]},{"cards_removed":["Strike_B"],"damage_healed":0.0,"max_hp_gain":0.0,"max_hp_loss":0.0,"gold_gain":0.0,"event_name":"Back to Basics","player_choice":"Elegance","floor":28.0,"gold_loss":0.0,"damage_taken":0.0},{"cards_removed":["Defend_B"],"damage_healed":0.0,"max_hp_gain":0.0,"max_hp_loss":0.0,"gold_gain":0.0,"event_name":"Bonfire Elementals","player_choice":"Offered Basic","floor":31.0,"gold_loss":0.0,"damage_taken":0.0},{"damage_healed":0.0,"max_hp_gain":0.0,"max_hp_loss":0.0,"gold_gain":0.0,"event_name":"Mysterious Sphere","player_choice":"Ignored","floor":36.0,"gold_loss":0.0,"damage_taken":0.0},{"cards_removed":["Ball Lightning"],"damage_healed":0.0,"max_hp_gain":0.0,"max_hp_loss":0.0,"gold_gain":0.0,"event_name":"Falling","player_choice":"Removed Attack","floor":37.0,"gold_loss":0.0,"damage_taken":0.0},{"damage_healed":0.0,"max_hp_gain":0.0,"max_hp_loss":0.0,"gold_gain":0.0,"event_name":"SensoryStone","player_choice":"Memory 1","floor":38.0,"gold_loss":0.0,"damage_taken":0.0},{"damage_healed":0.0,"max_hp_gain":0.0,"max_hp_loss":0.0,"gold_gain":0.0,"event_name":"Tomb of Lord Red Mask","player_choice":"Ignored","floor":45.0,"gold_loss":0.0,"damage_taken":0.0}],"is_beta":false,"boss_relics":[{"not_picked":["Tiny House","Calling Bell"],"picked":"Inserter"},{"not_picked":["SacredBark","Nuclear Battery"],"picked":"Empty Cage"}],"items_purged_floors":[13,20,29],"is_endless":false,"potions_floor_spawned":[3,4,5,10,14,19,24,30,41,47],"killed_by":"Awakened One","ascension_level":11}}