{"host":"vlqejv0notyktumz","time":1612047578,"event":{"mods":["AchievementEnabler","BaseMod","Colored Map","Colored Powertips","Downfall","Googly Eyes","Minty Spire (QoL Compilation)","StSLib"],"gold_per_floor":[109,121,139,139,150,160,48,48,48,78,9,22,34,59,59,159,159,171,86,52,0,0,0,19,31,31,31,50,50,66,84,84,84,84],"floor_reached":33,"language":"ENG","playtime":899,"items_purged":["Strike_R"],"score":325,"play_id":"7157bf91-66a7-478a-81c0-09c0dd1d30b3","local_time":"20210130165938","is_ascension_mode":true,"campfire_choices":[{"data":"Inflame","floor":8,"key":"SMITH"},{"floor":15,"key":"REST"},{"floor":23,"key":"REST"},{"data":"Strike_R","floor":27,"key":"PURGE"},{"floor":32,"key":"REST"}],"circlet_count":0,"master_deck":["Strike_R","Strike_R","Defend_R","Defend_R","Defend_R","Defend_R","Bash","Dark Shackles","Clash","Iron Wave","Rampage","Blood for Blood","Inflame+1","Spot Weakness","Sword Boomerang","Uppercut","Thunderclap","Demon Form","CurseOfTheBell","Anger","Fire Breathing","Spot Weakness","Cleave+1","Armaments"],"relics":["Burning Blood","Pear","Ornamental Fan","Peace Pipe","Calling Bell","Potion Belt","Self Forming Clay","Gambling Chip","Happy Flower","Eternal Feather","HornCleat"],"acts_visited":["Exordium","TheCity"],"potions_floor_usage":[14,16,30,30,30,31,31],"damage_taken":[{"damage":6,"enemies":"Jaw Worm","floor":1,"turns":5},{"damage":6,"enemies":"Cultist","floor":2,"turns":3},{"damage":2,"enemies":"2 Louse","floor":3,"turns":2},{"damage":3,"enemies":"2 Fungi Beasts","floor":5,"turns":3},{"damage":7,"enemies":"Exordium Wildlife","floor":6,"turns":3},{"damage":16,"enemies":"Lagavulin","floor":10,"turns":5},{"damage":14,"enemies":"Red Slaver","floor":12,"turns":4},{"damage":21,"enemies":"Lots of Slimes","floor":13,"turns":4},{"damage":22,"enemies":"3 Sentries","floor":14,"turns":5},{"damage":12,"enemies":"Slime Boss","floor":16,"turns":7},{"damage":32,"enemies":"3 Byrds","floor":18,"turns":6},{"damage":18,"enemies":"Chosen","floor":24,"turns":6},{"damage":19,"enemies":"Centurion and Healer","floor":25,"turns":5},{"damage":16,"enemies":"Shelled Parasite and Fungi","floor":28,"turns":3},{"damage":24,"enemies":"3 Cultists","floor":30,"turns":5},{"damage":19,"enemies":"Snecko","floor":31,"turns":5},{"damage":62,"enemies":"Champ","floor":33,"turns":10}],"seed_played":"4243988479675364956","potions_obtained":[{"floor":1,"key":"Swift Potion"},{"floor":5,"key":"LiquidMemories"},{"floor":12,"key":"ColorlessPotion"},{"floor":16,"key":"SteroidPotion"},{"floor":24,"key":"EssenceOfSteel"},{"floor":25,"key":"Swift Potion"},{"floor":28,"key":"Block Potion"},{"floor":30,"key":"Fire Potion"}],"is_trial":false,"path_per_floor":["M","M","M","?","M","M","$","R","T","E","$","M","M","E","R","B",null,"M","?","$","?","?","R","M","M","T","R","M","T","M","M","R","B"],"character_chosen":"IRONCLAD","items_purchased":["Spot Weakness","Uppercut","Fire Breathing"],"campfire_rested":3,"item_purchase_floors":[7,11,20],"current_hp_per_floor":[80,80,80,80,80,79,79,79,89,79,79,71,56,40,67,61,90,64,64,64,64,46,74,62,49,49,61,51,51,33,20,60,0,0],"gold":84,"neow_bonus":"RANDOM_COLORLESS","is_daily":false,"chose_seed":false,"campfire_upgraded":1,"win_rate":0.0,"timestamp":1612047578,"path_taken":["M","M","M","?","M","?","$","R","T","E","$","M","M","E","R","BOSS","M","?","$","?","?","R","?","M","T","R","M","?","?","?","R","BOSS"],"items_purchased_type":["Card","Card","Card"],"build_version":"2020-12-22","purchased_purges":1,"victory":false,"max_hp_per_floor":[80,80,80,80,80,80,80,80,90,90,90,90,90,90,90,90,90,90,90,90,90,95,95,95,95,95,95,95,95,95,95,95,95,95],"card_choices":[{"not_picked":["Purity","Good Instincts"],"picked":"Dark Shackles","floor":0},{"not_picked":["Shrug It Off","Dark Embrace"],"picked":"Clash","floor":1},{"not_picked":["Perfected Strike","True Grit"],"picked":"Iron Wave","floor":2},{"not_picked":["Body Slam","Sword Boomerang"],"picked":"Rampage","floor":3},{"not_picked":["Brutality","Sword Boomerang","Anger"],"picked":"SKIP","floor":5},{"not_picked":["Armaments","Havoc"],"picked":"Inflame","floor":6},{"not_picked":["Armaments","Warcry"],"picked":"Sword Boomerang","floor":10},{"not_picked":["Havoc","Seeing Red","Sever Soul"],"picked":"SKIP","floor":12},{"not_picked":["Wild Strike","Impervious"],"picked":"Thunderclap","floor":13},{"not_picked":["Pummel","Armaments","Burning Pact"],"picked":"SKIP","floor":14},{"not_picked":["Double Tap","Impervious"],"picked":"Demon Form","floor":16},{"not_picked":["Pommel Strike","Wild Strike"],"picked":"Anger","floor":18},{"not_picked":["Anger","Carnage"],"picked":"Spot Weakness","floor":24},{"not_picked":["Flex","Iron Wave+1"],"picked":"Cleave+1","floor":25},{"not_picked":["Burning Pact","Flex","Dropkick+1"],"picked":"SKIP","floor":28},{"not_picked":["Cleave+1","Perfected Strike"],"picked":"Armaments","floor":30},{"not_picked":["Warcry","Feel No Pain","Intimidate"],"picked":"SKIP","floor":31}],"player_experience":377932,"relics_obtained":[{"floor":9,"key":"Pear"},{"floor":10,"key":"Ornamental Fan"},{"floor":14,"key":"Peace Pipe"},{"floor":17,"key":"Potion Belt"},{"floor":17,"key":"Self Forming Clay"},{"floor":17,"key":"Gambling Chip"},{"floor":26,"key":"Eternal Feather"},{"floor":29,"key":"HornCleat"}],"event_choices":[{"damage_healed":0,"gold_gain":0,"cards_transformed":["Strike_R"],"player_choice":"Transformed","damage_taken":0,"max_hp_gain":0,"max_hp_loss":0,"event_name":"Transmorgrifier","floor":4,"gold_loss":0,"cards_obtained":["Blood for Blood"]},{"damage_healed":0,"gold_gain":0,"player_choice":"Obtained Relic","damage_taken":0,"relics_obtained":["Happy Flower"],"max_hp_gain":0,"max_hp_loss":0,"event_name":"Addict","floor":19,"gold_loss":85},{"damage_healed":0,"gold_gain":0,"player_choice":"Paid Fearfully","damage_taken":0,"max_hp_gain":0,"max_hp_loss":0,"event_name":"Masked Bandits","floor":21,"gold_loss":52},{"damage_healed":0,"gold_gain":0,"player_choice":"Shed Blood","damage_taken":23,"max_hp_gain":5,"max_hp_loss":0,"event_name":"Forgotten Altar","floor":22,"gold_loss":0}],"is_beta":false,"boss_relics":[{"not_picked":["Fusion Hammer","Runic Dome"],"picked":"Calling Bell"}],"items_purged_floors":[7],"is_endless":false,"potions_floor_spawned":[1,5,12,13,16,24,25,28,30],"killed_by":"Champ","ascension_level":3}}