{"host":"Sylvester","time":1612043872,"event":{"mods":["BaseMod","Filter the Spire","Lobotomy","Minty Spire (QoL Compilation)","Replay The Spire","StSLib"],"gold_per_floor":[20,30,30,30,4,4,28,28,80,80,26,26,44,44,44,44,44],"floor_reached":16,"language":"ENG","playtime":278,"items_purged":[],"score":176,"play_id":"39d2d62c-d562-453c-8960-bb6b9afc5f1c","local_time":"20210130135752","is_ascension_mode":true,"campfire_choices":[{"data":"Searing Blow","floor":6.0,"key":"SMITH"},{"data":"Searing Blow+1","floor":8.0,"key":"SMITH"},{"data":"Searing Blow+2","floor":10.0,"key":"SMITH"},{"data":"Searing Blow+3","floor":12.0,"key":"SMITH"},{"data":"Searing Blow+4","floor":15,"key":"SMITH"}],"circlet_count":0,"master_deck":["AscendersBane","Strike_R","Strike_R","Strike_R","Strike_R","Defend_R","Defend_R","Defend_R","Defend_R","Bash","Offering","Searing Blow+5","True Grit","Entrench+1","Shrug It Off","Pommel Strike","Feel No Pain+1","Feed"],"relics":["Burning Blood","Golden Idol","Blue Doll"],"acts_visited":["Exordium"],"potions_floor_usage":[],"damage_taken":[{"damage":14.0,"enemies":"2 Louse","floor":1.0,"turns":3.0},{"damage":6.0,"enemies":"Small Slimes","floor":2.0,"turns":4.0},{"damage":6.0,"enemies":"Jaw Worm","floor":7.0,"turns":3.0},{"damage":8.0,"enemies":"Blue Slaver","floor":13.0,"turns":3.0},{"damage":36,"enemies":"Slime Boss","floor":16,"turns":6}],"seed_played":"-7781825605295287560","potions_obtained":[],"is_trial":false,"path_per_floor":["M","M","?","?","$","R","M","R","T","R","$","R","M","?","R","B"],"character_chosen":"IRONCLAD","items_purchased":["Shrug It Off","Feel No Pain+1"],"campfire_rested":0,"item_purchase_floors":[5,11],"current_hp_per_floor":[60,60,60,34,34,34,34,34,34,34,34,34,32,32,32,0,0],"gold":44,"neow_bonus":"THREE_RARE_CARDS","is_daily":false,"chose_seed":false,"campfire_upgraded":5,"win_rate":0.0,"timestamp":1612043872,"path_taken":["M","M","?","?","$","R","?","R","T","R","$","R","M","?","R","BOSS"],"items_purchased_type":["Card","Card"],"build_version":"2020-11-17","purchased_purges":0,"victory":false,"max_hp_per_floor":[75,75,75,75,75,75,75,75,75,75,75,75,75,75,75,75,75],"card_choices":[{"not_picked":["Bludgeon","Impervious"],"picked":"Offering","floor":0.0},{"not_picked":["ReplayTheSpireMod:Strike From Hell","Shrug It Off"],"picked":"Searing Blow","floor":1.0},{"not_picked":["Flex","Replay:Undeath\u0027s Touch"],"picked":"True Grit","floor":2.0},{"not_picked":["Wild Strike","Sword Boomerang"],"picked":"Pommel Strike","floor":7.0},{"not_picked":["Disarm","True Grit"],"picked":"Feed","floor":13.0}],"player_experience":180036,"relics_obtained":[{"floor":9.0,"key":"Blue Doll"}],"event_choices":[{"damage_healed":0.0,"max_hp_gain":0.0,"max_hp_loss":0.0,"gold_gain":0.0,"event_name":"Golden Idol","player_choice":"Take Damage","floor":4.0,"gold_loss":0.0,"damage_taken":26.0,"relics_obtained":["Golden Idol"]},{"damage_healed":0,"gold_gain":0,"player_choice":"Ignored","damage_taken":0,"max_hp_gain":0,"max_hp_loss":0,"event_name":"Shining Light","floor":14,"gold_loss":0}],"is_beta":true,"boss_relics":[],"items_purged_floors":[],"is_endless":false,"potions_floor_spawned":[],"killed_by":"Slime Boss","ascension_level":20}}