{"host":"rjx4accq0ysw8w2o","time":1612011719,"event":{"mods":["AchievementEnabler","BaseMod","Block Reminder","Colored Map","Colored Powertips","DeckTracker","Highlight Path","Minty Spire (QoL Compilation)","Quick Restart","Rare Cards Sparkle"],"gold_per_floor":[113,113,113,38,57,91,91,110,182,182,42,62,62,39,39,136,136,149,167,67,67,67,67,83,83,83,93,103,118,118,147,147,250,250,263,313,154,154,170,170,184,184,184,184,184,184],"floor_reached":45,"language":"ENG","playtime":3642,"items_purged":["Defend_B","Strike_B","Strike_B"],"score":481,"play_id":"9dd84068-13a0-466e-81db-fd7d6d7ada57","local_time":"20210130140159","is_ascension_mode":false,"campfire_choices":[{"data":"Streamline","floor":7.0,"key":"SMITH"},{"data":"Electrodynamics","floor":13.0,"key":"SMITH"},{"floor":15.0,"key":"REST"},{"data":"Echo Form","floor":23.0,"key":"SMITH"},{"floor":30.0,"key":"REST"},{"floor":32.0,"key":"REST"},{"floor":40.0,"key":"RECALL"},{"data":"Reinforced Body","floor":42.0,"key":"SMITH"},{"data":"Glacier","floor":44.0,"key":"SMITH"}],"circlet_count":0,"master_deck":["Strike_B","Strike_B","Defend_B","Defend_B+1","Defend_B","Zap+1","Dualcast+1","Ball Lightning","Streamline+1","Electrodynamics+1","Leap","Echo Form+1","CurseOfTheBell","Glacier+1","Sunder+1","Core Surge+1","Self Repair","Reinforced Body+1"],"relics":["Cracked Core","War Paint","Darkstone Periapt","Shuriken","Calling Bell","Happy Flower","Molten Egg 2","TungstenRod","MutagenicStrength","HornCleat","SlaversCollar","Lizard Tail","Omamori"],"acts_visited":["Exordium","TheCity","TheBeyond"],"potions_floor_usage":[45,45],"damage_taken":[{"damage":2.0,"enemies":"2 Louse","floor":1.0,"turns":3.0},{"damage":5.0,"enemies":"Small Slimes","floor":5.0,"turns":2.0},{"damage":13.0,"enemies":"Gremlin Nob","floor":6.0,"turns":3.0},{"damage":6.0,"enemies":"Jaw Worm","floor":8.0,"turns":2.0},{"damage":0.0,"enemies":"Blue Slaver","floor":12.0,"turns":2.0},{"damage":0.0,"enemies":"Slime Boss","floor":16.0,"turns":6.0},{"damage":13.0,"enemies":"Shell Parasite","floor":18.0,"turns":6.0},{"damage":1.0,"enemies":"Chosen","floor":19.0,"turns":4.0},{"damage":1.0,"enemies":"Snake Plant","floor":24.0,"turns":3.0},{"damage":2.0,"enemies":"Centurion and Healer","floor":27.0,"turns":4.0},{"damage":21.0,"enemies":"Shelled Parasite and Fungi","floor":28.0,"turns":7.0},{"damage":11.0,"enemies":"3 Cultists","floor":29.0,"turns":5.0},{"damage":13.0,"enemies":"Gremlin Leader","floor":31.0,"turns":5.0},{"damage":41.0,"enemies":"Automaton","floor":33.0,"turns":9.0},{"damage":9.0,"enemies":"3 Shapes","floor":35.0,"turns":3.0},{"damage":8.0,"enemies":"Mind Bloom Boss Battle","floor":36.0,"turns":6.0},{"damage":10.0,"enemies":"3 Darklings","floor":39.0,"turns":5.0},{"damage":17.0,"enemies":"Sphere and 2 Shapes","floor":41.0,"turns":8.0},{"damage":168,"enemies":"Giant Head","floor":45,"turns":12}],"seed_played":"-2380107472633951794","potions_obtained":[{"floor":1.0,"key":"Fire Potion"},{"floor":5.0,"key":"SpeedPotion"},{"floor":16.0,"key":"ColorlessPotion"},{"floor":19.0,"key":"FearPotion"},{"floor":28.0,"key":"Energy Potion"},{"floor":31.0,"key":"CultistPotion"},{"floor":33.0,"key":"Fire Potion"},{"floor":35.0,"key":"Fruit Juice"},{"floor":36.0,"key":"LiquidMemories"}],"is_trial":false,"path_per_floor":["M","?","?","$","M","E","R","M","T","?","$","M","R","$","R","B",null,"M","M","$","?","?","R","M","?","T","M","M","M","R","E","R","B",null,"M","?","$","?","M","R","M","R","T","R","E"],"character_chosen":"DEFECT","items_purchased":["Electrodynamics","Leap","Self Repair"],"campfire_rested":3,"item_purchase_floors":[11,14,37],"current_hp_per_floor":[73,61,61,61,56,43,43,37,37,37,37,37,37,37,59,59,81,68,67,67,67,67,67,66,66,66,64,43,32,56,43,67,26,81,77,69,69,69,66,66,56,56,56,56,0,0],"gold":184,"neow_bonus":"UPGRADE_CARD","is_daily":false,"chose_seed":false,"campfire_upgraded":5,"win_rate":0.0,"timestamp":1612011719,"path_taken":["M","?","?","?","M","E","R","?","T","?","?","M","R","?","R","BOSS","M","M","$","?","?","R","M","?","T","M","M","M","R","E","R","BOSS","M","?","$","?","M","R","M","R","T","R","E"],"items_purchased_type":["Card","Card","Card"],"build_version":"2020-12-22","purchased_purges":3,"victory":false,"max_hp_per_floor":[75,75,75,75,75,75,75,75,75,75,75,75,75,75,75,75,81,81,81,81,81,81,81,81,81,81,81,81,81,81,81,81,81,81,86,86,86,82,82,82,82,82,82,82,82,82],"card_choices":[{"not_picked":["BootSequence","Sweeping Beam"],"picked":"Ball Lightning","floor":1.0},{"not_picked":["Go for the Eyes","Coolheaded","Gash"],"picked":"SKIP","floor":5.0},{"not_picked":["Steam","Turbo"],"picked":"Streamline","floor":6.0},{"not_picked":["Tempest","Redo","BootSequence"],"picked":"SKIP","floor":8.0},{"not_picked":["Genetic Algorithm","Multi-Cast","Undo"],"picked":"SKIP","floor":12.0},{"not_picked":["Seek","All For One"],"picked":"Echo Form","floor":16.0},{"not_picked":["Cold Snap+1","Sweeping Beam+1"],"picked":"Glacier","floor":18.0},{"not_picked":["Stack+1","Streamline+1","Consume"],"picked":"SKIP","floor":19.0},{"not_picked":["Rebound+1","Gash+1","Force Field"],"picked":"SKIP","floor":24.0},{"not_picked":["Undo","Turbo","Rebound+1"],"picked":"SKIP","floor":27.0},{"not_picked":["Genetic Algorithm","Skim+1","Redo"],"picked":"SKIP","floor":28.0},{"not_picked":["Sunder+1","Electrodynamics","Defragment"],"picked":"SKIP","floor":29.0},{"not_picked":["Hologram","FTL+1","Go for the Eyes+1"],"picked":"SKIP","floor":31.0},{"not_picked":["Echo Form","Reboot"],"picked":"Core Surge+1","floor":33.0},{"not_picked":["Streamline+1","White Noise+1","BootSequence"],"picked":"SKIP","floor":35.0},{"not_picked":["Beam Cell+1","Consume"],"picked":"Reinforced Body","floor":39.0},{"not_picked":["Cold Snap+1","Compile Driver+1","Defragment"],"picked":"SKIP","floor":41.0}],"player_experience":129257,"relics_obtained":[{"floor":6.0,"key":"Darkstone Periapt"},{"floor":9.0,"key":"Shuriken"},{"floor":17.0,"key":"Happy Flower"},{"floor":17.0,"key":"Molten Egg 2"},{"floor":17.0,"key":"TungstenRod"},{"floor":31.0,"key":"HornCleat"},{"floor":36.0,"key":"Lizard Tail"},{"floor":43.0,"key":"Omamori"}],"event_choices":[{"damage_healed":0.0,"max_hp_gain":0.0,"max_hp_loss":0.0,"gold_gain":0.0,"event_name":"Scrap Ooze","player_choice":"Success","floor":2.0,"gold_loss":0.0,"damage_taken":12.0,"relics_obtained":["War Paint"]},{"damage_healed":0.0,"max_hp_gain":0.0,"max_hp_loss":0.0,"gold_gain":0.0,"event_name":"Liars Game","player_choice":"Ignored","floor":3.0,"gold_loss":0.0,"damage_taken":0.0},{"damage_healed":0.0,"max_hp_gain":0.0,"max_hp_loss":0.0,"gold_gain":0.0,"event_name":"Dead Adventurer","player_choice":"Searched \u00270\u0027 times","floor":10.0,"gold_loss":0.0,"damage_taken":0.0},{"damage_healed":0.0,"max_hp_gain":0.0,"max_hp_loss":0.0,"gold_gain":0.0,"event_name":"The Library","player_choice":"Read","floor":21.0,"gold_loss":0.0,"damage_taken":0.0,"cards_obtained":["Sunder"]},{"damage_healed":0.0,"max_hp_gain":0.0,"max_hp_loss":0.0,"gold_gain":0.0,"event_name":"Drug Dealer","player_choice":"Inject Mutagens","floor":25.0,"gold_loss":0.0,"damage_taken":0.0,"relics_obtained":["MutagenicStrength"]},{"damage_healed":0.0,"max_hp_gain":0.0,"max_hp_loss":0.0,"gold_gain":0.0,"event_name":"MindBloom","player_choice":"Fight","floor":36.0,"gold_loss":0.0,"damage_taken":0.0},{"damage_healed":0.0,"max_hp_gain":0.0,"max_hp_loss":4.0,"gold_gain":0.0,"event_name":"Winding Halls","player_choice":"Max HP","floor":38.0,"gold_loss":0.0,"damage_taken":0.0}],"is_beta":false,"boss_relics":[{"not_picked":["FrozenCore","Coffee Dripper"],"picked":"Calling Bell"},{"not_picked":["Cursed Key","Philosopher\u0027s Stone"],"picked":"SlaversCollar"}],"items_purged_floors":[4,20,37],"is_endless":false,"potions_floor_spawned":[1,5,16,19,28,31,33,35,36],"killed_by":"Giant Head","ascension_level":0}}