{"host":"m4qpn8a4h7jhbw2f","time":1612031072,"event":{"mods":["BaseMod","Colored Map","Colored Powertips","Minty Spire (QoL Compilation)","Rare Cards Sparkle","Relic Stats"],"gold_per_floor":[118,128,143,143,156,156,169,193,193,221,235,235,249,325,325,444,444,469,254,277,298,316,316,341,341,341,341,50,50,74,74,74,199,199,218,188,211,229,249,249,274,71,71,92,92,29,0,16,16,16,16],"floor_reached":50,"language":"ENG","playtime":3198,"items_purged":["Injury","Strike_R","Strike_R"],"score":475,"play_id":"0e902309-a99c-4051-b7ee-cbb2b4a74b5e","local_time":"20210130132432","is_ascension_mode":false,"campfire_choices":[{"data":"Flex","floor":6,"key":"SMITH"},{"floor":15,"key":"REST"},{"floor":23,"key":"REST"},{"data":"Pommel Strike","floor":27,"key":"SMITH"},{"floor":32,"key":"REST"},{"data":"Feed","floor":40,"key":"SMITH"},{"floor":45,"key":"REST"},{"floor":49,"key":"REST"}],"circlet_count":0,"master_deck":["Strike_R","Strike_R","Defend_R","Defend_R","Defend_R","Bash","Brutality","Combust","Spot Weakness","Thunderclap","Hemokinesis","Flex+1","Battle Trance","Blood for Blood","Pommel Strike","Demon Form","Flame Barrier","Flex","Dramatic Entrance","Wild Strike","Pommel Strike","Spot Weakness","Pommel Strike+1","Warcry","Perfected Strike+1","RitualDagger","Feed+1","Heavy Blade","Rupture","Twin Strike+1","Pommel Strike","Intimidate"],"relics":["Burning Blood","Odd Mushroom","Red Skull","Anchor","Golden Idol","Mercury Hourglass","Black Star","InkBottle","Bag of Marbles","HornCleat","Empty Cage","Membership Card","Self Forming Clay","Red Mask"],"acts_visited":["Exordium","TheCity","TheBeyond"],"potions_floor_usage":[8,10,13,16,18,24,30,38,41,41,48],"damage_taken":[{"damage":8,"enemies":"2 Louse","floor":1,"turns":3},{"damage":4,"enemies":"Jaw Worm","floor":2,"turns":3},{"damage":0,"enemies":"Small Slimes","floor":3,"turns":3},{"damage":7,"enemies":"Looter","floor":5,"turns":3},{"damage":15,"enemies":"Large Slime","floor":7,"turns":3},{"damage":13,"enemies":"The Mushroom Lair","floor":8,"turns":3},{"damage":33,"enemies":"Lagavulin","floor":10,"turns":5},{"damage":4,"enemies":"3 Louse","floor":11,"turns":3},{"damage":2,"enemies":"2 Fungi Beasts","floor":13,"turns":2},{"damage":16,"enemies":"Slime Boss","floor":16,"turns":6},{"damage":13,"enemies":"3 Byrds","floor":18,"turns":3},{"damage":23,"enemies":"Spheric Guardian","floor":20,"turns":4},{"damage":16,"enemies":"Snake Plant","floor":21,"turns":4},{"damage":22,"enemies":"Shelled Parasite and Fungi","floor":22,"turns":4},{"damage":7,"enemies":"Snecko","floor":24,"turns":3},{"damage":2,"enemies":"3 Cultists","floor":30,"turns":3},{"damage":35,"enemies":"Champ","floor":33,"turns":10},{"damage":1,"enemies":"3 Shapes","floor":35,"turns":2},{"damage":7,"enemies":"Orb Walker","floor":37,"turns":3},{"damage":8,"enemies":"3 Darklings","floor":38,"turns":3},{"damage":34,"enemies":"4 Shapes","floor":39,"turns":3},{"damage":28,"enemies":"Writhing Mass","floor":41,"turns":5},{"damage":8,"enemies":"Maw","floor":44,"turns":6},{"damage":24,"enemies":"3 Darklings","floor":48,"turns":3},{"damage":55,"enemies":"Donu and Deca","floor":50,"turns":5}],"seed_played":"2038413254844651085","potions_obtained":[{"floor":2,"key":"PowerPotion"},{"floor":5,"key":"EssenceOfSteel"},{"floor":8,"key":"Weak Potion"},{"floor":11,"key":"PowerPotion"},{"floor":16,"key":"Explosive Potion"},{"floor":22,"key":"SkillPotion"},{"floor":24,"key":"PowerPotion"},{"floor":30,"key":"Block Potion"},{"floor":38,"key":"Dexterity Potion"},{"floor":39,"key":"PowerPotion"},{"floor":48,"key":"Fruit Juice"}],"is_trial":false,"path_per_floor":["M","M","M","?","M","R","M","?","T","E","M","?","M","T","R","B",null,"M","$","M","M","M","R","M","?","T","R","$","?","M","?","R","B",null,"M","?","M","M","M","R","M","$","T","M","R","$","?","M","R","B"],"character_chosen":"IRONCLAD","items_purchased":["Flex","Dramatic Entrance","HornCleat","Warcry","Membership Card"],"campfire_rested":5,"item_purchase_floors":[19,19,28,28,42],"current_hp_per_floor":[70,72,72,72,71,71,62,55,55,28,30,30,34,34,55,45,72,65,65,48,38,22,43,42,42,42,42,42,26,30,24,45,16,72,72,72,71,69,41,41,19,19,19,21,43,43,43,30,54,0,0],"gold":16,"neow_bonus":"TRANSFORM_TWO_CARDS","is_daily":false,"chose_seed":false,"campfire_upgraded":3,"win_rate":0.0,"timestamp":1612031072,"path_taken":["M","M","M","?","M","R","M","?","T","E","M","?","M","?","R","BOSS","M","$","M","M","M","R","M","?","T","R","$","?","M","?","R","BOSS","M","?","?","M","M","R","M","$","T","?","R","$","?","M","R","BOSS"],"items_purchased_type":["Card","Card","Relic","Card","Relic"],"build_version":"2020-12-22","purchased_purges":3,"victory":false,"max_hp_per_floor":[72,72,72,72,72,72,72,72,72,72,72,72,72,72,72,72,72,72,72,72,72,72,72,72,72,72,72,72,72,72,72,72,72,72,72,72,72,72,72,72,72,72,72,76,76,76,76,81,81,81,81],"relic_stats":{"counters":[25,95],"Golden Idol":109,"Self Forming Clay":[51],"Black Star":0,"obtain_stats":[{"Golden Idol":12,"Self Forming Clay":43,"Odd Mushroom":8,"Empty Cage":34,"Burning Blood":0,"Mercury Hourglass":14,"Anchor":10,"HornCleat":28,"Black Star":17,"Bag of Marbles":26,"Red Mask":47,"Membership Card":42,"Red Skull":9,"InkBottle":25},{"Golden Idol":8,"Self Forming Clay":22,"Odd Mushroom":6,"Empty Cage":17,"Burning Blood":0,"Mercury Hourglass":9,"Anchor":7,"HornCleat":15,"Black Star":10,"Bag of Marbles":15,"Red Mask":23,"Membership Card":22,"Red Skull":6,"InkBottle":15},{"Golden Idol":26,"Self Forming Clay":81,"Odd Mushroom":18,"Empty Cage":65,"Burning Blood":0,"Mercury Hourglass":28,"Anchor":23,"HornCleat":52,"Black Star":34,"Bag of Marbles":52,"Red Mask":87,"Membership Card":81,"Red Skull":18,"InkBottle":52}],"Burning Blood":133,"InkBottle":[14],"Mercury Hourglass":[230]},"card_choices":[{"not_picked":["Cleave","Sword Boomerang"],"picked":"Combust","floor":1},{"not_picked":["Clothesline","Uppercut"],"picked":"Spot Weakness","floor":2},{"not_picked":["Fire Breathing","Twin Strike"],"picked":"Thunderclap","floor":3},{"not_picked":["Sever Soul","Iron Wave"],"picked":"Flex","floor":5},{"not_picked":["Twin Strike","Second Wind"],"picked":"Battle Trance","floor":7},{"not_picked":["Bloodletting","Iron Wave"],"picked":"Blood for Blood","floor":8},{"not_picked":["Reckless Charge","True Grit"],"picked":"Barricade","floor":10},{"not_picked":["Anger","Dark Embrace"],"picked":"Pommel Strike","floor":11},{"not_picked":["Cleave","Battle Trance"],"picked":"Warcry","floor":13},{"not_picked":["Bludgeon","Immolate"],"picked":"Demon Form","floor":16},{"not_picked":["Armaments","Headbutt"],"picked":"Flame Barrier","floor":18},{"not_picked":["Sentinel","Entrench"],"picked":"Wild Strike","floor":20},{"not_picked":["Perfected Strike","Carnage"],"picked":"Pommel Strike","floor":21},{"not_picked":["Disarm","Clothesline"],"picked":"Spot Weakness","floor":22},{"not_picked":["Dual Wield","True Grit"],"picked":"Pommel Strike","floor":24},{"not_picked":["Feel No Pain+1","Flex+1"],"picked":"Perfected Strike+1","floor":30},{"not_picked":["Exhume","Barricade"],"picked":"Feed","floor":33},{"not_picked":["Shrug It Off","Havoc"],"picked":"Heavy Blade","floor":35},{"not_picked":["Shockwave+1","Dark Embrace"],"picked":"Rupture","floor":37},{"not_picked":["Spot Weakness+1","Clash+1"],"picked":"Twin Strike+1","floor":38},{"not_picked":["Heavy Blade+1","Havoc"],"picked":"Pommel Strike","floor":39},{"not_picked":["Iron Wave","Demon Form"],"picked":"Intimidate","floor":41},{"not_picked":["Cleave","Shockwave","Armaments"],"picked":"SKIP","floor":44},{"not_picked":["Feel No Pain","Wild Strike","Iron Wave"],"picked":"SKIP","floor":48}],"player_experience":163645,"relics_obtained":[{"floor":8,"key":"Odd Mushroom"},{"floor":9,"key":"Red Skull"},{"floor":10,"key":"Anchor"},{"floor":14,"key":"Mercury Hourglass"},{"floor":26,"key":"Bag of Marbles"},{"floor":43,"key":"Self Forming Clay"}],"event_choices":[{"damage_healed":0,"gold_gain":0,"cards_transformed":["Feel No Pain"],"player_choice":"Change","damage_taken":0,"max_hp_gain":0,"max_hp_loss":0,"event_name":"Living Wall","floor":4,"gold_loss":0,"cards_obtained":["Hemokinesis"]},{"damage_healed":0,"gold_gain":0,"player_choice":"Fought Mushrooms","damage_taken":0,"max_hp_gain":0,"max_hp_loss":0,"event_name":"Mushrooms","floor":8,"gold_loss":0},{"damage_healed":0,"gold_gain":0,"player_choice":"Take Wound","damage_taken":0,"relics_obtained":["Golden Idol"],"max_hp_gain":0,"max_hp_loss":0,"event_name":"Golden Idol","floor":12,"gold_loss":0,"cards_obtained":["Injury"]},{"damage_healed":0,"gold_gain":0,"player_choice":"Opened","damage_taken":0,"relics_obtained":["InkBottle"],"max_hp_gain":0,"max_hp_loss":0,"event_name":"The Mausoleum","floor":25,"gold_loss":0},{"damage_healed":0,"gold_gain":0,"player_choice":"Obtained Book","damage_taken":16,"max_hp_gain":0,"max_hp_loss":0,"event_name":"Cursed Tome","floor":29,"gold_loss":0},{"damage_healed":0,"gold_gain":0,"player_choice":"Joined the Cult","damage_taken":6,"max_hp_gain":0,"max_hp_loss":0,"event_name":"Nest","floor":31,"gold_loss":0,"cards_obtained":["RitualDagger"]},{"damage_healed":0,"gold_gain":0,"player_choice":"Bought 2 Potions","damage_taken":0,"max_hp_gain":0,"max_hp_loss":0,"event_name":"The Woman in Blue","floor":36,"gold_loss":0},{"damage_healed":0,"gold_gain":0,"player_choice":"Paid","damage_taken":0,"relics_obtained":["Red Mask"],"max_hp_gain":0,"max_hp_loss":0,"event_name":"Tomb of Lord Red Mask","floor":47,"gold_loss":29}],"is_beta":false,"boss_relics":[{"not_picked":["Coffee Dripper","Snecko Eye"],"picked":"Black Star"},{"not_picked":["Fusion Hammer","Busted Crown"],"picked":"Empty Cage"}],"items_purged_floors":[19,42,46],"is_endless":false,"potions_floor_spawned":[2,5,8,11,16,22,24,30,38,39,48],"killed_by":"Donu and Deca","ascension_level":0}}