{"host":"3fd6e6c5cltq175f","time":1612027280,"event":{"mods":["AchievementEnabler","BaseMod","Colored Map","Colored Powertips","DeckTracker","Minty Spire (QoL Compilation)"],"gold_per_floor":[109,123,73,73,89,89,89,89,89,89,114,140,160,179,179,284,284,299,299,299,309,28,28,60,78,78,78,78],"floor_reached":27,"language":"ENG","playtime":902,"items_purged":[],"score":289,"play_id":"19d137f6-6222-4e8a-835e-d68508a0ae03","local_time":"20210130182120","is_ascension_mode":true,"campfire_choices":[{"data":"Seeing Red","floor":6,"key":"SMITH"},{"data":"Clash","floor":8,"key":"SMITH"},{"data":"Defend_R","floor":10,"key":"SMITH"},{"data":"Armaments","floor":15,"key":"SMITH"},{"data":"Corruption","floor":23,"key":"SMITH"}],"circlet_count":0,"master_deck":["Strike_R+1","Strike_R","Strike_R","Defend_R","Defend_R","Defend_R+1","Defend_R+1","Bash+1","Clash+1","Seeing Red+1","Armaments+1","Clothesline","Cleave","Corruption+1","CurseOfTheBell","Pommel Strike","Inflame","Havoc+1","Burning Pact","Flame Barrier","Limit Break","Double Tap","Battle Trance+1"],"relics":["Burning Blood","Singing Bowl","Bronze Scales","Nunchaku","Calling Bell","Regal Pillow","Sundial","Prayer Wheel","StoneCalendar","Ancient Tea Set","Mummified Hand"],"acts_visited":["Exordium","TheCity"],"potions_floor_usage":[16,24,25],"damage_taken":[{"damage":0,"enemies":"Cultist","floor":1,"turns":4},{"damage":9,"enemies":"Jaw Worm","floor":2,"turns":3},{"damage":0,"enemies":"2 Louse","floor":5,"turns":3},{"damage":39,"enemies":"Lagavulin","floor":12,"turns":7},{"damage":3,"enemies":"Looter","floor":13,"turns":3},{"damage":6,"enemies":"Red Slaver","floor":14,"turns":2},{"damage":20,"enemies":"Slime Boss","floor":16,"turns":7},{"damage":48,"enemies":"Spheric Guardian","floor":18,"turns":7},{"damage":1,"enemies":"Chosen","floor":21,"turns":4},{"damage":49,"enemies":"Gremlin Leader","floor":24,"turns":6},{"damage":43,"enemies":"Shelled Parasite and Fungi","floor":25,"turns":6},{"damage":31,"enemies":"Book of Stabbing","floor":27,"turns":4}],"seed_played":"-4678193245133319887","potions_obtained":[{"floor":1,"key":"LiquidBronze"},{"floor":2,"key":"FairyPotion"},{"floor":14,"key":"DuplicationPotion"},{"floor":21,"key":"Block Potion"}],"is_trial":false,"path_per_floor":["M","M","?","?","M","R","?","R","T","R","T","E","M","M","R","B",null,"M","T","?","M","$","R","E","M","T","E"],"character_chosen":"IRONCLAD","items_purchased":["Flame Barrier","Limit Break","SpeedPotion"],"campfire_rested":0,"item_purchase_floors":[22,22,22],"current_hp_per_floor":[80,77,77,61,67,67,67,67,67,67,67,34,37,37,37,23,66,24,24,80,80,80,80,37,31,31,0,0],"gold":78,"neow_bonus":"UPGRADE_CARD","is_daily":false,"chose_seed":false,"campfire_upgraded":5,"win_rate":0.0,"timestamp":1612027280,"path_taken":["M","M","?","?","M","R","?","R","T","R","?","E","M","M","R","BOSS","M","?","?","M","$","R","E","M","T","E"],"items_purchased_type":["Card","Card","Potion"],"build_version":"2020-12-22","purchased_purges":0,"victory":false,"max_hp_per_floor":[80,80,80,80,80,80,80,80,80,80,80,80,80,80,80,80,80,80,80,80,80,80,80,80,82,82,82,82],"card_choices":[{"not_picked":["Rage","Twin Strike","Anger"],"picked":"SKIP","floor":1},{"not_picked":["Warcry","Thunderclap"],"picked":"Clash","floor":2},{"not_picked":["True Grit","Battle Trance"],"picked":"Seeing Red","floor":5},{"not_picked":["Juggernaut","Pommel Strike"],"picked":"Armaments","floor":12},{"not_picked":["Havoc","Cleave"],"picked":"Clothesline","floor":13},{"not_picked":["Heavy Blade","Perfected Strike"],"picked":"Cleave","floor":14},{"not_picked":["Exhume","Berserk"],"picked":"Corruption","floor":16},{"not_picked":["Sword Boomerang","Armaments"],"picked":"Pommel Strike","floor":18},{"not_picked":["Pommel Strike","Clash"],"picked":"Inflame","floor":18},{"not_picked":["Clothesline","True Grit+1"],"picked":"Havoc+1","floor":21},{"not_picked":["Sword Boomerang","Perfected Strike"],"picked":"Burning Pact","floor":21},{"not_picked":["Pommel Strike","Perfected Strike+1"],"picked":"Double Tap","floor":24},{"not_picked":["Thunderclap","Body Slam","True Grit+1"],"picked":"Singing Bowl","floor":25},{"not_picked":["Bloodletting","Wild Strike+1"],"picked":"Battle Trance+1","floor":25}],"player_experience":173135,"relics_obtained":[{"floor":9,"key":"Singing Bowl"},{"floor":11,"key":"Bronze Scales"},{"floor":12,"key":"Nunchaku"},{"floor":17,"key":"Regal Pillow"},{"floor":17,"key":"Sundial"},{"floor":17,"key":"Prayer Wheel"},{"floor":19,"key":"StoneCalendar"},{"floor":24,"key":"Ancient Tea Set"},{"floor":26,"key":"Mummified Hand"}],"event_choices":[{"cards_removed":["Strike_R"],"damage_healed":0,"gold_gain":0,"player_choice":"Card Removal","damage_taken":0,"max_hp_gain":0,"max_hp_loss":0,"event_name":"The Cleric","floor":3,"gold_loss":50},{"damage_healed":0,"gold_gain":0,"player_choice":"Entered Light","damage_taken":16,"max_hp_gain":0,"max_hp_loss":0,"event_name":"Shining Light","floor":4,"gold_loss":0,"cards_upgraded":["Strike_R","Defend_R"]},{"cards_removed":["Strike_R"],"damage_healed":0,"gold_gain":0,"player_choice":"Forget","damage_taken":0,"max_hp_gain":0,"max_hp_loss":0,"event_name":"Living Wall","floor":7,"gold_loss":0},{"damage_healed":56,"gold_gain":0,"player_choice":"Full Heal","damage_taken":0,"max_hp_gain":0,"max_hp_loss":0,"event_name":"Wheel of Change","floor":20,"gold_loss":0}],"is_beta":false,"boss_relics":[{"not_picked":["Fusion Hammer","Velvet Choker"],"picked":"Calling Bell"}],"items_purged_floors":[],"is_endless":false,"potions_floor_spawned":[1,2,14,21],"killed_by":"Book of Stabbing","ascension_level":5}}