{"host":"9oysz4knkucnjyyz","time":1612035720,"event":{"mods":["100% Spire Juice","2.2 Compatiblity","A Penny For Your Troubles","Act Like it!","BaseMod","Better Altar","Better Match","Better Note","Better Sensory Stone","Better Skull","Better Third Choice","BetterRewards","Displayed Cursed Tome","Downfall","Friendly Minions","Googly Eyes","GungeonMod","Hallownest","Hermit","Lobotomy","LobotomyExtend","Minty Spire (QoL Compilation)","Reliquary","Spicy Shops","Spire Arcade","Spire Birthday Party","StSLib","The Bug Knight","Wide Potions","everything is the same but u backflip on backflip","slay the spire mod where everything is the same but ironclad has a cowboy hat"],"gold_per_floor":[112,123,123,134,152,152,183,183,206,206,220,235,249,282,282,357,357,371,385,404,416,426,426,441,0,0,0,0,11,11,24,24,102,102,115,115,129,129,141,141,155,155,155,184,198,224,241,257,257,232,232],"floor_reached":52,"language":"ENG","playtime":2244,"items_purged":[],"score":1893,"play_id":"389e0c53-5851-446f-be20-a0d95694c478","local_time":"20210130144200","is_ascension_mode":true,"campfire_choices":[{"floor":32,"key":"REST"}],"circlet_count":0,"master_deck":["BigBird","LongBird","ApocalypseBird","PunishingBird","SpecialBullet","SpecialBullet","SpecialBullet","InformationCode","DisciplinaryCode","LaLuna","OldLady","MHz","Twilight","Scorched","BigBadWolf","BlackSwan_ego","Wellcheers","OSAHOGD","WelfareCode","Twilight","Variant","Freischutz","Regret_ego+1","WristCuter","CherryBlossom","WallGazer","CherryBlossom","Horn+1","BlackArmy","DreamingCurrent","NothingThere","GreedKing","CentralCode","SnowQueen","FieryBird","QueenBee"],"relics":["CogitoBucket","RabbitCall","Dead Branch","LetterFromLob","reliquary:BoilingFlask","Bottled Lightning","PreservedInsect","SkinProphecy","Calipers","bronze:MakeshiftBattery","BehaviorAdjustment","Theresia","DemoMod:SerJunkan","Ancient Tea Set","Lantern","Busted Crown","Twilight","Gremlin Horn","Pen Nib","Ice Cream","Justitia_r","Lamp_r"],"acts_visited":["Exordium","TheCity","TheBeyond"],"potions_floor_usage":[11,18,24,36],"damage_taken":[{"damage":6,"enemies":"2 Louse","floor":1,"turns":2},{"damage":5,"enemies":"Cultist","floor":2,"turns":3},{"damage":11,"enemies":"Small Slimes","floor":4,"turns":2},{"damage":0,"enemies":"3 Louse","floor":5,"turns":1},{"damage":5,"enemies":"3 Sentries","floor":7,"turns":3},{"damage":15,"enemies":"Large Slime","floor":11,"turns":3},{"damage":0,"enemies":"Exordium Thugs","floor":12,"turns":2},{"damage":0,"enemies":"Blue Slaver","floor":13,"turns":1},{"damage":25,"enemies":"Lagavulin","floor":14,"turns":3},{"damage":10,"enemies":"Slime Boss","floor":16,"turns":6},{"damage":82,"enemies":"Shell Parasite","floor":18,"turns":8},{"damage":5,"enemies":"2 Thieves","floor":19,"turns":2},{"damage":12,"enemies":"Snecko","floor":20,"turns":3},{"damage":39,"enemies":"Centurion and Healer","floor":21,"turns":3},{"damage":0,"enemies":"Sentry and Sphere","floor":22,"turns":3},{"damage":68,"enemies":"Snake Plant","floor":24,"turns":6},{"damage":1,"enemies":"Cultist and Chosen","floor":29,"turns":2},{"damage":1,"enemies":"Snecko","floor":31,"turns":2},{"damage":25,"enemies":"Collector","floor":33,"turns":4},{"damage":14,"enemies":"3 Shapes","floor":35,"turns":1},{"damage":28,"enemies":"3 Darklings","floor":36,"turns":5},{"damage":0,"enemies":"3 Darklings","floor":37,"turns":1},{"damage":30,"enemies":"Sphere and 2 Shapes","floor":39,"turns":1},{"damage":21,"enemies":"4 Shapes","floor":41,"turns":1},{"damage":1,"enemies":"Nemesis","floor":44,"turns":2},{"damage":1,"enemies":"Spire Growth","floor":45,"turns":2},{"damage":62,"enemies":"Giant Head","floor":46,"turns":4},{"damage":99,"enemies":"Transient","floor":47,"turns":5},{"damage":0,"enemies":"3 Darklings","floor":48,"turns":1},{"damage":43,"enemies":"FixerMidnight","floor":50,"turns":7}],"seed_played":"4606554593608057719","potions_obtained":[{"floor":1,"key":"PowerPotion"},{"floor":11,"key":"LiquidBronze"},{"floor":16,"key":"Block Potion"},{"floor":21,"key":"Weak Potion"},{"floor":24,"key":"ColorlessPotion"},{"floor":39,"key":"AttackPotion"},{"floor":41,"key":"SkillPotion"}],"is_trial":false,"path_per_floor":["M","M","?","M","M","R","E","R","T","R","M","M","M","E","R","B",null,"M","M","M","M","M","R","M","$","T","R","M","M","?","M","R","B",null,"M","M","M","?","M","R","M","R","T","E","M","E","M","M","R","B",null,null],"character_chosen":"Angela","items_purchased":["DemoMod:SerJunkan","Ancient Tea Set"],"campfire_rested":1,"item_purchase_floors":[25,25],"current_hp_per_floor":[65,68,68,65,70,70,74,74,74,74,75,80,86,76,76,96,98,61,71,75,59,80,80,16,16,16,16,16,18,18,17,60,37,123,109,86,92,170,174,174,169,169,169,183,190,178,182,208,208,210,210],"gold":232,"neow_bonus":"ONE_RARE_RELIC","is_daily":false,"chose_seed":false,"campfire_upgraded":0,"win_rate":0.0,"timestamp":1612035720,"path_taken":["M","M","?","M","M","R","E","R","T","R","M","M","M","E","R","BOSS","M","M","M","M","M","R","M","$","T","R","M","M","?","M","R","BOSS","M","M","M","?","M","R","M","R","T","E","M","E","?","M","R","BOSS"],"items_purchased_type":["Relic","Relic"],"build_version":"2020-12-22","purchased_purges":0,"victory":true,"max_hp_per_floor":[70,70,70,70,70,70,74,74,74,74,78,80,86,92,92,98,98,106,112,114,120,126,126,134,134,134,134,134,140,140,146,146,152,152,158,164,170,170,176,176,178,178,178,184,190,196,202,208,208,210,210],"card_choices":[{"not_picked":["MeatLantern","PunishingBird"],"picked":"OldLady","floor":1},{"not_picked":["RapturousDream"],"picked":"WristCuter","floor":1},{"not_picked":["CrumblingArmor","DreamingCurrent"],"picked":"LaLuna","floor":2},{"not_picked":["LifeForTheDareDevil","InTheNameOfLoveAndHate"],"picked":"SKIP","floor":2},{"not_picked":["BlackSwan","BigBadWolf"],"picked":"OldLady","floor":4},{"not_picked":["Lantern","Noise"],"picked":"SKIP","floor":4},{"not_picked":["PunishingBird","BeautyBeast"],"picked":"MHz","floor":5},{"not_picked":["Christmas"],"picked":"Twilight","floor":5},{"not_picked":["BeautyBeast","UniverseFragment"],"picked":"Scorched","floor":7},{"not_picked":["Galaxy","Beak"],"picked":"SKIP","floor":7},{"not_picked":["CrumblingArmor","CherryBlossoms"],"picked":"BigBadWolf","floor":11},{"not_picked":["Regret_ego"],"picked":"BlackSwan_ego","floor":11},{"not_picked":["RapturousDream","FrostShard"],"picked":"SKIP","floor":12},{"not_picked":["MeatLantern","GalaxyChild"],"picked":"Wellcheers","floor":13},{"not_picked":["SolemnVow"],"picked":"Spore","floor":13},{"not_picked":["RedShoes","CherryBlossoms"],"picked":"OSAHOGD","floor":14},{"not_picked":["SolemnVow"],"picked":"Twilight","floor":14},{"not_picked":["Bloodbath","CherryBlossoms"],"picked":"PunishingBird","floor":16},{"not_picked":["DaCapo"],"picked":"Twilight","floor":16},{"not_picked":["HappyTeddy","LittlePrince"],"picked":"Variant","floor":18},{"not_picked":["Loneliness","BlueScar"],"picked":"SKIP","floor":18},{"not_picked":["LittleHelper","VoidDream"],"picked":"Freischutz","floor":19},{"not_picked":["FourthMatchFlame"],"picked":"Regret_ego+1","floor":19},{"not_picked":["Noise","SomewhereSpear"],"picked":"SKIP","floor":20},{"not_picked":["GreedKing","SpiderBud"],"picked":"BigBird","floor":21},{"not_picked":["DaCapo"],"picked":"WristCuter","floor":21},{"not_picked":["UniverseFragment","BeautyBeast"],"picked":"PunishingBird","floor":22},{"not_picked":["Penitence"],"picked":"CherryBlossom","floor":22},{"not_picked":["VoidDream","Laetitia"],"picked":"GreedKing","floor":24},{"not_picked":["CUTE","Galaxy"],"picked":"SKIP","floor":24},{"not_picked":["MeatLantern","WhitesApple"],"picked":"WallGazer","floor":29},{"not_picked":["Regret_ego"],"picked":"CherryBlossom","floor":29},{"not_picked":["WhitesApple","SingingMachine"],"picked":"DespairKnight","floor":31},{"not_picked":["Tough"],"picked":"Horn+1","floor":31},{"not_picked":["Alriune","Porccubus"],"picked":"BlackArmy","floor":33},{"not_picked":["HappyTeddy","HeroicMonk"],"picked":"LongBird","floor":35},{"not_picked":["CherryBlossoms","MeatLantern"],"picked":"DreamingCurrent","floor":36},{"not_picked":["Laetitia","MeatLantern"],"picked":"NothingThere","floor":37},{"not_picked":["BlackSwan","MeatLantern"],"picked":"GreedKing","floor":39},{"not_picked":["LittleHelper","LittlePrince"],"picked":"SnowQueen","floor":44},{"not_picked":["FairyFestival","Yin"],"picked":"FieryBird","floor":45},{"not_picked":["WhitesApple","HeroicMonk"],"picked":"CENSORED","floor":46},{"not_picked":["RedShoes","Woodsman"],"picked":"QueenOfHatred","floor":47},{"not_picked":["WhitesApple","HeroicMonk"],"picked":"QueenBee","floor":48}],"player_experience":372427,"relics_obtained":[{"floor":1,"key":"LetterFromLob"},{"floor":7,"key":"Bottled Lightning"},{"floor":9,"key":"PreservedInsect"},{"floor":14,"key":"Calipers"},{"floor":26,"key":"Lantern"},{"floor":36,"key":"Twilight"},{"floor":43,"key":"Gremlin Horn"},{"floor":44,"key":"Pen Nib"},{"floor":46,"key":"Ice Cream"}],"event_choices":[{"cards_removed":["OldLady"],"damage_healed":0,"gold_gain":0,"player_choice":"Gave Card","damage_taken":0,"relics_obtained":["reliquary:BoilingFlask"],"max_hp_gain":0,"max_hp_loss":0,"event_name":"WeMeetAgain","floor":3,"gold_loss":0},{"damage_healed":78,"gold_gain":0,"player_choice":"Full Heal","damage_taken":0,"max_hp_gain":0,"max_hp_loss":0,"event_name":"Wheel of Change","floor":38,"gold_loss":0}],"is_beta":false,"boss_relics":[{"not_picked":["Runic Pyramid","reliquary:WritOfMandamus"],"picked":"bronze:MakeshiftBattery"},{"not_picked":["Runic Dome","Astrolabe"],"picked":"Busted Crown"}],"items_purged_floors":[],"is_endless":false,"potions_floor_spawned":[1,11,13,16,21,24,33,39,41,44,45,47,48],"ascension_level":20}}