{"host":"39erygfi9n0tobyn","time":1612028607,"event":{"mods":["2.2 Compatiblity","BaseMod","Bestiary","Colored Map","Colored Powertips","Curses Come First","Highlight Path","Keyboard Shortcuts","Minty Spire (QoL Compilation)","Relic Stats","StSLib","SuperFastMode"],"gold_per_floor":[112,112,130,130,130,130,130,0,69,96,112,123,143,162,162,263,263,276,276,276,19,34,66,66,76,76,102,102,102],"floor_reached":28,"language":"ENG","playtime":920,"items_purged":["Normality"],"score":258,"play_id":"b4e16e4a-c4d3-4aed-b4e7-5adddfac3d78","local_time":"20210130144327","is_ascension_mode":false,"campfire_choices":[{"floor":6,"key":"REST"},{"floor":15,"key":"REST"},{"floor":24,"key":"REST"}],"circlet_count":0,"master_deck":["Strike_G+1","Strike_G","Strike_G","Strike_G","Defend_G+1","Defend_G","Defend_G","Defend_G","Survivor","Neutralize","Deadly Poison","Deadly Poison","Distraction","Finisher","Bandage Up","Masterful Stab","Expertise","Dagger Spray","Deflect","Blade Dance","Backstab","Envenom","Sucker Punch+1","RitualDagger","Outmaneuver","Neutralize","Skewer","Dodge and Roll+1","Outmaneuver+1","Acrobatics+1","Backstab"],"relics":["WristBlade","Bottled Flame","Ancient Tea Set","Velvet Choker","ClockworkSouvenir","Pantograph","Unceasing Top","Orichalcum"],"acts_visited":["Exordium","TheCity"],"potions_floor_usage":[23,23,27],"damage_taken":[{"damage":4,"enemies":"Jaw Worm","floor":1,"turns":5},{"damage":5,"enemies":"2 Louse","floor":3,"turns":3},{"damage":33,"enemies":"3 Sentries","floor":10,"turns":10},{"damage":0,"enemies":"Cultist","floor":11,"turns":3},{"damage":17,"enemies":"Large Slime","floor":12,"turns":6},{"damage":4,"enemies":"Blue Slaver","floor":13,"turns":3},{"damage":0,"enemies":"Red Slaver","floor":14,"turns":1},{"damage":7,"enemies":"Slime Boss","floor":16,"turns":8},{"damage":20,"enemies":"2 Thieves","floor":18,"turns":3},{"damage":6,"enemies":"Spheric Guardian","floor":22,"turns":3},{"damage":12,"enemies":"Book of Stabbing","floor":23,"turns":5},{"damage":11,"enemies":"Snake Plant","floor":25,"turns":4},{"damage":46,"enemies":"Slavers","floor":27,"turns":6},{"damage":22,"enemies":"Cultist and Chosen","floor":28,"turns":4}],"seed_played":"7875407251635401512","potions_obtained":[{"floor":1,"key":"SpeedPotion"},{"floor":3,"key":"EssenceOfSteel"},{"floor":12,"key":"LiquidMemories"},{"floor":16,"key":"SkillPotion"}],"is_trial":false,"path_per_floor":["M","?","M","?","?","R","?","$","T","E","M","M","M","M","R","B",null,"M","?","?","$","M","E","R","M","T","E","M"],"character_chosen":"THE_SILENT","items_purchased":["Bandage Up","Masterful Stab","ClockworkSouvenir","Skewer"],"campfire_rested":3,"item_purchase_floors":[8,8,21,21],"current_hp_per_floor":[66,66,61,61,47,68,68,68,68,39,43,30,30,30,51,48,70,50,44,44,44,42,34,55,48,48,6,0,0],"gold":102,"neow_bonus":"BOSS_RELIC","is_daily":false,"chose_seed":false,"campfire_upgraded":0,"win_rate":0.0,"timestamp":1612028607,"path_taken":["M","?","M","?","?","R","?","$","T","E","M","?","M","M","R","BOSS","M","?","?","$","M","E","R","M","T","E","?"],"items_purchased_type":["Card","Card","Relic","Card"],"build_version":"2020-12-22","purchased_purges":1,"victory":false,"max_hp_per_floor":[70,70,70,70,70,70,70,70,70,70,70,70,70,70,70,70,70,70,70,70,70,70,70,70,70,70,70,70,70],"relic_stats":{"counters":[14,64],"Pantograph":0,"Orichalcum":[18],"obtain_stats":[{"Bottled Flame":9,"WristBlade":0,"Pantograph":23,"Velvet Choker":17,"Orichalcum":27,"Ancient Tea Set":10,"Unceasing Top":26,"Ring of the Snake":0,"ClockworkSouvenir":21},{"Bottled Flame":2,"WristBlade":0,"Pantograph":11,"Velvet Choker":8,"Orichalcum":13,"Ancient Tea Set":3,"Unceasing Top":12,"Ring of the Snake":0,"ClockworkSouvenir":9},{"Bottled Flame":8,"WristBlade":0,"Pantograph":50,"Velvet Choker":39,"Orichalcum":60,"Ancient Tea Set":18,"Unceasing Top":54,"Ring of the Snake":0,"ClockworkSouvenir":42}],"Unceasing Top":[2]},"card_choices":[{"not_picked":["Infinite Blades","Backflip"],"picked":"Deadly Poison","floor":1},{"not_picked":["Riddle With Holes","Prepared"],"picked":"Deadly Poison","floor":3},{"not_picked":["Adrenaline","Deadly Poison"],"picked":"Expertise","floor":10},{"not_picked":["Quick Slash","Sucker Punch"],"picked":"Dagger Spray","floor":11},{"not_picked":["Prepared","Well Laid Plans"],"picked":"Deflect","floor":12},{"not_picked":["Deadly Poison","Leg Sweep"],"picked":"Blade Dance","floor":13},{"not_picked":["Deadly Poison","Dodge and Roll"],"picked":"Backstab","floor":14},{"not_picked":["Adrenaline","Phantasmal Killer"],"picked":"Envenom","floor":16},{"not_picked":["Infinite Blades","Acrobatics"],"picked":"Sucker Punch+1","floor":18},{"not_picked":["Blur","Choke"],"picked":"Dodge and Roll+1","floor":22},{"not_picked":["Underhanded Strike","Choke"],"picked":"Outmaneuver+1","floor":23},{"not_picked":["Reflex","Sucker Punch"],"picked":"Acrobatics+1","floor":25},{"not_picked":["Burst","Underhanded Strike"],"picked":"Backstab","floor":27}],"player_experience":71703,"relics_obtained":[{"floor":9,"key":"Bottled Flame"},{"floor":10,"key":"Ancient Tea Set"},{"floor":23,"key":"Pantograph"},{"floor":26,"key":"Unceasing Top"},{"floor":27,"key":"Orichalcum"}],"event_choices":[{"damage_healed":0,"gold_gain":0,"player_choice":"Leave","damage_taken":0,"max_hp_gain":0,"max_hp_loss":0,"event_name":"The Cleric","floor":2,"gold_loss":0},{"damage_healed":0,"gold_gain":0,"cards_transformed":["Defend_G"],"player_choice":"Change","damage_taken":0,"max_hp_gain":0,"max_hp_loss":0,"event_name":"Living Wall","floor":4,"gold_loss":0,"cards_obtained":["Distraction"]},{"damage_healed":0,"gold_gain":0,"player_choice":"Entered Light","damage_taken":14,"max_hp_gain":0,"max_hp_loss":0,"event_name":"Shining Light","floor":5,"gold_loss":0,"cards_upgraded":["Defend_G","Strike_G"]},{"damage_healed":0,"gold_gain":0,"cards_transformed":["Strike_G"],"player_choice":"Transformed","damage_taken":0,"max_hp_gain":0,"max_hp_loss":0,"event_name":"Transmorgrifier","floor":7,"gold_loss":0,"cards_obtained":["Finisher"]},{"damage_healed":0,"gold_gain":0,"player_choice":"Joined the Cult","damage_taken":6,"max_hp_gain":0,"max_hp_loss":0,"event_name":"Nest","floor":19,"gold_loss":0,"cards_obtained":["RitualDagger"]},{"damage_healed":0,"gold_gain":0,"player_choice":"3 cards matched","damage_taken":0,"max_hp_gain":0,"max_hp_loss":0,"event_name":"Match and Keep!","floor":20,"gold_loss":0,"cards_obtained":["Normality","Outmaneuver","Neutralize"]}],"is_beta":false,"boss_relics":[{"not_picked":["Astrolabe","Empty Cage"],"picked":"Velvet Choker"}],"items_purged_floors":[21],"is_endless":false,"potions_floor_spawned":[1,3,12,16,18],"killed_by":"Cultist and Chosen","ascension_level":0}}