{"host":"g1wmg2w41xhsnw8g","time":1612049844,"event":{"mods":["2.2 Compatiblity","Act Like it!","Aspiration","BaseMod","Better Altar","Better Match","Better Note","Better Sensory Stone","Better Skull","Better Third Choice","BetterRewards","Booster Modes","CapriCore","Colored Map","Colored Powertips","Defuse TimeMaze Blight","Displayed Cursed Tome","Evolution","Fox Events","Friendly Minions","GifTheSpireLib","Good Game Mod","Googly Eyes","Hubris","Infinite Spire","Ironclad Rager","Jedi Mod","Minty Spire (QoL Compilation)","Monster B Gone","Red Circlet Mod","Relic Filter Mod","Relic Sorter","Reliquary","SCP261 Mod","Shop Mod","Smile Girya","Spicy Shops","Spikes Relics","StSLib","The Blackbeard","The Runesmith","The Sage","Trackpad","Transform Curses","Wandering Minibosses","Weighted Paths","????"],"gold_per_floor":[119,119,129,143,158,158,184,184,184,217,236,236,255,255,66,66,66],"floor_reached":16,"language":"ENG","playtime":740,"items_purged":[],"score":118,"play_id":"0625e296-00a5-493d-b257-2dd52ba5ad6f","local_time":"20210130183724","is_ascension_mode":true,"campfire_choices":[{"data":"Hyperbeam","floor":6,"key":"SMITH"},{"data":"jedi:fear","floor":8,"key":"SMITH"}],"circlet_count":0,"master_deck":["Twin Strike","Headbutt","Cleave","Thunderclap","Iron Wave","True Grit","Shrug It Off","Armaments+1","True Grit+1","Bash","Regret","Hyperbeam+1","hubris:SharpeningStone","jedi:fear+1","Metallicize"],"relics":["Burning Blood","EVO:Axolotl","REME:ComplimentaryCards","infinitespire:Magic Flask","Art of War","Golden Idol","MerchantsRug","Juzu Bracelet"],"acts_visited":["Exordium"],"potions_floor_usage":[5,10],"damage_taken":[{"damage":1,"enemies":"2 Louse","floor":1,"turns":2},{"damage":4,"enemies":"Jaw Worm","floor":3,"turns":2},{"damage":0,"enemies":"Small Slimes","floor":4,"turns":1},{"damage":10,"enemies":"Looter","floor":5,"turns":5},{"damage":29,"enemies":"Lagavulin","floor":7,"turns":5},{"damage":19,"enemies":"3 Sentries","floor":10,"turns":3},{"damage":0,"enemies":"2 Fungi Beasts","floor":11,"turns":1},{"damage":25,"enemies":"Large Slime","floor":13,"turns":4},{"damage":31,"enemies":"Slime Boss","floor":16,"turns":6}],"seed_played":"5361293565517977255","potions_obtained":[{"floor":1,"key":"BloodPotion"},{"floor":3,"key":"SCP261:BarrettColaPotion"},{"floor":4,"key":"SneckoOil"}],"is_trial":false,"path_per_floor":["M","?","M","M","M","R","E","R","T","E","M","R","M","?","R","B"],"character_chosen":"IRONCLAD","items_purchased":["MerchantsRug","Juzu Bracelet"],"campfire_rested":0,"item_purchase_floors":[15,15],"current_hp_per_floor":[81,81,81,81,77,77,54,54,54,57,63,63,44,24,24,0,0],"gold":66,"neow_bonus":"IRONCLAD_RAGER","is_daily":false,"chose_seed":false,"campfire_upgraded":2,"win_rate":0.0,"timestamp":1612049844,"path_taken":["M","?","M","M","M","R","E","R","T","E","M","R","M","?","R","BOSS"],"items_purchased_type":["Relic","Relic"],"build_version":"2020-12-22","purchased_purges":0,"victory":false,"max_hp_per_floor":[81,81,81,81,81,81,81,81,81,81,81,81,81,81,81,81,81],"card_choices":[{"not_picked":["Entrench","Perfected Strike","Havoc"],"picked":"SKIP","floor":1},{"not_picked":["Clothesline","Clash","Fiend Fire"],"picked":"SKIP","floor":3},{"not_picked":["Clothesline","Headbutt"],"picked":"hubris:SharpeningStone","floor":4},{"not_picked":["Uppercut","Pommel Strike","Perfected Strike"],"picked":"SKIP","floor":5},{"not_picked":["jedi:MakeshiftSword","jedi:hate"],"picked":"jedi:fear","floor":7},{"not_picked":["Blood for Blood","Entrench","Shrug It Off"],"picked":"SKIP","floor":10},{"not_picked":["Entrench","Reckless Charge"],"picked":"Metallicize","floor":11},{"not_picked":["Havoc","Reckless Charge","Pommel Strike"],"picked":"SKIP","floor":13}],"player_experience":1096736,"relics_obtained":[{"floor":7,"key":"infinitespire:Magic Flask"},{"floor":10,"key":"Art of War"}],"event_choices":[{"damage_healed":0,"gold_gain":0,"player_choice":"Box","damage_taken":0,"relics_obtained":["War Paint"],"max_hp_gain":0,"max_hp_loss":0,"event_name":"Big Fish","floor":2,"gold_loss":0,"cards_obtained":["Regret"]},{"damage_healed":0,"gold_gain":0,"player_choice":"Take Damage","damage_taken":20,"relics_obtained":["Golden Idol"],"max_hp_gain":0,"max_hp_loss":0,"event_name":"Golden Idol","floor":14,"gold_loss":0}],"is_beta":false,"boss_relics":[],"items_purged_floors":[],"is_endless":false,"potions_floor_spawned":[1,3,4],"killed_by":"Slime Boss","ascension_level":1}}