{"host":"jw4qy1ihmjslahm8","time":1612013313,"event":{"mods":["Act Like it!","BaseMod","BetterRewards","Colored Map","Downfall","Gensokyo","HololiveMod","Hubris","Infinite Spire","MarisaÅiñ∂âJÅ@ñÇóùçπÅj","Minty Spire (QoL Compilation)","Replay The Spire","StSLib","The Animator"],"gold_per_floor":[99,113,139,98,98,118,145,145,178,205,235,95,95,112,137,245,345,345,363,378,428,473,473,498,303,314,314,314,327,327,74,115,314,339,364,374,499,527,602,602,627,638,691,691,691,691,716,500,528,628],"floor_reached":51,"language":"ENG","playtime":5571,"items_purged":[],"score":921,"play_id":"e75d5879-bef8-46ab-a944-8f79f1a97b65","local_time":"20210130052833","is_ascension_mode":false,"campfire_choices":[{"data":"animator:Chung","floor":1,"key":"SMITH"},{"data":"animator:Berserker","floor":8,"key":"SMITH"},{"floor":13,"key":"REST"},{"data":"animator:Gilgamesh+4","floor":18,"key":"SMITH"},{"floor":30,"key":"REST"},{"floor":35,"key":"DIG"},{"data":"ReplayTheSpireMod:??????????????????????","floor":40,"key":"SMITH"},{"data":"animator:Rose","floor":45,"key":"SMITH"}],"circlet_count":0,"master_deck":["animator:Strike_Elsword","animator:Defend_Elsword","animator:Strike","animator:Strike","animator:Strike","animator:Defend","animator:Defend","animator:Defend","animator:Chung+1","animator:Raven","animator:Cocytus","animator:GuildGirl","Clumsy","animator:Berserker+1","animator:Lu","animator:Witch","animator:Lancer","animator:Eve","animator:Laby","animator:Gilgamesh+24","CurseOfTheBell","animator:YaoHaDucy+1","animator:Berserker+1","hubris:Despair","animator:Ciel+1","ReplayTheSpireMod:Restless Dread","CommonCold","ReplayTheSpireMod:??????????????????????+1","animator:Archer","animator:Vesta","animator:Darkness","animator:HinaKagiyama","animator:Curse_Dizziness","animator:Berserker","animator:EmiyaShirou+1","animator:Rose+1","animator:Ainz","hubris:Wrath","hexamod:Float","animator:Ainz","infinitespire:NeuralNetwork","animator:GazelDwargon","Decay","animator:Curse_Greed","animator:Eve","Amnesia","animator:Melzalgald","animator:MetalKnight+1","hubris:Envy","Shame","animator:Shuna","animator:Shalltear","expansioncontent:HyperBeam","expansioncontent:HyperBeam","expansioncontent:PrepareCrush","animator:Berserker+1","animator:Lelouch","animator:Berserker"],"relics":["animator:TheMissingPiece","animator:PurgingStone","hubris:GrandSneckoEye","Gensokyo:NagashiBinaDoll","hubris:TenFootPole","Replay:Baseball","TungstenRod","Calling Bell","infinitespire:Beetle Shell","Darkstone Periapt","Peace Pipe","ReplayTheSpireMod:Ring of Challenge","Ring of Hypnosis","Regal Pillow","animator:WornHelmet","hubris:BlackHole","hubris:Metronome","animator:CursedGlyph","ReplayTheSpireMod:SealedPack","ReplayTheSpireMod:Lightbulb","downfall:ExtraCursedKey","hubris:Teleporter","hubris:DeckOfHolding","Replay:Rubber Ducky","hubris:Icosahedron","PreservedInsect","Sling"],"acts_visited":["Gensokyo:Gensokyo","TheCity","TheBeyond"],"potions_floor_usage":[16,42],"damage_taken":[{"damage":0,"enemies":"Gensokyo:3_Fairies","floor":2,"turns":4},{"damage":1,"enemies":"Gensokyo:2_Kodama","floor":3,"turns":3},{"damage":5,"enemies":"Gensokyo:Gryphon","floor":6,"turns":3},{"damage":0,"enemies":"Gensokyo:LivingMonolith","floor":9,"turns":3},{"damage":11,"enemies":"Gensokyo:Gryphon_and_Rabbit","floor":10,"turns":5},{"damage":2,"enemies":"Gensokyo:3_Kodama","floor":11,"turns":3},{"damage":0,"enemies":"Gensokyo:LivingMonolith","floor":14,"turns":2},{"damage":3,"enemies":"Gensokyo:Gryphon_and_Rabbit","floor":15,"turns":4},{"damage":18,"enemies":"WA_ARCHETYPE_RETAIN","floor":16,"turns":11},{"damage":0,"enemies":"Shell Parasite","floor":19,"turns":5},{"damage":13,"enemies":"Chosen","floor":20,"turns":4},{"damage":3,"enemies":"Snake Plant","floor":22,"turns":4},{"damage":0,"enemies":"downfall:FleeingMerchant","floor":25,"turns":4},{"damage":0,"enemies":"Snecko","floor":26,"turns":3},{"damage":0,"enemies":"Chosen and Byrds","floor":29,"turns":2},{"damage":0,"enemies":"downfall:FleeingMerchant","floor":31,"turns":4},{"damage":1,"enemies":"Snake Plant","floor":32,"turns":3},{"damage":14,"enemies":"SI_MIRROR_ARCHETYPE","floor":33,"turns":4},{"damage":0,"enemies":"3 Darklings","floor":36,"turns":2},{"damage":6,"enemies":"Orb Walker","floor":38,"turns":2},{"damage":0,"enemies":"Orb Walker","floor":39,"turns":3},{"damage":0,"enemies":"Spire Growth","floor":42,"turns":2},{"damage":2,"enemies":"Nemesis","floor":43,"turns":3},{"damage":0,"enemies":"downfall:FleeingMerchant","floor":48,"turns":2},{"damage":13,"enemies":"Transient","floor":49,"turns":5},{"damage":15,"enemies":"DF_ARCHETYPE_ORBS","floor":50,"turns":4}],"seed_played":"-4203525964813777852","potions_obtained":[{"floor":9,"key":"Elixir"},{"floor":10,"key":"Swift Potion"},{"floor":14,"key":"hexamod:SoulburnPotion"},{"floor":19,"key":"SkillPotion"},{"floor":29,"key":"BlessingOfTheForge"},{"floor":36,"key":"Strength Potion"}],"is_trial":false,"path_per_floor":["R","M","M","COS","?","M","T","R","M","M","M","?","R","M","M","B",null,"R","M","M","?","M","?","T","$","M","AVR","?","M","R","$","M","B",null,"R_BF","M","?","M","?","R","T","M","E","AVR","R","?","?","$","M","B",null],"character_chosen":"THE_ANIMATOR","items_purchased":["animator:Vesta","animator:WornHelmet","hubris:Metronome","animator:Lelouch","PreservedInsect","Sling"],"campfire_rested":2,"item_purchase_floors":[25,25,31,48,48,48],"current_hp_per_floor":[66,66,65,65,65,60,60,60,60,50,48,48,67,68,65,47,68,68,68,55,61,59,71,71,71,71,71,77,77,93,93,89,75,95,95,95,118,112,113,113,125,125,123,123,123,119,119,119,108,93],"gold":628,"neow_bonus":"BOSS_RELIC","is_daily":false,"chose_seed":false,"campfire_upgraded":5,"win_rate":0.0,"timestamp":1612013313,"path_taken":["R","M","M","COS","?","M","T","R","M","?","M","?","R","M","M","BOSS","R","M","M","?","M","?","T","$","M","AVR","?","M","R","$","M","BOSS","R_BF","M","?","M","?","R","T","M","E","AVR","R","?","?","?","M","BOSS"],"items_purchased_type":["Card","Relic","Relic","Card","Relic","Relic"],"build_version":"2020-12-22","purchased_purges":0,"victory":true,"max_hp_per_floor":[66,66,66,66,66,66,66,66,66,67,67,67,67,68,68,68,68,68,68,68,74,75,87,87,87,87,87,93,93,93,93,89,89,95,95,95,118,118,119,119,131,131,131,131,131,131,131,131,131,131],"card_choices":[{"not_picked":["animator:ShinjiMatou","animator:MumenRider"],"picked":"animator:Cocytus","floor":2},{"not_picked":["animator:Aqua","animator:Hakurou"],"picked":"animator:GuildGirl","floor":3},{"not_picked":["animator:Rider","animator:Ainz"],"picked":"animator:Berserker","floor":6},{"not_picked":["animator:Ciel","animator:Laby"],"picked":"animator:Lu","floor":9},{"not_picked":["animator:Chris","animator:Arpeggio"],"picked":"animator:Witch","floor":10},{"not_picked":["animator:Tatsumaki","animator:MetalKnight"],"picked":"animator:Lancer","floor":11},{"not_picked":["animator:Vanir","animator:Raven"],"picked":"animator:Eve","floor":14},{"not_picked":["animator:Add","animator:Elsword"],"picked":"animator:Laby","floor":15},{"not_picked":["animator:Saber","animator:Shizu"],"picked":"animator:Gilgamesh","floor":16},{"not_picked":["animator:KrulTepes","animator:Ara+1"],"picked":"animator:YaoHaDucy+1","floor":19},{"not_picked":["animator:SakuraMatou","animator:Entoma"],"picked":"animator:Berserker+1","floor":20},{"not_picked":["animator:Kuribayashi","animator:Shigure"],"picked":"animator:Ciel+1","floor":22},{"not_picked":["infinitespire:Gouge","ReplayTheSpireMod:Echoes of Time"],"picked":"ReplayTheSpireMod:??????????????????????","floor":23},{"not_picked":["animator:RinTohsaka","animator:Assassin"],"picked":"animator:Archer","floor":25},{"not_picked":["animator:Souei","animator:Ain"],"picked":"animator:Darkness","floor":26},{"not_picked":["animator:Ara","animator:Geryuganshoop+1"],"picked":"animator:Berserker","floor":29},{"not_picked":["animator:Arpeggio","animator:Archer+1"],"picked":"animator:EmiyaShirou+1","floor":31},{"not_picked":["animator:Add","animator:Ain"],"picked":"animator:Rose","floor":32},{"not_picked":["animator:Wiz","animator:Eve"],"picked":"animator:Ainz","floor":33},{"not_picked":["bronze:Replicate","Bash"],"picked":"hexamod:Float","floor":34},{"not_picked":["animator:Berserker","animator:Elesis"],"picked":"animator:Ainz","floor":34},{"not_picked":["ReplayTheSpireMod:Echoes of Time","infinitespire:Execution"],"picked":"infinitespire:NeuralNetwork","floor":34},{"not_picked":["animator:Ciel","animator:ShinjiMatou+1"],"picked":"animator:GazelDwargon","floor":36},{"not_picked":["animator:Elsword","animator:Alexander"],"picked":"animator:Melzalgald","floor":38},{"not_picked":["animator:MumenRider+1","animator:Caster"],"picked":"animator:MetalKnight+1","floor":39},{"not_picked":["animator:Shinoa","animator:Vesta+1"],"picked":"animator:Shuna","floor":42},{"not_picked":["animator:NarberalGamma","animator:Demiurge"],"picked":"animator:Shalltear","floor":43},{"not_picked":["expansioncontent:GuardianWhirl","expansioncontent:DecaShield"],"picked":"expansioncontent:HyperBeam","floor":46},{"not_picked":["expansioncontent:Hexaburn","expansioncontent:DecaShield"],"picked":"expansioncontent:HyperBeam","floor":46},{"not_picked":["expansioncontent:DecaShield","Replay:SS_hec_1"],"picked":"expansioncontent:PrepareCrush","floor":46},{"not_picked":["animator:Rena+1","animator:Vesta"],"picked":"animator:Berserker+1","floor":48},{"not_picked":["animator:Ain+1","animator:Entoma+1"],"picked":"animator:Berserker","floor":49}],"player_experience":38331,"relics_obtained":[{"floor":7,"key":"hubris:TenFootPole"},{"floor":17,"key":"infinitespire:Beetle Shell"},{"floor":17,"key":"Darkstone Periapt"},{"floor":17,"key":"Peace Pipe"},{"floor":21,"key":"ReplayTheSpireMod:Ring of Challenge"},{"floor":21,"key":"Ring of Hypnosis"},{"floor":24,"key":"Regal Pillow"},{"floor":32,"key":"animator:CursedGlyph"},{"floor":35,"key":"ReplayTheSpireMod:Lightbulb"},{"floor":39,"key":"hubris:Teleporter"},{"floor":41,"key":"hubris:DeckOfHolding"},{"floor":43,"key":"Replay:Rubber Ducky"}],"event_choices":[],"is_beta":false,"boss_relics":[{"not_picked":["infinitespire:Cupcake","Hololive_TopUpMoneyS"],"picked":"Calling Bell"},{"not_picked":["bronze:MakeshiftBattery","Painkiller Herb"],"picked":"ReplayTheSpireMod:SealedPack"}],"items_purged_floors":[],"is_endless":false,"potions_floor_spawned":[9,10,14,15,19,29,33,36,38,43,49],"ascension_level":0}}