{"host":"59wnhi65kiwmnpg4","time":1612003159,"event":{"mods":["2.2 Compatiblity","AchievementEnabler","BaseMod","BetterRewards","Colored Map","Custom Start","Disable Question Mark Monsters","Highlight Path","Minty Spire (QoL Compilation)","Relic Sorter","Relic Stats"],"gold_per_floor":[119,136,12,12,22,53,53,86,110,110,140,151,26,59,59,154,154,170,170,95,113,113,113,130,149,174,205,205,237,129,144,144,248,248,264,264,264,114,114,114,38,63,63,82,82,102,119,119,119],"floor_reached":48,"language":"ENG","playtime":3302,"items_purged":["Shame","Defend_P"],"score":733,"play_id":"ef872aa4-eded-48a4-b78a-7a166c281f19","local_time":"20210130103919","is_ascension_mode":true,"campfire_choices":[{"data":"WreathOfFlame","floor":7.0,"key":"SMITH"},{"data":"Tantrum","floor":10.0,"key":"SMITH"},{"data":"TalkToTheHand","floor":15.0,"key":"SMITH"},{"data":"BowlingBash","floor":23.0,"key":"SMITH"},{"floor":28.0,"key":"REST"},{"floor":32.0,"key":"REST"},{"data":"Mind Blast","floor":40.0,"key":"SMITH"},{"floor":45.0,"key":"REST"}],"circlet_count":0,"master_deck":["Strike_P","Strike_P","Strike_P","Defend_P+1","Defend_P","Defend_P","Eruption","Vigilance","Vault","BowlingBash+1","Collect+1","WreathOfFlame+1","EmptyFist","Tantrum+1","Perseverance","FearNoEvil","TalkToTheHand+1","Ragnarok","Vault","Crescendo","Scrawl","Swivel","Tantrum","Study+1","Wish","ForeignInfluence","Mind Blast+1","ClearTheMind","Adaptation"],"relics":["PureWater","Strawberry","Toy Ornithopter","War Paint","Odd Mushroom","CaptainsWheel","SlaversCollar","Boot","Oddly Smooth Stone","Pocketwatch","Bag of Marbles","SacredBark","Vajra","Pen Nib"],"acts_visited":["Exordium","TheCity","TheBeyond"],"potions_floor_usage":[48],"damage_taken":[{"damage":0.0,"enemies":"Jaw Worm","floor":1.0,"turns":3.0},{"damage":0.0,"enemies":"2 Louse","floor":2.0,"turns":3.0},{"damage":0.0,"enemies":"Cultist","floor":5.0,"turns":3.0},{"damage":37.0,"enemies":"3 Sentries","floor":6.0,"turns":10.0},{"damage":0.0,"enemies":"Lagavulin","floor":8.0,"turns":2.0},{"damage":0.0,"enemies":"The Mushroom Lair","floor":11.0,"turns":2.0},{"damage":6.0,"enemies":"Exordium Wildlife","floor":12.0,"turns":3.0},{"damage":0.0,"enemies":"Gremlin Nob","floor":14.0,"turns":3.0},{"damage":18.0,"enemies":"Hexaghost","floor":16.0,"turns":3.0},{"damage":9.0,"enemies":"3 Byrds","floor":18.0,"turns":5.0},{"damage":12.0,"enemies":"Chosen","floor":21.0,"turns":3.0},{"damage":21.0,"enemies":"Snake Plant","floor":24.0,"turns":8.0},{"damage":23.0,"enemies":"Centurion and Healer","floor":25.0,"turns":3.0},{"damage":0.0,"enemies":"Gremlin Leader","floor":27.0,"turns":6.0},{"damage":9.0,"enemies":"Book of Stabbing","floor":29.0,"turns":5.0},{"damage":3.0,"enemies":"3 Cultists","floor":31.0,"turns":3.0},{"damage":0.0,"enemies":"Collector","floor":33.0,"turns":9.0},{"damage":38.0,"enemies":"3 Darklings","floor":35.0,"turns":5.0},{"damage":0.0,"enemies":"Reptomancer","floor":42.0,"turns":3.0},{"damage":0.0,"enemies":"3 Shapes","floor":44.0,"turns":3.0},{"damage":20.0,"enemies":"Maw","floor":46.0,"turns":5.0},{"damage":15.0,"enemies":"4 Shapes","floor":47.0,"turns":4.0},{"damage":0,"enemies":"Jaw Worm Horde","floor":48,"turns":1}],"seed_played":"-1225333917412206328","potions_obtained":[{"floor":2.0,"key":"Explosive Potion"},{"floor":6.0,"key":"BlessingOfTheForge"},{"floor":14.0,"key":"DistilledChaos"},{"floor":16.0,"key":"LiquidMemories"},{"floor":21.0,"key":"CultistPotion"},{"floor":24.0,"key":"PowerPotion"},{"floor":29.0,"key":"Energy Potion"},{"floor":35.0,"key":"Ancient Potion"},{"floor":46.0,"key":"PowerPotion"}],"is_trial":false,"path_per_floor":["M","M","$","?","M","E","R","E","T","R","?","M","$","E","R","B",null,"M","?","$","M","?","R","M","M","T","E","R","E","$","M","R","B",null,"M","?","?","$","?","R","$","E","T","M","R","M","M","M"],"character_chosen":"WATCHER","items_purchased":["WreathOfFlame","EmptyFist","TalkToTheHand","Block Potion","Swivel","Tantrum","PowerPotion","EssenceOfSteel"],"campfire_rested":3,"item_purchase_floors":[3,3,13,13,30,30,38,41],"current_hp_per_floor":[65,65,65,65,65,35,35,35,35,35,35,29,29,29,29,21,72,63,63,63,51,51,51,30,12,12,12,33,29,29,26,47,47,72,34,34,34,34,34,34,34,39,39,39,60,40,25,30,30],"gold":119,"neow_bonus":"THREE_RARE_CARDS","is_daily":false,"chose_seed":false,"campfire_upgraded":5,"win_rate":0.0,"timestamp":1612003159,"path_taken":["M","M","$","?","M","E","R","E","T","R","?","M","$","E","R","BOSS","M","?","$","M","?","R","M","?","T","E","R","E","$","M","R","BOSS","M","?","?","$","?","R","$","E","T","?","R","M","M","M"],"items_purchased_type":["Card","Card","Card","Potion","Card","Card","Potion","Potion"],"build_version":"2020-12-22","purchased_purges":2,"victory":false,"max_hp_per_floor":[65,65,65,65,65,72,72,72,72,72,72,72,72,72,72,72,72,72,72,72,72,72,72,72,72,72,72,72,72,72,72,72,72,72,72,72,72,72,72,72,72,72,72,72,72,72,72,72,72],"relic_stats":{"counters":[23,95],"Pen Nib":[2],"War Paint":["Collect","Defend_P"],"Boot":[39],"obtain_stats":[{"SacredBark":34,"Oddly Smooth Stone":26,"Vajra":42,"Pen Nib":43,"War Paint":9,"Odd Mushroom":11,"Boot":19,"SlaversCollar":17,"CaptainsWheel":14,"Strawberry":6,"Bag of Marbles":29,"PureWater":0,"Toy Ornithopter":8,"Pocketwatch":27},{"SacredBark":17,"Oddly Smooth Stone":13,"Vajra":19,"Pen Nib":19,"War Paint":5,"Odd Mushroom":6,"Boot":10,"SlaversCollar":9,"CaptainsWheel":8,"Strawberry":4,"Bag of Marbles":15,"PureWater":0,"Toy Ornithopter":5,"Pocketwatch":14},{"SacredBark":74,"Oddly Smooth Stone":51,"Vajra":82,"Pen Nib":82,"War Paint":21,"Odd Mushroom":23,"Boot":37,"SlaversCollar":32,"CaptainsWheel":29,"Strawberry":19,"Bag of Marbles":62,"PureWater":0,"Toy Ornithopter":21,"Pocketwatch":57}],"Toy Ornithopter":30,"Pocketwatch":[43]},"card_choices":[{"not_picked":["Judgement","Brilliance"],"picked":"Vault","floor":0.0},{"not_picked":["ThirdEye","Sanctity"],"picked":"BowlingBash","floor":1.0},{"not_picked":["Protect","Halt"],"picked":"Collect","floor":2.0},{"not_picked":["SignatureMove","Vengeance","Prostrate"],"picked":"SKIP","floor":5.0},{"not_picked":["Consecrate","Worship"],"picked":"Tantrum","floor":6.0},{"not_picked":["Worship","Evaluate"],"picked":"Perseverance","floor":8.0},{"not_picked":["SashWhip","Evaluate"],"picked":"FearNoEvil","floor":11.0},{"not_picked":["FollowUp","Worship","WheelKick"],"picked":"SKIP","floor":12.0},{"not_picked":["Sanctity","Vengeance"],"picked":"Ragnarok","floor":14.0},{"not_picked":["Ragnarok","Judgement"],"picked":"Vault","floor":16.0},{"not_picked":["BowlingBash","Prostrate+1","LikeWater"],"picked":"SKIP","floor":18.0},{"not_picked":["WheelKick","Fasting2","LikeWater"],"picked":"SKIP","floor":21.0},{"not_picked":["Pray","FlyingSleeves"],"picked":"Crescendo","floor":24.0},{"not_picked":["FlyingSleeves+1","Evaluate+1","Sanctity+1"],"picked":"SKIP","floor":25.0},{"not_picked":["SignatureMove+1","Alpha"],"picked":"Scrawl","floor":27.0},{"not_picked":["Prostrate","CrushJoints","PathToVictory+1"],"picked":"SKIP","floor":29.0},{"not_picked":["Adaptation","CrushJoints"],"picked":"Study+1","floor":31.0},{"not_picked":["Omniscience","DeusExMachina"],"picked":"Wish","floor":33.0},{"not_picked":["EmptyBody+1","FlyingSleeves+1"],"picked":"ForeignInfluence","floor":35.0},{"not_picked":["Jack Of All Trades","PanicButton"],"picked":"Mind Blast","floor":39.0},{"not_picked":["Vengeance","Prostrate"],"picked":"ClearTheMind","floor":42.0},{"not_picked":["EmptyFist","Prostrate","SashWhip"],"picked":"SKIP","floor":44.0},{"not_picked":["EmptyFist","Meditate"],"picked":"Adaptation","floor":46.0},{"not_picked":["FlyingSleeves+1","Swivel","Vengeance"],"picked":"SKIP","floor":47.0}],"player_experience":855207,"relics_obtained":[{"floor":6.0,"key":"Strawberry"},{"floor":8.0,"key":"Toy Ornithopter"},{"floor":9.0,"key":"War Paint"},{"floor":11.0,"key":"Odd Mushroom"},{"floor":14.0,"key":"CaptainsWheel"},{"floor":26.0,"key":"Oddly Smooth Stone"},{"floor":27.0,"key":"Pocketwatch"},{"floor":29.0,"key":"Bag of Marbles"},{"floor":42.0,"key":"Vajra"},{"floor":43.0,"key":"Pen Nib"}],"event_choices":[{"damage_healed":0.0,"max_hp_gain":0.0,"max_hp_loss":0.0,"gold_gain":0.0,"event_name":"Liars Game","player_choice":"Ignored","floor":4.0,"gold_loss":0.0,"damage_taken":0.0},{"damage_healed":0.0,"max_hp_gain":0.0,"max_hp_loss":0.0,"gold_gain":0.0,"event_name":"Mushrooms","player_choice":"Fought Mushrooms","floor":11.0,"gold_loss":0.0,"damage_taken":0.0},{"damage_healed":0.0,"max_hp_gain":0.0,"max_hp_loss":0.0,"gold_gain":0.0,"event_name":"Addict","player_choice":"Stole Relic","floor":19.0,"gold_loss":0.0,"damage_taken":0.0,"relics_obtained":["Boot"],"cards_obtained":["Shame"]},{"damage_healed":0.0,"max_hp_gain":0.0,"max_hp_loss":0.0,"gold_gain":0.0,"event_name":"Match and Keep!","player_choice":"0 cards matched","floor":22.0,"gold_loss":0.0,"damage_taken":0.0,"cards_obtained":[]},{"damage_healed":0.0,"max_hp_gain":0.0,"max_hp_loss":0.0,"gold_gain":0.0,"event_name":"Tomb of Lord Red Mask","player_choice":"Ignored","floor":36.0,"gold_loss":0.0,"damage_taken":0.0},{"cards_removed":["Strike_P"],"damage_healed":0.0,"max_hp_gain":0.0,"max_hp_loss":0.0,"gold_gain":0.0,"event_name":"Falling","player_choice":"Removed Attack","floor":37.0,"gold_loss":0.0,"damage_taken":0.0},{"damage_healed":0.0,"max_hp_gain":0.0,"max_hp_loss":0.0,"gold_gain":0.0,"event_name":"SensoryStone","player_choice":"Memory 1","floor":39.0,"gold_loss":0.0,"damage_taken":0.0}],"is_beta":false,"boss_relics":[{"not_picked":["Black Star","Coffee Dripper"],"picked":"SlaversCollar"},{"not_picked":["Runic Dome","Tiny House"],"picked":"SacredBark"}],"items_purged_floors":[20,38],"is_endless":false,"potions_floor_spawned":[2,6,14,16,21,24,29,35,46],"killed_by":"Jaw Worm Horde","ascension_level":2}}