{"host":"0b7urydaxuefbgpn","time":1612022692,"event":{"mods":["Bard","BaseMod","Colored Powertips","Dio Mod","Downfall","Hermit","Jorbs\u0027s Wanderer Trilogy","Marisa????????","Minty Spire (QoL Compilation)","StSLib","The Bladedancer","The Cursed","The Disciple","The Poker Player","The Servant 0.9.4"],"gold_per_floor":[111,176,191,191,191,219,219,234,234,245,18,193,219,219,219,316,316,330,235,245,255,255,267,279,378,427,457,457,483,483,483,483],"floor_reached":30,"language":"RUS","playtime":1848,"items_purged":[],"score":283,"play_id":"15505688-e95a-4803-8a45-cd713062156d","local_time":"20210130190452","is_ascension_mode":false,"metric_token":993,"campfire_choices":[{"floor":7,"key":"REST"},{"floor":15,"key":"REST"}],"circlet_count":0,"master_deck":["PokerPlayerMod:Diamond2","PokerPlayerMod:Diamond3","PokerPlayerMod:Diamond4","PokerPlayerMod:Diamond6","PokerPlayerMod:Spade1","PokerPlayerMod:Spade2","PokerPlayerMod:Spade3","PokerPlayerMod:Spade4","PokerPlayerMod:Club1","PokerPlayerMod:Club2","PokerPlayerMod:Heart2","PokerPlayerMod:BadJoker","PokerPlayerMod:Mulligan","PokerPlayerMod:SecretDealer+1","PokerPlayerMod:Diamond4","PokerPlayerMod:Diamond5","PokerPlayerMod:MagicTrick+1","PokerPlayerMod:FillThePot","PokerPlayerMod:Diamond4","PokerPlayerMod:RiskyBet","PokerPlayerMod:HotShotCut","PokerPlayerMod:Promotion+1","PokerPlayerMod:SpadeStrike","PokerPlayerMod:Overdeal","PokerPlayerMod:Raise+1","PokerPlayerMod:CloakAndDiamond+1","PokerPlayerMod:Raise+1","PokerPlayerMod:FillThePot+1","PokerPlayerMod:Spade4","PokerPlayerMod:Harden"],"relics":["PokerPlayerMod:DeckCase","Matryoshka","Orichalcum","War Paint","PokerPlayerMod:BottledPoker","Happy Flower","HornCleat","Toxic Egg 2","Empty Cage","Bottled Lightning","Nunchaku","Bag of Marbles","Red Mask"],"acts_visited":["Exordium","TheCity"],"potions_floor_usage":[],"damage_taken":[{"damage":2,"enemies":"Cultist","floor":1,"turns":3},{"damage":4,"enemies":"Jaw Worm","floor":3,"turns":2},{"damage":14,"enemies":"Gremlin Nob","floor":6,"turns":4},{"damage":0,"enemies":"2 Louse","floor":8,"turns":1},{"damage":0,"enemies":"Blue Slaver","floor":10,"turns":2},{"damage":8,"enemies":"Lagavulin","floor":13,"turns":5},{"damage":16,"enemies":"Hexaghost","floor":16,"turns":9},{"damage":0,"enemies":"Spheric Guardian","floor":18,"turns":3},{"damage":0,"enemies":"Shell Parasite","floor":20,"turns":2},{"damage":4,"enemies":"Snecko","floor":21,"turns":5},{"damage":0,"enemies":"3 Cultists","floor":23,"turns":3},{"damage":3,"enemies":"Snake Plant","floor":24,"turns":3},{"damage":0,"enemies":"Book of Stabbing","floor":27,"turns":3},{"damage":0,"enemies":"Masked Bandits","floor":29,"turns":4},{"damage":65,"enemies":"Gremlin Leader","floor":30,"turns":9}],"seed_played":"8050376568727684085","potions_obtained":[{"floor":1,"key":"Explosive Potion"},{"floor":10,"key":"LiquidMemories"},{"floor":20,"key":"GamblersBrew"}],"is_trial":false,"path_per_floor":["M","?","M","?","?","E","R","M","T","M","$","?","E","?","R","B",null,"M","$","M","M","?","M","M","?","T","E","?","?","E"],"character_chosen":"THE_POKER_PLAYER","items_purchased":["PokerPlayerMod:RiskyBet","Happy Flower","PokerPlayerMod:Overdeal","PokerPlayerMod:Raise+1"],"campfire_rested":2,"item_purchase_floors":[11,11,19,19],"current_hp_per_floor":[50,50,49,39,36,24,39,43,43,43,43,43,39,39,52,36,52,52,52,52,48,52,52,49,49,49,52,52,52,0,0,0],"gold":483,"neow_bonus":"ONE_RANDOM_RARE_CARD","is_daily":false,"chose_seed":false,"campfire_upgraded":0,"win_rate":0.0,"timestamp":1612022692,"path_taken":["M","?","M","?","?","E","R","?","T","M","$","?","E","?","R","BOSS","M","$","M","M","?","M","?","?","T","E","?","?","E"],"items_purchased_type":["Card","Relic","Card","Card"],"build_version":"2020-12-13","purchased_purges":0,"victory":false,"max_hp_per_floor":[52,52,52,52,52,52,52,52,52,52,52,52,52,52,52,52,52,52,52,52,52,52,52,52,52,52,52,52,52,52,52,52],"card_choices":[{"not_picked":["PokerPlayerMod:Diamond3","PokerPlayerMod:Raise"],"picked":"PokerPlayerMod:Diamond4","floor":1},{"not_picked":["PokerPlayerMod:Configure","PokerPlayerMod:Spade4"],"picked":"PokerPlayerMod:Diamond4","floor":3},{"not_picked":["PokerPlayerMod:Diamond5","PokerPlayerMod:ClubDance"],"picked":"PokerPlayerMod:MagicTrick","floor":6},{"not_picked":["PokerPlayerMod:CloakAndDiamond","PokerPlayerMod:Diamond2"],"picked":"PokerPlayerMod:FillThePot","floor":8},{"not_picked":["PokerPlayerMod:FillThePot","PokerPlayerMod:Heart3"],"picked":"PokerPlayerMod:Diamond4","floor":10},{"not_picked":["PokerPlayerMod:Spade3","PokerPlayerMod:FlyingCard"],"picked":"PokerPlayerMod:HotShotCut","floor":13},{"not_picked":["PokerPlayerMod:Club8","PokerPlayerMod:SecretDealer+1"],"picked":"PokerPlayerMod:Promotion+1","floor":16},{"not_picked":["PokerPlayerMod:Extraction+1","PokerPlayerMod:Fold+1"],"picked":"PokerPlayerMod:SpadeStrike","floor":18},{"not_picked":["PokerPlayerMod:Diamond1","PokerPlayerMod:CardBurn+1","PokerPlayerMod:Heart2"],"picked":"SKIP","floor":20},{"not_picked":["PokerPlayerMod:Raise+1","PokerPlayerMod:DartThrow+1"],"picked":"PokerPlayerMod:CloakAndDiamond+1","floor":21},{"not_picked":["PokerPlayerMod:Spade2","PokerPlayerMod:Trickery"],"picked":"PokerPlayerMod:Raise+1","floor":23},{"not_picked":["PokerPlayerMod:Heart1","PokerPlayerMod:Diamond2"],"picked":"PokerPlayerMod:FillThePot+1","floor":24},{"not_picked":["PokerPlayerMod:Spade7","PokerPlayerMod:Diamond1"],"picked":"PokerPlayerMod:Spade4","floor":27}],"player_experience":12308,"relics_obtained":[{"floor":6,"key":"Orichalcum"},{"floor":9,"key":"War Paint"},{"floor":9,"key":"PokerPlayerMod:BottledPoker"},{"floor":13,"key":"HornCleat"},{"floor":26,"key":"Bottled Lightning"},{"floor":26,"key":"Nunchaku"},{"floor":27,"key":"Bag of Marbles"},{"floor":29,"key":"Red Mask"}],"event_choices":[{"damage_healed":0,"gold_gain":65,"player_choice":"Gained Gold","damage_taken":0,"max_hp_gain":0,"max_hp_loss":0,"event_name":"Golden Wing","floor":2,"gold_loss":0},{"damage_healed":0,"gold_gain":0,"player_choice":"Entered Light","damage_taken":10,"max_hp_gain":0,"max_hp_loss":0,"event_name":"Shining Light","floor":4,"gold_loss":0,"cards_upgraded":["PokerPlayerMod:Diamond6","PokerPlayerMod:Diamond5"]},{"damage_healed":0,"gold_gain":0,"player_choice":"Success","damage_taken":3,"relics_obtained":["Matryoshka"],"max_hp_gain":0,"max_hp_loss":0,"event_name":"Scrap Ooze","floor":5,"gold_loss":0},{"damage_healed":0,"gold_gain":175,"player_choice":"AGREE","damage_taken":0,"max_hp_gain":0,"max_hp_loss":0,"event_name":"Liars Game","floor":12,"gold_loss":0,"cards_obtained":["Doubt"]},{"damage_healed":0,"gold_gain":0,"player_choice":"Searched \u00272\u0027 times","damage_taken":0,"relics_obtained":["Toxic Egg 2"],"max_hp_gain":0,"max_hp_loss":0,"event_name":"Dead Adventurer","floor":14,"gold_loss":0},{"cards_removed":["PokerPlayerMod:Diamond1"],"damage_healed":5,"gold_gain":0,"player_choice":"Offered Special","damage_taken":0,"max_hp_gain":0,"max_hp_loss":0,"event_name":"Bonfire Elementals","floor":22,"gold_loss":0},{"damage_healed":0,"gold_gain":99,"player_choice":"Stole From Cult","damage_taken":0,"max_hp_gain":0,"max_hp_loss":0,"event_name":"Nest","floor":25,"gold_loss":0},{"damage_healed":0,"gold_gain":0,"player_choice":"Read","damage_taken":0,"max_hp_gain":0,"max_hp_loss":0,"event_name":"The Library","floor":28,"gold_loss":0,"cards_obtained":["PokerPlayerMod:Harden"]},{"damage_healed":0,"gold_gain":0,"player_choice":"Fought Bandits","damage_taken":0,"max_hp_gain":0,"max_hp_loss":0,"event_name":"Masked Bandits","floor":29,"gold_loss":0}],"is_beta":false,"boss_relics":[{"not_picked":["Astrolabe","SacredBark"],"picked":"Empty Cage"}],"items_purged_floors":[],"is_endless":false,"potions_floor_spawned":[1,10,20,21,27],"killed_by":"Gremlin Leader","ascension_level":0}}