{"host":"y1oqg7uy0jc6f5mb","time":1612005455,"event":{"mods":["BaseMod","Better Altar","Better Match","Better Note","Better Sensory Stone","Better Skull","Better Third Choice","Block Reminder","Colored Map","Colored Powertips","Custom Start","DeckTracker","Displayed Cursed Tome","Downfall","Highlight Path","Ironclad Rager","Minty Spire (QoL Compilation)","Permanent Neow","Quick Restart","Relic Sorter","Relic Stats","Replay The Spire","Shop Mod","StSLib"],"gold_per_floor":[99,109,109,119,3,21,47,47,58,58,78,78,90,101,113,113,113,113],"floor_reached":16,"language":"ENG","playtime":1736,"items_purged":["Guardian:Defend_Guardian"],"score":96,"play_id":"168e62fb-8142-47f5-830e-1d54a03b13f2","local_time":"20210130191735","is_ascension_mode":false,"campfire_choices":[{"floor":8.0,"key":"REST"},{"floor":10.0,"key":"REST"}],"circlet_count":0,"master_deck":["Guardian:Strike_Guardian","Guardian:Strike_Guardian","Guardian:Strike_Guardian","Guardian:Defend_Guardian","Guardian:Defend_Guardian","Guardian:Defend_Guardian","Guardian:CurlUp","Guardian:TwinSlam","Guardian:ShieldSpikes","Guardian:PolyBeam","Guardian:Gem_Green","Guardian:Gem_Crimson","Guardian:Gem_Synthetic","Guardian:RollAttack","Guardian:DecasProtection","Guardian:Planning","Guardian:Preprogram","Guardian:Gem_White","Guardian:TimeSifter","Guardian:TemporalShield","Guardian:ArmoredProtocol"],"relics":["Guardian:ModeShifter","Toy Ornithopter","Guardian:PickAxe","ReplayTheSpireMod:Lightbulb"],"acts_visited":["Exordium"],"potions_floor_usage":[16,16],"damage_taken":[{"damage":0.0,"enemies":"Cultist","floor":2.0,"turns":5.0},{"damage":7.0,"enemies":"Cultist","floor":3.0,"turns":8.0},{"damage":7.0,"enemies":"2 Louse","floor":4.0,"turns":4.0},{"damage":0.0,"enemies":"downfall:FleeingMerchant","floor":5.0,"turns":4.0},{"damage":8.0,"enemies":"Small Slimes","floor":6.0,"turns":3.0},{"damage":14.0,"enemies":"Exordium Wildlife","floor":9.0,"turns":7.0},{"damage":0,"enemies":"Exordium Thugs","floor":11,"turns":5},{"damage":4,"enemies":"Large Slime","floor":13,"turns":6},{"damage":12,"enemies":"2 Fungi Beasts","floor":14,"turns":3},{"damage":6,"enemies":"3 Louse","floor":15,"turns":5},{"damage":54,"enemies":"IC_STATUS_ARCHETYPE","floor":16,"turns":13}],"seed_played":"-3551770293642192295","potions_obtained":[{"floor":4.0,"key":"Fire Potion"},{"floor":9.0,"key":"sneckomod:MuddlingPotion"},{"floor":11,"key":"Venom Potion"},{"floor":13,"key":"PowerPotion"}],"is_trial":false,"path_per_floor":["R_BF","M","?","M","$","M","T","R","M","R","M","?","M","M","M","B"],"character_chosen":"GUARDIAN","items_purchased":["Guardian:Planning"],"campfire_rested":2,"item_purchase_floors":[5],"current_hp_per_floor":[80,80,43,36,36,28,28,52,38,62,62,62,58,46,40,0,0,0],"gold":113,"neow_bonus":"RANDOM_COMMON_RELIC","is_daily":false,"chose_seed":false,"campfire_upgraded":0,"win_rate":0.0,"timestamp":1612005455,"path_taken":["R_BF","M","?","M","$","M","T","R","M","R","M","?","M","M","M","BOSS"],"items_purchased_type":["Card"],"build_version":"2020-12-22","purchased_purges":1,"victory":false,"max_hp_per_floor":[80,80,80,80,80,80,80,80,80,80,80,80,80,80,80,80,80,80],"relic_stats":{"counters":[11,63],"obtain_stats":[{"Guardian:PickAxe":3,"Guardian:ModeShifter":0,"ReplayTheSpireMod:Lightbulb":7,"Toy Ornithopter":0},{"Guardian:PickAxe":2,"Guardian:ModeShifter":0,"ReplayTheSpireMod:Lightbulb":5,"Toy Ornithopter":0},{"Guardian:PickAxe":13,"Guardian:ModeShifter":0,"ReplayTheSpireMod:Lightbulb":24,"Toy Ornithopter":0}],"Toy Ornithopter":10},"card_choices":[{"not_picked":["Guardian:WalkerClaw","Guardian:Incinerate"],"picked":"Guardian:PolyBeam","floor":2.0},{"not_picked":["Guardian:Gem_Lightblue","Guardian:PrimingBeam"],"picked":"Guardian:RollAttack","floor":4.0},{"not_picked":["Guardian:Preprogram","Guardian:GuardianWhirl"],"picked":"Guardian:DecasProtection","floor":5.0},{"not_picked":["Guardian:Gem_Red","Guardian:Incinerate"],"picked":"Guardian:BronzeArmor","floor":6.0},{"not_picked":["Guardian:PiercingHide","Guardian:VentSteam"],"picked":"Guardian:Preprogram","floor":9.0},{"not_picked":["Guardian:Gem_Lightblue","Guardian:Planning"],"picked":"Guardian:Gem_White","floor":11},{"not_picked":["Guardian:Gem_Blue","Guardian:Planning"],"picked":"Guardian:TimeSifter","floor":13},{"not_picked":["Guardian:Reroute","Guardian:Planning"],"picked":"Guardian:TemporalShield","floor":14},{"not_picked":["Guardian:Gem_Red","Guardian:Suspension"],"picked":"Guardian:ArmoredProtocol","floor":15}],"player_experience":272251,"relics_obtained":[{"floor":7.0,"key":"ReplayTheSpireMod:Lightbulb"}],"event_choices":[],"is_beta":false,"boss_relics":[],"items_purged_floors":[5],"is_endless":false,"potions_floor_spawned":[4,9,11,13,15],"killed_by":"IC_STATUS_ARCHETYPE","ascension_level":0}}