{"host":"dwyzfvnzfcqffr30","time":1612032950,"event":{"mods":["2.2 Compatiblity","Act Like it!","Aspiration","BaseMod","Beaked The Cultist","Better Altar","Better Match","Better Note","Better Sensory Stone","Better Skull","Better Third Choice","Clockwork Mod","Colored Map","Colored Powertips","Conspire","Downfall","Elementarium","GifTheSpireLib","Halation","Hermit","Hubris","Infinite Spire","Ironclad Rager","Jedi Mod","Menagerie","Mimic Mod","Minty Spire (QoL Compilation)","Permanent Neow","Random Character Button","Relic Filter Mod","Reliquary","Replay The Spire","Spicy Shops","Spikes Relics","StSLib","Stuff the Spire","The Construct","The Disciple","The Druid","The Marked","TheFirefly","Trackpad","Wandering Minibosses"],"gold_per_floor":[124,124,149,177,203,203,246,246,284,5,5,35,35,78,78,182,182,803,803,803,880,952,952,1050,1050,1104,1104,1104,1220,1317,1416,1416,1603,1603,1727,1727,1864,2006,819,819,907,989,989,989,1072,1072,1072,1176,1176,1176,1176,1176,183,236,236],"floor_reached":56,"language":"ENG","playtime":5411,"items_purged":["theDruid:Strike_O+1","theDruid:Strike_O+1","theDruid:FuriousSlash+1"],"score":2293,"play_id":"34957162-8b6e-42c3-86d7-dc986a9d25d9","local_time":"20210130105550","is_ascension_mode":true,"campfire_choices":[{"floor":6.0,"key":"REST"},{"floor":8.0,"key":"RECALL"},{"floor":15,"key":"REST"},{"data":"theDruid:IronbarkArmor+1","floor":23,"key":"SMITH"},{"data":"theDruid:IronbarkArmor+2","floor":27,"key":"SMITH"},{"data":"theDruid:FelineGrace+1","floor":32,"key":"SMITH"},{"floor":47,"key":"DIG"},{"floor":49,"key":"DIG"},{"floor":52,"key":"DIG"}],"circlet_count":0,"master_deck":["AscendersBane","theDruid:Defend_O+1","theDruid:Defend_O+1","theDruid:Defend_O+1","theDruid:BriarArmor+1","theDruid:WildSlash+1","Apotheosis+1","MasterReality+1","theDruid:FelineGrace+2","theDruid:FuriousSlash+1","theDruid:SurvivalCache+1","theDruid:Swipe+1","theDruid:FaerieFire+1","theDruid:IronbarkArmor+3","theDruid:ApexPredator+1","theDruid:Resupply+1","thefirefly:CreateClone+1","theDruid:PouncingStrike+1","theDruid:HailofThorns+1","Apotheosis+1","Sharp Hide+1","theDruid:ExposingSlash+1","theDruid:FeralPlants+1","theDruid:BristlingDefense+1","theDruid:FeralPlants+1"],"relics":["theDruid:CrownOfTheWilds","aspiration:Nostalgia","bronze:BronzeCore","Toxic Egg 2","Molten Egg 2","Frozen Egg 2","Quantum Egg","SacredBark","infinitespire:EvilPickle","conspire:InfiniteJournal","halation:Prosthetics","Bottled Tornado","jedi:firstaidkit","Pen Nib","BargainBundle","Akabeko","reliquary:BoilingFlask","Golden Idol","SuspiciousGoo","CrustySpines","hubris:EmptyBottle","infinitespire:Cupcake","wanderingMiniBosses:LockLocket","Matryoshka","hubris:Teleporter","beaked:SacredDeck","reliquary:PorcupineQuills","SnailShell","trackpad:WondrousWand","ReplayTheSpireMod:Shallot","Philosopher\u0027s Stone","hubris:BallOfYels","aspiration:ArtOfWarUpgrade","Shovel","MiniBlackHole","trackpad:Compendium","Quantum Egg","Oddly Smooth Stone","reliquary:SilkGlove","Mirror","Anchor","Pantograph","StuffTheSpire:HeavyRock","trackpad:IceCube","CherryCoatedStake","Guide Book","jedi:kaleidoscope"],"acts_visited":["Exordium","TheCity","TheBeyond","TheEnding"],"potions_floor_usage":[16,18,21,33,37,45,48,55],"damage_taken":[{"damage":0.0,"enemies":"2 Louse","floor":1.0,"turns":1.0},{"damage":0.0,"enemies":"infinitespire:Voidling","floor":3.0,"turns":3.0},{"damage":0.0,"enemies":"Small Slimes","floor":4.0,"turns":2.0},{"damage":14.0,"enemies":"3 Louse","floor":5.0,"turns":2.0},{"damage":0.0,"enemies":"Lagavulin","floor":7.0,"turns":5.0},{"damage":1.0,"enemies":"Large Slime","floor":9.0,"turns":4.0},{"damage":1,"enemies":"Replay:BlueRogue","floor":12,"turns":2},{"damage":0,"enemies":"Fading Forest","floor":16,"turns":11},{"damage":14,"enemies":"2 Thieves","floor":18,"turns":6},{"damage":12,"enemies":"Shell Parasite","floor":21,"turns":4},{"damage":0,"enemies":"Cultist and Chosen","floor":22,"turns":4},{"damage":0,"enemies":"conspire:Head Lice","floor":24,"turns":5},{"damage":0,"enemies":"Gremlin Leader","floor":29,"turns":5},{"damage":1,"enemies":"conspire:HollyBat","floor":30,"turns":7},{"damage":0,"enemies":"Shelled Parasite and Fungi","floor":31,"turns":3},{"damage":24,"enemies":"Collector","floor":33,"turns":5},{"damage":0,"enemies":"3 Shapes","floor":35,"turns":4},{"damage":0,"enemies":"3 Darklings","floor":37,"turns":2},{"damage":0,"enemies":"Jaw Worm Horde","floor":38,"turns":3},{"damage":0,"enemies":"R_Hoarder","floor":41,"turns":5},{"damage":5,"enemies":"Maw","floor":42,"turns":4},{"damage":0,"enemies":"3 Darklings","floor":45,"turns":3},{"damage":0,"enemies":"Reptomancer","floor":48,"turns":4},{"damage":45,"enemies":"infinitespire:MassOfShapes","floor":50,"turns":5},{"damage":31,"enemies":"Shield and Spear","floor":54,"turns":5},{"damage":16,"enemies":"The Heart","floor":55,"turns":6}],"seed_played":"-4345820529110710174","potions_obtained":[{"floor":1.0,"key":"Strength Potion"},{"floor":3.0,"key":"hexamod:SoulburnPotion"},{"floor":12,"key":"Regen Potion"},{"floor":18,"key":"ColorlessPotion"},{"floor":33,"key":"FearPotion"},{"floor":38,"key":"Explosive Potion"}],"is_trial":false,"path_per_floor":["M","?","M","M","M","R","E","R","MIM","$","?","E","?","$","R","B",null,"M","?","?","M","M","R","E","AVR","T","R","T","E","M","M","R","B",null,"M","?","M","M","$","R","E","M","T","R","M","?","R","E","R","B",null,"R","$","E","B",null],"character_chosen":"DRUID","items_purchased":["BargainBundle","Akabeko","reliquary:BoilingFlask","Dexterity Potion","theDruid:FaerieFire+1","SuspiciousGoo","CrustySpines","hubris:EmptyBottle","Art of War","Shovel","MiniBlackHole","trackpad:Compendium","Apotheosis+1","Sharp Hide+1","theDruid:ExposingSlash+1","StuffTheSpire:HeavyRock","trackpad:IceCube","CherryCoatedStake","Elixir","theDruid:FeralPlants+1","Guide Book"],"campfire_rested":2,"item_purchase_floors":[10,10,10,10,10,14,14,14,39,39,39,39,39,39,39,53,53,53,53,53,53],"current_hp_per_floor":[33,33,33,33,19,28,28,28,27,27,27,26,18,18,27,33,33,29,29,29,32,32,32,32,32,32,32,32,34,37,39,39,21,36,38,23,40,45,45,45,47,46,46,46,48,48,48,48,48,8,42,42,42,31,57],"gold":236,"neow_bonus":"NOSTALGIA","is_daily":false,"chose_seed":false,"campfire_upgraded":3,"win_rate":0.0,"timestamp":1612032950,"path_taken":["M","?","?","M","M","R","E","R","MIM","$","?","E","?","$","R","BOSS","M","?","?","M","M","R","E","AVR","T","R","?","E","M","M","R","BOSS","M","?","M","M","$","R","E","?","T","R","M","?","R","E","R","BOSS","R","$","E","BOSS"],"items_purchased_type":["Relic","Relic","Relic","Potion","Card","Relic","Relic","Relic","Relic","Relic","Relic","Relic","Card","Card","Card","Relic","Relic","Relic","Potion","Card","Relic"],"build_version":"2020-12-22","purchased_purges":3,"victory":true,"max_hp_per_floor":[33,33,33,33,33,33,33,33,33,33,33,33,33,33,33,33,33,33,33,33,33,33,33,33,33,33,33,33,35,37,39,39,41,41,43,43,43,45,45,45,47,49,49,49,51,51,51,51,51,53,53,53,53,55,57],"card_choices":[{"not_picked":["theDruid:FaerieFire+1","theDruid:TwilightsCall+1"],"picked":"theDruid:FelineGrace+1","floor":1.0},{"not_picked":["theDruid:Untamed+1","theDruid:PlagueClaw+1"],"picked":"theDruid:FuriousSlash+1","floor":3.0},{"not_picked":["theDruid:Recoil+1","theDruid:ExposingSlash+1"],"picked":"theDruid:FuriousSlash+1","floor":4.0},{"not_picked":["theDruid:WildArmor+1","theDruid:TwilightsCall+1","theDruid:Slingshot+1"],"picked":"SKIP","floor":5.0},{"not_picked":["theDruid:BlessedStrike+1","theDruid:ThornStrike+1"],"picked":"theDruid:SurvivalCache+1","floor":7.0},{"not_picked":["theDruid:PlagueClaw+1","theDruid:TwilightsCall+1"],"picked":"theDruid:Swipe+1","floor":9.0},{"not_picked":["theDruid:Gore+1","theDruid:AstralShield+1"],"picked":"theDruid:IronbarkArmor+1","floor":12},{"not_picked":["theDruid:Rabid+1","theDruid:SerratedFlesh+1"],"picked":"theDruid:ApexPredator+1","floor":16},{"not_picked":["theDruid:FuriousSlash+1","theDruid:Swipe+1","theDruid:Guidance+1"],"picked":"SKIP","floor":18},{"not_picked":["theDruid:PlagueClaw+1","theDruid:ThickHide+1","theDruid:SurvivalCache+1"],"picked":"SKIP","floor":21},{"not_picked":["theDruid:TakeShelter+1","theDruid:ForestsSoul+1"],"picked":"theDruid:Resupply+1","floor":22},{"not_picked":["theDruid:ExposingSlash+1","theDruid:FelineGrace+1","theDruid:Fortitude+1"],"picked":"SKIP","floor":24},{"not_picked":["theDruid:BristlingBulwark+1","theDruid:CelestialSurge+1"],"picked":"theDruid:PouncingStrike+1","floor":29},{"not_picked":["theDruid:ExposingSlash+1","theDruid:FuriousSlash+1","theDruid:NaturalAgility+1"],"picked":"SKIP","floor":30},{"not_picked":["theDruid:BrambleLash+1","theDruid:Earthquake+1","theDruid:Untamed+1"],"picked":"SKIP","floor":31},{"not_picked":["theDruid:CelestialSurge+1","theDruid:SurvivalInstincts+1"],"picked":"theDruid:HailofThorns+1","floor":33},{"not_picked":["theDruid:BlessedStrike+1","theDruid:Forage+1","theDruid:PlagueClaw+1"],"picked":"SKIP","floor":35},{"not_picked":["theDruid:Recoil+1","theDruid:Thornburst+1","theDruid:ThornStrike+1"],"picked":"SKIP","floor":37},{"not_picked":["theDruid:Starfall+1","theDruid:Infestation+1","theDruid:Resupply+1"],"picked":"SKIP","floor":38},{"not_picked":["theDruid:TakeShelter+1","theDruid:BloodiedFur+1"],"picked":"theDruid:FeralPlants+1","floor":41},{"not_picked":["theDruid:Gore+1","theDruid:FeralPlants+1","theDruid:FuriousSlash+1"],"picked":"SKIP","floor":42},{"not_picked":["theDruid:ThornStrike+1","theDruid:ExposingSlash+1","theDruid:FaerieFire+1"],"picked":"SKIP","floor":45},{"not_picked":["theDruid:PlagueClaw+1","theDruid:FuriousSlash+1"],"picked":"theDruid:BristlingDefense+1","floor":48},{"not_picked":["theDruid:PlagueClaw+1","theDruid:LunarScythe+1","theDruid:Resupply+1"],"picked":"SKIP","floor":54}],"player_experience":3023365,"relics_obtained":[{"floor":7.0,"key":"jedi:firstaidkit"},{"floor":9.0,"key":"Pen Nib"},{"floor":18,"key":"wanderingMiniBosses:LockLocket"},{"floor":24,"key":"Matryoshka"},{"floor":26,"key":"reliquary:PorcupineQuills"},{"floor":28,"key":"SnailShell"},{"floor":28,"key":"trackpad:WondrousWand"},{"floor":29,"key":"ReplayTheSpireMod:Shallot"},{"floor":41,"key":"Quantum Egg"},{"floor":43,"key":"Oddly Smooth Stone"},{"floor":47,"key":"reliquary:SilkGlove"},{"floor":48,"key":"Mirror"},{"floor":49,"key":"Anchor"},{"floor":52,"key":"Pantograph"},{"floor":54,"key":"jedi:kaleidoscope"}],"event_choices":[{"damage_healed":0.0,"max_hp_gain":0.0,"max_hp_loss":0.0,"gold_gain":0.0,"event_name":"betterThird:BetterWriting","player_choice":"Simplicity","floor":0.0,"gold_loss":0.0,"damage_taken":0.0},{"cards_removed":["theDruid:Defend_O"],"damage_healed":0.0,"max_hp_gain":0.0,"max_hp_loss":0.0,"gold_gain":0.0,"event_name":"Purifier","player_choice":"Purged","floor":2.0,"gold_loss":0.0,"damage_taken":0.0},{"cards_removed":["theDruid:Strike_O"],"damage_healed":0.0,"max_hp_gain":0.0,"max_hp_loss":0.0,"gold_gain":0.0,"event_name":"Living Wall","player_choice":"Forget","floor":11.0,"gold_loss":0.0,"damage_taken":0.0},{"damage_healed":0,"gold_gain":0,"player_choice":"Take Damage","damage_taken":8,"relics_obtained":["Golden Idol"],"max_hp_gain":0,"max_hp_loss":0,"event_name":"Golden Idol","floor":13,"gold_loss":0},{"cards_removed":["theDruid:Strike_O"],"damage_healed":0,"gold_gain":0,"player_choice":"Elegance","damage_taken":0,"max_hp_gain":0,"max_hp_loss":0,"event_name":"betterThird:BetterWriting","floor":20,"gold_loss":0}],"is_beta":false,"boss_relics":[{"not_picked":["Kintsugi","Cursed Key"],"picked":"infinitespire:Cupcake"},{"not_picked":["ReplayTheSpireMod:DimensionalGlitch","jedi:paperlyon"],"picked":"Philosopher\u0027s Stone"}],"items_purged_floors":[10,25,39],"is_endless":false,"potions_floor_spawned":[1,3,12,18,22,33,38,42,48],"ascension_level":14}}