{"host":"udyc8f81k2jocuhg","time":1612027535,"event":{"mods":["2.2 Compatiblity","BaseMod","Better Third Choice","Colored Powertips","Conspire","Custom Start","GifTheSpireLib","Hermit","Minty Spire (QoL Compilation)","Permanent Neow","Quick Restart","Relic Filter","Relic Stats","Replay The Spire","Shop Mod","Spikes Relics","StSLib","Stuff the Spire"],"gold_per_floor":[119,129,141,159,177,205,222,248,248,248,267,13,13,39,39,111,111,11,11,21,33,33,33,33],"floor_reached":23,"language":"ENG","playtime":1630,"items_purged":["Strike_B"],"score":576,"play_id":"6f42968e-be76-42f5-be3f-491b33919286","local_time":"20210130182535","is_ascension_mode":true,"campfire_choices":[{"data":"Zap","floor":10.0,"key":"SMITH"},{"data":"Loop","floor":15.0,"key":"SMITH"}],"circlet_count":0,"master_deck":["AscendersBane","Strike_B","Strike_B","Strike_B","Defend_B","Defend_B","Defend_B","Defend_B","Zap+1","Dualcast","Cold Snap","Coolheaded","Conserve Battery","Leap","Steam","Loop+1","ReplayUltimateDefense+1","Self Repair","Capacitor"],"relics":["Coffee Dripper","Anchor","CaptainsWheel","Oddly Smooth Stone","SnailShell","Nuclear Battery"],"acts_visited":["Exordium","TheCity"],"potions_floor_usage":[],"damage_taken":[{"damage":7.0,"enemies":"Cultist","floor":1.0,"turns":4.0},{"damage":0.0,"enemies":"2 Louse","floor":2.0,"turns":3.0},{"damage":2.0,"enemies":"Jaw Worm","floor":3.0,"turns":4.0},{"damage":10.0,"enemies":"Exordium Wildlife","floor":4.0,"turns":5.0},{"damage":7.0,"enemies":"Exordium Thugs","floor":5.0,"turns":5.0},{"damage":25.0,"enemies":"Gremlin Nob","floor":6.0,"turns":6.0},{"damage":0.0,"enemies":"3 Louse","floor":7.0,"turns":5.0},{"damage":6.0,"enemies":"Lagavulin","floor":8.0,"turns":9.0},{"damage":6.0,"enemies":"2 Fungi Beasts","floor":11.0,"turns":5.0},{"damage":0.0,"enemies":"3 Sentries","floor":14.0,"turns":20.0},{"damage":0.0,"enemies":"The Guardian","floor":16.0,"turns":17.0},{"damage":0.0,"enemies":"2 Thieves","floor":18.0,"turns":5.0},{"damage":0.0,"enemies":"Spheric Guardian","floor":20.0,"turns":12.0},{"damage":23.0,"enemies":"Centurion and Healer","floor":21.0,"turns":22.0},{"damage":49,"enemies":"Book of Stabbing","floor":23,"turns":8}],"seed_played":"6823687993982219279","potions_obtained":[{"floor":2.0,"key":"FocusPotion"},{"floor":4.0,"key":"Elixir"},{"floor":6.0,"key":"AttackPotion"},{"floor":7.0,"key":"Toxic Potion"},{"floor":11.0,"key":"Venom Potion"},{"floor":20.0,"key":"Venom Potion"}],"is_trial":false,"path_per_floor":["M","M","M","M","M","E","M","E","T","R","M","$","?","E","R","B",null,"M","$","M","M","?","E"],"character_chosen":"DEFECT","items_purchased":["ReplayUltimateDefense"],"campfire_rested":0,"item_purchase_floors":[12],"current_hp_per_floor":[57,57,55,45,38,13,13,7,7,7,1,1,1,1,1,1,54,54,54,61,45,45,0,0],"gold":33,"neow_bonus":"BOSS_RELIC","is_daily":false,"chose_seed":false,"campfire_upgraded":2,"win_rate":0.0,"timestamp":1612027535,"path_taken":["M","?","M","M","M","E","M","E","T","R","M","$","?","E","R","BOSS","M","$","M","M","?","E"],"items_purchased_type":["Card"],"build_version":"2020-12-22","purchased_purges":1,"victory":false,"max_hp_per_floor":[71,71,71,71,71,71,71,71,71,71,71,71,71,71,71,71,71,71,71,71,71,71,71,71],"relic_stats":{"counters":[15,130],"obtain_stats":[{"Anchor":6,"CaptainsWheel":8,"SnailShell":14,"Oddly Smooth Stone":9,"Coffee Dripper":0,"Cracked Core":0,"Nuclear Battery":17},{"Anchor":6,"CaptainsWheel":8,"SnailShell":10,"Oddly Smooth Stone":8,"Coffee Dripper":0,"Cracked Core":0,"Nuclear Battery":11},{"Anchor":27,"CaptainsWheel":41,"SnailShell":66,"Oddly Smooth Stone":41,"Coffee Dripper":0,"Cracked Core":0,"Nuclear Battery":83}]},"card_choices":[{"not_picked":["Streamline","Compile Driver"],"picked":"Cold Snap","floor":1.0},{"not_picked":["Steam","Streamline"],"picked":"Coolheaded","floor":2.0},{"not_picked":["Gash","Hologram","StuffTheSpire:LoadUp"],"picked":"SKIP","floor":3.0},{"not_picked":["StuffTheSpire:LoadUp","Static Discharge"],"picked":"Conserve Battery","floor":4.0},{"not_picked":["Panic Button","Redo","Go for the Eyes"],"picked":"SKIP","floor":5.0},{"not_picked":["StuffTheSpire:NuclearReactor","Storm"],"picked":"Leap","floor":6.0},{"not_picked":["StuffTheSpire:CleanHardDrive","Steam Power","Turbo"],"picked":"SKIP","floor":7.0},{"not_picked":["ReplayTheSpireMod:System Scan","Gash"],"picked":"Steam","floor":8.0},{"not_picked":["StuffTheSpire:ShieldGenerator","StuffTheSpire:Coldhearted"],"picked":"Loop","floor":11.0},{"not_picked":["StuffTheSpire:LoadUp","ReplayTheSpireMod:Dual Polarity","Thunder Strike"],"picked":"SKIP","floor":14.0},{"not_picked":["Hologram","ReplaySolidLightProjector"],"picked":"Self Repair","floor":18.0},{"not_picked":["Steam","Gash"],"picked":"Capacitor","floor":20.0},{"not_picked":["Panic Button","Double Energy","Turbo"],"picked":"SKIP","floor":21.0}],"player_experience":2028180,"relics_obtained":[{"floor":6.0,"key":"Anchor"},{"floor":8.0,"key":"CaptainsWheel"},{"floor":9.0,"key":"Oddly Smooth Stone"},{"floor":14.0,"key":"SnailShell"}],"event_choices":[{"damage_healed":0.0,"max_hp_gain":0.0,"max_hp_loss":0.0,"gold_gain":0.0,"event_name":"Living Wall","player_choice":"Grow","floor":13.0,"gold_loss":0.0,"damage_taken":0.0,"cards_upgraded":["ReplayUltimateDefense"]}],"is_beta":false,"boss_relics":[{"not_picked":["Snecko Eye","conspire:RunicOctahedron"],"picked":"Nuclear Battery"}],"items_purged_floors":[12],"is_endless":false,"potions_floor_spawned":[2,4,6,7,11,20],"killed_by":"Book of Stabbing","ascension_level":20}}