{"host":"tiwza2kisyyrpq7h","time":1612014680,"event":{"mods":["BaseMod","BetterRewards","Colored Powertips","Minty Spire (QoL Compilation)","Quick Restart","Rare Cards Sparkle","StSLib","SuperFastMode","The Servant 0.9.4","óô»ðÖ¸ÄÏ"],"gold_per_floor":[111,111,126,126,126,167,192,262,285,303,303,6,20,20,20,20,20],"floor_reached":16,"language":"ZHS","playtime":271,"items_purged":[],"score":170,"play_id":"b21ed735-5f66-4a6b-8776-0c094b2594fa","local_time":"20210130215120","is_ascension_mode":true,"campfire_choices":[{"data":"Dualcast","floor":15,"key":"SMITH"}],"circlet_count":0,"master_deck":["AscendersBane","Strike_B","Strike_B","Defend_B","Defend_B","Defend_B+1","Defend_B","Zap","Dualcast+1","BootSequence","Doom and Gloom+1","Auto Shields","Force Field","Ball Lightning","Static Discharge","Recycle"],"relics":["Cracked Core","Golden Idol","Oddly Smooth Stone","Blood Vial","Art of War","TungstenRod"],"acts_visited":["Exordium"],"potions_floor_usage":[16,16],"damage_taken":[{"damage":0.0,"enemies":"Jaw Worm","floor":1.0,"turns":3.0},{"damage":0.0,"enemies":"2 Louse","floor":3.0,"turns":2.0},{"damage":25.0,"enemies":"3 Sentries","floor":6.0,"turns":6.0},{"damage":0.0,"enemies":"Small Slimes","floor":7.0,"turns":2.0},{"damage":0,"enemies":"3 Louse","floor":10,"turns":1},{"damage":0,"enemies":"Red Slaver","floor":13,"turns":3},{"damage":24,"enemies":"The Guardian","floor":16,"turns":8}],"seed_played":"-1644628243846657467","potions_obtained":[{"floor":3.0,"key":"FearPotion"},{"floor":6.0,"key":"AttackPotion"}],"is_trial":false,"path_per_floor":["M","?","M","?","?","E","M","T","T","M","?","$","M","$","R","B"],"character_chosen":"DEFECT","items_purchased":["TungstenRod"],"campfire_rested":0,"item_purchase_floors":[12],"current_hp_per_floor":[64,50,50,43,43,18,18,18,18,20,17,17,19,19,19,0,0],"gold":20,"neow_bonus":"TRANSFORM_CARD","is_daily":false,"chose_seed":false,"campfire_upgraded":1,"win_rate":0.0,"timestamp":1612014680,"path_taken":["M","?","M","?","?","E","M","?","T","M","?","?","M","$","R","BOSS"],"items_purchased_type":["Relic"],"build_version":"2020-12-22","purchased_purges":0,"victory":false,"max_hp_per_floor":[71,71,71,71,66,66,66,66,66,66,66,66,66,66,66,66,66],"card_choices":[{"not_picked":["Go for the Eyes","Sweeping Beam"],"picked":"Doom and Gloom","floor":1.0},{"not_picked":["Stack","Hologram"],"picked":"Auto Shields","floor":3.0},{"not_picked":["Hologram","Stack"],"picked":"Force Field","floor":6.0},{"not_picked":["BootSequence","Barrage"],"picked":"Ball Lightning","floor":7.0},{"not_picked":["Go for the Eyes","Fusion"],"picked":"Static Discharge","floor":10},{"not_picked":["Conserve Battery","Blizzard"],"picked":"Recycle","floor":13}],"player_experience":963099,"relics_obtained":[{"floor":6.0,"key":"Oddly Smooth Stone"},{"floor":9,"key":"Blood Vial"}],"event_choices":[{"damage_healed":0.0,"max_hp_gain":0.0,"max_hp_loss":0.0,"gold_gain":0.0,"event_name":"Shining Light","player_choice":"Entered Light","floor":2.0,"gold_loss":0.0,"damage_taken":14.0,"cards_upgraded":["Defend_B","Doom and Gloom"]},{"cards_removed":["Strike_B"],"damage_healed":0.0,"max_hp_gain":0.0,"max_hp_loss":0.0,"gold_gain":0.0,"event_name":"Golden Wing","player_choice":"Card Removal","floor":4.0,"gold_loss":0.0,"damage_taken":7.0},{"damage_healed":0.0,"max_hp_gain":0.0,"max_hp_loss":5.0,"gold_gain":0.0,"event_name":"Golden Idol","player_choice":"Lose Max HP","floor":5.0,"gold_loss":0.0,"damage_taken":0.0,"relics_obtained":["Golden Idol"]},{"damage_healed":0,"gold_gain":0,"player_choice":"Success","damage_taken":3,"relics_obtained":["Art of War"],"max_hp_gain":0,"max_hp_loss":0,"event_name":"Scrap Ooze","floor":11,"gold_loss":0}],"is_beta":false,"boss_relics":[],"items_purged_floors":[],"is_endless":false,"potions_floor_spawned":[3,6,13],"killed_by":"The Guardian","ascension_level":14}}