{"host":"ffjrj7fisyni1ebk","time":1612031581,"event":{"mods":["2.2 Compatiblity","BaseMod","Bestiary","Colored Map","Colored Powertips","Curses Come First","Highlight Path","Keyboard Shortcuts","Minty Spire (QoL Compilation)","Relic Stats","Slay the Relics Exporter","StSLib","SuperFastMode"],"gold_per_floor":[114,133,133,153,228,228,245,255,255,267,267,297,297,0,0,102,102,114,114,114,18,36,36,36,36],"floor_reached":24,"language":"ENG","playtime":1048,"items_purged":[],"score":196,"play_id":"92dc7137-7b4f-49e3-92af-fcd84af542dc","local_time":"20210130203301","is_ascension_mode":false,"campfire_choices":[{"data":"Neutralize","floor":6,"key":"SMITH"},{"data":"Deadly Poison","floor":11,"key":"SMITH"},{"floor":15,"key":"REST"},{"floor":23,"key":"REST"}],"circlet_count":0,"master_deck":["Strike_G","Strike_G","Strike_G","Strike_G","Strike_G","Defend_G","Defend_G","Defend_G","Defend_G","Defend_G","Survivor","Neutralize+1","Blade Dance+1","Deadly Poison+1","PiercingWail","Regret","Night Terror","Deflect+1","Poisoned Stab","Deadly Poison"],"relics":["Busted Crown","Question Card","Gambling Chip","The Specimen","HoveringKite","Nilry\u0027s Codex"],"acts_visited":["Exordium","TheCity"],"potions_floor_usage":[16,16,16],"damage_taken":[{"damage":0,"enemies":"2 Louse","floor":1,"turns":4},{"damage":0,"enemies":"Cultist","floor":2,"turns":3},{"damage":0,"enemies":"Small Slimes","floor":4,"turns":4},{"damage":0,"enemies":"Blue Slaver","floor":7,"turns":3},{"damage":0,"enemies":"Exordium Wildlife","floor":8,"turns":3},{"damage":5,"enemies":"Large Slime","floor":10,"turns":5},{"damage":5,"enemies":"Lagavulin","floor":12,"turns":5},{"damage":25,"enemies":"The Guardian","floor":16,"turns":13},{"damage":13,"enemies":"Shell Parasite","floor":18,"turns":5},{"damage":27,"enemies":"2 Thieves","floor":22,"turns":3},{"damage":35,"enemies":"3 Cultists","floor":24,"turns":6}],"seed_played":"435804645969308291","potions_obtained":[{"floor":2,"key":"Fire Potion"},{"floor":10,"key":"GhostInAJar"},{"floor":12,"key":"Weak Potion"},{"floor":16,"key":"SpeedPotion"}],"is_trial":false,"path_per_floor":["M","M","?","M","?","R","M","M","T","M","R","E","?","$","R","B",null,"M","?","?","$","M","R","M"],"character_chosen":"THE_SILENT","items_purchased":["The Specimen","Poisoned Stab","Deadly Poison"],"campfire_rested":2,"item_purchase_floors":[14,21,21],"current_hp_per_floor":[70,70,70,70,59,59,59,59,59,54,54,49,49,49,70,45,70,57,41,41,41,14,35,0,0],"gold":36,"neow_bonus":"BOSS_RELIC","is_daily":false,"chose_seed":false,"campfire_upgraded":2,"win_rate":0.0,"timestamp":1612031581,"path_taken":["M","M","?","?","?","R","M","M","T","M","R","E","?","$","R","BOSS","M","?","?","$","M","R","M"],"items_purchased_type":["Relic","Card","Card"],"build_version":"2020-12-22","purchased_purges":0,"victory":false,"max_hp_per_floor":[70,70,70,70,70,70,70,70,70,70,70,70,70,70,70,70,70,70,70,70,70,70,70,70,70],"relic_stats":{"Busted Crown":20,"counters":[11,54],"Gambling Chip":[7],"HoveringKite":[5],"Question Card":3,"obtain_stats":[{"Busted Crown":0,"The Specimen":14,"Nilry\u0027s Codex":19,"Gambling Chip":13,"HoveringKite":17,"Question Card":12,"Ring of the Snake":0},{"Busted Crown":0,"The Specimen":7,"Nilry\u0027s Codex":9,"Gambling Chip":7,"HoveringKite":8,"Question Card":7,"Ring of the Snake":0},{"Busted Crown":0,"The Specimen":27,"Nilry\u0027s Codex":45,"Gambling Chip":27,"HoveringKite":40,"Question Card":27,"Ring of the Snake":0}]},"card_choices":[{"not_picked":[],"picked":"Blade Dance","floor":1},{"not_picked":["Dagger Throw"],"picked":"SKIP","floor":2},{"not_picked":["Dagger Throw"],"picked":"SKIP","floor":4},{"not_picked":[],"picked":"Deadly Poison","floor":7},{"not_picked":["Bane"],"picked":"SKIP","floor":8},{"not_picked":[],"picked":"PiercingWail","floor":10},{"not_picked":["Bane"],"picked":"SKIP","floor":12},{"not_picked":["Phantasmal Killer"],"picked":"Night Terror","floor":16},{"not_picked":["Acrobatics"],"picked":"Deflect+1","floor":18},{"not_picked":["Dagger Throw","Setup"],"picked":"SKIP","floor":22}],"player_experience":286608,"relics_obtained":[{"floor":12,"key":"Question Card"},{"floor":19,"key":"Nilry\u0027s Codex"}],"event_choices":[{"damage_healed":0,"gold_gain":0,"player_choice":"Upgraded","damage_taken":0,"max_hp_gain":0,"max_hp_loss":0,"event_name":"Upgrade Shrine","floor":3,"gold_loss":0,"cards_upgraded":["Blade Dance"]},{"damage_healed":0,"gold_gain":75,"player_choice":"Gather Gold","damage_taken":11,"max_hp_gain":0,"max_hp_loss":0,"event_name":"World of Goop","floor":5,"gold_loss":0},{"damage_healed":0,"gold_gain":0,"player_choice":"Box","damage_taken":0,"relics_obtained":["Gambling Chip"],"max_hp_gain":0,"max_hp_loss":0,"event_name":"Big Fish","floor":13,"gold_loss":0,"cards_obtained":["Regret"]},{"damage_healed":0,"gold_gain":0,"player_choice":"Obtained Book","damage_taken":16,"max_hp_gain":0,"max_hp_loss":0,"event_name":"Cursed Tome","floor":19,"gold_loss":0},{"damage_healed":0,"gold_gain":0,"player_choice":"Ignored","damage_taken":0,"max_hp_gain":0,"max_hp_loss":0,"event_name":"Beggar","floor":20,"gold_loss":0}],"is_beta":false,"boss_relics":[{"not_picked":["Snecko Eye","Velvet Choker"],"picked":"HoveringKite"}],"items_purged_floors":[],"is_endless":false,"potions_floor_spawned":[2,10,12,16],"killed_by":"3 Cultists","ascension_level":0}}