{"host":"141e8mu1xuvwtmt1","time":1612037773,"event":{"mods":["AchievementEnabler","BaseMod","BetterRewards","Colored Map","Colored Powertips","Downfall","Highlight Path","Minty Spire (QoL Compilation)","Replay The Spire","StSLib"],"gold_per_floor":[99,113,16,35,91,123,123,19,19,19,31,31,206,220,238,341,391,391,411,423,102,102,113,113,113,130,145,145,145,145,145],"floor_reached":29,"language":"ENG","playtime":4201,"items_purged":[],"score":275,"play_id":"fd09654d-fe02-4d41-a23c-6a71738e3959","local_time":"20210130211613","is_ascension_mode":false,"campfire_choices":[{"data":"hexamod:Sear","floor":1,"key":"SMITH"},{"floor":10,"key":"REST"},{"data":"hexamod:BurningTouch","floor":12,"key":"SMITH"},{"data":"hexamod:ThermalTransfer","floor":18,"key":"SMITH"},{"data":"hexamod:EmpoweredFlame","floor":28,"key":"SMITH"}],"circlet_count":0,"master_deck":["hexamod:Strike","hexamod:Strike+1","hexamod:Strike","hexamod:Strike+1","hexamod:Defend","hexamod:Defend","hexamod:Defend","hexamod:Defend","hexamod:Sear+1","hexamod:ThermalTransfer+1","hexamod:FourthSeal","hexamod:PhantomFireball","hexamod:Hexaguard+1","hexamod:Firestarter+1","hexamod:FirstSeal","hexamod:PhantomFireball+1","expansioncontent:InvincibleStrength+1","hexamod:BurningTouch+1","hexamod:FirstSeal","hexamod:FirstSeal","hexamod:HexaLevel+1","hexamod:NightmareGuise","hexamod:RadiantFlame","hexamod:SkipABeat","hexamod:SpectersWail+1","hexamod:HeatMetal+1","hexamod:ThirdSeal","hexamod:DynamicBlow+1","RitualDagger","hexamod:ChargedBarrage","hexamod:VolcanoVisage+1","hexamod:EmpoweredFlame+1","hexamod:Rewind","hexamod:SoulSteal","hexamod:AdvancingGuard+1","downfall:Haunted"],"relics":["hexamod:SpiritBrand","Replay:PocketPolymizer","Lantern","Golden Egg","Tiny House","Membership Card","ReplayFunnel","Sundial"],"acts_visited":["Exordium","TheCity"],"potions_floor_usage":[5,6,8,8,15,16,16,16,19,19,20,21,26,27,27,29],"damage_taken":[{"damage":2,"enemies":"Small Slimes","floor":2,"turns":4},{"damage":5,"enemies":"downfall:FleeingMerchant","floor":3,"turns":4},{"damage":11,"enemies":"2 Louse","floor":4,"turns":3},{"damage":28,"enemies":"Lagavulin Event","floor":5,"turns":8},{"damage":8,"enemies":"3 Sentries","floor":6,"turns":9},{"damage":10,"enemies":"downfall:FleeingMerchant","floor":8,"turns":4},{"damage":1,"enemies":"Jaw Worm","floor":11,"turns":3},{"damage":3,"enemies":"Large Slime","floor":14,"turns":6},{"damage":0,"enemies":"Blue Slaver","floor":15,"turns":2},{"damage":56,"enemies":"IC_STATUS_ARCHETYPE","floor":16,"turns":9},{"damage":40,"enemies":"Spheric Guardian","floor":19,"turns":9},{"damage":17,"enemies":"Snake Plant","floor":20,"turns":3},{"damage":10,"enemies":"downfall:FleeingMerchant","floor":21,"turns":4},{"damage":27,"enemies":"Snecko","floor":23,"turns":8},{"damage":24,"enemies":"Shelled Parasite and Fungi","floor":26,"turns":7},{"damage":43,"enemies":"Snake Plant","floor":27,"turns":7},{"damage":40,"enemies":"Centurion and Healer","floor":29,"turns":6}],"seed_played":"4620974733027132480","potions_obtained":[{"floor":4,"key":"Weak Potion"},{"floor":4,"key":"SteroidPotion"},{"floor":5,"key":"SkillPotion"},{"floor":5,"key":"SteroidPotion"},{"floor":6,"key":"bronze:BurnAndBuffPotion"},{"floor":8,"key":"CultistPotion"},{"floor":11,"key":"Swift Potion"},{"floor":15,"key":"LiquidBronze"},{"floor":15,"key":"Energy Potion"},{"floor":16,"key":"DuplicationPotion"},{"floor":16,"key":"Fruit Juice"},{"floor":17,"key":"Elixir"},{"floor":19,"key":"Fire Potion"},{"floor":20,"key":"Milkshake"},{"floor":23,"key":"Adrenaline Potion"},{"floor":26,"key":"Slimebound:ThreeZeroPotion"},{"floor":26,"key":"PowerPotion"},{"floor":27,"key":"hexamod:InfernoChargePotion"}],"is_trial":false,"path_per_floor":["R","M","$","M","?","E","T","$","?","R","M","R","?","M","M","B",null,"R","M","M","$","?","M","T","?","M","M","R","M"],"character_chosen":"THE_SPIRIT","items_purchased":["hexamod:PhantomFireball","expansioncontent:InvincibleStrength","Membership Card","ReplayFunnel","hexamod:ThirdSeal","hexamod:DynamicBlow"],"campfire_rested":1,"item_purchase_floors":[3,8,21,21,21,21],"current_hp_per_floor":[77,75,70,59,31,23,23,20,20,43,49,49,49,53,60,30,87,87,68,65,76,70,57,57,57,54,32,32,0,0,0],"gold":145,"neow_bonus":"TEN_PERCENT_HP_BONUS","is_daily":false,"chose_seed":false,"campfire_upgraded":4,"win_rate":0.0,"timestamp":1612037773,"path_taken":["R","M","$","M","?","E","T","$","?","R","M","R","?","M","M","BOSS","R","M","M","$","?","M","T","?","M","M","R","?"],"items_purchased_type":["Card","Card","Relic","Relic","Card","Card"],"build_version":"2020-12-22","purchased_purges":0,"victory":false,"max_hp_per_floor":[77,77,77,77,77,77,77,77,77,77,77,77,77,77,77,82,87,87,87,87,87,87,87,87,87,87,87,87,87,87,87],"card_choices":[{"not_picked":["hexamod:GhostShield","hexamod:Hexaguard"],"picked":"hexamod:ThermalTransfer","floor":2},{"not_picked":["hexamod:RadiantFlame","hexamod:ParanormalForm"],"picked":"hexamod:FourthSeal","floor":3},{"not_picked":["hexamod:GhostOfSpirePast","hexamod:GhostLash"],"picked":"hexamod:Hexaguard","floor":4},{"not_picked":["hexamod:GhostLash","hexamod:ThermalTransfer"],"picked":"hexamod:Firestarter","floor":5},{"not_picked":["hexamod:EmpoweredFlame","hexamod:NightmareGuise"],"picked":"hexamod:FirstSeal","floor":6},{"not_picked":["hexamod:GhostShield","hexamod:NightmareStrike"],"picked":"hexamod:PhantomFireball","floor":8},{"not_picked":["hexamod:SkipABeat","hexamod:Again"],"picked":"hexamod:BurningTouch","floor":11},{"not_picked":["hexamod:Hexaguard","hexamod:ThermalTransfer"],"picked":"hexamod:FirstSeal","floor":14},{"not_picked":["hexamod:NightmareGuise","hexamod:RainOfEmbers"],"picked":"hexamod:FirstSeal","floor":15},{"not_picked":["hexamod:WildfireWeapon","hexamod:GhostflameInferno"],"picked":"hexamod:HexaLevel","floor":16},{"not_picked":["hexamod:ChargedBarrage","hexamod:ThermalTransfer"],"picked":"hexamod:NightmareGuise","floor":17},{"not_picked":["hexamod:ShieldOfDarkness","hexamod:FastForward"],"picked":"hexamod:SkipABeat","floor":19},{"not_picked":["hexamod:Hexaguard","hexamod:SwordOfDarkness"],"picked":"hexamod:SpectersWail+1","floor":20},{"not_picked":["hexamod:GhostShield","hexamod:Hexaguard"],"picked":"hexamod:HeatMetal","floor":21},{"not_picked":["hexamod:ThirdSeal","hexamod:Hexaguard"],"picked":"hexamod:ChargedBarrage","floor":23},{"not_picked":["hexamod:Hexaguard","hexamod:GhostLash"],"picked":"hexamod:VolcanoVisage","floor":23},{"not_picked":["hexamod:PhantomFireball","hexamod:GhostflameBarrier"],"picked":"hexamod:EmpoweredFlame","floor":26},{"not_picked":["hexamod:FastForward","hexamod:AdvancingGuard"],"picked":"hexamod:Rewind","floor":26},{"not_picked":["hexamod:HeatCrush","hexamod:SpectralAdrenaline"],"picked":"hexamod:SoulSteal","floor":27},{"not_picked":["hexamod:SpectersWail+1","hexamod:TimeOfNeed"],"picked":"hexamod:AdvancingGuard+1","floor":27}],"player_experience":248320,"relics_obtained":[{"floor":6,"key":"Lantern"},{"floor":7,"key":"Golden Egg"},{"floor":24,"key":"Sundial"}],"event_choices":[{"cards_removed":["Spreading Infection"],"damage_healed":0,"gold_gain":0,"player_choice":"Card Removal","damage_taken":0,"max_hp_gain":0,"max_hp_loss":0,"event_name":"Wheel of Change","floor":25,"gold_loss":0}],"is_beta":false,"boss_relics":[{"not_picked":["Runic Dome","Ring of Chaos"],"picked":"Tiny House"}],"items_purged_floors":[],"is_endless":false,"potions_floor_spawned":[4,5,11,15,16,20,23,26],"killed_by":"Centurion and Healer","ascension_level":0}}