{"host":"kiehjq3lc4w5t4uc","time":1612018160,"event":{"mods":["AchievementEnabler","BaseMod","BetterRewards","Colored Map","Colored Powertips","DeckTracker","Good Game Mod","Minty Spire (QoL Compilation)","Quick Restart","Rare Cards Sparkle","Relic Stats","Shop Mod","StSLib","SuperFastMode"],"gold_per_floor":[117,133,133,8,28,62,82,82,109,140,164,164,144,156,156,258,258,275,295,313,313,22,49,49,59,82,97,113,141,141,175,175,280,280,296,296,309,309,325,351,403,438,464,464,6,25,37,53,53,53],"floor_reached":51,"language":"KOR","playtime":3346,"items_purged":["Strike_R","Defend_R","Strike_R"],"score":1488,"play_id":"6f44d90c-5aeb-46e0-b7f1-47bd17b489b3","local_time":"20210130234920","is_ascension_mode":true,"campfire_choices":[{"data":"Entrench","floor":8,"key":"SMITH"},{"data":"Warcry","floor":15,"key":"SMITH"},{"data":"Bloodletting","floor":24,"key":"SMITH"},{"data":"Body Slam","floor":32,"key":"SMITH"},{"data":"Barricade","floor":44,"key":"SMITH"},{"data":"Warcry","floor":49,"key":"SMITH"}],"circlet_count":0,"master_deck":["Defend_R","Defend_R","Defend_R","Bloodletting+1","Entrench+1","Shrug It Off","Warcry+1","Pommel Strike+1","Body Slam+1","Warcry+1","True Grit+1","Body Slam+1","Warcry+1","Bite","Bite","Bite","Bite","Bite","Impervious","Armaments+1","Barricade+1"],"relics":["Burning Blood","REME:ComplimentaryCards","Du-Vu Doll","Torii","Singing Bowl","Calipers","Tiny Chest","FaceOfCleric","Art of War","Whetstone","Bronze Scales","Pen Nib","Coffee Dripper","Darkstone Periapt","Vajra","Lee\u0027s Waffle","Question Card","Regal Pillow","Omamori","Bag of Marbles","Runic Cube","Gremlin Horn","Lantern","Blood Vial","Mummified Hand","Centennial Puzzle","Turnip","Medical Kit"],"acts_visited":["Exordium","TheCity","TheBeyond"],"potions_floor_usage":[6,14,16,16,29,33,33,50],"damage_taken":[{"damage":1,"enemies":"Cultist","floor":1,"turns":4},{"damage":7,"enemies":"2 Louse","floor":2,"turns":3},{"damage":1,"enemies":"Small Slimes","floor":5,"turns":5},{"damage":17,"enemies":"3 Sentries","floor":6,"turns":15},{"damage":18,"enemies":"Exordium Thugs","floor":7,"turns":5},{"damage":52,"enemies":"Lagavulin","floor":10,"turns":7},{"damage":6,"enemies":"2 Fungi Beasts","floor":14,"turns":3},{"damage":24,"enemies":"Slime Boss","floor":16,"turns":7},{"damage":23,"enemies":"2 Thieves","floor":18,"turns":4},{"damage":19,"enemies":"Shell Parasite","floor":19,"turns":3},{"damage":13,"enemies":"Centurion and Healer","floor":20,"turns":4},{"damage":20,"enemies":"Book of Stabbing","floor":23,"turns":5},{"damage":10,"enemies":"Snake Plant","floor":25,"turns":3},{"damage":0,"enemies":"Chosen and Byrds","floor":27,"turns":3},{"damage":18,"enemies":"Centurion and Healer","floor":28,"turns":5},{"damage":28,"enemies":"Slavers","floor":29,"turns":9},{"damage":27,"enemies":"Book of Stabbing","floor":31,"turns":4},{"damage":50,"enemies":"Automaton","floor":33,"turns":10},{"damage":0,"enemies":"3 Darklings","floor":35,"turns":5},{"damage":3,"enemies":"3 Shapes","floor":37,"turns":3},{"damage":12,"enemies":"3 Darklings","floor":39,"turns":2},{"damage":78,"enemies":"Nemesis","floor":40,"turns":10},{"damage":3,"enemies":"Reptomancer","floor":42,"turns":3},{"damage":3,"enemies":"Maw","floor":46,"turns":4},{"damage":0,"enemies":"Sphere and 2 Shapes","floor":47,"turns":3},{"damage":0,"enemies":"4 Shapes","floor":48,"turns":3},{"damage":9,"enemies":"Time Eater","floor":50,"turns":8}],"seed_played":"7195959811420069711","potions_obtained":[{"floor":2,"key":"HeartOfIron"},{"floor":5,"key":"SteroidPotion"},{"floor":13,"key":"Regen Potion"},{"floor":14,"key":"Energy Potion"},{"floor":18,"key":"LiquidMemories"},{"floor":23,"key":"Block Potion"},{"floor":29,"key":"CultistPotion"},{"floor":31,"key":"ColorlessPotion"},{"floor":35,"key":"ColorlessPotion"},{"floor":37,"key":"FairyPotion"},{"floor":48,"key":"SkillPotion"}],"is_trial":false,"path_per_floor":["M","M","?","$","M","E","M","R","T","E","T","$","?","M","R","B",null,"M","M","M","T","$","E","R","M","T","M","M","E","?","E","R","B",null,"M","T","M","?","M","E","T","E","T","R","$","M","M","M","R","B",null],"character_chosen":"IRONCLAD","items_purchased":["Singing Bowl","Bloodletting","Tiny Chest","Entrench","SpeedPotion","Vajra","Lee\u0027s Waffle","Turnip","Medical Kit"],"campfire_rested":0,"item_purchase_floors":[0,0,0,0,0,22,22,45,45],"current_hp_per_floor":[77,76,76,76,83,73,64,64,64,21,21,21,21,33,33,18,77,61,49,45,45,108,95,95,94,94,101,90,71,71,61,61,40,74,88,88,89,89,88,45,45,67,67,67,67,96,102,105,105,106],"gold":53,"neow_bonus":"","is_daily":false,"chose_seed":false,"campfire_upgraded":6,"win_rate":0.0,"timestamp":1612018160,"path_taken":["M","M","?","?","M","E","?","R","T","E","?","?","?","M","R","BOSS","M","?","M","?","?","E","R","M","T","?","M","E","?","E","R","BOSS","M","?","?","?","?","E","?","E","T","R","$","M","M","M","R","BOSS"],"items_purchased_type":["Relic","Card","Relic","Card","Potion","Relic","Relic","Relic","Relic"],"build_version":"2020-12-22","purchased_purges":3,"victory":true,"max_hp_per_floor":[80,80,80,80,83,84,87,87,87,90,90,90,90,93,93,96,96,97,98,101,101,108,109,109,112,112,113,114,117,81,84,84,85,85,88,88,89,89,92,93,93,96,96,96,96,99,102,105,105,106],"relic_stats":{"Darkstone Periapt":0,"Lee\u0027s Waffle":63,"Regal Pillow":0,"Torii":42,"Singing Bowl":86,"Gremlin Horn":[13,13],"counters":[88,333],"Pen Nib":[24],"Whetstone":["Dramatic Entrance","Strike_R","Pommel Strike","RitualDagger","Pommel Strike","Strike_R"],"Question Card":14,"Medical Kit":[0],"Burning Blood":407,"Blood Vial":48,"Centennial Puzzle":[30],"FaceOfCleric":25,"Mummified Hand":[29],"Bronze Scales":[510],"Tiny Chest":4,"Turnip":[8],"Art of War":[21],"obtain_stats":[{"Ice Cream":0,"Calipers":0,"Gremlin Horn":36,"Vajra":24,"Whetstone":8,"Boot":5,"Sozu":17,"Blood Vial":42,"Lizard Tail":45,"Centennial Puzzle":46,"FaceOfCleric":3,"Sundial":3,"DollysMirror":47,"Strawberry":55,"Prayer Wheel":4,"MealTicket":13,"Fusion Hammer":34,"HandDrill":0,"Kunai":7,"Toxic Egg 2":9,"Runic Cube":34,"Girya":45,"Pear":13,"Happy Flower":47,"Blue Candle":9,"Oddly Smooth Stone":30,"Eternal Feather":41,"Pen Nib":7,"Letter Opener":10,"War Paint":29,"Question Card":45,"Du-Vu Doll":22,"SlaversCollar":17,"Bottled Flame":27,"Shuriken":54,"Bird Faced Urn":44,"Bronze Scales":55,"MutagenicStrength":31,"Molten Egg 2":25,"Black Star":0,"StrikeDummy":20,"Unceasing Top":0,"Meat on the Bone":30,"Darkstone Periapt":44,"Lantern":35,"Regal Pillow":26,"Torii":41,"Singing Bowl":0,"StoneCalendar":54,"Bag of Preparation":25,"Juzu Bracelet":26,"Smiling Mask":23,"Burning Blood":0,"ClockworkSouvenir":10,"Nunchaku":47,"Matryoshka":31,"Mummified Hand":39,"Pantograph":13,"Gambling Chip":0,"Tiny Chest":1,"Chemical X":0,"Red Skull":23,"InkBottle":43,"Paper Frog":10,"Lee\u0027s Waffle":22,"Golden Idol":0,"The Courier":0,"Omamori":38,"Orichalcum":54,"Frozen Egg 2":23,"MawBank":46,"Medical Kit":45,"White Beast Statue":14,"Mercury Hourglass":12,"Peace Pipe":8,"Anchor":44,"CaptainsWheel":48,"REME:ComplimentaryCards":0,"Ornamental Fan":14,"Orrery":0,"Turnip":45,"Coffee Dripper":34,"Bag of Marbles":43,"Art of War":6,"Membership Card":0,"Bottled Lightning":6,"FossilizedHelix":6,"Toy Ornithopter":18},{"Ice Cream":0,"Calipers":32,"Gremlin Horn":22,"Vajra":14,"Whetstone":7,"Boot":4,"Sozu":10,"Blood Vial":24,"Lizard Tail":25,"Centennial Puzzle":26,"FaceOfCleric":63,"Sundial":2,"DollysMirror":57,"Strawberry":31,"Prayer Wheel":3,"MealTicket":8,"Fusion Hammer":50,"HandDrill":32,"Kunai":6,"Toxic Egg 2":36,"Runic Cube":79,"Girya":56,"Pear":8,"Happy Flower":27,"Blue Candle":7,"Oddly Smooth Stone":18,"Eternal Feather":24,"Pen Nib":6,"Letter Opener":8,"War Paint":17,"Question Card":25,"Du-Vu Doll":12,"SlaversCollar":40,"Bottled Flame":16,"Shuriken":30,"Bird Faced Urn":24,"Bronze Scales":31,"MutagenicStrength":49,"Molten Egg 2":15,"Black Star":0,"StrikeDummy":12,"Unceasing Top":32,"Meat on the Bone":18,"Darkstone Periapt":24,"Lantern":21,"Regal Pillow":74,"Torii":24,"Singing Bowl":32,"StoneCalendar":60,"Bag of Preparation":15,"Juzu Bracelet":47,"Smiling Mask":13,"Burning Blood":0,"ClockworkSouvenir":36,"Nunchaku":27,"Matryoshka":19,"Mummified Hand":23,"Pantograph":8,"Gambling Chip":32,"Tiny Chest":1,"Chemical X":32,"Red Skull":13,"InkBottle":24,"Paper Frog":8,"Lee\u0027s Waffle":72,"Golden Idol":0,"The Courier":0,"Omamori":22,"Orichalcum":30,"Frozen Egg 2":45,"MawBank":26,"Medical Kit":84,"White Beast Statue":9,"Mercury Hourglass":8,"Peace Pipe":7,"Anchor":24,"CaptainsWheel":28,"REME:ComplimentaryCards":0,"Ornamental Fan":9,"Orrery":32,"Turnip":84,"Coffee Dripper":20,"Bag of Marbles":24,"Art of War":65,"Membership Card":0,"Bottled Lightning":5,"FossilizedHelix":5,"Toy Ornithopter":11},{"Ice Cream":0,"Calipers":97,"Gremlin Horn":69,"Vajra":49,"Whetstone":26,"Boot":10,"Sozu":39,"Blood Vial":75,"Lizard Tail":77,"Centennial Puzzle":78,"FaceOfCleric":200,"Sundial":5,"DollysMirror":179,"Strawberry":92,"Prayer Wheel":7,"MealTicket":30,"Fusion Hammer":158,"HandDrill":97,"Kunai":21,"Toxic Egg 2":105,"Runic Cube":292,"Girya":176,"Pear":30,"Happy Flower":81,"Blue Candle":26,"Oddly Smooth Stone":60,"Eternal Feather":75,"Pen Nib":21,"Letter Opener":30,"War Paint":56,"Question Card":77,"Du-Vu Doll":45,"SlaversCollar":119,"Bottled Flame":53,"Shuriken":90,"Bird Faced Urn":75,"Bronze Scales":92,"MutagenicStrength":151,"Molten Egg 2":51,"Black Star":0,"StrikeDummy":45,"Unceasing Top":97,"Meat on the Bone":60,"Darkstone Periapt":75,"Lantern":68,"Regal Pillow":261,"Torii":75,"Singing Bowl":97,"StoneCalendar":188,"Bag of Preparation":51,"Juzu Bracelet":143,"Smiling Mask":47,"Burning Blood":0,"ClockworkSouvenir":105,"Nunchaku":81,"Matryoshka":62,"Mummified Hand":71,"Pantograph":30,"Gambling Chip":97,"Tiny Chest":2,"Chemical X":97,"Red Skull":47,"InkBottle":75,"Paper Frog":30,"Lee\u0027s Waffle":253,"Golden Idol":0,"The Courier":0,"Omamori":69,"Orichalcum":90,"Frozen Egg 2":134,"MawBank":78,"Medical Kit":315,"White Beast Statue":33,"Mercury Hourglass":30,"Peace Pipe":26,"Anchor":75,"CaptainsWheel":82,"REME:ComplimentaryCards":0,"Ornamental Fan":33,"Orrery":97,"Turnip":315,"Coffee Dripper":67,"Bag of Marbles":75,"Art of War":220,"Membership Card":0,"Bottled Lightning":16,"FossilizedHelix":16,"Toy Ornithopter":41}],"Runic Cube":[20]},"card_choices":[{"not_picked":["Clothesline","Feel No Pain"],"picked":"Shrug It Off","floor":1},{"not_picked":["Shrug It Off","Dropkick"],"picked":"Warcry","floor":2},{"not_picked":["Heavy Blade","Armaments","Havoc"],"picked":"Singing Bowl","floor":5},{"not_picked":["Limit Break","True Grit"],"picked":"Pommel Strike","floor":6},{"not_picked":["Searing Blow","Pummel","Sword Boomerang"],"picked":"Singing Bowl","floor":7},{"not_picked":["Metallicize","Evolve","Havoc"],"picked":"Singing Bowl","floor":10},{"not_picked":["Headbutt","Anger","Twin Strike"],"picked":"Singing Bowl","floor":14},{"not_picked":["Corruption","Limit Break","Fiend Fire"],"picked":"Singing Bowl","floor":16},{"not_picked":["Spot Weakness+1","Wild Strike+1"],"picked":"Body Slam+1","floor":18},{"not_picked":["Feel No Pain+1","True Grit"],"picked":"Warcry+1","floor":19},{"not_picked":["Twin Strike+1","Second Wind","Power Through+1"],"picked":"Singing Bowl","floor":20},{"not_picked":["Clothesline","Heavy Blade"],"picked":"True Grit+1","floor":23},{"not_picked":["Dark Embrace+1","Hemokinesis","Sword Boomerang","Reckless Charge"],"picked":"Singing Bowl","floor":25},{"not_picked":["Ghostly Armor","Evolve","Sentinel"],"picked":"Body Slam","floor":27},{"not_picked":["Infernal Blade","Searing Blow","Evolve"],"picked":"Warcry","floor":28},{"not_picked":["Blood for Blood","Power Through","Evolve","Havoc"],"picked":"Singing Bowl","floor":29},{"not_picked":["Searing Blow","Heavy Blade+1","Demon Form","Twin Strike"],"picked":"Singing Bowl","floor":31},{"not_picked":["Double Tap","Corruption","Juggernaut"],"picked":"Impervious","floor":33},{"not_picked":["True Grit+1","Pommel Strike","Flex","Iron Wave+1"],"picked":"Singing Bowl","floor":35},{"not_picked":["Flex+1","Perfected Strike","Reckless Charge+1"],"picked":"Armaments+1","floor":37},{"not_picked":["Clash","Headbutt","Rage","Anger"],"picked":"Singing Bowl","floor":39},{"not_picked":["Reckless Charge+1","Iron Wave+1","Sword Boomerang"],"picked":"Barricade","floor":40},{"not_picked":["Barricade","Carnage+1","Sword Boomerang+1","Disarm"],"picked":"Singing Bowl","floor":42},{"not_picked":["Perfected Strike+1","Iron Wave","Rage","Clothesline+1"],"picked":"Singing Bowl","floor":46},{"not_picked":["Body Slam","Wild Strike+1","Reaper","Heavy Blade+1"],"picked":"Singing Bowl","floor":47},{"not_picked":["Cleave+1","Thunderclap","Body Slam+1","Heavy Blade"],"picked":"Singing Bowl","floor":48}],"player_experience":108858,"relics_obtained":[{"floor":6,"key":"Art of War"},{"floor":9,"key":"Whetstone"},{"floor":10,"key":"Bronze Scales"},{"floor":11,"key":"Pen Nib"},{"floor":21,"key":"Darkstone Periapt"},{"floor":23,"key":"Question Card"},{"floor":26,"key":"Regal Pillow"},{"floor":29,"key":"Omamori"},{"floor":31,"key":"Bag of Marbles"},{"floor":36,"key":"Gremlin Horn"},{"floor":40,"key":"Lantern"},{"floor":41,"key":"Blood Vial"},{"floor":42,"key":"Mummified Hand"},{"floor":43,"key":"Centennial Puzzle"}],"event_choices":[{"damage_healed":0,"gold_gain":0,"player_choice":"Trade","damage_taken":0,"relics_obtained":["FaceOfCleric"],"max_hp_gain":0,"max_hp_loss":0,"event_name":"FaceTrader","floor":3,"gold_loss":0},{"damage_healed":0,"gold_gain":0,"player_choice":"Bought 1 Potion","damage_taken":0,"max_hp_gain":0,"max_hp_loss":0,"event_name":"The Woman in Blue","floor":13,"gold_loss":0},{"damage_healed":0,"gold_gain":0,"player_choice":"Became a vampire","damage_taken":0,"max_hp_gain":0,"max_hp_loss":36,"event_name":"Vampires","floor":30,"gold_loss":0,"cards_obtained":["Bite","Bite","Bite","Bite","Bite"]},{"cards_removed":["Bash"],"damage_healed":0,"gold_gain":0,"player_choice":"Purged","damage_taken":0,"max_hp_gain":0,"max_hp_loss":0,"event_name":"Purifier","floor":38,"gold_loss":0}],"is_beta":false,"boss_relics":[{"not_picked":["SlaversCollar","Runic Pyramid"],"picked":"Coffee Dripper"},{"not_picked":["Tiny House","Sozu"],"picked":"Runic Cube"}],"items_purged_floors":[0,0,4],"is_endless":false,"potions_floor_spawned":[2,5,14,18,23,25,29,31,35,37,47,48],"ascension_level":6}}