{"host":"i9wanet4r0ff4t9y","time":1612027149,"event":{"mods":["2.2 Compatiblity","Act Like it!","BaseMod","Bestiary","Better Altar","Better Match","Better Note","Better Sensory Stone","Better Skull","Better Third Choice","Better Vampires","BetterRewards","CapriCore","Colored Map","Curses Come First","Downfall","Hubris","Minty Spire (QoL Compilation)","Quick Restart","READ ME - Guardian Mod","READ ME - Snecko Mod","Relic Stats","Reliquary","Say the Spire","Spicy Shops","StSLib","The Disciple","The Gatherer","Waifu the Spire"],"gold_per_floor":[117,117,128,144,144,144,182,200,200,223,223,244,244,169,169,288,288,311,586,586,605,630,630,670,689,737,753,766,766,336,356,356,486,486,499,162,162,33,47,47,87,47,116,116,137,137,160,160,160,160,160,160],"floor_reached":50,"language":"POL","playtime":2282,"items_purged":[],"score":594,"play_id":"14c8e594-7ed2-49ed-8d66-78f581c9a38a","local_time":"20210130181909","is_ascension_mode":false,"metric_token":1887,"campfire_choices":[{"floor":6.0,"key":"REST"},{"floor":13.0,"key":"REST"},{"data":"Gatherer:SealedBomb","floor":15,"key":"SMITH"},{"data":"Gatherer:Overflowing","floor":23,"key":"SMITH"},{"floor":29,"key":"REST"},{"data":"Panache","floor":32,"key":"SMITH"},{"data":"Gatherer:HeartToFruit","floor":40,"key":"SMITH"},{"data":"Demon Form","floor":44,"key":"SMITH"},{"data":"Dramatic Entrance","floor":46,"key":"SMITH"},{"data":"Gatherer:RecoveryHerb","floor":49,"key":"SMITH"}],"circlet_count":0,"master_deck":["Gatherer:Strike_Gatherer","Gatherer:Strike_Gatherer","Gatherer:Strike_Gatherer","Gatherer:Strike_Gatherer","Gatherer:Strike_Gatherer","Gatherer:Defend_Gatherer","Gatherer:Defend_Gatherer+1","Gatherer:Defend_Gatherer","Gatherer:Defend_Gatherer","Gatherer:Defend_Gatherer","Gatherer:Centralize","Gatherer:FlowerWhip","Sadistic Nature+1","Dramatic Entrance+1","Gatherer:DrugPower","Gatherer:Herbalism","Gatherer:QuickSynthesis","Gatherer:OddSpoils","Gatherer:TreeGrowth","Gatherer:SmartManeuver","Gatherer:WitheringStrike","Gatherer:RecoveryHerb+1","Gatherer:SealedBomb+1","Gatherer:FeelingFine","Gatherer:FlamingBottle+1","Gatherer:ColorfulGarden+1","Gatherer:BlackTea+1","Gatherer:Overflowing+1","Gatherer:Duplicator","Regret","Demon Form+1","Gatherer:FragileHammer+1","Gatherer:AromaProtection+1","Gatherer:RecipeChange+1","Gatherer:Snatch","Gatherer:FlamingBottle","Gatherer:MiningStrike+1","Injury","Panache+1","Gatherer:RottenStipe","Gatherer:RecoveryHerb+1","Gatherer:QuickSynthesis","Gatherer:Frenzy","Gatherer:DrugPower","Gatherer:HeartToFruit+1","Gatherer:FlowerBeam","Madness","Madness","Gatherer:WitheringStrike","Gatherer:FruitForce+1","Gatherer:CarefulStrike+1","Gatherer:CollectorsShot+1"],"relics":["Gatherer:AlchemyBag","Kunai","hubris:EmptyBottle","reliquary:PorcupineQuills","Golden Idol","reliquary:WeakTea","reliquary:TridentHead","reliquary:KinkedSpring","Bird Faced Urn","Art of War","Membership Card","Eternal Feather","Cauldron","Gatherer:ExplorersPath","hubris:BottledRain","War Paint","Bottled Tornado","Strange Spoon","Frozen Egg 2","Molten Egg 2","hubris:TinFlute","hubris:Towel"],"acts_visited":["Exordium","TheCity","TheBeyond"],"potions_floor_usage":[16,16,18,25,28,31,33,33,33,33,39,39,39],"damage_taken":[{"damage":0.0,"enemies":"Small Slimes","floor":1.0,"turns":1.0},{"damage":0.0,"enemies":"Cultist","floor":3.0,"turns":2.0},{"damage":0.0,"enemies":"2 Louse","floor":4.0,"turns":3.0},{"damage":15.0,"enemies":"Gremlin Nob","floor":7.0,"turns":4.0},{"damage":9.0,"enemies":"Large Slime","floor":8.0,"turns":5.0},{"damage":11.0,"enemies":"Exordium Thugs","floor":10.0,"turns":4.0},{"damage":7.0,"enemies":"Red Slaver","floor":12.0,"turns":4.0},{"damage":2,"enemies":"Hexaghost","floor":16,"turns":8},{"damage":1,"enemies":"3 Byrds","floor":18,"turns":7},{"damage":2,"enemies":"2 Thieves","floor":21,"turns":3},{"damage":1,"enemies":"Sentry and Sphere","floor":22,"turns":2},{"damage":50,"enemies":"Book of Stabbing","floor":24,"turns":7},{"damage":15,"enemies":"Centurion and Healer","floor":25,"turns":6},{"damage":2,"enemies":"Cultist and Chosen","floor":27,"turns":3},{"damage":3,"enemies":"Sentry and Sphere","floor":28,"turns":3},{"damage":0,"enemies":"3 Cultists","floor":31,"turns":3},{"damage":42,"enemies":"hubris:MusketHawk","floor":33,"turns":6},{"damage":11,"enemies":"3 Shapes","floor":35,"turns":4},{"damage":22,"enemies":"3 Darklings","floor":39,"turns":8},{"damage":43,"enemies":"Nemesis","floor":41,"turns":5},{"damage":19,"enemies":"Transient","floor":45,"turns":5},{"damage":34,"enemies":"Spire Growth","floor":47,"turns":5},{"damage":110,"enemies":"Time Eater","floor":50,"turns":8}],"seed_played":"4244561365574071606","potions_obtained":[{"floor":1.0,"key":"champ:CounterPotion"},{"floor":7.0,"key":"champ:CounterPotion"},{"floor":8.0,"key":"Fruit Juice"},{"floor":12.0,"key":"Weak Potion"},{"floor":21,"key":"PowerPotion"},{"floor":22,"key":"EssenceOfSteel"},{"floor":28,"key":"GamblersBrew"},{"floor":30,"key":"Energy Potion"},{"floor":30,"key":"bronze:BurnAndBuffPotion"},{"floor":35,"key":"FearPotion"},{"floor":39,"key":"SmokeBomb"}],"is_trial":false,"path_per_floor":["M","?","M","M","?","R","E","M","T","M","?","M","R","?","R","B",null,"M","?","?","M","M","R","E","M","T","M","M","R","$","M","R","B",null,"M","$","?","$","M","R","E","?","T","R","M","R","M","?","R","B"],"character_chosen":"THE_GATHERER","items_purchased":["Kunai","hubris:EmptyBottle","reliquary:PorcupineQuills","Sadistic Nature","Dramatic Entrance","Gatherer:DrugPower","Gatherer:Herbalism","Gatherer:QuickSynthesis","Membership Card","Eternal Feather","Cauldron","Panache","Gatherer:RottenStipe","Gatherer:RecoveryHerb","Gatherer:QuickSynthesis","Gatherer:Frenzy","hubris:BottledRain","War Paint","Bottled Tornado","Strange Spoon","Frozen Egg 2"],"campfire_rested":3,"item_purchase_floors":[0,0,0,0,0,0,0,0,30,30,30,30,30,30,30,30,36,36,36,36,38],"current_hp_per_floor":[40,40,40,40,22,43,28,29,29,18,45,42,66,66,66,66,82,82,82,82,80,79,79,31,26,26,36,37,61,61,67,82,50,82,74,74,63,63,49,76,43,43,43,73,60,89,55,55,85,0,0,0],"gold":160,"neow_bonus":"","is_daily":false,"chose_seed":false,"campfire_upgraded":7,"win_rate":0.0,"timestamp":1612027149,"path_taken":["M","?","?","M","?","R","E","M","T","M","?","M","R","?","R","BOSS","M","?","?","M","M","R","E","M","T","M","?","R","$","M","R","BOSS","M","$","?","$","M","R","E","?","T","R","?","R","?","?","R","BOSS"],"items_purchased_type":["Relic","Relic","Relic","Card","Card","Card","Card","Card","Relic","Relic","Relic","Card","Card","Card","Card","Card","Relic","Relic","Relic","Relic","Relic"],"build_version":"2020-12-22","purchased_purges":0,"victory":false,"max_hp_per_floor":[72,72,72,72,72,72,72,82,82,82,82,82,82,82,82,82,82,82,82,82,82,82,82,82,82,82,82,82,82,82,82,82,82,82,85,85,85,85,85,85,89,89,89,89,89,89,89,89,89,89,89,89],"relic_stats":{"Strange Spoon":[16],"counters":[49,239],"Golden Idol":130,"Bird Faced Urn":[60],"Eternal Feather":131,"Art of War":[2],"Kunai":[31],"War Paint":["Gatherer:RecoveryHerb","Gatherer:Defend_Gatherer"],"obtain_stats":[{"Lantern":0,"Regal Pillow":3,"Singing Bowl":43,"Magic Flower":0,"Incense Burner":19,"Whetstone":0,"hubris:EmptyBottle":0,"Bottled Tornado":36,"Sling":0,"Cursed Key":17,"Burning Blood":0,"ClockworkSouvenir":0,"Blood Vial":38,"reliquary:TridentHead":9,"hubris:Icosahedron":2,"hubris:IronBody":26,"Red Mask":39,"Kunai":0,"hubris:TinFlute":43,"hexamod:CandleOfCauterizing":9,"Golden Idol":5,"Eternal Feather":30,"Omamori":11,"Letter Opener":24,"reliquary:WeakTea":7,"War Paint":0,"hubris:Towel":47,"Frozen Egg 2":38,"WarpedTongs":30,"reliquary:KinkedSpring":17,"Gatherer:ExplorersPath":34,"Cauldron":30,"Strange Spoon":36,"reliquary:PorcupineQuills":0,"Bird Faced Urn":24,"Orrery":0,"Molten Egg 2":31,"Black Star":34,"Art of War":26,"Membership Card":30,"hubris:Potato":6,"Toy Ornithopter":10,"Gatherer:AlchemyBag":0,"hubris:BottledRain":36},{"Lantern":0,"Regal Pillow":1,"Singing Bowl":23,"Magic Flower":3,"Incense Burner":14,"Whetstone":0,"hubris:EmptyBottle":0,"Bottled Tornado":44,"Sling":3,"Cursed Key":13,"Burning Blood":0,"ClockworkSouvenir":3,"Blood Vial":21,"reliquary:TridentHead":31,"hubris:Icosahedron":1,"hubris:IronBody":17,"Red Mask":21,"Kunai":26,"hubris:TinFlute":46,"hexamod:CandleOfCauterizing":10,"Golden Idol":29,"Eternal Feather":41,"Omamori":11,"Letter Opener":17,"reliquary:WeakTea":30,"War Paint":0,"hubris:Towel":24,"Frozen Egg 2":44,"WarpedTongs":18,"reliquary:KinkedSpring":34,"Gatherer:ExplorersPath":43,"Cauldron":41,"Strange Spoon":44,"reliquary:PorcupineQuills":26,"Bird Faced Urn":38,"Orrery":0,"Molten Egg 2":19,"Black Star":20,"Art of War":39,"Membership Card":41,"hubris:Potato":9,"Toy Ornithopter":11,"Gatherer:AlchemyBag":0,"hubris:BottledRain":44},{"Lantern":0,"Regal Pillow":4,"Singing Bowl":113,"Magic Flower":10,"Incense Burner":66,"Whetstone":0,"hubris:EmptyBottle":0,"Bottled Tornado":208,"Sling":10,"Cursed Key":60,"Burning Blood":0,"ClockworkSouvenir":10,"Blood Vial":105,"reliquary:TridentHead":148,"hubris:Icosahedron":4,"hubris:IronBody":82,"Red Mask":105,"Kunai":133,"hubris:TinFlute":221,"hexamod:CandleOfCauterizing":42,"Golden Idol":139,"Eternal Feather":195,"Omamori":47,"Letter Opener":82,"reliquary:WeakTea":143,"War Paint":0,"hubris:Towel":117,"Frozen Egg 2":208,"WarpedTongs":88,"reliquary:KinkedSpring":164,"Gatherer:ExplorersPath":204,"Cauldron":195,"Strange Spoon":208,"reliquary:PorcupineQuills":133,"Bird Faced Urn":183,"Orrery":0,"Molten Egg 2":92,"Black Star":100,"Art of War":189,"Membership Card":195,"hubris:Potato":36,"Toy Ornithopter":47,"Gatherer:AlchemyBag":0,"hubris:BottledRain":208}]},"card_choices":[{"not_picked":["Gatherer:FlowerFalling","Gatherer:FlowerShield"],"picked":"Gatherer:OddSpoils","floor":1.0},{"not_picked":["Gatherer:SaveValuables","Gatherer:Convert"],"picked":"Gatherer:TreeGrowth","floor":3.0},{"not_picked":["Gatherer:FlowerShield","Gatherer:Transmute"],"picked":"Gatherer:SmartManeuver","floor":4.0},{"not_picked":["Gatherer:FlowerPower","Gatherer:EnergyBasket"],"picked":"Gatherer:WitheringStrike","floor":7.0},{"not_picked":["Gatherer:GatherMaterial","Gatherer:SmartManeuver"],"picked":"Gatherer:RecoveryHerb","floor":8.0},{"not_picked":["Gatherer:SaveValuables","Gatherer:DrugPower"],"picked":"Gatherer:SealedBomb","floor":10.0},{"not_picked":["Gatherer:QuickSynthesis","Gatherer:EnergyBasket"],"picked":"Gatherer:FeelingFine","floor":12.0},{"not_picked":["Gatherer:StoneFence+1","Gatherer:BomberForm+1"],"picked":"Gatherer:FlamingBottle+1","floor":14},{"not_picked":["Gatherer:CursedBlade+1","Gatherer:Overflowing+1"],"picked":"Gatherer:ColorfulGarden+1","floor":14},{"not_picked":["Gatherer:BomberForm+1","Gatherer:Photoscythe+1"],"picked":"Gatherer:BlackTea+1","floor":14},{"not_picked":["Gatherer:BomberForm","Gatherer:FlamingBottle"],"picked":"Gatherer:Overflowing","floor":16},{"not_picked":["Gatherer:Misfortune","Gatherer:AcidicSpray"],"picked":"Gatherer:Duplicator","floor":18},{"not_picked":["Gatherer:Snatch","Gatherer:WoolGloves"],"picked":"Gatherer:FragileHammer+1","floor":21},{"not_picked":["Gatherer:QuickSynthesis","Gatherer:TacticalStrike"],"picked":"Gatherer:AromaProtection+1","floor":22},{"not_picked":["Gatherer:Nutrients+1","Gatherer:QuickSynthesis+1"],"picked":"Gatherer:RecipeChange+1","floor":24},{"not_picked":["Gatherer:TacticalStrike","Gatherer:AcidicSpray"],"picked":"Gatherer:Snatch","floor":25},{"not_picked":["Gatherer:SaveValuables","Gatherer:ScherryThrow"],"picked":"Gatherer:FlamingBottle","floor":27},{"not_picked":["Gatherer:Convert","Gatherer:Duality"],"picked":"Gatherer:MiningStrike+1","floor":28},{"not_picked":["Gatherer:TreeGrowth","Gatherer:AcidicSpray"],"picked":"Gatherer:DrugPower","floor":31},{"not_picked":["Gatherer:FinishingStrike","Gatherer:Photoscythe"],"picked":"Gatherer:HeartToFruit","floor":33},{"not_picked":["Gatherer:TacticalStrike","Gatherer:QuickSynthesis"],"picked":"Gatherer:FlowerBeam","floor":35},{"not_picked":["Gatherer:RecoveryHerb+1","Gatherer:OddSpoils"],"picked":"Gatherer:WitheringStrike","floor":39},{"not_picked":["Gatherer:Nutrients","Gatherer:OddSpoils+1"],"picked":"Gatherer:FruitForce+1","floor":41},{"not_picked":["Gatherer:Transmute","Gatherer:OddSpoils+1"],"picked":"Gatherer:CarefulStrike+1","floor":45},{"not_picked":["Gatherer:AromaProtection+1","Gatherer:SaveValuables"],"picked":"Gatherer:CollectorsShot+1","floor":47}],"player_experience":456214,"relics_obtained":[{"floor":7.0,"key":"reliquary:WeakTea"},{"floor":9.0,"key":"reliquary:TridentHead"},{"floor":24,"key":"Bird Faced Urn"},{"floor":26,"key":"Art of War"},{"floor":41,"key":"Molten Egg 2"},{"floor":43,"key":"hubris:TinFlute"}],"event_choices":[{"damage_healed":0.0,"max_hp_gain":0.0,"max_hp_loss":0.0,"gold_gain":0.0,"event_name":"Purifier","player_choice":"Ignored","floor":2.0,"gold_loss":0.0,"damage_taken":0.0},{"damage_healed":0.0,"max_hp_gain":0.0,"max_hp_loss":0.0,"gold_gain":0.0,"event_name":"Golden Idol","player_choice":"Take Damage","floor":5.0,"gold_loss":0.0,"damage_taken":18.0,"relics_obtained":["Golden Idol"]},{"damage_healed":27.0,"max_hp_gain":0.0,"max_hp_loss":0.0,"gold_gain":0.0,"event_name":"Big Fish","player_choice":"Banana","floor":11.0,"gold_loss":0.0,"damage_taken":0.0},{"damage_healed":0,"gold_gain":0,"player_choice":"3","damage_taken":0,"max_hp_gain":0,"max_hp_loss":0,"event_name":"betterMatch:BetterMatch","floor":14,"gold_loss":0,"cards_obtained":["betterMatch:RareCard"]},{"damage_healed":0,"gold_gain":275,"player_choice":"Desecrate","damage_taken":0,"max_hp_gain":0,"max_hp_loss":0,"event_name":"Golden Shrine","floor":19,"gold_loss":0,"cards_obtained":["Regret"]},{"cards_removed":["Gatherer:Overflowing"],"damage_healed":0,"gold_gain":0,"player_choice":"Take \u0026 Give","damage_taken":0,"max_hp_gain":0,"max_hp_loss":0,"event_name":"betterNote:BetterNote","floor":20,"gold_loss":0,"cards_obtained":["Demon Form"]},{"damage_healed":0,"gold_gain":0,"player_choice":"Embrace Madness","damage_taken":11,"max_hp_gain":0,"max_hp_loss":0,"event_name":"Winding Halls","floor":37,"gold_loss":0,"cards_obtained":["Madness","Madness"]},{"damage_healed":0,"gold_gain":0,"player_choice":"Upgrade","damage_taken":0,"max_hp_gain":0,"max_hp_loss":0,"event_name":"Designer","floor":42,"gold_loss":40,"cards_upgraded":["Sadistic Nature"]}],"is_beta":false,"boss_relics":[{"not_picked":["reliquary:Ember","Ectoplasm"],"picked":"reliquary:KinkedSpring"},{"not_picked":["reliquary:RedCape","Black Star"],"picked":"Gatherer:ExplorersPath"}],"items_purged_floors":[],"is_endless":false,"potions_floor_spawned":[1,7,8,12,21,22,28,31,35,39],"killed_by":"Time Eater","ascension_level":0}}