{"host":"w3q5ijqu8eoknil3","time":1612025557,"event":{"mods":["AchievementEnabler","BaseMod","Block Reminder","Colored Map","Colored Powertips","Curses Come First","Dark Map","Minty Spire (QoL Compilation)","Quick Restart","Relic Stats","StSLib","ojb\u0027s Better Paths Mod","ojb\u0027s Info Mod","slay the spire mod where everything is the same but ironclad has a cowboy hat"],"gold_per_floor":[115,125,125,125,140,140,171,196,196,215,258,279,279,259,259,355,355,371,646,95,7,27,27,27],"floor_reached":23,"language":"ENG","playtime":672,"items_purged":["Regret"],"score":489,"play_id":"54d3ed3f-f069-4263-b82e-9de746da221c","local_time":"20210130165237","is_ascension_mode":true,"campfire_choices":[{"data":"Quick Slash","floor":6,"key":"SMITH"},{"data":"Poisoned Stab","floor":13,"key":"SMITH"},{"data":"Noxious Fumes","floor":15,"key":"SMITH"}],"circlet_count":0,"master_deck":["AscendersBane","Strike_G","Strike_G","Strike_G","Strike_G","Strike_G","Defend_G","Defend_G","Defend_G","Defend_G","Defend_G","Survivor","Neutralize","Quick Slash+1","Poisoned Stab+1","Deflect","Noxious Fumes+1","Infinite Blades","Acrobatics","Doppelganger","Blur","Skewer"],"relics":["Busted Crown","Vajra","Golden Idol","Lizard Tail","Ninja Scroll","Smiling Mask","WristBlade","Medical Kit","Incense Burner"],"acts_visited":["Exordium","TheCity"],"potions_floor_usage":[7,7,7,10,11,16,16,23],"damage_taken":[{"damage":0,"enemies":"2 Louse","floor":1,"turns":3},{"damage":4,"enemies":"Small Slimes","floor":2,"turns":4},{"damage":0,"enemies":"Cultist","floor":5,"turns":4},{"damage":17,"enemies":"Gremlin Nob","floor":7,"turns":4},{"damage":0,"enemies":"Exordium Thugs","floor":8,"turns":4},{"damage":2,"enemies":"Large Slime","floor":10,"turns":5},{"damage":10,"enemies":"Lagavulin","floor":11,"turns":6},{"damage":0,"enemies":"Lots of Slimes","floor":12,"turns":4},{"damage":0,"enemies":"Slime Boss","floor":16,"turns":6},{"damage":0,"enemies":"Spheric Guardian","floor":18,"turns":1},{"damage":18,"enemies":"2 Thieves","floor":22,"turns":4},{"damage":73,"enemies":"Book of Stabbing","floor":23,"turns":5}],"seed_played":"8074915696129610073","potions_obtained":[{"floor":5,"key":"EntropicBrew"},{"floor":7,"key":"Weak Potion"},{"floor":8,"key":"GhostInAJar"},{"floor":11,"key":"DuplicationPotion"},{"floor":14,"key":"CunningPotion"},{"floor":22,"key":"SteroidPotion"}],"is_trial":false,"path_per_floor":["M","M","?","?","M","R","E","M","T","M","E","M","R","?","R","B",null,"M","?","$","$","M","E"],"character_chosen":"THE_SILENT","items_purchased":["Medical Kit","Incense Burner","Skewer"],"campfire_rested":0,"item_purchase_floors":[20,20,21],"current_hp_per_floor":[59,55,50,50,50,50,33,33,33,31,21,21,21,21,21,21,50,50,50,50,50,32,0,0],"gold":27,"neow_bonus":"BOSS_RELIC","is_daily":false,"chose_seed":false,"campfire_upgraded":3,"win_rate":0.0,"timestamp":1612025557,"path_taken":["M","M","?","?","M","R","E","M","T","M","E","M","R","?","R","BOSS","M","?","?","$","M","E"],"items_purchased_type":["Relic","Relic","Card"],"build_version":"2020-12-22","purchased_purges":1,"victory":false,"max_hp_per_floor":[66,66,66,60,60,60,60,60,60,60,60,60,60,60,60,60,60,60,60,60,60,60,60,60],"relic_stats":{"Lizard Tail":30,"Busted Crown":22,"counters":[12,50],"Golden Idol":57,"Smiling Mask":25,"Medical Kit":[0],"obtain_stats":[{"Lizard Tail":7,"Busted Crown":0,"WristBlade":17,"Golden Idol":4,"Ninja Scroll":9,"Vajra":3,"Incense Burner":20,"Smiling Mask":11,"Medical Kit":20,"Ring of the Snake":0},{"Lizard Tail":4,"Busted Crown":0,"WristBlade":9,"Golden Idol":2,"Ninja Scroll":5,"Vajra":2,"Incense Burner":10,"Smiling Mask":7,"Medical Kit":10,"Ring of the Snake":0},{"Lizard Tail":15,"Busted Crown":0,"WristBlade":40,"Golden Idol":7,"Ninja Scroll":19,"Vajra":7,"Incense Burner":41,"Smiling Mask":30,"Medical Kit":41,"Ring of the Snake":0}]},"card_choices":[{"not_picked":["Prepared"],"picked":"SKIP","floor":1},{"not_picked":[],"picked":"Quick Slash","floor":2},{"not_picked":["Prepared"],"picked":"SKIP","floor":5},{"not_picked":[],"picked":"Poisoned Stab","floor":7},{"not_picked":[],"picked":"Deflect","floor":8},{"not_picked":[],"picked":"Noxious Fumes","floor":10},{"not_picked":[],"picked":"Infinite Blades","floor":11},{"not_picked":[],"picked":"Acrobatics","floor":12},{"not_picked":[],"picked":"Doppelganger","floor":16},{"not_picked":[],"picked":"Blur","floor":18},{"not_picked":["Dodge and Roll"],"picked":"SKIP","floor":22}],"player_experience":1024118,"relics_obtained":[{"floor":7,"key":"Lizard Tail"},{"floor":9,"key":"Ninja Scroll"},{"floor":11,"key":"Smiling Mask"}],"event_choices":[{"damage_healed":0,"gold_gain":0,"player_choice":"Success","damage_taken":5,"relics_obtained":["Vajra"],"max_hp_gain":0,"max_hp_loss":0,"event_name":"Scrap Ooze","floor":3,"gold_loss":0},{"damage_healed":0,"gold_gain":0,"player_choice":"Lose Max HP","damage_taken":0,"relics_obtained":["Golden Idol"],"max_hp_gain":0,"max_hp_loss":6,"event_name":"Golden Idol","floor":4,"gold_loss":0},{"damage_healed":0,"gold_gain":0,"player_choice":"Bought 1 Potion","damage_taken":0,"max_hp_gain":0,"max_hp_loss":0,"event_name":"The Woman in Blue","floor":14,"gold_loss":0},{"damage_healed":0,"gold_gain":275,"player_choice":"Desecrate","damage_taken":0,"max_hp_gain":0,"max_hp_loss":0,"event_name":"Golden Shrine","floor":19,"gold_loss":0,"cards_obtained":["Regret"]}],"is_beta":false,"boss_relics":[{"not_picked":["Runic Pyramid","Velvet Choker"],"picked":"WristBlade"}],"items_purged_floors":[20],"is_endless":false,"potions_floor_spawned":[5,7,8,11,22],"killed_by":"Book of Stabbing","ascension_level":19}}