{"host":"nwd160me4iqdtr8u","time":1612000734,"event":{"mods":["AchievementEnabler","Act Like it!","BaseMod","Colored Map","DeckTracker","Keyboard Shortcuts","Minty Spire (QoL Compilation)","Quick Restart","Rare Cards Sparkle","StSLib","SuperFastMode","everything is the same but u backflip on backflip"],"gold_per_floor":[114,114,124,144,160,160,176,176,200,225,225,257,36,36,36,141,141,160,185,205,59,59,59,86,86,136,167,167,167,180,180,180],"floor_reached":31,"language":"KOR","playtime":947,"items_purged":["Strike_B"],"score":445,"play_id":"b1bc0813-4020-4a3b-a4e0-30aae7fcc99b","local_time":"20210130185854","is_ascension_mode":true,"campfire_choices":[{"data":"Sunder","floor":6.0,"key":"SMITH"},{"data":"Zap","floor":8.0,"key":"SMITH"},{"floor":15,"key":"REST"},{"data":"Loop","floor":23,"key":"SMITH"},{"data":"Echo Form","floor":28,"key":"SMITH"}],"circlet_count":0,"master_deck":["Strike_B","Strike_B","Defend_B","Defend_B","Defend_B+1","Defend_B+1","Zap+1","Dualcast+1","Rebound","Sunder+1","Compile Driver","Ball Lightning","Cold Snap","FTL","Rainbow","Electrodynamics","Loop+1","Conserve Battery","Core Surge","Echo Form+1","Leap+1"],"relics":["Cracked Core","War Paint","Art of War","DataDisk","Runic Pyramid","Red Mask","Juzu Bracelet","Oddly Smooth Stone","Question Card"],"acts_visited":["Exordium","TheCity"],"potions_floor_usage":[16,19,19,27],"damage_taken":[{"damage":6.0,"enemies":"2 Louse","floor":1.0,"turns":2.0},{"damage":9.0,"enemies":"Jaw Worm","floor":3.0,"turns":3.0},{"damage":2.0,"enemies":"Small Slimes","floor":4.0,"turns":3.0},{"damage":7.0,"enemies":"Exordium Thugs","floor":5.0,"turns":5.0},{"damage":8.0,"enemies":"Blue Slaver","floor":7.0,"turns":2.0},{"damage":7.0,"enemies":"3 Sentries","floor":10.0,"turns":3.0},{"damage":10,"enemies":"Lagavulin","floor":12,"turns":4},{"damage":0,"enemies":"Slime Boss","floor":16,"turns":5},{"damage":0,"enemies":"Spheric Guardian","floor":18,"turns":3},{"damage":0,"enemies":"Masked Bandits","floor":19,"turns":2},{"damage":3,"enemies":"2 Thieves","floor":20,"turns":3},{"damage":0,"enemies":"Gremlin Leader","floor":24,"turns":5},{"damage":34,"enemies":"Slavers","floor":27,"turns":5},{"damage":17,"enemies":"Colosseum Slavers","floor":29,"turns":3},{"damage":5,"enemies":"Snecko","floor":30,"turns":4},{"damage":9,"enemies":"Snake Plant","floor":31,"turns":3}],"seed_played":"-2484842074181608416","potions_obtained":[{"floor":4.0,"key":"Explosive Potion"},{"floor":5.0,"key":"Energy Potion"},{"floor":12,"key":"Weak Potion"},{"floor":18,"key":"Explosive Potion"},{"floor":27,"key":"Swift Potion"}],"is_trial":false,"path_per_floor":["M","?","M","M","M","R","M","R","T","E","?","E","$","$","R","B",null,"M","?","M","$","?","R","E","?","T","E","R","?","M","M"],"character_chosen":"DEFECT","items_purchased":["Rainbow","Core Surge"],"campfire_rested":1,"item_purchase_floors":[13,21],"current_hp_per_floor":[69,69,60,58,51,51,43,43,43,36,29,19,19,19,41,41,67,67,67,64,64,64,64,64,64,64,30,30,13,8,0,0],"gold":180,"neow_bonus":"UPGRADE_CARD","is_daily":false,"chose_seed":false,"campfire_upgraded":4,"win_rate":0.0,"timestamp":1612000734,"path_taken":["M","?","M","M","M","R","M","R","T","E","?","E","?","$","R","BOSS","M","?","M","$","?","R","E","?","T","E","R","?","M","M"],"items_purchased_type":["Card","Card"],"build_version":"2020-12-22","purchased_purges":1,"victory":false,"max_hp_per_floor":[75,75,75,75,75,75,75,75,75,75,75,75,75,75,75,75,75,75,75,75,75,75,75,75,75,75,75,75,75,75,75,75],"card_choices":[{"not_picked":["Go for the Eyes","Barrage"],"picked":"Rebound","floor":1.0},{"not_picked":["Reprogram","Go for the Eyes","Leap"],"picked":"SKIP","floor":3.0},{"not_picked":["Blizzard","Auto Shields"],"picked":"Sunder","floor":4.0},{"not_picked":["Sweeping Beam","Rebound"],"picked":"Compile Driver","floor":5.0},{"not_picked":["Steam Power","Hologram"],"picked":"Ball Lightning","floor":7.0},{"not_picked":["All For One","Turbo"],"picked":"Cold Snap","floor":10.0},{"not_picked":["Doom and Gloom","Leap"],"picked":"FTL","floor":12},{"not_picked":["Biased Cognition","Reboot"],"picked":"Electrodynamics","floor":16},{"not_picked":["Cold Snap+1","Hologram"],"picked":"Loop","floor":18},{"not_picked":["Darkness","Gash"],"picked":"Conserve Battery","floor":20},{"not_picked":["Double Energy","Rebound","Ball Lightning"],"picked":"SKIP","floor":24},{"not_picked":["Sunder+1","Go for the Eyes"],"picked":"Echo Form","floor":27},{"not_picked":["Streamline","Rebound","Stack"],"picked":"Leap+1","floor":30}],"player_experience":332035,"relics_obtained":[{"floor":9.0,"key":"War Paint"},{"floor":10.0,"key":"Art of War"},{"floor":12,"key":"DataDisk"},{"floor":19,"key":"Red Mask"},{"floor":24,"key":"Juzu Bracelet"},{"floor":26,"key":"Oddly Smooth Stone"},{"floor":27,"key":"Question Card"}],"event_choices":[{"damage_healed":0.0,"max_hp_gain":0.0,"max_hp_loss":0.0,"gold_gain":0.0,"event_name":"Shining Light","player_choice":"Ignored","floor":2.0,"gold_loss":0.0,"damage_taken":0.0},{"cards_removed":["Strike_B"],"damage_healed":0.0,"max_hp_gain":0.0,"max_hp_loss":0.0,"gold_gain":0.0,"event_name":"Golden Wing","player_choice":"Card Removal","floor":11.0,"gold_loss":0.0,"damage_taken":7.0},{"damage_healed":0,"gold_gain":0,"player_choice":"Fought Bandits","damage_taken":0,"max_hp_gain":0,"max_hp_loss":0,"event_name":"Masked Bandits","floor":19,"gold_loss":0},{"damage_healed":0,"gold_gain":0,"player_choice":"Ignored","damage_taken":0,"max_hp_gain":0,"max_hp_loss":0,"event_name":"Vampires","floor":25,"gold_loss":0},{"damage_healed":0,"gold_gain":0,"player_choice":"Fight","damage_taken":0,"max_hp_gain":0,"max_hp_loss":0,"event_name":"Colosseum","floor":29,"gold_loss":0},{"damage_healed":0,"gold_gain":0,"player_choice":"Fled From Nobs","damage_taken":0,"max_hp_gain":0,"max_hp_loss":0,"event_name":"Colosseum","floor":29,"gold_loss":0}],"is_beta":false,"boss_relics":[{"not_picked":["Calling Bell","Inserter"],"picked":"Runic Pyramid"}],"items_purged_floors":[13],"is_endless":false,"potions_floor_spawned":[4,5,12,18,27],"killed_by":"Snake Plant","ascension_level":5}}