{"host":"gvojdp5vi78oolan","time":1612013408,"event":{"mods":["BaseMod","Colored Map","Colored Powertips","Highlight Path","Minty Spire (QoL Compilation)","Quick Restart"],"gold_per_floor":[118,134,134,309,309,341,354,388,414,88,106,106,106,122,122,217,217,232,220,239,239,256,256,291,291,291,291,291,291,310,61,61,61,61],"floor_reached":33,"language":"ZHS","playtime":2237,"items_purged":["Doubt","Strike_G"],"score":275,"play_id":"330851f3-6fb4-4690-a7ad-357c7d95225c","local_time":"20210130213008","is_ascension_mode":false,"campfire_choices":[{"floor":13,"key":"REST"},{"floor":15,"key":"REST"},{"floor":23,"key":"REST"},{"data":"Strike_G","floor":27,"key":"PURGE"},{"data":"Bouncing Flask","floor":32,"key":"SMITH"}],"circlet_count":0,"master_deck":["Strike_G","Strike_G","Defend_G","Defend_G","Defend_G","Defend_G","Defend_G","Survivor","Neutralize+1","Deadly Poison","Dagger Throw","Poisoned Stab","Dodge and Roll","Dash","All Out Attack","Parasite","Bouncing Flask+1","Envenom","CurseOfTheBell","Cloak And Dagger","Endless Agony","Bane","Backflip","Slice+1","Deadly Poison+1"],"relics":["Ring of the Snake","Nunchaku","MealTicket","Peace Pipe","Centennial Puzzle","Ornamental Fan","Calling Bell","Thread and Needle","Mummified Hand","Vajra","MutagenicStrength","Kunai","Mercury Hourglass","TwistedFunnel"],"acts_visited":["Exordium","TheCity"],"potions_floor_usage":[18,19,24,24,33,33],"damage_taken":[{"damage":0,"enemies":"2 Louse","floor":1,"turns":5},{"damage":0,"enemies":"Jaw Worm","floor":2,"turns":4},{"damage":46,"enemies":"3 Sentries","floor":6,"turns":14},{"damage":0,"enemies":"Small Slimes","floor":7,"turns":2},{"damage":26,"enemies":"Lagavulin","floor":8,"turns":8},{"damage":0,"enemies":"Gremlin Gang","floor":11,"turns":5},{"damage":7,"enemies":"3 Louse","floor":14,"turns":3},{"damage":38,"enemies":"Hexaghost","floor":16,"turns":10},{"damage":12,"enemies":"Shell Parasite","floor":18,"turns":7},{"damage":5,"enemies":"2 Thieves","floor":19,"turns":4},{"damage":0,"enemies":"Snecko","floor":20,"turns":4},{"damage":19,"enemies":"3 Cultists","floor":22,"turns":5},{"damage":30,"enemies":"Slavers","floor":24,"turns":6},{"damage":0,"enemies":"Centurion and Healer","floor":30,"turns":6},{"damage":78,"enemies":"Collector","floor":33,"turns":7}],"seed_played":"3556935289554177861","potions_obtained":[{"floor":7,"key":"Energy Potion"},{"floor":8,"key":"Ancient Potion"},{"floor":11,"key":"SteroidPotion"},{"floor":14,"key":"Strength Potion"},{"floor":20,"key":"Energy Potion"},{"floor":22,"key":"Block Potion"},{"floor":30,"key":"SpeedPotion"}],"is_trial":false,"path_per_floor":["M","M","?","?","?","E","M","E","T","$","M","?","R","M","R","B",null,"M","M","M","?","M","R","E","?","T","R","?","?","M","$","R","B"],"character_chosen":"THE_SILENT","items_purchased":["Ornamental Fan","TwistedFunnel"],"campfire_rested":3,"item_purchase_floors":[10,31],"current_hp_per_floor":[77,77,74,74,74,28,28,2,2,17,17,36,59,52,75,37,77,65,60,60,60,41,64,34,59,59,59,59,59,59,74,74,0,0],"gold":61,"neow_bonus":"TEN_PERCENT_HP_BONUS","is_daily":false,"chose_seed":false,"campfire_upgraded":1,"win_rate":0.0,"timestamp":1612013408,"path_taken":["M","M","?","?","?","E","?","E","T","$","M","?","R","M","R","BOSS","M","M","M","?","M","R","E","?","T","R","?","?","M","$","R","BOSS"],"items_purchased_type":["Relic","Relic"],"build_version":"2020-12-22","purchased_purges":2,"victory":false,"max_hp_per_floor":[77,77,77,77,77,77,77,77,77,77,77,77,77,77,77,77,77,77,77,77,77,77,77,77,77,77,77,77,77,77,77,77,77,77],"card_choices":[{"not_picked":["Quick Slash","Choke"],"picked":"Deadly Poison","floor":1},{"not_picked":["Terror","Riddle With Holes"],"picked":"Dagger Throw","floor":2},{"not_picked":["Prepared","Bane"],"picked":"Poisoned Stab","floor":6},{"not_picked":["PiercingWail","Distraction"],"picked":"Dodge and Roll","floor":7},{"not_picked":["Bullet Time","Dagger Throw"],"picked":"Dash","floor":8},{"not_picked":["Bane","Dodge and Roll"],"picked":"All Out Attack","floor":11},{"not_picked":["Flying Knee","Cloak And Dagger"],"picked":"Bouncing Flask","floor":14},{"not_picked":["A Thousand Cuts","Storm of Steel"],"picked":"Envenom","floor":16},{"not_picked":["Reflex+1","Dodge and Roll"],"picked":"Cloak And Dagger","floor":18},{"not_picked":["Backstab","Dagger Throw"],"picked":"Endless Agony","floor":19},{"not_picked":["Doppelganger","Masterful Stab"],"picked":"Bane","floor":20},{"not_picked":["Predator","PiercingWail"],"picked":"Backflip","floor":22},{"not_picked":["Crippling Poison","Underhanded Strike"],"picked":"Slice+1","floor":24},{"not_picked":["Riddle With Holes","Deflect"],"picked":"Deadly Poison+1","floor":30}],"player_experience":115466,"relics_obtained":[{"floor":6,"key":"MealTicket"},{"floor":8,"key":"Peace Pipe"},{"floor":9,"key":"Centennial Puzzle"},{"floor":17,"key":"Thread and Needle"},{"floor":17,"key":"Mummified Hand"},{"floor":17,"key":"Vajra"},{"floor":24,"key":"Kunai"},{"floor":26,"key":"Mercury Hourglass"}],"event_choices":[{"damage_healed":0,"gold_gain":0,"player_choice":"Success","damage_taken":3,"relics_obtained":["Nunchaku"],"max_hp_gain":0,"max_hp_loss":0,"event_name":"Scrap Ooze","floor":3,"gold_loss":0},{"damage_healed":0,"gold_gain":175,"player_choice":"AGREE","damage_taken":0,"max_hp_gain":0,"max_hp_loss":0,"event_name":"Liars Game","floor":4,"gold_loss":0,"cards_obtained":["Doubt"]},{"damage_healed":0,"gold_gain":0,"player_choice":"Upgraded","damage_taken":0,"max_hp_gain":0,"max_hp_loss":0,"event_name":"Upgrade Shrine","floor":5,"gold_loss":0,"cards_upgraded":["Neutralize"]},{"damage_healed":19,"gold_gain":0,"player_choice":"Healed and dodged fight","damage_taken":0,"max_hp_gain":0,"max_hp_loss":0,"event_name":"Mushrooms","floor":12,"gold_loss":0,"cards_obtained":["Parasite"]},{"damage_healed":0,"gold_gain":0,"player_choice":"Inject Mutagens","damage_taken":0,"relics_obtained":["MutagenicStrength"],"max_hp_gain":0,"max_hp_loss":0,"event_name":"Drug Dealer","floor":21,"gold_loss":0},{"damage_healed":25,"gold_gain":0,"player_choice":"Heal","damage_taken":0,"max_hp_gain":0,"max_hp_loss":0,"event_name":"The Library","floor":25,"gold_loss":0},{"damage_healed":0,"gold_gain":0,"player_choice":"Ignored","damage_taken":0,"max_hp_gain":0,"max_hp_loss":0,"event_name":"Ghosts","floor":28,"gold_loss":0},{"cards_removed":["Strike_G"],"damage_healed":0,"gold_gain":0,"player_choice":"Elegance","damage_taken":0,"max_hp_gain":0,"max_hp_loss":0,"event_name":"Back to Basics","floor":29,"gold_loss":0}],"is_beta":false,"boss_relics":[{"not_picked":["SlaversCollar","Black Star"],"picked":"Calling Bell"}],"items_purged_floors":[10,31],"is_endless":false,"potions_floor_spawned":[7,8,11,14,20,22,30],"killed_by":"Collector","ascension_level":0}}