{"host":"7rmsgc3rayi00cdt","time":1612015484,"event":{"mods":["BaseMod","Minty Spire (QoL Compilation)"],"gold_per_floor":[15,32,32,107,123,123,133,133,133,162,162,178,328,347,347,347,347],"floor_reached":16,"language":"ENG","playtime":524,"items_purged":[],"score":199,"play_id":"e4d821f8-54ec-4ebe-8645-2dbf7d8fa83b","local_time":"20210130140444","is_ascension_mode":true,"campfire_choices":[{"floor":6,"key":"REST"},{"floor":8,"key":"REST"},{"floor":15,"key":"REST"}],"circlet_count":0,"master_deck":["AscendersBane","Strike_B","Strike_B","Strike_B","Strike_B","Defend_B","Defend_B","Defend_B","Defend_B","Zap","Dualcast","Violence","Rebound","Hologram","Auto Shields","Gash","Doubt"],"relics":["Cracked Core","Bird Faced Urn","Turnip","Bottled Lightning"],"acts_visited":["Exordium"],"potions_floor_usage":[10,12],"damage_taken":[{"damage":1,"enemies":"Cultist","floor":1,"turns":3},{"damage":9,"enemies":"Jaw Worm","floor":2,"turns":3},{"damage":6,"enemies":"Small Slimes","floor":5,"turns":5},{"damage":16,"enemies":"Exordium Wildlife","floor":7,"turns":8},{"damage":32,"enemies":"3 Sentries","floor":10,"turns":10},{"damage":4,"enemies":"Red Slaver","floor":12,"turns":3},{"damage":8,"enemies":"3 Louse","floor":14,"turns":4},{"damage":23,"enemies":"Hexaghost","floor":16,"turns":9}],"seed_played":"-2914136251106829708","potions_obtained":[{"floor":2,"key":"FocusPotion"},{"floor":10,"key":"GamblersBrew"}],"is_trial":false,"path_per_floor":["M","M","?","?","M","R","M","R","T","E","?","M","?","M","R","B"],"character_chosen":"DEFECT","items_purchased":[],"campfire_rested":3,"item_purchase_floors":[],"current_hp_per_floor":[63,54,36,25,19,40,24,45,45,13,13,9,9,1,22,0,0],"gold":347,"neow_bonus":"RANDOM_COLORLESS_2","is_daily":false,"chose_seed":false,"campfire_upgraded":0,"win_rate":0.0,"timestamp":1612015484,"path_taken":["M","?","?","?","M","R","M","R","T","E","?","M","?","M","R","BOSS"],"items_purchased_type":[],"build_version":"2020-12-22","purchased_purges":0,"victory":false,"max_hp_per_floor":[71,71,71,71,71,71,71,71,71,71,71,71,71,71,71,71,71],"card_choices":[{"not_picked":["Apotheosis","Sadistic Nature"],"picked":"Violence","floor":0},{"not_picked":["Glacier","Redo"],"picked":"Rebound","floor":1},{"not_picked":["Turbo","Blizzard"],"picked":"Hologram","floor":2},{"not_picked":["Reinforced Body","Genetic Algorithm"],"picked":"Auto Shields","floor":5},{"not_picked":["Rip and Tear","Hello World","Steam"],"picked":"SKIP","floor":7},{"not_picked":["Defragment","Glacier"],"picked":"Gash","floor":10},{"not_picked":["Barrage","Conserve Battery","Sweeping Beam"],"picked":"SKIP","floor":12},{"not_picked":["Barrage","Compile Driver","Sweeping Beam"],"picked":"SKIP","floor":14}],"player_experience":790752,"relics_obtained":[{"floor":9,"key":"Turnip"},{"floor":10,"key":"Bottled Lightning"}],"event_choices":[{"damage_healed":0,"gold_gain":0,"player_choice":"Success","damage_taken":18,"relics_obtained":["Bird Faced Urn"],"max_hp_gain":0,"max_hp_loss":0,"event_name":"Scrap Ooze","floor":3,"gold_loss":0},{"damage_healed":0,"gold_gain":75,"player_choice":"Gather Gold","damage_taken":11,"max_hp_gain":0,"max_hp_loss":0,"event_name":"World of Goop","floor":4,"gold_loss":0},{"damage_healed":0,"gold_gain":0,"player_choice":"Ignored","damage_taken":0,"max_hp_gain":0,"max_hp_loss":0,"event_name":"Shining Light","floor":11,"gold_loss":0},{"damage_healed":0,"gold_gain":150,"player_choice":"AGREE","damage_taken":0,"max_hp_gain":0,"max_hp_loss":0,"event_name":"Liars Game","floor":13,"gold_loss":0,"cards_obtained":["Doubt"]}],"is_beta":false,"boss_relics":[],"items_purged_floors":[],"is_endless":false,"potions_floor_spawned":[2,10],"killed_by":"Hexaghost","ascension_level":19}}