{"host":"15dd7v8o90xso62x","time":1612029113,"event":{"mods":["BaseMod","Minty Spire (QoL Compilation)","Quick Restart","StSLib","SuperFastMode"],"gold_per_floor":[10,10,35,56,76,76,116,116,168,181,181,181,202,252,252,348,348,361,35,50,64,87,87,101,141,165,165,189,214,214,239,239,335,398,412,412,425,425,448,448,491,173,173,188,188,188,224,557,557,557,557],"floor_reached":52,"language":"KOR","playtime":1865,"items_purged":["Strike_B"],"score":2147,"play_id":"a4756321-4949-4c7f-a3d8-70d4b9fc4270","local_time":"20210131025153","is_ascension_mode":true,"campfire_choices":[{"data":"Zap","floor":6.0,"key":"SMITH"},{"data":"Lockon","floor":12.0,"key":"SMITH"},{"data":"Dualcast","floor":15.0,"key":"SMITH"},{"data":"Buffer","floor":23.0,"key":"SMITH"},{"data":"Thunder Strike","floor":30.0,"key":"SMITH"},{"data":"Reinforced Body","floor":32.0,"key":"SMITH"},{"data":"Coolheaded","floor":40,"key":"SMITH"},{"data":"Turbo","floor":46,"key":"SMITH"},{"data":"Biased Cognition","floor":49,"key":"SMITH"}],"circlet_count":0,"master_deck":["AscendersBane","Strike_B","Defend_B","Defend_B","Defend_B","Zap+1","Dualcast+1","Ball Lightning","Lockon+1","Sweeping Beam","Buffer+1","FTL","Coolheaded+1","Reinforced Body+1","Thunder Strike+1","Chill+1","Electrodynamics","Hologram+1","Skim+1","Buffer+1","Biased Cognition+1","Coolheaded+1","Turbo+1","Defragment+1","Panacea"],"relics":["Cracked Core","StrikeDummy","Regal Pillow","Bag of Marbles","Coffee Dripper","Orrery","Symbiotic Virus","DataDisk","Tiny House","Smiling Mask","Runic Capacitor","The Courier","Vajra"],"acts_visited":["Exordium","TheCity","TheBeyond"],"potions_floor_usage":[35,51],"damage_taken":[{"damage":4.0,"enemies":"Jaw Worm","floor":1.0,"turns":3.0},{"damage":0.0,"enemies":"Small Slimes","floor":3.0,"turns":2.0},{"damage":0.0,"enemies":"Cultist","floor":4.0,"turns":2.0},{"damage":8.0,"enemies":"Blue Slaver","floor":5.0,"turns":2.0},{"damage":27.0,"enemies":"Lagavulin","floor":7.0,"turns":5.0},{"damage":11.0,"enemies":"Looter","floor":10.0,"turns":2.0},{"damage":10.0,"enemies":"Lots of Slimes","floor":13.0,"turns":2.0},{"damage":45.0,"enemies":"The Guardian","floor":16.0,"turns":9.0},{"damage":0.0,"enemies":"Spheric Guardian","floor":18.0,"turns":3.0},{"damage":0.0,"enemies":"Chosen","floor":20.0,"turns":3.0},{"damage":12.0,"enemies":"Sentry and Sphere","floor":21.0,"turns":5.0},{"damage":3.0,"enemies":"Snecko","floor":22.0,"turns":5.0},{"damage":24.0,"enemies":"Snake Plant","floor":24.0,"turns":3.0},{"damage":15.0,"enemies":"Slavers","floor":25.0,"turns":2.0},{"damage":4.0,"enemies":"Centurion and Healer","floor":28.0,"turns":6.0},{"damage":0.0,"enemies":"Chosen and Byrds","floor":29.0,"turns":4.0},{"damage":0.0,"enemies":"Cultist and Chosen","floor":31.0,"turns":5.0},{"damage":0.0,"enemies":"Collector","floor":33.0,"turns":9.0},{"damage":0,"enemies":"Orb Walker","floor":35,"turns":2},{"damage":5,"enemies":"3 Shapes","floor":37,"turns":2},{"damage":0,"enemies":"Sphere and 2 Shapes","floor":39,"turns":5},{"damage":0,"enemies":"Giant Head","floor":41,"turns":7},{"damage":0,"enemies":"Transient","floor":44,"turns":6},{"damage":0,"enemies":"Reptomancer","floor":47,"turns":5},{"damage":25,"enemies":"Awakened One","floor":50,"turns":13},{"damage":0,"enemies":"Donu and Deca","floor":51,"turns":6}],"seed_played":"427865610823290428","potions_obtained":[{"floor":1.0,"key":"BlessingOfTheForge"},{"floor":7.0,"key":"GamblersBrew"},{"floor":10.0,"key":"SkillPotion"},{"floor":21.0,"key":"DuplicationPotion"},{"floor":25.0,"key":"SteroidPotion"},{"floor":31.0,"key":"SpeedPotion"},{"floor":34,"key":"Energy Potion"},{"floor":39,"key":"DuplicationPotion"}],"is_trial":false,"path_per_floor":["M","?","M","M","M","R","E","?","T","M","?","R","M","?","R","B",null,"M","$","M","M","M","R","M","E","T","?","M","M","R","M","R","B",null,"M","?","M","?","M","R","E","$","T","M","?","R","E","?","R","B","B",null],"character_chosen":"DEFECT","items_purchased":["Orrery","Thunder Strike","Runic Capacitor","Panacea"],"campfire_rested":0,"item_purchase_floors":[19,19,42,42],"current_hp_per_floor":[60,36,36,36,28,28,1,81,81,70,70,70,60,60,60,15,65,65,65,65,53,50,50,26,11,11,11,7,7,7,7,7,7,68,68,68,63,63,63,63,63,63,63,63,63,63,63,63,63,38,38],"gold":557,"neow_bonus":"REMOVE_TWO","is_daily":false,"chose_seed":false,"campfire_upgraded":9,"win_rate":0.0,"timestamp":1612029113,"path_taken":["M","?","M","M","M","R","E","?","T","?","?","R","M","?","R","BOSS","M","?","M","?","M","R","M","E","T","?","M","M","R","M","R","BOSS","M","?","M","?","M","R","E","$","T","M","?","R","E","?","R","BOSS","BOSS"],"items_purchased_type":["Relic","Card","Relic","Card"],"build_version":"2020-12-22","purchased_purges":1,"victory":true,"max_hp_per_floor":[71,71,71,71,71,71,71,81,81,81,81,81,81,81,81,81,81,81,81,81,81,81,81,81,81,81,81,81,81,81,81,81,81,86,86,86,86,86,86,86,86,86,86,86,82,82,82,82,82,82,82],"card_choices":[{"not_picked":["Doom and Gloom","Go for the Eyes"],"picked":"Ball Lightning","floor":1.0},{"not_picked":["Leap","Steam"],"picked":"Lockon","floor":3.0},{"not_picked":["Gash","Heatsinks","Cold Snap"],"picked":"SKIP","floor":4.0},{"not_picked":["Stack","Gash"],"picked":"Sweeping Beam","floor":5.0},{"not_picked":["Turbo","White Noise"],"picked":"Reboot","floor":7.0},{"not_picked":["Barrage","Stack","Hello World"],"picked":"SKIP","floor":10.0},{"not_picked":["Streamline","Barrage","Stack"],"picked":"SKIP","floor":13.0},{"not_picked":["Reboot","Machine Learning"],"picked":"Buffer","floor":16.0},{"not_picked":["Gash","Steam"],"picked":"FTL","floor":18.0},{"not_picked":["Gash","BootSequence"],"picked":"Coolheaded+1","floor":19.0},{"not_picked":["Blizzard","Undo+1"],"picked":"Reinforced Body","floor":19.0},{"not_picked":["Lockon","Conserve Battery"],"picked":"Chill","floor":20.0},{"not_picked":["Darkness","Rip and Tear","Cold Snap+1"],"picked":"SKIP","floor":21.0},{"not_picked":["Steam","Sweeping Beam"],"picked":"Electrodynamics","floor":22.0},{"not_picked":["Rip and Tear","Redo"],"picked":"Hologram+1","floor":24.0},{"not_picked":["Hologram","Leap"],"picked":"Skim+1","floor":25.0},{"not_picked":["Undo","Machine Learning","Rebound"],"picked":"SKIP","floor":28.0},{"not_picked":["Gash","Conserve Battery","Sweeping Beam"],"picked":"SKIP","floor":29.0},{"not_picked":["Storm","Beam Cell","Darkness"],"picked":"SKIP","floor":31.0},{"not_picked":["Reboot","Machine Learning"],"picked":"Biased Cognition","floor":33.0},{"not_picked":["Gash","Hologram"],"picked":"Coolheaded","floor":34},{"not_picked":["Scrape","Steam+1","Sweeping Beam+1"],"picked":"SKIP","floor":35},{"not_picked":["Coolheaded","Sweeping Beam","Streamline"],"picked":"SKIP","floor":37},{"not_picked":["Conserve Battery","Stack"],"picked":"Turbo","floor":39},{"not_picked":["BootSequence","Skim"],"picked":"Defragment+1","floor":41},{"not_picked":["Skim","Ball Lightning","Cold Snap"],"picked":"SKIP","floor":44},{"not_picked":["Blizzard","Auto Shields","Reprogram"],"picked":"SKIP","floor":47}],"player_experience":908379,"relics_obtained":[{"floor":7.0,"key":"StrikeDummy"},{"floor":9.0,"key":"Regal Pillow"},{"floor":25.0,"key":"Symbiotic Virus"},{"floor":26.0,"key":"DataDisk"},{"floor":41,"key":"Smiling Mask"},{"floor":43,"key":"The Courier"},{"floor":47,"key":"Vajra"}],"event_choices":[{"damage_healed":0.0,"max_hp_gain":0.0,"max_hp_loss":0.0,"gold_gain":0.0,"event_name":"Golden Idol","player_choice":"Take Damage","floor":2.0,"gold_loss":0.0,"damage_taken":24.0,"relics_obtained":["Golden Idol"]},{"cards_removed":["Reboot"],"damage_healed":70.0,"max_hp_gain":10.0,"max_hp_loss":0.0,"gold_gain":0.0,"event_name":"Bonfire Elementals","player_choice":"Offered Rare","floor":8.0,"gold_loss":0.0,"damage_taken":0.0},{"damage_healed":0.0,"max_hp_gain":0.0,"max_hp_loss":0.0,"gold_gain":0.0,"event_name":"Dead Adventurer","player_choice":"Searched \u00271\u0027 times","floor":11.0,"gold_loss":0.0,"damage_taken":0.0,"relics_obtained":["Bag of Marbles"]},{"damage_healed":0.0,"max_hp_gain":0.0,"max_hp_loss":0.0,"gold_gain":50.0,"event_name":"Golden Shrine","player_choice":"Pray","floor":14.0,"gold_loss":0.0,"damage_taken":0.0},{"damage_healed":0.0,"max_hp_gain":0.0,"max_hp_loss":0.0,"gold_gain":0.0,"event_name":"Duplicator","player_choice":"Copied","floor":27.0,"gold_loss":0.0,"damage_taken":0.0,"cards_obtained":["Buffer"]},{"cards_removed":["Strike_B"],"damage_healed":0,"gold_gain":0,"player_choice":"Removed Attack","damage_taken":0,"max_hp_gain":0,"max_hp_loss":0,"event_name":"Falling","floor":36,"gold_loss":0},{"damage_healed":0,"gold_gain":0,"player_choice":"Ignored","damage_taken":0,"max_hp_gain":0,"max_hp_loss":0,"event_name":"Tomb of Lord Red Mask","floor":38,"gold_loss":0},{"damage_healed":0,"gold_gain":0,"player_choice":"Max HP","damage_taken":0,"max_hp_gain":0,"max_hp_loss":4,"event_name":"Winding Halls","floor":45,"gold_loss":0},{"damage_healed":0,"gold_gain":333,"player_choice":"Gave Idol","damage_taken":0,"max_hp_gain":0,"max_hp_loss":0,"event_name":"The Moai Head","floor":48,"relics_lost":["Golden Idol"],"gold_loss":0}],"is_beta":false,"boss_relics":[{"not_picked":["Snecko Eye","Runic Dome"],"picked":"Coffee Dripper"},{"not_picked":["Sozu","Black Star"],"picked":"Tiny House"}],"items_purged_floors":[42],"is_endless":false,"potions_floor_spawned":[1,7,10,21,24,25,31,39],"ascension_level":20}}