{"host":"3vgzk5mhz751jdrj","time":1612030849,"event":{"mods":["2.2 Compatiblity","AchievementEnabler","Act Like it!","Aspiration","BaseMod","Better Altar","Better Match","Better Note","Better Sensory Stone","Better Skull","Better Third Choice","Block Reminder","Colored Map","Conspire","Curses Come First","Dark Map","Displayed Cursed Tome","Downfall","Friendly Minions","GifTheSpireLib","Halation","Hubris","Marked Mod","Mimic Mod","Minty Spire (QoL Compilation)","Quick Restart","Rare Cards Sparkle","Replay The Spire","Shop Mod","Spicy Shops","Spikes Relics","StSLib","Stuff the Spire","Trackpad"],"gold_per_floor":[99,118,118,129,141,176,202,202,127,27,47,66,66,92,108,205,205,205,223,70,89,104,131,171,185,205,105,119,130,130,145,162,263,263,263,280,280,280,330,330,365,48,48,80,98,117,117,128,147,147],"floor_reached":51,"language":"ENG","playtime":2917,"items_purged":["downfall:Malfunctioning","Pain"],"score":879,"play_id":"e90f523e-1e14-4bf4-a78d-722494ce49b2","local_time":"20210130132049","is_ascension_mode":true,"campfire_choices":[{"data":"champ:Taunt","floor":1.0,"key":"SMITH"},{"floor":10.0,"key":"REST"},{"data":"champ:FanOfKnives","floor":13.0,"key":"SMITH"},{"data":"champ:FanOfKnives","floor":18.0,"key":"SMITH"},{"floor":27.0,"key":"REST"},{"floor":30.0,"key":"RECALL"},{"data":"1","floor":35,"key":"LIFT"},{"data":"2","floor":43,"key":"LIFT"},{"data":"champ:LastStand","floor":47,"key":"SMITH"}],"circlet_count":0,"master_deck":["champ:Strike","champ:Strike","champ:Strike","champ:Strike","champ:Defend","champ:Defend","champ:Defend+1","champ:Defend","champ:Execute+1","champ:Taunt+1","champ:LastStand+1","champ:Shatter","champ:FanOfKnives+1","champ:RageSigil+1","champ:SwordThrow+1","champ:FanOfKnives+1","champ:ViciousMockery","champ:RisingSlash","champ:UltimateStance+1","champ:TripleStrike","champ:AdrenalArmor","champ:Encircle+1","champ:BerserkersShout","champ:FaceSlap+1","champ:Backstep","champ:BerserkersShout","champ:Duel","champ:Backstep","champ:Endure","champ:FocusedBerserking+1","champ:FocusedBerserking+1","champ:EndlessRage+1","champ:FanOfKnives+1"],"relics":["champ:ChampionCrown","Girya","StuffTheSpire:Gunfinga","downfall:HeartBlessingGreen","RetroEgg","aspiration:PoetsPen_weak","ReplayTheSpireMod:TigerMarble","downfall:HeartBlessingBlue","ChewingGum","hubris:64BitClover","conspire:Boomerang","Lee\u0027s Waffle","Replay:Bottled Steam","Bag of Marbles","hubris:DeckOfHolding"],"acts_visited":["Exordium","TheCity","TheBeyond"],"potions_floor_usage":[33,39,50,50,50],"damage_taken":[{"damage":10.0,"enemies":"Jaw Worm","floor":2.0,"turns":3.0},{"damage":35.0,"enemies":"Cultist","floor":4.0,"turns":4.0},{"damage":19.0,"enemies":"conspire:RoseBush","floor":5.0,"turns":3.0},{"damage":65.0,"enemies":"Lagavulin","floor":6.0,"turns":6.0},{"damage":2.0,"enemies":"Exordium Thugs","floor":11.0,"turns":2.0},{"damage":19.0,"enemies":"Blue Slaver","floor":12.0,"turns":2.0},{"damage":26.0,"enemies":"Replay:BlueRogue","floor":14.0,"turns":4.0},{"damage":0.0,"enemies":"3 Louse","floor":15.0,"turns":1.0},{"damage":21.0,"enemies":"WA_ARCHETYPE_RETAIN","floor":16.0,"turns":4.0},{"damage":30.0,"enemies":"conspire:FuzzyDice","floor":19.0,"turns":3.0},{"damage":35.0,"enemies":"downfall:FleeingMerchant","floor":20.0,"turns":4.0},{"damage":18.0,"enemies":"Cultist and Chosen","floor":21.0,"turns":2.0},{"damage":35.0,"enemies":"Centurion and Healer","floor":22.0,"turns":2.0},{"damage":78.0,"enemies":"conspire:MimicChest","floor":23.0,"turns":4.0},{"damage":35.0,"enemies":"conspire:HollyBat","floor":24.0,"turns":2.0},{"damage":40.0,"enemies":"conspire:HollyBat","floor":25.0,"turns":8.0},{"damage":28.0,"enemies":"Snake Plant","floor":26.0,"turns":3.0},{"damage":30.0,"enemies":"3 Cultists","floor":28.0,"turns":3.0},{"damage":30.0,"enemies":"Sentry and Sphere","floor":29.0,"turns":2.0},{"damage":40.0,"enemies":"Centurion and Healer","floor":31.0,"turns":2.0},{"damage":25.0,"enemies":"Snake Plant","floor":32.0,"turns":1.0},{"damage":113,"enemies":"SI_MIRROR_ARCHETYPE","floor":33,"turns":6},{"damage":30,"enemies":"3 Shapes","floor":36,"turns":1},{"damage":43,"enemies":"3 Shapes","floor":39,"turns":3},{"damage":70,"enemies":"3 Darklings","floor":41,"turns":4},{"damage":50,"enemies":"downfall:FleeingMerchant","floor":42,"turns":2},{"damage":20,"enemies":"Reptomancer","floor":44,"turns":1},{"damage":5,"enemies":"3 Darklings","floor":45,"turns":1},{"damage":47,"enemies":"Writhing Mass","floor":46,"turns":2},{"damage":10,"enemies":"Jaw Worm Horde","floor":48,"turns":1},{"damage":5,"enemies":"3 Darklings","floor":49,"turns":1},{"damage":99,"enemies":"IC_BLOCK_ARCHETYPE","floor":50,"turns":5}],"seed_played":"4766429287779864683","potions_obtained":[{"floor":4.0,"key":"Explosive Potion"},{"floor":5.0,"key":"AttackPotion"},{"floor":11.0,"key":"champ:CounterPotion"},{"floor":14.0,"key":"AttackPotion"},{"floor":21.0,"key":"Guardian:BlockOnCardUsePotion"},{"floor":23.0,"key":"hexamod:SoulburnPotion"},{"floor":26.0,"key":"Dexterity Potion"},{"floor":28.0,"key":"hexamod:SoulburnPotion"},{"floor":29.0,"key":"Guardian:BlockOnCardUsePotion"},{"floor":33,"key":"hexamod:SoulburnPotion"},{"floor":44,"key":"LiquidBronze"},{"floor":45,"key":"BlessingOfTheForge"},{"floor":48,"key":"SpeedPotion"},{"floor":49,"key":"SteroidPotion"}],"is_trial":false,"path_per_floor":["R","M","?","M","M","E","T","?","?","R","M","M","R","E","M","B",null,"R","M","$","M","M","?","MIM","M","M","R","M","M","R","M","M","B",null,"R","M","?","?","?","?","MIM","$","R","E","M","M","R","M","M","B",null],"character_chosen":"THE_CHAMP","items_purchased":["champ:BerserkersShout","champ:FaceSlap+1","Lee\u0027s Waffle","Replay:Bottled Steam","Bag of Marbles"],"campfire_rested":2,"item_purchase_floors":[20,20,42,42,42],"current_hp_per_floor":[90,90,75,65,56,26,26,26,26,53,51,42,42,31,31,25,90,90,90,90,82,82,49,49,29,29,69,69,69,69,69,69,27,100,100,100,100,100,92,77,81,107,107,107,107,100,100,100,104,65],"gold":147,"neow_bonus":"ONE_RANDOM_RARE_CARD","is_daily":false,"chose_seed":false,"campfire_upgraded":4,"win_rate":0.0,"timestamp":1612030849,"path_taken":["R","M","?","?","M","E","T","?","?","R","M","M","R","E","M","BOSS","R","M","$","M","M","?","MIM","M","M","R","M","M","R","M","M","BOSS","R","M","?","?","?","?","MIM","$","R","E","M","M","R","M","M","BOSS"],"items_purchased_type":["Card","Card","Relic","Relic","Relic"],"build_version":"2020-12-22","purchased_purges":2,"victory":true,"max_hp_per_floor":[90,90,90,90,90,90,90,90,90,90,90,90,90,90,90,90,90,90,90,90,90,90,90,90,90,90,100,100,100,100,100,100,100,100,100,100,100,100,100,100,100,107,107,107,107,107,107,107,107,107],"card_choices":[{"not_picked":["champ:FancyFootwork","champ:PerfectedStrike"],"picked":"champ:Shatter","floor":2.0},{"not_picked":["champ:BringItOn","champ:FancyFootwork","champ:TornadoPunch"],"picked":"SKIP","floor":4.0},{"not_picked":["champ:StanceDance","champ:Shatter"],"picked":"champ:FanOfKnives","floor":5.0},{"not_picked":["champ:ArenaPreparation","champ:EnchantShield"],"picked":"champ:RageSigil","floor":6.0},{"not_picked":["champ:Devastate+1","champ:CheapShot+1"],"picked":"champ:SwordThrow+1","floor":9.0},{"not_picked":["champ:RecklessLeap","champ:Haymaker"],"picked":"champ:FanOfKnives","floor":11.0},{"not_picked":["champ:HeartStrike","champ:Backstep"],"picked":"champ:ViciousMockery","floor":12.0},{"not_picked":["champ:SetATrap","champ:Haymaker"],"picked":"champ:RisingSlash","floor":14.0},{"not_picked":["champ:BladeFlurry","champ:Lariat"],"picked":"champ:UltimateStance","floor":15.0},{"not_picked":["champ:ShieldThrow","champ:GladiatorForm"],"picked":"champ:TripleStrike","floor":16.0},{"not_picked":["champ:SwordSigil","champ:DefensiveShout"],"picked":"champ:AdrenalArmor","floor":19.0},{"not_picked":["champ:PerfectedStrike","champ:Haymaker+1"],"picked":"champ:Encircle+1","floor":20.0},{"not_picked":["champ:PreemptiveStrike","champ:BringItOn"],"picked":"champ:Backstep","floor":21.0},{"not_picked":["champ:SteelEdge","champ:ShieldWall"],"picked":"champ:BerserkersShout","floor":22.0},{"not_picked":["champ:ViciousMockery","champ:RapidStrikes+1"],"picked":"champ:Duel","floor":23.0},{"not_picked":["champ:StanceDance","champ:GutPunch+1"],"picked":"champ:Backstep","floor":25.0},{"not_picked":["champ:RageSigil","champ:PerfectedStrike","champ:DancingMaster"],"picked":"SKIP","floor":26.0},{"not_picked":["champ:ShieldSigil+1","champ:StanceDance"],"picked":"champ:Endure","floor":28.0},{"not_picked":["champ:Backstep","champ:Duel+1"],"picked":"champ:FocusedBerserking","floor":29.0},{"not_picked":["champ:IgnorePain","champ:AdrenalArmor","champ:FlashCut"],"picked":"SKIP","floor":31.0},{"not_picked":["champ:Backstep","champ:CrownThrow","champ:ShieldSigil"],"picked":"SKIP","floor":32.0},{"not_picked":["champ:ShieldWall","champ:BringItOn+1"],"picked":"champ:FocusedBerserking+1","floor":36},{"not_picked":["champ:PreemptiveStrike+1","champ:RecklessLeap+1"],"picked":"champ:EndlessRage+1","floor":37},{"not_picked":["champ:ArenaPreparation","champ:HoldFirm"],"picked":"champ:FanOfKnives+1","floor":41},{"not_picked":["champ:FanOfKnives+1","champ:FocusedDefense","champ:EnGarde+1"],"picked":"SKIP","floor":42},{"not_picked":["champ:ShieldThrow","champ:BringItOn+1","champ:Circumvent+1"],"picked":"SKIP","floor":44},{"not_picked":["champ:AdrenalArmor","champ:BringItOn+1","champ:StanceDance"],"picked":"SKIP","floor":45},{"not_picked":["champ:SwordSigil+1","champ:TornadoPunch+1","champ:DefensiveShout+1"],"picked":"SKIP","floor":46},{"not_picked":["champ:FlashCut+1","champ:BringItOn+1","champ:Circumvent"],"picked":"SKIP","floor":48},{"not_picked":["champ:DefensiveShout","champ:BerserkersShout+1","champ:GladiatorForm"],"picked":"SKIP","floor":49}],"player_experience":421588,"relics_obtained":[{"floor":6.0,"key":"Girya"},{"floor":7.0,"key":"StuffTheSpire:Gunfinga"},{"floor":14.0,"key":"RetroEgg"},{"floor":23.0,"key":"ReplayTheSpireMod:TigerMarble"},{"floor":39,"key":"hubris:64BitClover"},{"floor":41,"key":"conspire:Boomerang"},{"floor":44,"key":"hubris:DeckOfHolding"}],"event_choices":[{"damage_healed":0.0,"max_hp_gain":0.0,"max_hp_loss":0.0,"gold_gain":0.0,"event_name":"betterMatch:BetterMatch","player_choice":"2","floor":9.0,"gold_loss":0.0,"damage_taken":0.0,"cards_obtained":["betterMatch:RareCard"]},{"damage_healed":0,"gold_gain":0,"player_choice":"2","damage_taken":0,"max_hp_gain":0,"max_hp_loss":0,"event_name":"betterMatch:BetterMatch","floor":37,"gold_loss":0,"cards_obtained":["betterMatch:UncommonCard"]}],"is_beta":false,"boss_relics":[{"not_picked":["Abe\u0027s Treasure","Replay:Drink Me"],"picked":"aspiration:PoetsPen_weak"},{"not_picked":["Kintsugi","Black Star"],"picked":"ChewingGum"}],"items_purged_floors":[42,42],"is_endless":false,"potions_floor_spawned":[4,5,11,14,21,23,26,28,29,33,44,45,48,49],"ascension_level":4}}