{"host":"5ty8fyb0ngp9gspj","time":1612010637,"event":{"mods":["2.2 Compatiblity","AchievementEnabler","Act Like it!","BaseMod","Colored Map","Downfall","Minty Spire (QoL Compilation)","Rare Cards Sparkle","Relic Stats","Reliquary","StSLib","The Jungle","slay the spire mod where everything is the same but ironclad has a cowboy hat"],"gold_per_floor":[99,99,99,99,99,9,9,35,35,62,73,93,193,220,235,335,335,235,247,257,276,295,328,406,422,65,91,104,104,118,218,228,331,331,231,231,381,73,89,89,89,107,7,7,7,37,37,67,82,82,82,112,42,42,42,42],"floor_reached":57,"language":"ENG","playtime":4133,"items_purged":["bronze:Strike","bronze:Defend"],"score":1502,"play_id":"307686c5-7f80-4da1-b1bf-b3890e4d72e9","local_time":"20210130234357","is_ascension_mode":true,"campfire_choices":[{"data":"bronze:Replicate","floor":1,"key":"SMITH"},{"data":"bronze:Hardcode","floor":18,"key":"SMITH"},{"floor":29,"key":"RECALL"},{"data":"bronze:Library","floor":35,"key":"SMITH"},{"data":"bronze:InfiniteBeams","floor":40,"key":"SMITH"},{"data":"bronze:Turbo","floor":43,"key":"SMITH"},{"data":"bronze:Verify","floor":47,"key":"SMITH"},{"data":"bronze:Shell","floor":54,"key":"SMITH"}],"circlet_count":0,"master_deck":["bronze:Strike","bronze:Defend","bronze:Replicate+1","bronze:Goto","bronze:Frontload+1","bronze:Verify+1","bronze:ChildClass","Dark Shackles","bronze:TinkerersToolbox","bronze:Frontload","bronze:CutThrough","bronze:Format+1","bronze:FunctionCard","bronze:ForceShield","bronze:Turbo+1","bronze:OilSpill+1","bronze:FineTuning","bronze:ThunderWave","bronze:FollowUp","bronze:BitShift+1","bronze:Constructor","bronze:Iterate","expansioncontent:QuickStudy","bronze:Philosophize","bronze:WhirlingStrike","J.A.X.","bronze:Return+1","bronze:InfiniteBeams+1","bronze:Safeguard+1","bronze:Library+1","bronze:Backtrace","bronze:Overload+1","bronze:Iterate+1","bronze:GetLatest+1","bronze:BronzeOrb","bronze:Shell+1","bronze:Repair","bronze:FindAndReplace"],"relics":["bronze:BronzeCore","downfall:HeartsMalice","Pantograph","sneckomod:BlankCard","Bag of Preparation","Runic Pyramid","downfall:HeartBlessingGreen","Anchor","reliquary:TridentHead","Happy Flower","MutagenicStrength","expansioncontent:StudyCardRelic","downfall:HeartBlessingRed","TungstenRod","downfall:HeartBlessingBlue","Kunai","Smiling Mask","War Paint"],"acts_visited":["Exordium","TheCity","TheBeyond","TheEnding"],"potions_floor_usage":[16,19,23,23,26,52,52,55],"damage_taken":[{"damage":0,"enemies":"Small Slimes","floor":2,"turns":1},{"damage":0,"enemies":"Jaw Worm","floor":4,"turns":1},{"damage":0,"enemies":"Cultist","floor":5,"turns":1},{"damage":0,"enemies":"downfall:FleeingMerchant","floor":6,"turns":4},{"damage":8,"enemies":"Lagavulin","floor":8,"turns":8},{"damage":51,"enemies":"Gremlin Nob","floor":10,"turns":6},{"damage":5,"enemies":"Gremlin Gang","floor":11,"turns":5},{"damage":0,"enemies":"2 Fungi Beasts","floor":12,"turns":4},{"damage":0,"enemies":"Lagavulin","floor":14,"turns":7},{"damage":1,"enemies":"Blue Slaver","floor":15,"turns":4},{"damage":5,"enemies":"DF_ARCHETYPE_STREAMLINE","floor":16,"turns":13},{"damage":0,"enemies":"Chosen","floor":19,"turns":4},{"damage":2,"enemies":"Chosen and Byrds","floor":20,"turns":6},{"damage":0,"enemies":"3 Cultists","floor":21,"turns":7},{"damage":0,"enemies":"Cultist and Chosen","floor":22,"turns":5},{"damage":0,"enemies":"Slavers","floor":23,"turns":8},{"damage":6,"enemies":"Snecko","floor":25,"turns":5},{"damage":0,"enemies":"downfall:FleeingMerchant","floor":26,"turns":4},{"damage":0,"enemies":"Gremlin Leader","floor":27,"turns":4},{"damage":4,"enemies":"Centurion and Healer","floor":28,"turns":5},{"damage":0,"enemies":"Snake Plant","floor":30,"turns":3},{"damage":2,"enemies":"downfall:Augmenter","floor":31,"turns":6},{"damage":0,"enemies":"3 Cultists","floor":32,"turns":3},{"damage":25,"enemies":"IC_MUSHROOM_ARCHETYPE","floor":33,"turns":5},{"damage":3,"enemies":"downfall:FleeingMerchant","floor":38,"turns":4},{"damage":0,"enemies":"3 Shapes","floor":39,"turns":1},{"damage":0,"enemies":"3 Darklings","floor":42,"turns":1},{"damage":25,"enemies":"Reptomancer","floor":46,"turns":4},{"damage":2,"enemies":"Nemesis","floor":48,"turns":5},{"damage":0,"enemies":"Spire Growth","floor":49,"turns":4},{"damage":7,"enemies":"SI_POISON_ARCHETYPE","floor":50,"turns":10},{"damage":10,"enemies":"downfall:CharBossMerchant","floor":52,"turns":8},{"damage":46,"enemies":"downfall:NeowBoss","floor":55,"turns":13},{"damage":53,"enemies":"downfall:NeowBossFinal","floor":56,"turns":9}],"seed_played":"-4042065568960928349","potions_obtained":[{"floor":8,"key":"bronze:FreeFunctionsPotion"},{"floor":10,"key":"Weak Potion"},{"floor":11,"key":"SteroidPotion"},{"floor":14,"key":"Fire Potion"},{"floor":16,"key":"FearPotion"},{"floor":19,"key":"hexamod:SoulburnPotion"},{"floor":25,"key":"bronze:FreeFunctionsPotion"},{"floor":28,"key":"Fire Potion"},{"floor":30,"key":"sneckomod:MuddlingPotion"},{"floor":32,"key":"FairyPotion"},{"floor":52,"key":"Block Potion"}],"is_trial":false,"path_per_floor":["R","M","?","M","M","$","T","E","?","E","M","M","?","E","M","B",null,"R","M","M","M","M","E","T","M","$","E","M","R","M","?","M","B",null,"R","?","?","$","M","R","T","M","R","?","?","E","R","E","M","B",null,"E","$","R","B","B",null],"character_chosen":"THE_AUTOMATON","items_purchased":["bronze:Constructor","bronze:Iterate","expansioncontent:QuickStudy","TungstenRod","bronze:FindAndReplace"],"campfire_rested":0,"item_purchase_floors":[26,26,26,38,53],"current_hp_per_floor":[70,70,70,70,70,70,70,62,62,11,6,6,6,6,5,25,70,70,70,68,68,68,68,68,62,62,62,58,58,58,56,56,45,70,70,70,70,67,67,67,67,67,77,77,77,52,52,50,50,68,80,70,70,70,34,13],"gold":42,"neow_bonus":"THREE_ENEMY_KILL","is_daily":false,"chose_seed":false,"campfire_upgraded":7,"win_rate":0.0,"timestamp":1612010637,"path_taken":["R","M","?","M","M","$","T","E","?","E","?","M","?","E","M","BOSS","R","M","M","?","M","E","T","M","$","E","M","R","M","?","M","BOSS","R","?","?","$","?","R","T","M","R","?","?","E","R","E","M","BOSS","E","$","R","BOSS","BOSS"],"items_purchased_type":["Card","Card","Card","Relic","Card"],"build_version":"2020-12-22","purchased_purges":2,"victory":true,"max_hp_per_floor":[70,70,70,70,70,70,70,70,70,70,70,70,70,70,70,70,70,70,70,70,70,70,70,70,70,70,70,70,70,70,70,70,70,70,70,70,70,70,70,70,70,70,80,80,80,80,80,80,80,80,80,80,80,80,80,80],"relic_stats":{"Happy Flower":[27],"counters":[34,175],"Pantograph":99,"Bag of Preparation":[56],"Kunai":[37],"War Paint":["bronze:Format","bronze:Frontload"],"Smiling Mask":0,"obtain_stats":[{"bronze:BronzeCore":0,"Happy Flower":27,"downfall:HeartBlessingRed":35,"sneckomod:BlankCard":8,"downfall:HeartsMalice":0,"downfall:HeartBlessingGreen":18,"Bag of Preparation":10,"expansioncontent:StudyCardRelic":34,"reliquary:RosewoodLute":14,"War Paint":52,"Smiling Mask":48,"reliquary:TridentHead":24,"Anchor":23,"downfall:HeartBlessingBlue":43,"Pantograph":7,"MutagenicStrength":31,"Kunai":46,"TungstenRod":38,"Runic Pyramid":17},{"bronze:BronzeCore":0,"Happy Flower":19,"downfall:HeartBlessingRed":24,"sneckomod:BlankCard":5,"downfall:HeartsMalice":0,"downfall:HeartBlessingGreen":11,"Bag of Preparation":6,"expansioncontent:StudyCardRelic":24,"reliquary:RosewoodLute":9,"War Paint":32,"Smiling Mask":29,"reliquary:TridentHead":16,"Anchor":16,"downfall:HeartBlessingBlue":27,"Pantograph":4,"MutagenicStrength":22,"Kunai":28,"TungstenRod":25,"Runic Pyramid":11},{"bronze:BronzeCore":0,"Happy Flower":94,"downfall:HeartBlessingRed":116,"sneckomod:BlankCard":12,"downfall:HeartsMalice":0,"downfall:HeartBlessingGreen":51,"Bag of Preparation":18,"expansioncontent:StudyCardRelic":116,"reliquary:RosewoodLute":34,"War Paint":153,"Smiling Mask":131,"reliquary:TridentHead":81,"Anchor":81,"downfall:HeartBlessingBlue":122,"Pantograph":4,"MutagenicStrength":108,"Kunai":126,"TungstenRod":120,"Runic Pyramid":51}],"TungstenRod":19},"card_choices":[{"not_picked":["bronze:CutThrough","bronze:ForLoop"],"picked":"bronze:Frontload","floor":2},{"not_picked":["bronze:Overheat","bronze:BuggyMess"],"picked":"bronze:Verify","floor":4},{"not_picked":["bronze:NullPointer","bronze:Invalidate"],"picked":"bronze:Terminator","floor":5},{"not_picked":["bronze:Iterate","bronze:ClassDefault"],"picked":"bronze:ChildClass","floor":6},{"not_picked":["bronze:Invalidate","bronze:Repulsor"],"picked":"bronze:OilSpill","floor":8},{"not_picked":["bronze:Fortify","bronze:ClassDefault"],"picked":"bronze:TinkerersToolbox","floor":10},{"not_picked":["bronze:DelayedGuard","bronze:Shield"],"picked":"bronze:BronzeArmor","floor":11},{"not_picked":["bronze:BitShift","bronze:WildBeam"],"picked":"bronze:Frontload","floor":12},{"not_picked":["bronze:ForLoop","bronze:WhirlingStrike"],"picked":"bronze:CutThrough","floor":14},{"not_picked":["bronze:Return","bronze:Shield"],"picked":"bronze:Format","floor":15},{"not_picked":["bronze:ThunderWave","bronze:Verify"],"picked":"bronze:Hardcode","floor":16},{"not_picked":["bronze:Overheat","bronze:Iterate"],"picked":"bronze:ForceShield","floor":19},{"not_picked":["bronze:CutThrough","bronze:Deprecate"],"picked":"bronze:Turbo","floor":20},{"not_picked":["bronze:Repair","bronze:Turbo"],"picked":"bronze:OilSpill+1","floor":21},{"not_picked":["bronze:Repair","bronze:BitShift"],"picked":"bronze:FineTuning","floor":22},{"not_picked":["bronze:Branch","bronze:Virus"],"picked":"bronze:ThunderWave","floor":23},{"not_picked":["bronze:MaxOutput","bronze:Branch"],"picked":"bronze:FollowUp","floor":25},{"not_picked":["bronze:Optimize","bronze:BronzeOrb"],"picked":"bronze:BitShift+1","floor":26},{"not_picked":["bronze:Constructor","bronze:Backtrace"],"picked":"bronze:Philosophize","floor":27},{"not_picked":["bronze:Turbo","bronze:Frontload","bronze:Invalidate"],"picked":"SKIP","floor":28},{"not_picked":["bronze:Repulsor","bronze:Shield+1"],"picked":"bronze:WhirlingStrike","floor":30},{"not_picked":[],"picked":"J.A.X.","floor":31},{"not_picked":["bronze:Terminator","bronze:Boost"],"picked":"bronze:Return+1","floor":31},{"not_picked":["bronze:BurnOut","bronze:CutThrough"],"picked":"bronze:Safeguard+1","floor":32},{"not_picked":["bronze:Format","bronze:HyperBeam"],"picked":"bronze:Library","floor":33},{"not_picked":["bronze:Turbo","bronze:Deprecate","bronze:OilSpill"],"picked":"SKIP","floor":38},{"not_picked":["bronze:NullPointer","bronze:FineTuning+1"],"picked":"bronze:Overload+1","floor":39},{"not_picked":["bronze:BuggyMess+1","bronze:ChildClass"],"picked":"bronze:Iterate+1","floor":42},{"not_picked":["bronze:ChildClass","bronze:Allocate+1"],"picked":"bronze:GetLatest+1","floor":46},{"not_picked":["bronze:Iterate","bronze:Frontload+1"],"picked":"bronze:BronzeOrb","floor":48},{"not_picked":["bronze:Safeguard+1","bronze:Frontload+1"],"picked":"bronze:Shell","floor":49},{"not_picked":["bronze:Constructor","bronze:WhirlingStrike"],"picked":"bronze:Repair","floor":52}],"player_experience":458896,"relics_obtained":[{"floor":7,"key":"Pantograph"},{"floor":8,"key":"sneckomod:BlankCard"},{"floor":10,"key":"Bag of Preparation"},{"floor":14,"key":"reliquary:RosewoodLute"},{"floor":23,"key":"Anchor"},{"floor":24,"key":"reliquary:TridentHead"},{"floor":27,"key":"Happy Flower"},{"floor":31,"key":"MutagenicStrength"},{"floor":46,"key":"Kunai"},{"floor":48,"key":"Smiling Mask"},{"floor":52,"key":"War Paint"}],"event_choices":[{"cards_removed":["bronze:Strike"],"damage_healed":0,"gold_gain":0,"player_choice":"Card Removal","damage_taken":0,"max_hp_gain":0,"max_hp_loss":0,"event_name":"The Cleric","floor":3,"gold_loss":0},{"cards_removed":["bronze:ItsAFeature"],"damage_healed":0,"gold_gain":0,"player_choice":"Removed Power","damage_taken":0,"max_hp_gain":0,"max_hp_loss":0,"event_name":"Falling","floor":45,"gold_loss":0}],"is_beta":false,"boss_relics":[{"not_picked":["Pandora\u0027s Box","Philosopher\u0027s Stone"],"picked":"Runic Pyramid"},{"not_picked":["reliquary:WritOfMandamus","Velvet Choker"],"picked":"expansioncontent:StudyCardRelic"}],"items_purged_floors":[6,26],"is_endless":false,"potions_floor_spawned":[8,10,11,14,15,16,19,21,22,25,28,30,32,39,46,48,52],"ascension_level":2}}