{"host":"o3b7ow6d1xe49css","time":1612007754,"event":{"mods":["Act Like it!","Aspiration","BaseMod","Bestiary","Better Altar","Better Match","Better Note","Better Sensory Stone","Better Skull","Better Third Choice","Colored Powertips","Conspire","Energized Spire","Force Act Four","GifTheSpireLib","Halation","Hermit","Hubris","Infinite Spire","Lobotomy","Minty Spire (QoL Compilation)","Quick Restart","Rare Cards Sparkle","Relic Filter Mod","Reliquary","Replay The Spire","Spicy Shops","Spikes Relics","Spire Arcade","StSLib","Stuff the Spire","The Blue Laboratory","Wandering Minibosses"],"gold_per_floor":[109,126,144,144,69,69,100,100,100,100,100],"floor_reached":10,"language":"ENG","playtime":171,"items_purged":[],"score":145,"play_id":"a31b747d-c743-4f8f-9749-cdb500c2bf63","local_time":"20210130025554","daily_mods":["Heirloom","Flight"],"is_ascension_mode":true,"campfire_choices":[{"data":"Eruption","floor":6,"key":"SMITH"},{"data":"CutThroughFate","floor":8,"key":"SMITH"}],"circlet_count":0,"master_deck":["Strike_P","Strike_P","Strike_P","Strike_P","Defend_P","Defend_P","Defend_P","Defend_P","Eruption+1","Vigilance","CutThroughFate+1","HandOfGreed"],"relics":["PureWater","Ring of Chaos","hubris:Spice","CeramicFish","Frozen Egg 2"],"acts_visited":["Exordium"],"potions_floor_usage":[7],"damage_taken":[{"damage":0,"enemies":"Small Slimes","floor":1,"turns":2},{"damage":0,"enemies":"2 Louse","floor":2,"turns":2},{"damage":2,"enemies":"Cultist","floor":3,"turns":3},{"damage":0,"enemies":"Lagavulin","floor":7,"turns":1},{"damage":7,"enemies":"3 Sentries","floor":10,"turns":2}],"seed_played":"-7562474139332186220","potions_obtained":[{"floor":2,"key":"infinitespire:BlackPotion"}],"is_trial":true,"path_per_floor":["M","M","M","?","?","R","E","R","T","E"],"character_chosen":"WATCHER","items_purchased":[],"campfire_rested":0,"item_purchase_floors":[],"current_hp_per_floor":[80,80,78,78,78,78,78,78,78,71,71],"gold":100,"neow_bonus":"","is_daily":false,"chose_seed":false,"campfire_upgraded":2,"win_rate":0.0,"timestamp":1612007754,"path_taken":["M","M","M","?","?","R","E","R","T","E"],"items_purchased_type":[],"build_version":"2020-12-22","purchased_purges":0,"victory":false,"max_hp_per_floor":[80,80,80,80,80,80,80,80,80,80,80],"card_choices":[{"not_picked":["InnerPeace","SandsOfTime"],"picked":"CutThroughFate","floor":1},{"not_picked":["CarveReality","EmptyBody","FlyingSleeves"],"picked":"SKIP","floor":2},{"not_picked":["Adaptation","InnerPeace","FearNoEvil"],"picked":"SKIP","floor":3},{"not_picked":["Thinking Ahead","Magnetism"],"picked":"HandOfGreed","floor":5},{"not_picked":["ClearTheMind","FollowUp","SashWhip"],"picked":"SKIP","floor":7}],"player_experience":1910535,"relics_obtained":[{"floor":7,"key":"CeramicFish"},{"floor":9,"key":"Frozen Egg 2"}],"event_choices":[{"damage_healed":78,"gold_gain":0,"player_choice":"Leave","damage_taken":0,"max_hp_gain":0,"max_hp_loss":80,"event_name":"betterThird:BetterShining","floor":4,"gold_loss":0},{"damage_healed":0,"gold_gain":0,"player_choice":"1","damage_taken":0,"max_hp_gain":0,"max_hp_loss":0,"event_name":"betterMatch:BetterMatch","floor":5,"gold_loss":0,"cards_obtained":["betterMatch:CommonCard","betterMatch:ColorlessRareCard","betterMatch:UncommonCard"]}],"is_beta":false,"boss_relics":[],"items_purged_floors":[],"is_endless":false,"potions_floor_spawned":[2],"killed_by":"3 Sentries","ascension_level":5}}