{"host":"l12hrjjiowxu1z6t","time":1612023967,"event":{"mods":["BaseMod","Colored Map","GifTheSpireLib","Minty Spire (QoL Compilation)","Permanent Neow","StSLib","SuperFastMode"],"gold_per_floor":[110,110,125,125,125,125,146,146,146,321,467,492,937,1012,1012,1143,1143,1161,112,112,58,157,175,194,194,194,194,219,244,244,267,267,392,392,417,720,738,738,757,757,757,757,757,777,798,164,185,246,246,246],"floor_reached":51,"language":"KOR","playtime":4632,"items_purged":["Doubt","Defend_R","Strike_R","Bash","Juggernaut"],"score":812,"play_id":"48fbbdcd-1214-4508-ba93-4c1bff147c74","local_time":"20210131012607","is_ascension_mode":false,"campfire_choices":[{"data":"Searing Blow+1","floor":6.0,"key":"SMITH"},{"data":"Searing Blow+2","floor":15.0,"key":"SMITH"},{"data":"Searing Blow+3","floor":25.0,"key":"SMITH"},{"data":"Searing Blow+4","floor":27.0,"key":"SMITH"},{"data":"Searing Blow+5","floor":30.0,"key":"SMITH"},{"data":"Searing Blow+6","floor":32.0,"key":"SMITH"},{"data":"Bludgeon","floor":40,"key":"SMITH"},{"data":"Body Slam","floor":42,"key":"SMITH"},{"data":"Inflame","floor":49,"key":"SMITH"}],"circlet_count":0,"master_deck":["Flex","Inflame+1","Seeing Red+1","Inflame","Shrug It Off+1","Impervious+1","Inflame","Panacea+1","Impervious+1","Bludgeon+1","Thinking Ahead+1","Entrench+1","Shrug It Off+1","Offering+1","Body Slam+1","Body Slam+1","Barricade+1","Searing Blow+15"],"relics":["Black Blood","Golden Idol","Anchor","Toxic Egg 2","Strange Spoon","Pocketwatch","Self Forming Clay","Bag of Marbles","Mercury Hourglass","DollysMirror","InkBottle","Calipers","HandDrill","ClockworkSouvenir","Ginger","Orichalcum","Thread and Needle","SlaversCollar","White Beast Statue","Oddly Smooth Stone","Cauldron","Question Card","StoneCalendar","Pen Nib","Unceasing Top"],"acts_visited":["TheCity","TheBeyond"],"potions_floor_usage":[],"damage_taken":[{"damage":4.0,"enemies":"Cultist","floor":1.0,"turns":4.0},{"damage":6.0,"enemies":"2 Louse","floor":3.0,"turns":3.0},{"damage":3.0,"enemies":"Small Slimes","floor":7.0,"turns":3.0},{"damage":6.0,"enemies":"3 Louse","floor":12.0,"turns":3.0},{"damage":15.0,"enemies":"Hexaghost","floor":16.0,"turns":6.0},{"damage":15.0,"enemies":"3 Byrds","floor":18.0,"turns":5.0},{"damage":15.0,"enemies":"Spheric Guardian","floor":23.0,"turns":4.0},{"damage":0.0,"enemies":"Cultist and Chosen","floor":24.0,"turns":4.0},{"damage":15.0,"enemies":"Centurion and Healer","floor":28.0,"turns":4.0},{"damage":0.0,"enemies":"Snake Plant","floor":29.0,"turns":4.0},{"damage":9.0,"enemies":"3 Cultists","floor":31.0,"turns":4.0},{"damage":13.0,"enemies":"Automaton","floor":33.0,"turns":7.0},{"damage":12.0,"enemies":"3 Darklings","floor":35.0,"turns":4.0},{"damage":11.0,"enemies":"3 Shapes","floor":37.0,"turns":3.0},{"damage":12,"enemies":"3 Darklings","floor":39,"turns":5},{"damage":12,"enemies":"Maw","floor":44,"turns":3},{"damage":0,"enemies":"Jaw Worm Horde","floor":45,"turns":2},{"damage":8,"enemies":"Spire Growth","floor":47,"turns":2},{"damage":6,"enemies":"2 Orb Walkers","floor":48,"turns":1},{"damage":6,"enemies":"Awakened One","floor":50,"turns":4}],"seed_played":"1726097131457887962","potions_obtained":[{"floor":3.0,"key":"FearPotion"},{"floor":7.0,"key":"LiquidMemories"},{"floor":23.0,"key":"AttackPotion"},{"floor":24.0,"key":"BloodPotion"},{"floor":31.0,"key":"Fire Potion"},{"floor":36.0,"key":"HeartOfIron"},{"floor":36.0,"key":"Ancient Potion"},{"floor":39,"key":"DuplicationPotion"}],"is_trial":false,"path_per_floor":["M","?","M","?","?","R","M","?","T","?","$","M","$","?","R","B",null,"M","$","?","$","?","M","M","R","T","R","M","M","R","M","R","B",null,"M","$","M","?","M","R","?","R","T","M","M","$","M","?","R","B",null],"character_chosen":"IRONCLAD","items_purchased":["Seeing Red+1","Strange Spoon","Pocketwatch","Self Forming Clay","Bag of Marbles","Mercury Hourglass","DollysMirror","Impervious+1","Inflame","Panacea+1","InkBottle","Calipers","HandDrill","ClockworkSouvenir","Ginger","Orichalcum","Bludgeon","Thinking Ahead+1","White Beast Statue","Oddly Smooth Stone","Cauldron","StoneCalendar","Pen Nib"],"campfire_rested":0,"item_purchase_floors":[11,11,11,11,13,13,13,19,19,19,19,19,19,21,21,21,21,21,36,36,36,46,46],"current_hp_per_floor":[88,81,81,81,59,59,62,55,55,55,55,55,55,44,44,35,88,85,85,85,85,85,82,88,88,88,88,85,88,88,88,88,87,88,88,88,88,88,88,88,88,88,88,88,88,88,88,88,88,88],"gold":246,"neow_bonus":"TEN_PERCENT_HP_BONUS","is_daily":false,"chose_seed":false,"campfire_upgraded":9,"win_rate":0.0,"timestamp":1612023967,"path_taken":["M","?","M","?","?","R","M","?","T","?","$","?","$","?","R","BOSS","M","$","?","$","?","M","?","R","T","R","M","M","R","M","R","BOSS","M","$","M","?","M","R","?","R","T","?","M","?","M","?","R","BOSS"],"items_purchased_type":["Card","Relic","Relic","Relic","Relic","Relic","Relic","Card","Card","Card","Relic","Relic","Relic","Relic","Relic","Relic","Card","Card","Relic","Relic","Relic","Relic","Relic"],"build_version":"2020-12-22","purchased_purges":5,"victory":true,"max_hp_per_floor":[88,88,88,88,88,88,88,88,88,88,88,88,88,88,88,88,88,88,88,88,88,88,88,88,88,88,88,88,88,88,88,88,88,88,88,88,88,88,88,88,88,88,88,88,88,88,88,88,88,88],"card_choices":[{"not_picked":["Thunderclap","Headbutt"],"picked":"Flex","floor":1.0},{"not_picked":["Clothesline","Bludgeon"],"picked":"Searing Blow","floor":3.0},{"not_picked":["Body Slam","Pommel Strike"],"picked":"Inflame","floor":7.0},{"not_picked":["Reckless Charge","Clash","Cleave"],"picked":"SKIP","floor":12.0},{"not_picked":["Limit Break+1","Fiend Fire"],"picked":"Juggernaut","floor":16.0},{"not_picked":["Dual Wield+1","True Grit+1"],"picked":"Shrug It Off+1","floor":18.0},{"not_picked":["Body Slam","Thunderclap"],"picked":"Entrench+1","floor":23.0},{"not_picked":["Combust","Metallicize","Reckless Charge"],"picked":"SKIP","floor":24.0},{"not_picked":["Intimidate+1","Clothesline","Searing Blow"],"picked":"SKIP","floor":28.0},{"not_picked":["Heavy Blade","Twin Strike","Dropkick+1"],"picked":"SKIP","floor":29.0},{"not_picked":["Limit Break+1","Dark Embrace"],"picked":"Shrug It Off+1","floor":31.0},{"not_picked":["Brutality","Berserk"],"picked":"Offering+1","floor":33.0},{"not_picked":["Power Through+1","Sword Boomerang+1","Iron Wave+1"],"picked":"SKIP","floor":35.0},{"not_picked":["Cleave+1","Heavy Blade+1","Clothesline"],"picked":"SKIP","floor":37.0},{"not_picked":["Limit Break+1","Headbutt","Flex+1"],"picked":"SKIP","floor":39},{"not_picked":["Rage+1","Pommel Strike+1","Headbutt"],"picked":"Body Slam+1","floor":44},{"not_picked":["Battle Trance+1","Metallicize+1","Flex+1","Hemokinesis+1"],"picked":"SKIP","floor":45},{"not_picked":["Rupture","Sword Boomerang","Headbutt","Corruption"],"picked":"SKIP","floor":47}],"player_experience":6206,"relics_obtained":[{"floor":9.0,"key":"Toxic Egg 2"},{"floor":26.0,"key":"Thread and Needle"},{"floor":43,"key":"Question Card"},{"floor":48,"key":"Unceasing Top"}],"event_choices":[{"cards_removed":["Strike_R"],"damage_healed":0.0,"max_hp_gain":0.0,"max_hp_loss":0.0,"gold_gain":0.0,"event_name":"Golden Wing","player_choice":"Card Removal","floor":2.0,"gold_loss":0.0,"damage_taken":7.0},{"damage_healed":0.0,"max_hp_gain":0.0,"max_hp_loss":0.0,"gold_gain":0.0,"event_name":"Living Wall","player_choice":"Grow","floor":4.0,"gold_loss":0.0,"damage_taken":0.0,"cards_upgraded":["Searing Blow"]},{"damage_healed":0.0,"max_hp_gain":0.0,"max_hp_loss":0.0,"gold_gain":0.0,"event_name":"Golden Idol","player_choice":"Take Damage","floor":5.0,"gold_loss":0.0,"damage_taken":22.0,"relics_obtained":["Golden Idol"]},{"damage_healed":0.0,"max_hp_gain":0.0,"max_hp_loss":0.0,"gold_gain":0.0,"event_name":"Scrap Ooze","player_choice":"Success","floor":8.0,"gold_loss":0.0,"damage_taken":7.0,"relics_obtained":["Anchor"]},{"damage_healed":0.0,"max_hp_gain":0.0,"max_hp_loss":0.0,"gold_gain":175.0,"event_name":"Liars Game","player_choice":"AGREE","floor":10.0,"gold_loss":0.0,"damage_taken":0.0,"cards_obtained":["Doubt"]},{"damage_healed":0.0,"max_hp_gain":0.0,"max_hp_loss":0.0,"gold_gain":75.0,"event_name":"World of Goop","player_choice":"Gather Gold","floor":14.0,"gold_loss":0.0,"damage_taken":11.0},{"damage_healed":0.0,"max_hp_gain":0.0,"max_hp_loss":0.0,"gold_gain":0.0,"cards_transformed":["Strike_R","Defend_R"],"event_name":"Drug Dealer","player_choice":"Became Test Subject","floor":20.0,"gold_loss":0.0,"damage_taken":0.0,"cards_obtained":["Rampage","Impervious"]},{"damage_healed":0.0,"max_hp_gain":0.0,"max_hp_loss":0.0,"gold_gain":99.0,"event_name":"Nest","player_choice":"Stole From Cult","floor":22.0,"gold_loss":0.0,"damage_taken":0.0},{"damage_healed":0.0,"max_hp_gain":0.0,"max_hp_loss":0.0,"gold_gain":0.0,"event_name":"The Moai Head","player_choice":"Ignored","floor":38.0,"gold_loss":0.0,"damage_taken":0.0},{"damage_healed":0,"gold_gain":0,"player_choice":"1 cards matched","damage_taken":0,"max_hp_gain":0,"max_hp_loss":0,"event_name":"Match and Keep!","floor":41,"gold_loss":0,"cards_obtained":["Body Slam"]},{"damage_healed":0,"gold_gain":0,"player_choice":"Fight","damage_taken":0,"max_hp_gain":0,"max_hp_loss":0,"event_name":"Mysterious Sphere","floor":48,"gold_loss":0}],"is_beta":false,"boss_relics":[{"not_picked":["Coffee Dripper","SacredBark"],"picked":"Black Blood"},{"not_picked":["Runic Dome","Runic Cube"],"picked":"SlaversCollar"}],"items_purged_floors":[11,19,21,36,46],"is_endless":false,"potions_floor_spawned":[3,7,23,24,31,37,39,44,45,47,48],"ascension_level":0}}