{"host":"ysj15tgd1sneq0s0","time":1612016080,"event":{"mods":["AchievementEnabler","BaseMod","DeckTracker","Highlight Path","Minty Spire (QoL Compilation)","Permanent Neow","Quick Restart","StSLib","SuperFastMode","everything is the same but u backflip on backflip"],"gold_per_floor":[113,113,127,139,139,174,186,186,186,203,233,250,250,282,294,410,422,447,459,494,516,627,671,32,32,32],"floor_reached":25,"language":"KOR","playtime":796,"items_purged":["Strike_G"],"score":254,"play_id":"ffd32760-a5a4-490b-acc7-60c93f3afdb4","local_time":"20210130231440","is_ascension_mode":true,"campfire_choices":[{"floor":8,"key":"REST"},{"floor":13,"key":"REST"},{"floor":15,"key":"REST"}],"circlet_count":0,"master_deck":["Strike_G","Strike_G","Strike_G+1","Strike_G+1","Defend_G","Defend_G+1","Defend_G","Defend_G","Defend_G","Survivor","Neutralize","Bouncing Flask","Deadly Poison","Blade Dance+1","Die Die Die","Deflect","Dagger Spray","Adrenaline","Noxious Fumes+1","Catalyst","Crippling Poison","Poisoned Stab","Footwork"],"relics":["Ring of the Snake","Happy Flower","Paper Crane","Bird Faced Urn","MawBank","Philosopher\u0027s Stone","Centennial Puzzle","Bottled Flame","Ornamental Fan","War Paint"],"acts_visited":["Exordium","TheCity"],"potions_floor_usage":[3,6,6,23],"damage_taken":[{"damage":0,"enemies":"Jaw Worm","floor":1,"turns":5},{"damage":14,"enemies":"Small Slimes","floor":3,"turns":2},{"damage":0,"enemies":"Cultist","floor":4,"turns":3},{"damage":18,"enemies":"Lagavulin","floor":6,"turns":4},{"damage":6,"enemies":"Looter","floor":7,"turns":3},{"damage":0,"enemies":"2 Fungi Beasts","floor":10,"turns":2},{"damage":0,"enemies":"Exordium Wildlife","floor":12,"turns":1},{"damage":33,"enemies":"3 Sentries","floor":14,"turns":8},{"damage":33,"enemies":"The Guardian","floor":16,"turns":10},{"damage":20,"enemies":"Spheric Guardian","floor":18,"turns":5},{"damage":1,"enemies":"Chosen","floor":21,"turns":4},{"damage":26,"enemies":"Slavers","floor":23,"turns":5},{"damage":21,"enemies":"Book of Stabbing","floor":25,"turns":2}],"seed_played":"-8072204544698515222","potions_obtained":[{"floor":0,"key":"LiquidMemories"},{"floor":0,"key":"LiquidMemories"},{"floor":0,"key":"GhostInAJar"},{"floor":3,"key":"Fire Potion"},{"floor":14,"key":"Strength Potion"},{"floor":23,"key":"Explosive Potion"}],"is_trial":false,"path_per_floor":["M","?","M","M","?","E","M","R","T","M","?","M","R","E","R","B",null,"M","?","T","M","?","E","$","E"],"character_chosen":"THE_SILENT","items_purchased":["Ornamental Fan","War Paint","Crippling Poison","Poisoned Stab","Footwork"],"campfire_rested":3,"item_purchase_floors":[24,24,24,24,24],"current_hp_per_floor":[70,56,42,42,42,24,18,39,39,39,39,39,60,27,48,15,70,50,37,37,38,38,14,14,0,0],"gold":32,"neow_bonus":"THREE_SMALL_POTIONS","is_daily":false,"chose_seed":false,"campfire_upgraded":0,"win_rate":0.0,"timestamp":1612016080,"path_taken":["M","?","M","M","?","E","M","R","T","?","?","M","R","E","R","BOSS","M","?","?","?","?","E","$","E"],"items_purchased_type":["Relic","Relic","Card","Card","Card"],"build_version":"2020-12-22","purchased_purges":1,"victory":false,"max_hp_per_floor":[70,70,70,70,70,70,70,70,70,70,70,70,70,70,70,70,70,70,75,75,75,75,75,75,75,75],"card_choices":[{"not_picked":["Terror","Deflect"],"picked":"Bouncing Flask","floor":1},{"not_picked":["Blade Dance","Prepared"],"picked":"Deadly Poison","floor":3},{"not_picked":["Outmaneuver","Sucker Punch"],"picked":"Blade Dance","floor":4},{"not_picked":["Escape Plan","Dash"],"picked":"Die Die Die","floor":6},{"not_picked":["Leg Sweep","Quick Slash"],"picked":"Deflect","floor":7},{"not_picked":["Eviscerate","Deflect"],"picked":"Dagger Spray","floor":10},{"not_picked":["Riddle With Holes","Heel Hook","Sucker Punch"],"picked":"SKIP","floor":12},{"not_picked":["Caltrops","All Out Attack","Acrobatics"],"picked":"SKIP","floor":14},{"not_picked":["Malaise","Night Terror"],"picked":"Adrenaline","floor":16},{"not_picked":["Dodge and Roll+1","Flechettes"],"picked":"Noxious Fumes+1","floor":18},{"not_picked":["Dagger Throw","Deadly Poison"],"picked":"Catalyst","floor":21},{"not_picked":["Dagger Throw","Acrobatics","Choke"],"picked":"SKIP","floor":23}],"player_experience":50686,"relics_obtained":[{"floor":6,"key":"Happy Flower"},{"floor":9,"key":"Paper Crane"},{"floor":14,"key":"MawBank"},{"floor":20,"key":"Centennial Puzzle"},{"floor":23,"key":"Bottled Flame"}],"event_choices":[{"damage_healed":0,"gold_gain":0,"player_choice":"Entered Light","damage_taken":14,"max_hp_gain":0,"max_hp_loss":0,"event_name":"Shining Light","floor":2,"gold_loss":0,"cards_upgraded":["Strike_G","Strike_G"]},{"damage_healed":0,"gold_gain":0,"player_choice":"Got Potions","damage_taken":0,"max_hp_gain":0,"max_hp_loss":0,"event_name":"Lab","floor":5,"gold_loss":0},{"damage_healed":0,"gold_gain":30,"player_choice":"Searched \u00273\u0027 times","damage_taken":0,"relics_obtained":["Bird Faced Urn"],"max_hp_gain":0,"max_hp_loss":0,"event_name":"Dead Adventurer","floor":11,"gold_loss":0},{"damage_healed":0,"gold_gain":0,"player_choice":"Shed Blood","damage_taken":18,"max_hp_gain":5,"max_hp_loss":0,"event_name":"Forgotten Altar","floor":19,"gold_loss":0},{"damage_healed":0,"gold_gain":99,"player_choice":"Stole From Cult","damage_taken":0,"max_hp_gain":0,"max_hp_loss":0,"event_name":"Nest","floor":22,"gold_loss":0}],"is_beta":false,"boss_relics":[{"not_picked":["Sozu","Runic Dome"],"picked":"Philosopher\u0027s Stone"}],"items_purged_floors":[24],"is_endless":false,"potions_floor_spawned":[3,6,14,23],"killed_by":"Book of Stabbing","ascension_level":2}}