{"host":"6xsbn6ynqlzwllfm","time":1612034917,"event":{"mods":["2.2 Compatiblity","BaseMod","Bestiary","Colored Map","Colored Powertips","Curses Come First","Highlight Path","Keyboard Shortcuts","Minty Spire (QoL Compilation)","Relic Stats","Slay the Relics Exporter","StSLib","SuperFastMode"],"gold_per_floor":[116,133,133,133,144,144,157,157,183,108,127,127,155,172,172,243,243,259,259,259,52,63,93,93,111,111,111,142,159,191,211,211,286,286,304,304,356,356,36,36,70,70,93,18,18,31,56,137,137,137,137],"floor_reached":52,"language":"ENG","playtime":1281,"items_purged":["Strike_P"],"score":2372,"play_id":"6c48b63f-5ff7-4e33-adb0-503855bd5581","local_time":"20210130142837","is_ascension_mode":true,"campfire_choices":[{"data":"FlurryOfBlows","floor":6.0,"key":"SMITH"},{"data":"Wallop","floor":8.0,"key":"SMITH"},{"data":"CarveReality","floor":12.0,"key":"SMITH"},{"data":"Tantrum","floor":15.0,"key":"SMITH"},{"data":"Conclude","floor":24.0,"key":"SMITH"},{"data":"ReachHeaven","floor":27.0,"key":"SMITH"},{"data":"Scrawl","floor":32.0,"key":"SMITH"},{"data":"Vault","floor":40.0,"key":"SMITH"},{"data":"Omniscience","floor":42.0,"key":"SMITH"},{"data":"Omniscience","floor":45.0,"key":"SMITH"},{"floor":49.0,"key":"RECALL"}],"circlet_count":0,"master_deck":["AscendersBane","Defend_P","Defend_P","Defend_P","Defend_P","Eruption","Vigilance","FlurryOfBlows+1","CarveReality+1","ReachHeaven+1","Wallop+1","ClearTheMind","Omniscience+1","Tantrum+1","Scrawl+1","Sanctity+1","Omniscience+1","Conclude+1","Halt+1","Sanctity+1","Omniscience","Vault+1"],"relics":["PureWater","Incense Burner","Orichalcum","Pen Nib","Busted Crown","Lantern","Akabeko","Mercury Hourglass","Vajra","Lizard Tail","Empty Cage","TungstenRod","Medical Kit","Oddly Smooth Stone","Gremlin Horn","Prayer Wheel","Toxic Egg 2"],"acts_visited":["Exordium","TheCity","TheBeyond"],"potions_floor_usage":[50,50],"damage_taken":[{"damage":0.0,"enemies":"2 Louse","floor":1.0,"turns":4.0},{"damage":7.0,"enemies":"Jaw Worm","floor":2.0,"turns":4.0},{"damage":0.0,"enemies":"Cultist","floor":5.0,"turns":3.0},{"damage":3.0,"enemies":"Exordium Wildlife","floor":7.0,"turns":4.0},{"damage":15.0,"enemies":"3 Louse","floor":11.0,"turns":3.0},{"damage":4.0,"enemies":"3 Sentries","floor":13.0,"turns":6.0},{"damage":7.0,"enemies":"Exordium Thugs","floor":14.0,"turns":4.0},{"damage":0.0,"enemies":"Slime Boss","floor":16.0,"turns":5.0},{"damage":9.0,"enemies":"2 Thieves","floor":18.0,"turns":4.0},{"damage":0.0,"enemies":"Shell Parasite","floor":22.0,"turns":1.0},{"damage":24.0,"enemies":"Slavers","floor":23.0,"turns":4.0},{"damage":0.0,"enemies":"Snake Plant","floor":25.0,"turns":2.0},{"damage":0.0,"enemies":"Book of Stabbing","floor":28.0,"turns":2.0},{"damage":0.0,"enemies":"Centurion and Healer","floor":29.0,"turns":2.0},{"damage":0.0,"enemies":"Slavers","floor":30.0,"turns":2.0},{"damage":0.0,"enemies":"Snecko","floor":31.0,"turns":1.0},{"damage":0.0,"enemies":"Collector","floor":33.0,"turns":2.0},{"damage":0.0,"enemies":"Orb Walker","floor":35.0,"turns":1.0},{"damage":0.0,"enemies":"2 Orb Walkers","floor":37.0,"turns":1.0},{"damage":0.0,"enemies":"Reptomancer","floor":41.0,"turns":2.0},{"damage":0.0,"enemies":"3 Shapes","floor":46.0,"turns":1.0},{"damage":36.0,"enemies":"Mind Bloom Boss Battle","floor":47.0,"turns":5.0},{"damage":36,"enemies":"Awakened One","floor":50,"turns":13},{"damage":0,"enemies":"Donu and Deca","floor":51,"turns":5}],"seed_played":"1655751843602480558","potions_obtained":[{"floor":11.0,"key":"SkillPotion"},{"floor":14.0,"key":"Fire Potion"},{"floor":16.0,"key":"Strength Potion"},{"floor":29.0,"key":"GamblersBrew"},{"floor":41.0,"key":"SpeedPotion"}],"is_trial":false,"path_per_floor":["M","M","?","T","M","R","M","R","T","?","M","R","E","M","R","B",null,"M","?","?","$","M","E","R","M","T","R","E","M","E","M","R","B",null,"M","?","?","?","$","R","E","R","T","$","R","M","?","T","R","B","B",null],"character_chosen":"WATCHER","items_purchased":["Lantern","Conclude","Medical Kit","Oddly Smooth Stone"],"campfire_rested":0,"item_purchase_floors":[21,21,39,39],"current_hp_per_floor":[67,60,60,60,60,60,57,57,57,57,42,42,38,31,31,31,63,54,54,54,54,54,30,30,30,30,30,30,30,30,30,30,30,63,63,63,63,63,63,63,63,63,63,63,63,63,27,27,27,26,26],"gold":137,"neow_bonus":"TEN_PERCENT_HP_BONUS","is_daily":false,"chose_seed":false,"campfire_upgraded":10,"win_rate":0.0,"timestamp":1612034917,"path_taken":["M","M","?","?","M","R","?","R","T","?","M","R","E","M","R","BOSS","M","?","?","$","M","E","R","M","T","R","E","M","E","M","R","BOSS","M","?","?","?","$","R","E","R","T","?","R","M","?","?","R","BOSS","BOSS"],"items_purchased_type":["Relic","Card","Relic","Relic"],"build_version":"2020-12-22","purchased_purges":1,"victory":true,"max_hp_per_floor":[74,74,74,74,74,74,74,74,74,74,74,74,74,74,74,74,74,74,74,74,74,74,74,74,74,74,74,74,74,74,74,74,74,74,74,70,70,70,70,70,70,70,70,70,70,70,70,70,70,70,70],"relic_stats":{"Lizard Tail":35,"Busted Crown":28,"Gremlin Horn":[6,6],"counters":[24,80],"Prayer Wheel":0,"Pen Nib":[17],"Orichalcum":[78],"Medical Kit":[3],"obtain_stats":[{"Lantern":21,"Gremlin Horn":41,"Vajra":28,"Oddly Smooth Stone":39,"Pen Nib":13,"Incense Burner":4,"Orichalcum":9,"Empty Cage":34,"Medical Kit":39,"Akabeko":23,"Mercury Hourglass":26,"Lizard Tail":30,"Busted Crown":17,"Prayer Wheel":47,"PureWater":0,"Toxic Egg 2":48,"TungstenRod":37},{"Lantern":9,"Gremlin Horn":20,"Vajra":13,"Oddly Smooth Stone":19,"Pen Nib":6,"Incense Burner":2,"Orichalcum":4,"Empty Cage":17,"Medical Kit":19,"Akabeko":11,"Mercury Hourglass":12,"Lizard Tail":15,"Busted Crown":8,"Prayer Wheel":22,"PureWater":0,"Toxic Egg 2":22,"TungstenRod":19},{"Lantern":37,"Gremlin Horn":56,"Vajra":46,"Oddly Smooth Stone":54,"Pen Nib":24,"Incense Burner":8,"Orichalcum":15,"Empty Cage":52,"Medical Kit":54,"Akabeko":42,"Mercury Hourglass":44,"Lizard Tail":49,"Busted Crown":33,"Prayer Wheel":62,"PureWater":0,"Toxic Egg 2":62,"TungstenRod":54}],"TungstenRod":8,"Mercury Hourglass":[153]},"card_choices":[{"not_picked":["Prostrate","Halt"],"picked":"FlurryOfBlows","floor":1.0},{"not_picked":["FlurryOfBlows","Study"],"picked":"CarveReality","floor":2.0},{"not_picked":["SashWhip","FlyingSleeves"],"picked":"ReachHeaven","floor":5.0},{"not_picked":["BowlingBash","WreathOfFlame"],"picked":"Wallop","floor":7.0},{"not_picked":["InnerPeace","JustLucky"],"picked":"ClearTheMind","floor":11.0},{"not_picked":["Study","JustLucky"],"picked":"Omniscience","floor":13.0},{"not_picked":["Consecrate","Crescendo"],"picked":"Tantrum","floor":14.0},{"not_picked":["Brilliance","ConjureBlade"],"picked":"Scrawl","floor":16.0},{"not_picked":[],"picked":"Sanctity+1","floor":18.0},{"not_picked":[],"picked":"Halt+1","floor":23.0},{"not_picked":[],"picked":"Sanctity+1","floor":28.0},{"not_picked":[],"picked":"Omniscience","floor":30.0},{"not_picked":[],"picked":"Vault","floor":33.0}],"player_experience":1296375,"relics_obtained":[{"floor":4.0,"key":"Incense Burner"},{"floor":9.0,"key":"Orichalcum"},{"floor":13.0,"key":"Pen Nib"},{"floor":23.0,"key":"Akabeko"},{"floor":26.0,"key":"Mercury Hourglass"},{"floor":28.0,"key":"Vajra"},{"floor":30.0,"key":"Lizard Tail"},{"floor":37.0,"key":"TungstenRod"},{"floor":41.0,"key":"Gremlin Horn"},{"floor":47.0,"key":"Prayer Wheel"},{"floor":48.0,"key":"Toxic Egg 2"}],"event_choices":[{"damage_healed":0.0,"max_hp_gain":0.0,"max_hp_loss":0.0,"gold_gain":0.0,"event_name":"Liars Game","player_choice":"Ignored","floor":3.0,"gold_loss":0.0,"damage_taken":0.0},{"cards_removed":["Strike_P"],"damage_healed":0.0,"max_hp_gain":0.0,"max_hp_loss":0.0,"gold_gain":0.0,"event_name":"The Cleric","player_choice":"Card Removal","floor":10.0,"gold_loss":75.0,"damage_taken":0.0},{"damage_healed":0.0,"max_hp_gain":0.0,"max_hp_loss":0.0,"gold_gain":0.0,"event_name":"Ghosts","player_choice":"Ignored","floor":19.0,"gold_loss":0.0,"damage_taken":0.0},{"damage_healed":0.0,"max_hp_gain":0.0,"max_hp_loss":0.0,"gold_gain":0.0,"event_name":"Duplicator","player_choice":"Copied","floor":20.0,"gold_loss":0.0,"damage_taken":0.0,"cards_obtained":["Omniscience"]},{"damage_healed":0.0,"max_hp_gain":0.0,"max_hp_loss":4.0,"gold_gain":0.0,"event_name":"Winding Halls","player_choice":"Max HP","floor":36.0,"gold_loss":0.0,"damage_taken":0.0},{"damage_healed":0.0,"max_hp_gain":0.0,"max_hp_loss":0.0,"gold_gain":0.0,"event_name":"Mysterious Sphere","player_choice":"Fight","floor":37.0,"gold_loss":0.0,"damage_taken":0.0},{"damage_healed":0.0,"max_hp_gain":0.0,"max_hp_loss":0.0,"gold_gain":0.0,"event_name":"Tomb of Lord Red Mask","player_choice":"Ignored","floor":38.0,"gold_loss":0.0,"damage_taken":0.0},{"damage_healed":0.0,"max_hp_gain":0.0,"max_hp_loss":0.0,"gold_gain":0.0,"event_name":"MindBloom","player_choice":"Fight","floor":47.0,"gold_loss":0.0,"damage_taken":0.0}],"is_beta":false,"boss_relics":[{"not_picked":["Snecko Eye","Black Star"],"picked":"Busted Crown"},{"not_picked":["Velvet Choker","Fusion Hammer"],"picked":"Empty Cage"}],"items_purged_floors":[44],"is_endless":false,"potions_floor_spawned":[11,14,16,18,28,29,41,47],"ascension_level":20}}