{"host":"9slw7l0ws16384qq","time":1612039157,"event":{"mods":["A Penny For Your Troubles","BaseMod","Colored Map","Downfall","Evolution","Hubris","Minty Spire (QoL Compilation)","Replay The Spire","StS++","StSLib"],"gold_per_floor":[99,113,129,129,32,32,55,72,92,92,111,11,11,11,21,21,21,21],"floor_reached":16,"language":"FRA","playtime":1134,"items_purged":[],"score":143,"play_id":"8a4f19f7-a6a0-4292-9e48-98074553b07b","local_time":"20210130213917","is_ascension_mode":true,"campfire_choices":[{"data":"Guardian:TwinSlam","floor":1.0,"key":"SMITH"},{"data":"Guardian:FloatingOrbs","floor":10,"key":"SMITH"},{"data":"Guardian:Defend_Guardian","floor":12,"key":"SMITH"}],"circlet_count":0,"master_deck":["AscendersBane","Guardian:Strike_Guardian+1","Guardian:Strike_Guardian","Guardian:Strike_Guardian","Guardian:Defend_Guardian+1","Guardian:Defend_Guardian","Guardian:Defend_Guardian","Guardian:CurlUp","Guardian:TwinSlam+1","Guardian:Gem_Cyan","Flash of Steel","Guardian:FloatingOrbs+1","Guardian:SentryBeam"],"relics":["Guardian:ModeShifter","EVO:Axolotl","hubris:TenFootPole","downfall:HeartBlessingBlue"],"acts_visited":["Exordium"],"potions_floor_usage":[],"damage_taken":[{"damage":3.0,"enemies":"Small Slimes","floor":2.0,"turns":4.0},{"damage":7.0,"enemies":"Jaw Worm","floor":3.0,"turns":4.0},{"damage":0,"enemies":"downfall:FleeingMerchant","floor":5,"turns":4},{"damage":0,"enemies":"2 Louse","floor":8,"turns":3},{"damage":6,"enemies":"Red Slaver","floor":9,"turns":4},{"damage":15,"enemies":"Exordium Wildlife","floor":11,"turns":5},{"damage":2,"enemies":"3 Louse","floor":15,"turns":5},{"damage":43,"enemies":"DF_ARCHETYPE_STREAMLINE","floor":16,"turns":12}],"seed_played":"1640798798914198007","potions_obtained":[{"floor":8,"key":"Ancient Potion"},{"floor":11,"key":"Ancient Potion"}],"is_trial":false,"path_per_floor":["R","M","M","?","$","?","T","M","M","R","M","R","?","?","M","B"],"character_chosen":"GUARDIAN","items_purchased":["Flash of Steel"],"campfire_rested":0,"item_purchase_floors":[5],"current_hp_per_floor":[72,69,62,62,62,62,62,62,56,56,41,51,51,81,79,36,36,36],"gold":21,"neow_bonus":"RANDOM_COMMON_RELIC","is_daily":false,"chose_seed":false,"campfire_upgraded":3,"win_rate":0.0,"timestamp":1612039157,"path_taken":["R","M","M","?","?","?","T","M","M","R","?","R","?","?","M","BOSS"],"items_purchased_type":["Card"],"build_version":"2020-12-22","purchased_purges":0,"victory":false,"max_hp_per_floor":[80,80,80,80,80,80,80,80,80,80,80,90,90,90,90,90,90,90],"card_choices":[{"not_picked":["Guardian:Incinerate","Guardian:DonusPower","Guardian:TemporalShield"],"picked":"SKIP","floor":2.0},{"not_picked":["Guardian:Gem_Crimson","Guardian:BronzeArmor"],"picked":"Guardian:Gem_Cyan","floor":3.0},{"not_picked":["Guardian:RollAttack","Guardian:ShieldSpikes","Guardian:Incinerate"],"picked":"SKIP","floor":5},{"not_picked":["Guardian:TemporalShield","Guardian:BronzeArmor"],"picked":"Guardian:FloatingOrbs","floor":8},{"not_picked":["Guardian:DecasProtection","Guardian:BodySlam","Guardian:RefractedBeam"],"picked":"SKIP","floor":9},{"not_picked":["Guardian:Incinerate","Guardian:PiercingHide","Guardian:ChargeCore"],"picked":"SKIP","floor":11},{"not_picked":["Guardian:ShieldSpikes","Guardian:Gem_Cyan"],"picked":"Guardian:SentryBeam","floor":15}],"player_experience":1549641,"relics_obtained":[],"event_choices":[{"cards_removed":["Guardian:Strike_Guardian"],"damage_healed":0,"gold_gain":0,"player_choice":"Offered Basic","damage_taken":0,"max_hp_gain":0,"max_hp_loss":0,"event_name":"Bonfire Elementals","floor":6,"gold_loss":0},{"cards_removed":["Guardian:Defend_Guardian"],"damage_healed":0,"gold_gain":0,"player_choice":"Card Removal","damage_taken":0,"max_hp_gain":0,"max_hp_loss":0,"event_name":"The Cleric","floor":13,"gold_loss":0},{"damage_healed":30,"gold_gain":0,"player_choice":"Banana","damage_taken":0,"max_hp_gain":0,"max_hp_loss":0,"event_name":"Big Fish","floor":14,"gold_loss":0}],"is_beta":false,"boss_relics":[],"items_purged_floors":[],"is_endless":false,"potions_floor_spawned":[8,11,15],"killed_by":"DF_ARCHETYPE_STREAMLINE","ascension_level":11}}