{"host":"d4km6p8r92tm3vpl","time":1612029784,"event":{"mods":["AchievementEnabler","BaseMod","Colored Map","Colored Powertips","DeckTracker","Minty Spire (QoL Compilation)","Relic Stats","StSLib"],"gold_per_floor":[116,116,116,130,130,130,164,164,238,265,60,80,108,108,108,185,185,196,207,207,222,22,22,48,62,89,117,33,67,267,283,283,359,359,369,469,479,493,174,174,174,1,28,56,56,84,0,19,19,19,19],"floor_reached":50,"language":"ENG","playtime":1478,"items_purged":["Strike_G","Strike_G","Strike_G"],"score":1105,"play_id":"1a289b04-599b-4d7f-b64f-b600cb4f3202","local_time":"20210130130304","is_ascension_mode":true,"campfire_choices":[{"data":"Bane","floor":6,"key":"SMITH"},{"data":"Deadly Poison","floor":8,"key":"SMITH"},{"data":"Terror","floor":15,"key":"SMITH"},{"data":"Wraith Form v2","floor":23,"key":"SMITH"},{"floor":32,"key":"REST"},{"data":"Cloak And Dagger","floor":40,"key":"SMITH"},{"floor":49,"key":"RECALL"}],"circlet_count":0,"master_deck":["AscendersBane","Strike_G+1","Defend_G","Defend_G+1","Defend_G","Defend_G","Defend_G","Survivor","Neutralize","Deadly Poison+1","Bane+1","Skewer","All Out Attack","Slice","Terror+1","Slice","Wraith Form v2+1","Slice","Acrobatics","Poisoned Stab","Blade Dance","Leg Sweep","Dodge and Roll","Slice","Slice","Noxious Fumes","Cloak And Dagger+1","Venomology","Deflect","Blade Dance+1","Slice","Panache","Grand Finale","Blade Dance","Dagger Spray","Backflip"],"relics":["Ring of the Snake","NeowsBlessing","Meat on the Bone","Tingsha","Shuriken","Happy Flower","OrangePellets","Kunai","Philosopher\u0027s Stone","Sundial","Regal Pillow","Bottled Flame","Omamori","SacredBark","Bronze Scales","Oddly Smooth Stone","Red Mask"],"acts_visited":["Exordium","TheCity","TheBeyond"],"potions_floor_usage":[10,29,33,35,38,44,46,48],"damage_taken":[{"damage":0,"enemies":"2 Louse","floor":1,"turns":1},{"damage":0,"enemies":"Jaw Worm","floor":4,"turns":1},{"damage":0,"enemies":"Gremlin Nob","floor":7,"turns":1},{"damage":36,"enemies":"3 Sentries","floor":10,"turns":10},{"damage":0,"enemies":"Small Slimes","floor":12,"turns":2},{"damage":18,"enemies":"Gremlin Nob","floor":13,"turns":3},{"damage":4,"enemies":"Hexaghost","floor":16,"turns":8},{"damage":4,"enemies":"Spheric Guardian","floor":18,"turns":3},{"damage":0,"enemies":"Chosen","floor":19,"turns":3},{"damage":0,"enemies":"Centurion and Healer","floor":21,"turns":4},{"damage":0,"enemies":"Gremlin Leader","floor":24,"turns":6},{"damage":0,"enemies":"3 Cultists","floor":25,"turns":4},{"damage":28,"enemies":"Book of Stabbing","floor":27,"turns":5},{"damage":39,"enemies":"Gremlin Leader","floor":29,"turns":6},{"damage":0,"enemies":"Snecko","floor":31,"turns":3},{"damage":12,"enemies":"Champ","floor":33,"turns":10},{"damage":31,"enemies":"3 Darklings","floor":35,"turns":7},{"damage":0,"enemies":"Orb Walker","floor":37,"turns":4},{"damage":0,"enemies":"Transient","floor":38,"turns":5},{"damage":43,"enemies":"Nemesis","floor":44,"turns":7},{"damage":12,"enemies":"Giant Head","floor":46,"turns":7},{"damage":0,"enemies":"Jaw Worm Horde","floor":48,"turns":4},{"damage":32,"enemies":"Awakened One","floor":50,"turns":2}],"seed_played":"35567314995759555","potions_obtained":[{"floor":7,"key":"PowerPotion"},{"floor":10,"key":"DuplicationPotion"},{"floor":16,"key":"PowerPotion"},{"floor":31,"key":"BlessingOfTheForge"},{"floor":37,"key":"Explosive Potion"},{"floor":38,"key":"AttackPotion"},{"floor":46,"key":"Energy Potion"}],"is_trial":false,"path_per_floor":["M","?","T","M","?","R","E","R","T","E","$","M","E","?","R","B",null,"M","M","?","M","$","R","E","M","T","E","$","E","?","M","R","B",null,"M","?","M","M","$","R","?","$","T","E","?","E","?","M","R","B"],"character_chosen":"THE_SILENT","items_purchased":["Slice","OrangePellets","Blade Dance","Leg Sweep","Slice","Noxious Fumes","Slice","Panache","Blade Dance"],"campfire_rested":1,"item_purchase_floors":[11,11,22,22,28,28,39,39,42],"current_hp_per_floor":[63,49,49,49,70,70,70,70,70,46,46,46,40,40,40,36,62,58,58,58,58,58,58,58,58,58,42,42,15,15,27,63,51,65,46,46,46,46,46,46,46,46,46,15,15,15,15,27,27,0,0],"gold":19,"neow_bonus":"THREE_ENEMY_KILL","is_daily":false,"chose_seed":false,"campfire_upgraded":5,"win_rate":0.0,"timestamp":1612029784,"path_taken":["M","?","?","M","?","R","E","R","T","E","$","M","E","?","R","BOSS","M","M","?","M","$","R","E","M","T","E","$","E","?","?","R","BOSS","M","?","?","M","$","R","?","?","T","E","?","E","?","M","R","BOSS"],"items_purchased_type":["Card","Relic","Card","Card","Card","Card","Card","Card","Card"],"build_version":"2020-12-22","purchased_purges":3,"victory":false,"max_hp_per_floor":[70,70,70,70,70,70,70,70,70,70,70,70,70,70,70,70,70,70,70,70,70,70,70,70,70,70,70,70,70,70,70,70,70,70,70,70,70,70,70,70,70,70,70,70,66,66,66,66,66,66,66],"relic_stats":{"OrangePellets":[15],"Regal Pillow":15,"Happy Flower":[31],"counters":[23,106],"Shuriken":[65],"Sundial":[4],"Bronze Scales":[48],"Tingsha":[92],"Kunai":[63],"obtain_stats":[{"Regal Pillow":26,"NeowsBlessing":0,"Happy Flower":10,"SacredBark":34,"Oddly Smooth Stone":46,"Tingsha":7,"Omamori":29,"OrangePellets":11,"Bottled Flame":27,"Shuriken":9,"Sundial":24,"Bronze Scales":44,"Philosopher\u0027s Stone":17,"Red Mask":47,"Kunai":13,"Ring of the Snake":0,"Meat on the Bone":3},{"Regal Pillow":12,"NeowsBlessing":0,"Happy Flower":4,"SacredBark":16,"Oddly Smooth Stone":21,"Tingsha":3,"Omamori":14,"OrangePellets":4,"Bottled Flame":13,"Shuriken":3,"Sundial":11,"Bronze Scales":20,"Philosopher\u0027s Stone":7,"Red Mask":21,"Kunai":6,"Ring of the Snake":0,"Meat on the Bone":1},{"Regal Pillow":46,"NeowsBlessing":0,"Happy Flower":13,"SacredBark":70,"Oddly Smooth Stone":100,"Tingsha":3,"Omamori":57,"OrangePellets":13,"Bottled Flame":51,"Shuriken":3,"Sundial":42,"Bronze Scales":93,"Philosopher\u0027s Stone":26,"Red Mask":100,"Kunai":18,"Ring of the Snake":0,"Meat on the Bone":1}],"Ring of the Snake":[46],"Meat on the Bone":108},"card_choices":[{"not_picked":["Cloak And Dagger","Finisher"],"picked":"Deadly Poison","floor":1},{"not_picked":["Slice","Backstab"],"picked":"Bane","floor":4},{"not_picked":["Deflect","Caltrops"],"picked":"Skewer","floor":7},{"not_picked":["Underhanded Strike","Terror"],"picked":"All Out Attack","floor":10},{"not_picked":["Caltrops","Masterful Stab"],"picked":"Terror","floor":12},{"not_picked":["Outmaneuver","Predator"],"picked":"Slice","floor":13},{"not_picked":["Storm of Steel","Envenom"],"picked":"Wraith Form v2","floor":16},{"not_picked":["PiercingWail","Deadly Poison"],"picked":"Slice","floor":18},{"not_picked":["Prepared","Quick Slash"],"picked":"Acrobatics","floor":19},{"not_picked":["Quick Slash","Acrobatics"],"picked":"Poisoned Stab","floor":21},{"not_picked":["Reflex","Doppelganger","Riddle With Holes"],"picked":"SKIP","floor":24},{"not_picked":["Sucker Punch+1","Dagger Spray+1"],"picked":"Dodge and Roll","floor":25},{"not_picked":["Bane","Riddle With Holes"],"picked":"Slice","floor":27},{"not_picked":["Crippling Poison","Bane","Bullet Time"],"picked":"SKIP","floor":29},{"not_picked":["Eviscerate","Footwork+1"],"picked":"Cloak And Dagger","floor":31},{"not_picked":["Corpse Explosion","Doppelganger"],"picked":"Venomology","floor":33},{"not_picked":["Dodge and Roll+1","Dagger Throw"],"picked":"Deflect","floor":35},{"not_picked":["PiercingWail","Quick Slash"],"picked":"Blade Dance+1","floor":37},{"not_picked":["Masterful Stab","Distraction","Dagger Spray"],"picked":"SKIP","floor":38},{"not_picked":["Distraction","Noxious Fumes"],"picked":"Dagger Spray","floor":44},{"not_picked":["Distraction","Masterful Stab","Setup"],"picked":"SKIP","floor":46},{"not_picked":["Prepared","Outmaneuver+1"],"picked":"Backflip","floor":48}],"player_experience":836470,"relics_obtained":[{"floor":3,"key":"Meat on the Bone"},{"floor":7,"key":"Tingsha"},{"floor":9,"key":"Shuriken"},{"floor":10,"key":"Happy Flower"},{"floor":13,"key":"Kunai"},{"floor":24,"key":"Sundial"},{"floor":26,"key":"Regal Pillow"},{"floor":27,"key":"Bottled Flame"},{"floor":29,"key":"Omamori"},{"floor":44,"key":"Bronze Scales"},{"floor":46,"key":"Oddly Smooth Stone"}],"event_choices":[{"damage_healed":0,"gold_gain":0,"player_choice":"Entered Light","damage_taken":14,"max_hp_gain":0,"max_hp_loss":0,"event_name":"Shining Light","floor":2,"gold_loss":0,"cards_upgraded":["Strike_G","Defend_G"]},{"damage_healed":23,"gold_gain":0,"player_choice":"Banana","damage_taken":0,"max_hp_gain":0,"max_hp_loss":0,"event_name":"Big Fish","floor":5,"gold_loss":0},{"damage_healed":0,"gold_gain":0,"player_choice":"Ignored","damage_taken":0,"max_hp_gain":0,"max_hp_loss":0,"event_name":"Liars Game","floor":14,"gold_loss":0},{"damage_healed":0,"gold_gain":0,"player_choice":"Ignored","damage_taken":0,"max_hp_gain":0,"max_hp_loss":0,"event_name":"Ghosts","floor":20,"gold_loss":0},{"damage_healed":0,"gold_gain":250,"player_choice":"Bet on Owner","damage_taken":0,"max_hp_gain":0,"max_hp_loss":0,"event_name":"The Joust","floor":30,"gold_loss":50},{"damage_healed":0,"gold_gain":100,"player_choice":"Pray","damage_taken":0,"max_hp_gain":0,"max_hp_loss":0,"event_name":"Golden Shrine","floor":36,"gold_loss":0},{"damage_healed":0,"gold_gain":0,"cards_transformed":["Strike_G"],"player_choice":"Transformed","damage_taken":0,"max_hp_gain":0,"max_hp_loss":0,"event_name":"Transmorgrifier","floor":41,"gold_loss":0,"cards_obtained":["Grand Finale"]},{"damage_healed":0,"gold_gain":0,"player_choice":"Max HP","damage_taken":0,"max_hp_gain":0,"max_hp_loss":4,"event_name":"Winding Halls","floor":45,"gold_loss":0},{"damage_healed":0,"gold_gain":0,"player_choice":"Paid","damage_taken":0,"relics_obtained":["Red Mask"],"max_hp_gain":0,"max_hp_loss":0,"event_name":"Tomb of Lord Red Mask","floor":47,"gold_loss":84}],"is_beta":false,"boss_relics":[{"not_picked":["Pandora\u0027s Box","Cursed Key"],"picked":"Philosopher\u0027s Stone"},{"not_picked":["Ring of the Serpent","Black Star"],"picked":"SacredBark"}],"items_purged_floors":[22,39,42],"is_endless":false,"potions_floor_spawned":[7,10,16,19,24,27,31,37,38,46,48],"killed_by":"Awakened One","ascension_level":13}}