{"host":"hszimsrtxxc2k25w","time":1612013618,"event":{"mods":["AchievementEnabler","BaseMod","Colored Map","DeckTracker","Minty Spire (QoL Compilation)","Rare Cards Sparkle","SuperFastMode"],"gold_per_floor":[110,185,196,121,121,157,157,173,251,251,326,345,364,382,382,480,480,498,498,498,498,515,515,526,237,292,305,319,334,349,366,366,440,440,451,471,346,346,346],"floor_reached":38,"language":"KOR","playtime":1008,"items_purged":["Strike_G","Strike_G","Glass Knife"],"score":794,"play_id":"9f4fd3af-5f89-4b73-8201-36f4f04441aa","local_time":"20210130223338","is_ascension_mode":true,"campfire_choices":[{"data":"Cloak And Dagger","floor":7.0,"key":"SMITH"},{"data":"Blade Dance","floor":10.0,"key":"SMITH"},{"floor":15.0,"key":"REST"},{"data":"Accuracy","floor":23.0,"key":"SMITH"},{"data":"Footwork","floor":32.0,"key":"SMITH"}],"circlet_count":0,"master_deck":["AscendersBane","Strike_G","Strike_G","Strike_G","Defend_G","Defend_G","Defend_G","Defend_G","Defend_G","Survivor","Neutralize","Blade Dance+1","Cloak And Dagger+1","Blur","Accuracy+1","Adrenaline","Backflip","Infinite Blades","Cloak And Dagger","Blade Dance","Dodge and Roll+1","Footwork+1","Envenom"],"relics":["Ring of the Snake","NeowsBlessing","Bloody Idol","Potion Belt","Sundial","Pen Nib","WristBlade","Vajra","Toy Ornithopter","SlaversCollar"],"acts_visited":["Exordium","TheCity","TheBeyond"],"potions_floor_usage":[33,33,35],"damage_taken":[{"damage":0.0,"enemies":"Small Slimes","floor":1.0,"turns":1.0},{"damage":0.0,"enemies":"Jaw Worm","floor":3.0,"turns":1.0},{"damage":0.0,"enemies":"3 Sentries","floor":6.0,"turns":1.0},{"damage":1.0,"enemies":"Cultist","floor":8.0,"turns":4.0},{"damage":27.0,"enemies":"3 Sentries","floor":11.0,"turns":9.0},{"damage":0.0,"enemies":"3 Louse","floor":12.0,"turns":4.0},{"damage":8.0,"enemies":"Large Slime","floor":13.0,"turns":6.0},{"damage":0.0,"enemies":"Exordium Wildlife","floor":14.0,"turns":2.0},{"damage":18.0,"enemies":"Slime Boss","floor":16.0,"turns":4.0},{"damage":5.0,"enemies":"2 Thieves","floor":18.0,"turns":3.0},{"damage":8.0,"enemies":"Shell Parasite","floor":22.0,"turns":2.0},{"damage":14.0,"enemies":"Snake Plant","floor":24.0,"turns":3.0},{"damage":12.0,"enemies":"Chosen and Byrds","floor":27.0,"turns":5.0},{"damage":1.0,"enemies":"Centurion and Healer","floor":28.0,"turns":4.0},{"damage":12.0,"enemies":"Snake Plant","floor":29.0,"turns":3.0},{"damage":0.0,"enemies":"Snecko","floor":30.0,"turns":2.0},{"damage":0.0,"enemies":"3 Cultists","floor":31.0,"turns":3.0},{"damage":52,"enemies":"Collector","floor":33,"turns":8},{"damage":20,"enemies":"3 Shapes","floor":35,"turns":4},{"damage":36,"enemies":"3 Darklings","floor":36,"turns":5},{"damage":7,"enemies":"Writhing Mass","floor":38,"turns":4}],"seed_played":"-451562608980673478","potions_obtained":[{"floor":1.0,"key":"Dexterity Potion"},{"floor":3.0,"key":"CultistPotion"},{"floor":6.0,"key":"CultistPotion"},{"floor":13.0,"key":"DuplicationPotion"},{"floor":24.0,"key":"SkillPotion"},{"floor":27.0,"key":"DuplicationPotion"},{"floor":28.0,"key":"Explosive Potion"},{"floor":29.0,"key":"Poison Potion"},{"floor":33,"key":"Energy Potion"}],"is_trial":false,"path_per_floor":["M","?","M","$","?","E","R","M","T","R","?","M","M","M","R","B",null,"M","?","?","?","M","R","M","$","T","M","M","M","M","M","R","B",null,"M","M","$","M"],"character_chosen":"THE_SILENT","items_purchased":["Cloak And Dagger","Vajra"],"campfire_rested":1,"item_purchase_floors":[25,25],"current_hp_per_floor":[59,48,48,48,48,48,48,47,47,47,20,20,12,12,30,12,48,43,43,43,43,40,40,31,31,36,34,43,36,46,56,56,18,50,40,9,9,2,2],"gold":346,"neow_bonus":"THREE_ENEMY_KILL","is_daily":false,"chose_seed":false,"campfire_upgraded":4,"win_rate":0.0,"timestamp":1612013618,"path_taken":["M","?","M","$","?","E","R","M","T","R","?","?","M","M","R","BOSS","M","?","?","?","?","R","M","$","T","M","M","M","M","M","R","BOSS","M","M","$","M"],"items_purchased_type":["Card","Relic"],"build_version":"2020-12-22","purchased_purges":3,"victory":false,"max_hp_per_floor":[66,66,66,66,60,60,60,60,60,60,60,60,60,60,60,60,60,60,60,60,60,60,60,60,60,60,60,60,60,60,60,60,60,60,60,60,60,60,60],"card_choices":[{"not_picked":["Deflect","Endless Agony"],"picked":"Blade Dance","floor":1.0},{"not_picked":["Well Laid Plans","Leg Sweep"],"picked":"Cloak And Dagger","floor":3.0},{"not_picked":["Poisoned Stab","Quick Slash","Acrobatics"],"picked":"SKIP","floor":6.0},{"not_picked":["Slice","Quick Slash","Backflip"],"picked":"SKIP","floor":8.0},{"not_picked":["Deadly Poison","Backflip"],"picked":"Blur","floor":11.0},{"not_picked":["Bane","Outmaneuver"],"picked":"Glass Knife","floor":12.0},{"not_picked":["Skewer","Prepared","Flying Knee"],"picked":"SKIP","floor":13.0},{"not_picked":["Slice","Bane"],"picked":"Accuracy","floor":14.0},{"not_picked":["Night Terror","Glass Knife"],"picked":"Adrenaline","floor":16.0},{"not_picked":["Crippling Poison","Deflect","Flying Knee+1"],"picked":"SKIP","floor":18.0},{"not_picked":["Dagger Spray","Terror"],"picked":"Backflip","floor":22.0},{"not_picked":["Slice","Dodge and Roll+1"],"picked":"Infinite Blades","floor":24.0},{"not_picked":["Well Laid Plans","Backflip","Dash"],"picked":"SKIP","floor":27.0},{"not_picked":["Backflip","Concentrate"],"picked":"Blade Dance","floor":28.0},{"not_picked":["PiercingWail","Sucker Punch","Cloak And Dagger"],"picked":"SKIP","floor":29.0},{"not_picked":["Cloak And Dagger","Predator"],"picked":"Dodge and Roll+1","floor":30.0},{"not_picked":["Die Die Die","Bane"],"picked":"Footwork","floor":31.0},{"not_picked":["Doppelganger","Burst"],"picked":"Envenom","floor":33},{"not_picked":["Flying Knee+1","Bane","Noxious Fumes+1"],"picked":"SKIP","floor":35},{"not_picked":["Poisoned Stab","Blade Dance","Terror"],"picked":"SKIP","floor":36}],"player_experience":656414,"relics_obtained":[{"floor":6.0,"key":"Potion Belt"},{"floor":9.0,"key":"Sundial"},{"floor":11.0,"key":"Pen Nib"},{"floor":26.0,"key":"Toy Ornithopter"}],"event_choices":[{"damage_healed":0.0,"max_hp_gain":0.0,"max_hp_loss":0.0,"gold_gain":75.0,"event_name":"World of Goop","player_choice":"Gather Gold","floor":2.0,"gold_loss":0.0,"damage_taken":11.0},{"damage_healed":0.0,"max_hp_gain":0.0,"max_hp_loss":6.0,"gold_gain":0.0,"event_name":"Golden Idol","player_choice":"Lose Max HP","floor":5.0,"gold_loss":0.0,"damage_taken":0.0,"relics_obtained":["Golden Idol"]},{"damage_healed":0.0,"max_hp_gain":0.0,"max_hp_loss":0.0,"gold_gain":0.0,"event_name":"Dead Adventurer","player_choice":"Searched \u00271\u0027 times","floor":11.0,"gold_loss":0.0,"damage_taken":0.0},{"damage_healed":0.0,"max_hp_gain":0.0,"max_hp_loss":0.0,"gold_gain":0.0,"event_name":"Ghosts","player_choice":"Ignored","floor":19.0,"gold_loss":0.0,"damage_taken":0.0},{"damage_healed":0.0,"max_hp_gain":0.0,"max_hp_loss":0.0,"gold_gain":0.0,"event_name":"Forgotten Altar","player_choice":"Gave Idol","floor":20.0,"relics_lost":["Golden Idol"],"gold_loss":0.0,"damage_taken":0.0,"relics_obtained":["Bloody Idol"]},{"damage_healed":0.0,"max_hp_gain":0.0,"max_hp_loss":0.0,"gold_gain":0.0,"event_name":"Vampires","player_choice":"Ignored","floor":21.0,"gold_loss":0.0,"damage_taken":0.0}],"is_beta":false,"boss_relics":[{"not_picked":["Fusion Hammer","Busted Crown"],"picked":"WristBlade"},{"not_picked":["Runic Dome","Ring of the Serpent"],"picked":"SlaversCollar"}],"items_purged_floors":[4,25,37],"is_endless":false,"potions_floor_spawned":[1,3,6,13,24,27,28,29,33],"killed_by":"Writhing Mass","ascension_level":19}}