{"host":"hbel9g7s7ibv8po6","time":1612005260,"event":{"mods":["BaseMod","Duelist Mod","Minty Spire (QoL Compilation)","StSLib"],"gold_per_floor":[389,314,333,333,348,376,376,396,396,396,421,437,447,447,447,545,545,557,557,572,626,645,645,680,692,692,592,603,327,356,372,372,474,474,492,492,492],"floor_reached":38,"language":"ENG","playtime":2489,"items_purged":["theDuelist:Sparks","theDuelist:VampireCurse","theDuelist:CastleWalls"],"score":1064,"play_id":"1aaab1f5-3fcc-4ee8-aa66-e48036e059e8","local_time":"20210130191420","is_ascension_mode":true,"campfire_choices":[{"data":"theDuelist:DragonPiper","floor":7.0,"key":"SMITH"},{"data":"theDuelist:AncientGearGadjiltron","floor":10.0,"key":"SMITH"},{"data":"theDuelist:BabyDragon","floor":15.0,"key":"SMITH"},{"data":"theDuelist:WingedDragonRa","floor":23.0,"key":"SMITH"},{"data":"theDuelist:PotGreed","floor":32.0,"key":"SMITH"}],"circlet_count":0,"master_deck":["AscendersBane","theDuelist:BabyDragon+1","theDuelist:CastleWalls","theDuelist:CaveDragon","theDuelist:CaveDragon","theDuelist:LesserDragon","theDuelist:LesserDragon","theDuelist:YamataDragon","theDuelist:DragonPiper+1","theDuelist:AncientGearGadjiltron+1","theDuelist:MirageDragon","theDuelist:EyeTimaeus","theDuelist:FiendSkull","Finesse","theDuelist:WingedDragonRa+1","theDuelist:LeviaDragon","theDuelist:PotGreed+1","theDuelist:BusterBladerDDS"],"relics":["theDuelist:MillenniumPuzzle","theDuelist:CardPoolRelic","theDuelist:CardPoolBasicRelic","theDuelist:BoosterPackPoolRelic","theDuelist:CardPoolAddRelic","theDuelist:CardPoolMinusRelic","theDuelist:CardPoolSaveRelic","theDuelist:CardPoolOptionsRelic","Eternal Feather","theDuelist:SpellMaxHPRelic","FossilizedHelix","theDuelist:MillenniumPeriapt","Philosopher\u0027s Stone","theDuelist:MetronomeRelicB","theDuelist:ElectricBurst","theDuelist:ResummonBranch","Unceasing Top","theDuelist:MillenniumPrayerbook","theDuelist:BlessingAnubis","Nunchaku","Bottled Flame","Sozu"],"acts_visited":["Exordium","TheCity","TheBeyond"],"potions_floor_usage":[37],"damage_taken":[{"damage":0.0,"enemies":"Cultist","floor":1.0,"turns":3.0},{"damage":0.0,"enemies":"2 Louse","floor":3.0,"turns":2.0},{"damage":0.0,"enemies":"Small Slimes","floor":5.0,"turns":3.0},{"damage":7.0,"enemies":"Lagavulin","floor":6.0,"turns":3.0},{"damage":0.0,"enemies":"Gremlin Gang","floor":8.0,"turns":4.0},{"damage":0.0,"enemies":"Gremlin Nob","floor":11.0,"turns":2.0},{"damage":0.0,"enemies":"Exordium Thugs","floor":12.0,"turns":3.0},{"damage":0.0,"enemies":"Blue Slaver","floor":13.0,"turns":2.0},{"damage":50.0,"enemies":"Hexaghost","floor":16.0,"turns":5.0},{"damage":0.0,"enemies":"Chosen","floor":18.0,"turns":5.0},{"damage":0.0,"enemies":"Shell Parasite","floor":20.0,"turns":3.0},{"damage":27.0,"enemies":"Shell Parasite","floor":21.0,"turns":8.0},{"damage":0.0,"enemies":"Snake Plant","floor":22.0,"turns":2.0},{"damage":23.0,"enemies":"Slavers","floor":24.0,"turns":4.0},{"damage":0.0,"enemies":"3 Cultists","floor":25.0,"turns":3.0},{"damage":0.0,"enemies":"Snecko","floor":28.0,"turns":2.0},{"damage":0.0,"enemies":"theDuelist:KaibaA2","floor":30.0,"turns":1.0},{"damage":0.0,"enemies":"Cultist and Chosen","floor":31.0,"turns":2.0},{"damage":0.0,"enemies":"Champ","floor":33.0,"turns":4.0},{"damage":0.0,"enemies":"3 Darklings","floor":35.0,"turns":2.0},{"damage":16,"enemies":"Donu and Deca","floor":37,"turns":6}],"seed_played":"-556753195481129087","potions_obtained":[{"floor":3.0,"key":"theDuelist:TokenPotionB"},{"floor":6.0,"key":"theDuelist:BurningPotion"},{"floor":13.0,"key":"theDuelist:FlamingBottle"},{"floor":16.0,"key":"Block Potion"},{"floor":20.0,"key":"theDuelist:LavaBottle"},{"floor":25.0,"key":"EssenceOfSteel"},{"floor":30.0,"key":"theDuelist:TokenPotion"},{"floor":31.0,"key":"FocusPotion"}],"is_trial":false,"path_per_floor":["M","$","M","?","M","E","R","M","T","R","E","M","M","?","R","B",null,"M","?","M","?","M","R","E","M","T","$","M","$","E","M","R","B",null,"M","?","B",null],"character_chosen":"THE_DUELIST","items_purchased":["Nunchaku"],"campfire_rested":0,"item_purchase_floors":[29],"current_hp_per_floor":[51,51,51,51,51,44,50,50,50,56,56,56,56,56,65,15,64,64,58,58,31,31,40,17,18,18,18,18,18,18,18,27,27,68,69,69,66],"gold":492,"neow_bonus":"TWO_FIFTY_GOLD","is_daily":false,"chose_seed":false,"campfire_upgraded":5,"win_rate":0.0,"timestamp":1612005260,"path_taken":["M","$","M","?","?","E","R","M","T","R","E","M","M","?","R","BOSS","M","?","M","?","M","R","E","?","T","$","M","?","E","M","R","BOSS","M","?","BOSS"],"items_purchased_type":["Relic"],"build_version":"2020-12-22","purchased_purges":3,"victory":true,"max_hp_per_floor":[80,80,80,80,80,80,80,80,80,80,80,80,80,80,80,80,80,80,80,80,80,80,80,80,81,81,81,81,81,81,81,81,81,81,82,82,82],"card_choices":[{"not_picked":["theDuelist:DarkHorus","theDuelist:HazyFlameHydra","theDuelist:Kabazauls","theDuelist:RedDragonArchfiend"],"picked":"theDuelist:DragonPiper","floor":1.0},{"not_picked":["theDuelist:BlacklandFireDragon","theDuelist:DarkfireDragon","theDuelist:CyberDragonNachster","theDuelist:DarkstormDragon"],"picked":"theDuelist:AncientGearGadjiltron","floor":3.0},{"not_picked":["theDuelist:Kabazauls","theDuelist:CyberDinosaur","theDuelist:BlackPtera","theDuelist:Beatraptor"],"picked":"theDuelist:MirageDragon","floor":5.0},{"not_picked":["theDuelist:MadSwordBeast","theDuelist:StarlightRoad","theDuelist:MegafleetDragon","theDuelist:Earthquake","theDuelist:CloudianGhost"],"picked":"SKIP","floor":6.0},{"not_picked":["theDuelist:SpiralSpearStrike","theDuelist:StampingDestruction","theDuelist:UltraEvolutionPill","theDuelist:SoulCharge"],"picked":"theDuelist:EyeTimaeus","floor":8.0},{"not_picked":["theDuelist:StampingDestruction","theDuelist:Duoterion","theDuelist:BlackVeloci","theDuelist:WhiteHowling"],"picked":"theDuelist:FiendSkull","floor":11.0},{"not_picked":["theDuelist:Berserking","theDuelist:DragonMirror","theDuelist:DragonRavine","theDuelist:WhiteHornDragon"],"picked":"SKIP","floor":12.0},{"not_picked":["Dark Shackles","Good Instincts","Swift Strike"],"picked":"Finesse","floor":13.0},{"not_picked":["theDuelist:GravityLash","theDuelist:ArmedProtectorDragon","theDuelist:DoomkaiserDragon","theDuelist:SurvivalFittest"],"picked":"theDuelist:WingedDragonRa","floor":16.0},{"not_picked":["theDuelist:EyeTimaeus"],"picked":"SKIP","floor":18.0},{"not_picked":["theDuelist:CyberneticOverflow","theDuelist:DefenseZone","theDuelist:GalaxyTyranno","theDuelist:WaterDragonCluster"],"picked":"theDuelist:LeviaDragon","floor":20.0},{"not_picked":["theDuelist:ArmedDragon5","theDuelist:GenesisDragon","theDuelist:VoidOgreDragon"],"picked":"SKIP","floor":22.0},{"not_picked":["theDuelist:YamataDragon","theDuelist:FrostflameDragon","theDuelist:BlackPtera+1","theDuelist:ViceDragon","theDuelist:BlueEyes"],"picked":"SKIP","floor":24.0},{"not_picked":["theDuelist:RainbowOverdragon","theDuelist:DarkCreator","theDuelist:BlackPendant+1","theDuelist:HaneHane+1"],"picked":"theDuelist:PotGreed","floor":25.0},{"not_picked":["theDuelist:BurstBreath","theDuelist:BackupSoldier","theDuelist:AtomicScrapDragon","theDuelist:SeismicShockwave","theDuelist:SurvivalFittest"],"picked":"SKIP","floor":28.0},{"not_picked":["theDuelist:DarkHorus","theDuelist:Earthquake","theDuelist:Kabazauls","theDuelist:Pyrorex","theDuelist:ThunderDragon"],"picked":"SKIP","floor":30.0},{"not_picked":["theDuelist:LesserDragon","theDuelist:DragonPiper","theDuelist:CyberDragonNachster","theDuelist:CaveDragon+1","theDuelist:BlacklandFireDragon"],"picked":"SKIP","floor":31.0},{"not_picked":["theDuelist:BSkullDragon","theDuelist:GaiaDragonChamp","theDuelist:LostWorld","theDuelist:SurvivalFittest+1"],"picked":"theDuelist:BusterBladerDDS","floor":33.0},{"not_picked":["theDuelist:BattleguardKing","theDuelist:LightningDarts","theDuelist:BlueBloodedOni+1","theDuelist:FeatherPho+1"],"picked":"theDuelist:DianKeto+1","floor":35.0}],"player_experience":172005,"relics_obtained":[{"floor":6.0,"key":"Eternal Feather"},{"floor":9.0,"key":"theDuelist:SpellMaxHPRelic"},{"floor":11.0,"key":"FossilizedHelix"},{"floor":21.0,"key":"theDuelist:ElectricBurst"},{"floor":21.0,"key":"theDuelist:ResummonBranch"},{"floor":21.0,"key":"Unceasing Top"},{"floor":24.0,"key":"theDuelist:MillenniumPrayerbook"},{"floor":26.0,"key":"theDuelist:BlessingAnubis"},{"floor":30.0,"key":"Bottled Flame"}],"event_choices":[{"cards_removed":["theDuelist:Sparks"],"damage_healed":0.0,"max_hp_gain":0.0,"max_hp_loss":0.0,"gold_gain":0.0,"event_name":"Bonfire Elementals","player_choice":"Offered Basic","floor":4.0,"gold_loss":0.0,"damage_taken":0.0},{"damage_healed":0.0,"max_hp_gain":0.0,"max_hp_loss":0.0,"gold_gain":0.0,"event_name":"Millennium Items","player_choice":"Took item - Received: Millennium Periapt","duelist":true,"floor":14.0,"gold_loss":0.0,"damage_taken":0.0},{"damage_healed":0.0,"max_hp_gain":0.0,"max_hp_loss":0.0,"gold_gain":0.0,"event_name":"Aknamkanon\u0027s Tomb","player_choice":"Dig - random Duelist relic","duelist":true,"floor":19.0,"gold_loss":0.0,"damage_taken":0.0},{"damage_healed":0.0,"max_hp_gain":0.0,"max_hp_loss":0.0,"gold_gain":0.0,"event_name":"Battle City","player_choice":"Fight","duelist":true,"floor":21.0,"gold_loss":0.0,"damage_taken":0.0},{"damage_healed":0.0,"max_hp_gain":0.0,"max_hp_loss":0.0,"gold_gain":0.0,"event_name":"SecretPortal","player_choice":"Took Portal","floor":36.0,"gold_loss":0.0,"damage_taken":0.0}],"is_beta":false,"boss_relics":[{"not_picked":["Fusion Hammer","Busted Crown"],"picked":"Philosopher\u0027s Stone"},{"not_picked":["SacredBark","Runic Dome"],"picked":"Sozu"}],"items_purged_floors":[2,27,29],"is_endless":false,"potions_floor_spawned":[3,6,13,16,20,25,30,31],"ascension_level":10}}