{"host":"6xsbn6ynqlzwllfm","time":1612029214,"event":{"mods":["2.2 Compatiblity","BaseMod","Bestiary","Colored Map","Colored Powertips","Curses Come First","Highlight Path","Keyboard Shortcuts","Minty Spire (QoL Compilation)","Relic Stats","Slay the Relics Exporter","StSLib","SuperFastMode"],"gold_per_floor":[119,119,194,194,207,241,241,256,280,292,319,366,378,433,445,548,560,595,607,619,391,404,404,435,435,459,494,518,536,567,567,567,663,663,684,1017,1017,503,522,522,522],"floor_reached":40,"language":"ENG","playtime":1157,"items_purged":["Eruption","Defend_P"],"score":1120,"play_id":"db9640a1-9270-4899-b66f-d3a2b544e607","local_time":"20210130125334","is_ascension_mode":true,"campfire_choices":[{"data":"Blasphemy","floor":7.0,"key":"SMITH"},{"data":"EmptyFist","floor":10.0,"key":"SMITH"},{"data":"FlyingSleeves","floor":13.0,"key":"SMITH"},{"data":"Tantrum","floor":15.0,"key":"SMITH"},{"data":"Omniscience","floor":23.0,"key":"SMITH"},{"data":"LessonLearned","floor":25.0,"key":"SMITH"},{"data":"RitualDagger","floor":32.0,"key":"SMITH"}],"circlet_count":0,"master_deck":["AscendersBane","Defend_P","Defend_P+1","Defend_P+1","Vigilance","EmptyFist+1","BowlingBash","Blasphemy+1","FlurryOfBlows","FlyingSleeves+1","Tantrum+1","Omniscience+1","EmptyBody","Bite","Bite","Bite+1","Bite","Bite+1","Protect+1","LessonLearned+1","LikeWater","Protect","Wallop","RitualDagger+1","Omniscience","Flash of Steel","TalkToTheHand","Sanctity+1"],"relics":["PureWater","NeowsBlessing","Letter Opener","Bag of Marbles","MawBank","Anchor","Vajra","Coffee Dripper","OrangePellets","Whetstone","Akabeko","Eternal Feather","Dream Catcher","Philosopher\u0027s Stone","Lantern","Bag of Preparation"],"acts_visited":["Exordium","TheCity","TheBeyond"],"potions_floor_usage":[33,40],"damage_taken":[{"damage":0.0,"enemies":"Jaw Worm","floor":1.0,"turns":1.0},{"damage":0.0,"enemies":"2 Louse","floor":5.0,"turns":1.0},{"damage":0.0,"enemies":"Lagavulin","floor":6.0,"turns":1.0},{"damage":2.0,"enemies":"Small Slimes","floor":8.0,"turns":2.0},{"damage":0.0,"enemies":"Blue Slaver","floor":11.0,"turns":1.0},{"damage":0.0,"enemies":"Gremlin Nob","floor":12.0,"turns":2.0},{"damage":7.0,"enemies":"3 Sentries","floor":14.0,"turns":4.0},{"damage":12.0,"enemies":"Hexaghost","floor":16.0,"turns":4.0},{"damage":21.0,"enemies":"3 Byrds","floor":18.0,"turns":5.0},{"damage":0.0,"enemies":"Chosen","floor":22.0,"turns":3.0},{"damage":25.0,"enemies":"Book of Stabbing","floor":24.0,"turns":4.0},{"damage":8.0,"enemies":"Gremlin Leader","floor":27.0,"turns":4.0},{"damage":6.0,"enemies":"3 Cultists","floor":28.0,"turns":3.0},{"damage":5.0,"enemies":"Snake Plant","floor":29.0,"turns":3.0},{"damage":0.0,"enemies":"Book of Stabbing","floor":30.0,"turns":4.0},{"damage":5,"enemies":"Champ","floor":33,"turns":14},{"damage":41,"enemies":"3 Darklings","floor":35,"turns":9},{"damage":0,"enemies":"Orb Walker","floor":39,"turns":1},{"damage":41,"enemies":"Nemesis","floor":40,"turns":11}],"seed_played":"6519947676013743407","potions_obtained":[{"floor":1.0,"key":"FearPotion"},{"floor":8.0,"key":"PowerPotion"},{"floor":11.0,"key":"LiquidMemories"},{"floor":12.0,"key":"Block Potion"},{"floor":18.0,"key":"LiquidMemories"},{"floor":24.0,"key":"Strength Potion"},{"floor":30.0,"key":"EssenceOfSteel"}],"is_trial":false,"path_per_floor":["M","?","?","T","M","E","R","M","T","R","M","E","R","E","R","B",null,"M","?","?","$","M","R","E","R","T","E","M","M","E","?","R","B",null,"M","?","?","$","M","E"],"character_chosen":"WATCHER","items_purchased":["OrangePellets","TalkToTheHand","Lantern","Bag of Preparation"],"campfire_rested":0,"item_purchase_floors":[21,38,38,38],"current_hp_per_floor":[61,61,50,50,50,50,50,48,48,48,48,48,48,41,41,29,54,33,33,33,33,39,39,22,22,22,26,29,29,31,25,40,43,43,19,19,9,9,12,0,0],"gold":522,"neow_bonus":"THREE_ENEMY_KILL","is_daily":false,"chose_seed":false,"campfire_upgraded":7,"win_rate":0.0,"timestamp":1612029214,"path_taken":["M","?","?","?","?","E","R","M","T","R","M","E","R","E","R","BOSS","M","?","?","$","M","R","E","R","T","E","M","M","E","?","R","BOSS","M","?","?","$","M","E"],"items_purchased_type":["Relic","Card","Relic","Relic"],"build_version":"2020-12-22","purchased_purges":2,"victory":false,"max_hp_per_floor":[68,62,62,62,62,62,62,62,62,62,62,62,62,62,62,62,62,62,43,43,43,43,43,43,43,43,43,43,43,43,43,43,43,43,43,43,43,43,43,43,43],"relic_stats":{"OrangePellets":[0],"Dream Catcher":0,"counters":[19,77],"Eternal Feather":15,"Bag of Preparation":[4],"Letter Opener":[70],"Whetstone":["Bite","Bite"],"MawBank":144,"obtain_stats":[{"Lantern":38,"NeowsBlessing":0,"Golden Idol":2,"Vajra":14,"Eternal Feather":27,"Bag of Preparation":38,"Letter Opener":4,"Whetstone":24,"MawBank":9,"Akabeko":26,"OrangePellets":21,"Anchor":12,"Dream Catcher":30,"Philosopher\u0027s Stone":34,"Bag of Marbles":6,"Coffee Dripper":17,"PureWater":0},{"Lantern":17,"NeowsBlessing":0,"Golden Idol":1,"Vajra":7,"Eternal Feather":12,"Bag of Preparation":17,"Letter Opener":1,"Whetstone":11,"MawBank":4,"Akabeko":11,"OrangePellets":9,"Anchor":6,"Dream Catcher":15,"Philosopher\u0027s Stone":16,"Bag of Marbles":3,"Coffee Dripper":8,"PureWater":0},{"Lantern":65,"NeowsBlessing":0,"Golden Idol":1,"Vajra":12,"Eternal Feather":32,"Bag of Preparation":65,"Letter Opener":1,"Whetstone":28,"MawBank":5,"Akabeko":28,"OrangePellets":21,"Anchor":8,"Dream Catcher":42,"Philosopher\u0027s Stone":56,"Bag of Marbles":3,"Coffee Dripper":16,"PureWater":0}]},"card_choices":[{"not_picked":["Collect","FollowUp"],"picked":"EmptyFist","floor":1.0},{"not_picked":["EmptyFist","Nirvana"],"picked":"BowlingBash","floor":5.0},{"not_picked":["ReachHeaven","Alpha"],"picked":"Blasphemy","floor":6.0},{"not_picked":["InnerPeace","Fasting2"],"picked":"FlurryOfBlows","floor":8.0},{"not_picked":["CrushJoints","DeceiveReality"],"picked":"FlyingSleeves","floor":11.0},{"not_picked":["Swivel","JustLucky"],"picked":"Tantrum","floor":14.0},{"not_picked":["ConjureBlade","MasterReality"],"picked":"Omniscience","floor":16.0},{"not_picked":["PathToVictory","ThirdEye"],"picked":"EmptyBody","floor":18.0},{"not_picked":["EmptyFist","Halt"],"picked":"Protect+1","floor":22.0},{"not_picked":["EmptyBody","FlurryOfBlows"],"picked":"LessonLearned","floor":24.0},{"not_picked":["Indignation","SpiritShield"],"picked":"LikeWater","floor":27.0},{"not_picked":["SashWhip","WindmillStrike"],"picked":"Protect","floor":29.0},{"not_picked":["Protect","Consecrate"],"picked":"Wallop","floor":30.0},{"not_picked":["Vault","Devotion"],"picked":"Omniscience","floor":33},{"not_picked":["Dark Shackles","Discovery"],"picked":"Flash of Steel","floor":37},{"not_picked":["Consecrate","CrushJoints+1"],"picked":"Sanctity+1","floor":39}],"player_experience":1291794,"relics_obtained":[{"floor":4.0,"key":"Letter Opener"},{"floor":6.0,"key":"Bag of Marbles"},{"floor":9.0,"key":"MawBank"},{"floor":12.0,"key":"Anchor"},{"floor":14.0,"key":"Vajra"},{"floor":24.0,"key":"Whetstone"},{"floor":26.0,"key":"Akabeko"},{"floor":27.0,"key":"Eternal Feather"},{"floor":30.0,"key":"Dream Catcher"}],"event_choices":[{"damage_healed":0.0,"max_hp_gain":0.0,"max_hp_loss":6.0,"gold_gain":0.0,"event_name":"Golden Idol","player_choice":"Lose Max HP","floor":2.0,"gold_loss":0.0,"damage_taken":0.0,"relics_obtained":["Golden Idol"]},{"damage_healed":0.0,"max_hp_gain":0.0,"max_hp_loss":0.0,"gold_gain":75.0,"event_name":"World of Goop","player_choice":"Gather Gold","floor":3.0,"gold_loss":0.0,"damage_taken":11.0},{"damage_healed":0.0,"max_hp_gain":0.0,"max_hp_loss":19.0,"gold_gain":0.0,"event_name":"Vampires","player_choice":"Became a vampire","floor":19.0,"gold_loss":0.0,"damage_taken":0.0,"cards_obtained":["Bite","Bite","Bite","Bite","Bite"]},{"damage_healed":0.0,"max_hp_gain":0.0,"max_hp_loss":0.0,"gold_gain":0.0,"event_name":"Cursed Tome","player_choice":"Ignored","floor":20.0,"gold_loss":0.0,"damage_taken":0.0},{"damage_healed":0.0,"max_hp_gain":0.0,"max_hp_loss":0.0,"gold_gain":0.0,"event_name":"Nest","player_choice":"Joined the Cult","floor":31.0,"gold_loss":0.0,"damage_taken":6.0,"cards_obtained":["RitualDagger"]},{"damage_healed":0,"gold_gain":333,"player_choice":"Gave Idol","damage_taken":0,"max_hp_gain":0,"max_hp_loss":0,"event_name":"The Moai Head","floor":36,"relics_lost":["Golden Idol"],"gold_loss":0},{"damage_healed":0,"gold_gain":0,"player_choice":"Memory 3","damage_taken":10,"max_hp_gain":0,"max_hp_loss":0,"event_name":"SensoryStone","floor":37,"gold_loss":0}],"is_beta":false,"boss_relics":[{"not_picked":["Sozu","Velvet Choker"],"picked":"Coffee Dripper"},{"not_picked":["Astrolabe","Snecko Eye"],"picked":"Philosopher\u0027s Stone"}],"items_purged_floors":[21,38],"is_endless":false,"potions_floor_spawned":[1,8,11,12,14,18,24,30],"killed_by":"Nemesis","ascension_level":20}}