{"host":"b5jaqh8y266k2cz4","time":1612036826,"event":{"mods":["AchievementEnabler","Aspiration","BaseMod","Colored Powertips","Conspire","Downfall","Googly Eyes","Hermit","Highlight Path","Hubris","Infinite Spire","MarisaÅiñ∂âJÅ@ñÇóùçπÅj","Mimic Mod","Minty Spire (QoL Compilation)","Replay The Spire","SOSÅiézîb?îVéqÅj","Spikes Relics","StSLib","Synergy Search","The Animator","The Cursed","The Jungle","The Necromancer","The Servant 0.9.4","The Wild Card","slay the spire mod where everything is the same but ironclad has a cowboy hat","Åyå˜î\ModÅz?ñæìIç≈?Boss"],"gold_per_floor":[111,111,111,36,54,54,64,90,90,125,144,144,144,144,144,249,249,262,278,60,79,79,111,111,123,150,150,50,50,84,99,99,99,99],"floor_reached":33,"language":"ENG","playtime":812,"items_purged":["theWildCard:Arsene","theWildCard:LadyLuck+1"],"score":384,"play_id":"a4d71852-ac15-49b3-9e1d-1f2b81e84bbf","local_time":"20210130150026","is_ascension_mode":true,"campfire_choices":[{"floor":6,"key":"REST"},{"data":"theWildCard:CallToAdventure","floor":12,"key":"PURGE"},{"data":"theWildCard:Desolation","floor":15,"key":"SMITH"},{"floor":24,"key":"REST"},{"floor":32,"key":"REST"}],"circlet_count":0,"master_deck":["conspire:GhostlyStrike","conspire:GhostlyStrike","conspire:GhostlyStrike","conspire:GhostlyStrike","conspire:GhostlyDefend+1","conspire:GhostlyDefend+1","conspire:GhostlyDefend","conspire:GhostlyDefend","theWildCard:Desolation+2","theWildCard:Abstinence"],"relics":["theWildCard:VelvetContract","conspire:Dentures","Gremlin Food","Peace Pipe","conspire:InfiniteJournal","Regal Pillow","conspire:RoyalGoblet","HandDrill","MutagenicStrength","hubris:64BitClover","infinitespire:PuzzleCube"],"acts_visited":["Exordium","TheCity"],"potions_floor_usage":[16,33,33],"damage_taken":[{"damage":0,"enemies":"2 Louse","floor":1,"turns":2},{"damage":0,"enemies":"Small Slimes","floor":5,"turns":1},{"damage":0,"enemies":"Cultist","floor":7,"turns":2},{"damage":14,"enemies":"Gremlin Nob","floor":8,"turns":4},{"damage":4,"enemies":"3 Sentries","floor":10,"turns":3},{"damage":0,"enemies":"Blue Slaver","floor":11,"turns":2},{"damage":34,"enemies":"The Guardian","floor":16,"turns":7},{"damage":2,"enemies":"2 Thieves","floor":18,"turns":3},{"damage":9,"enemies":"Shell Parasite","floor":19,"turns":5},{"damage":8,"enemies":"Snake Plant","floor":21,"turns":2},{"damage":16,"enemies":"Book of Stabbing","floor":23,"turns":5},{"damage":0,"enemies":"Centurion and Healer","floor":25,"turns":3},{"damage":0,"enemies":"Slavers","floor":30,"turns":1},{"damage":0,"enemies":"Cultist and Chosen","floor":31,"turns":4},{"damage":54,"enemies":"hubris:MusketHawk","floor":33,"turns":7}],"seed_played":"-4916623064596748516","potions_obtained":[{"floor":5,"key":"SkillPotion"},{"floor":7,"key":"hexamod:SoulburnPotion"},{"floor":19,"key":"Reflective Coating"},{"floor":23,"key":"Venom Potion"},{"floor":31,"key":"LiquidMemories"}],"is_trial":false,"path_per_floor":["M","?","?","$","M","R","M","E","T","E","M","R","?","$","R","B",null,"M","M","$","M","?","E","R","M","T","?","$","?","E","M","R","B"],"character_chosen":"THE_WILD_CARD","items_purchased":["HandDrill","theWildCard:Abstinence"],"campfire_rested":3,"item_purchase_floors":[20,20],"current_hp_per_floor":[54,51,51,51,51,54,54,40,40,36,36,36,36,36,36,2,54,52,43,43,35,35,19,50,50,50,50,50,50,50,50,54,0,0],"gold":99,"neow_bonus":"THREE_RARE_CARDS","is_daily":false,"chose_seed":false,"campfire_upgraded":1,"win_rate":0.0,"timestamp":1612036826,"path_taken":["M","?","?","$","?","R","M","E","T","E","M","R","?","?","R","BOSS","M","M","$","M","?","E","R","M","T","?","$","?","E","M","R","BOSS"],"items_purchased_type":["Relic","Card"],"build_version":"2020-12-22","purchased_purges":2,"victory":false,"max_hp_per_floor":[54,54,54,54,54,54,54,54,54,54,54,54,54,54,54,54,54,54,54,54,54,54,54,54,54,54,54,54,54,54,54,54,54,54],"card_choices":[{"not_picked":["theWildCard:Deicide","theWildCard:Caesar"],"picked":"theWildCard:Desolation","floor":0},{"not_picked":["theWildCard:SeveringSlash","theWildCard:EnergizedStroke"],"picked":"theWildCard:PaleRider","floor":1},{"not_picked":["theWildCard:MagicMettle","theWildCard:Lucifer","theWildCard:MagicalMight"],"picked":"SKIP","floor":5},{"not_picked":["theWildCard:Patience","theWildCard:MagicMettle","theWildCard:Michael"],"picked":"SKIP","floor":7},{"not_picked":["theWildCard:Metatron","theWildCard:Safeguard","theWildCard:ArcanaArtistry"],"picked":"SKIP","floor":8},{"not_picked":["theWildCard:Deicide","theWildCard:SacrificialStroke","theWildCard:Michael"],"picked":"SKIP","floor":10},{"not_picked":["theWildCard:MaskChange","theWildCard:PaleRider","theWildCard:Polydeuces"],"picked":"SKIP","floor":11},{"not_picked":["theWildCard:Michael","theWildCard:Patience","theWildCard:ArcaneArts"],"picked":"SKIP","floor":18},{"not_picked":["theWildCard:EnergizedStroke","theWildCard:SeveringSlash"],"picked":"theWildCard:LadyLuck+1","floor":19},{"not_picked":["theWildCard:Thanatos","theWildCard:SacrificialStroke","theWildCard:Unburden"],"picked":"SKIP","floor":21},{"not_picked":["theWildCard:StingingStrike","theWildCard:MagicMettle+1","theWildCard:Sakuya"],"picked":"SKIP","floor":23},{"not_picked":["theWildCard:StalwartBlade+1","theWildCard:IdentityTheft+1","theWildCard:MaskChange"],"picked":"SKIP","floor":25},{"not_picked":["theWildCard:BladeOfGenerations","theWildCard:LadyLuck","theWildCard:Odin"],"picked":"SKIP","floor":30},{"not_picked":["theWildCard:PaleRider","theWildCard:ArchaicAssault+1","theWildCard:Unburden"],"picked":"SKIP","floor":31}],"player_experience":326826,"relics_obtained":[{"floor":8,"key":"Peace Pipe"},{"floor":9,"key":"conspire:InfiniteJournal"},{"floor":10,"key":"Regal Pillow"},{"floor":23,"key":"hubris:64BitClover"},{"floor":26,"key":"infinitespire:PuzzleCube"}],"event_choices":[{"damage_healed":0,"gold_gain":0,"player_choice":"Success","damage_taken":3,"relics_obtained":["conspire:Dentures"],"max_hp_gain":0,"max_hp_loss":0,"event_name":"Scrap Ooze","floor":2,"gold_loss":0},{"cards_removed":["theWildCard:PaleRider"],"damage_healed":0,"gold_gain":0,"player_choice":"Gave Card","damage_taken":0,"relics_obtained":["Gremlin Food"],"max_hp_gain":0,"max_hp_loss":0,"event_name":"WeMeetAgain","floor":3,"gold_loss":0},{"damage_healed":0,"gold_gain":0,"player_choice":"Agree","damage_taken":0,"max_hp_gain":0,"max_hp_loss":0,"event_name":"conspire:LoneGhost","floor":13,"gold_loss":0},{"damage_healed":0,"gold_gain":0,"player_choice":"Inject Mutagens","damage_taken":0,"relics_obtained":["MutagenicStrength"],"max_hp_gain":0,"max_hp_loss":0,"event_name":"Drug Dealer","floor":22,"gold_loss":0},{"damage_healed":0,"gold_gain":0,"player_choice":"Leave","damage_taken":0,"max_hp_gain":0,"max_hp_loss":0,"event_name":"conspire:Investor","floor":27,"gold_loss":0},{"damage_healed":0,"gold_gain":0,"player_choice":"Ignored","damage_taken":0,"max_hp_gain":0,"max_hp_loss":0,"event_name":"Vampires","floor":29,"gold_loss":0}],"is_beta":false,"boss_relics":[{"not_picked":["hubris:GrandSneckoEye","Tiny House"],"picked":"conspire:RoyalGoblet"}],"items_purged_floors":[4,28],"is_endless":false,"potions_floor_spawned":[5,7,19,23,31],"killed_by":"hubris:MusketHawk","ascension_level":1}}