{"host":"osk2oboccoevp2u5","time":1612042549,"event":{"mods":["AchievementEnabler","Alarm Clock","BaseMod","Colored Powertips","Disable Question Mark Monsters","Displayed Cursed Tome","Hermit","Key Reminder","Minty Spire (QoL Compilation)","Potion Indicator Mod","Quick Restart","Rare Cards Sparkle","Reorder Act Four","StSLib","Useless Jewels Mod"],"gold_per_floor":[115,115,125,200,214,241,241,272,272,282,282,7,23,23,23,127,127,138,157,169,169,188,188,188,207,207,207,32,48,48,78,78,173,173,192,37,53,69,0,34,34,52,52,52,52,63,100,100,100,107,107,16,16,45,52,52],"floor_reached":55,"language":"ENG","playtime":4533,"items_purged":[],"score":993,"play_id":"135c4406-85e1-4b33-8ceb-2fbe88276002","local_time":"20210130173549","is_ascension_mode":true,"campfire_choices":[{"floor":7,"key":"REST"},{"floor":11,"key":"REST"},{"data":"hermit:Maintenance","floor":15,"key":"SMITH"},{"data":"hermit:FromBeyond","floor":24,"key":"SMITH"},{"data":"hermit:BodyArmor","floor":32,"key":"SMITH"},{"floor":41,"key":"RECALL"},{"floor":44,"key":"REST"},{"floor":49,"key":"REST"},{"data":"hermit:Snapshot","floor":53,"key":"SMITH"}],"circlet_count":0,"master_deck":["hermit:Strike_Hermit+1","hermit:Strike_Hermit","hermit:Strike_Hermit","hermit:Strike_Hermit","hermit:Defend_Hermit","hermit:Defend_Hermit","hermit:Defend_Hermit","hermit:Defend_Hermit","hermit:Snapshot+1","hermit:Covet+1","hermit:Shortfuse","hermit:Quickdraw","hermit:Maintenance+1","hermit:BodyArmor+1","hermit:Quickdraw","hermit:ShadowCloak","hermit:SprayPray","Pain","hermit:FromBeyond+1","hermit:Showdown","hermit:Malice+1","hermit:Gestalt+1","Ghostly","Ghostly","Ghostly","Ghostly","Ghostly","hermit:Horror","Writhe","hermit:Manifest+1","hermit:ShadowCloak","hermit:Gestalt+1","hermit:FromBeyond+1","hermit:Spite","hermit:Scavenge+1","hermit:Quickdraw","hermit:Grudge+1","hermit:Manifest+1","hermit:Strike_Hermit","hermit:Gambit+1","hermit:HeroicBravado+1","hermit:HeroicBravado+1","hermit:Grudge+1","Panacea+1","hermit:HeroicBravado+1"],"relics":["hermit:Momento","NeowsBlessing","Dead Branch","Turnip","Du-Vu Doll","Vajra","WarpedTongs","SlaversCollar","Toxic Egg 2","Nunchaku","Anchor","Kunai","hermit:BartenderGlass","Happy Flower","Red Mask","Dream Catcher","Centennial Puzzle","Oddly Smooth Stone"],"acts_visited":["Exordium","TheCity","TheBeyond","TheEnding"],"potions_floor_usage":[6,16,19,23,30,31,35,35,35,37,38,40,40,40,47,47,47,50,50,50,55,55,55],"damage_taken":[{"damage":0,"enemies":"2 Louse","floor":1,"turns":1},{"damage":0,"enemies":"Small Slimes","floor":3,"turns":1},{"damage":0,"enemies":"Cultist","floor":5,"turns":1},{"damage":8,"enemies":"Gremlin Nob","floor":6,"turns":3},{"damage":15,"enemies":"Lagavulin","floor":8,"turns":8},{"damage":0,"enemies":"Large Slime","floor":10,"turns":4},{"damage":1,"enemies":"2 Fungi Beasts","floor":13,"turns":2},{"damage":18,"enemies":"The Guardian","floor":16,"turns":11},{"damage":18,"enemies":"2 Thieves","floor":18,"turns":4},{"damage":0,"enemies":"Chosen","floor":19,"turns":4},{"damage":19,"enemies":"Centurion and Healer","floor":20,"turns":7},{"damage":4,"enemies":"Sentry and Sphere","floor":22,"turns":6},{"damage":0,"enemies":"Gremlin Leader","floor":23,"turns":1},{"damage":18,"enemies":"3 Cultists","floor":25,"turns":7},{"damage":8,"enemies":"Centurion and Healer","floor":29,"turns":6},{"damage":1,"enemies":"Snecko","floor":30,"turns":3},{"damage":8,"enemies":"Slavers","floor":31,"turns":4},{"damage":4,"enemies":"Automaton","floor":33,"turns":14},{"damage":0,"enemies":"Orb Walker","floor":35,"turns":2},{"damage":0,"enemies":"3 Darklings","floor":37,"turns":5},{"damage":0,"enemies":"4 Shapes","floor":38,"turns":4},{"damage":0,"enemies":"Nemesis","floor":40,"turns":7},{"damage":19,"enemies":"Writhing Mass","floor":42,"turns":8},{"damage":3,"enemies":"Jaw Worm Horde","floor":46,"turns":4},{"damage":1,"enemies":"Reptomancer","floor":47,"turns":6},{"damage":40,"enemies":"Awakened One","floor":50,"turns":18},{"damage":14,"enemies":"Shield and Spear","floor":54,"turns":6},{"damage":51,"enemies":"The Heart","floor":55,"turns":9}],"seed_played":"-2166748750068919045","potions_obtained":[{"floor":5,"key":"Swift Potion"},{"floor":10,"key":"Dexterity Potion"},{"floor":16,"key":"SmokeBomb"},{"floor":18,"key":"Swift Potion"},{"floor":25,"key":"hermit:BlackBile"},{"floor":29,"key":"SmokeBomb"},{"floor":33,"key":"Dexterity Potion"},{"floor":35,"key":"AttackPotion"},{"floor":37,"key":"BlessingOfTheForge"},{"floor":47,"key":"Swift Potion"},{"floor":54,"key":"SteroidPotion"}],"is_trial":false,"path_per_floor":["M","?","M","?","M","E","R","E","T","M","R","$","M","?","R","B",null,"M","M","M","?","M","E","R","M","T","?","$","M","M","E","R","B",null,"M","$","M","M","?","E","R","M","T","R","?","M","E","?","R","B",null,"$","R","E","B"],"character_chosen":"HERMIT","items_purchased":["Vajra","hermit:ShadowCloak","hermit:SprayPray","Anchor","hermit:Manifest+1","Happy Flower","Panacea+1"],"campfire_rested":4,"item_purchase_floors":[12,12,12,28,28,36,52],"current_hp_per_floor":[75,60,60,49,49,41,63,48,48,48,70,70,69,69,69,51,69,51,51,32,32,28,28,28,10,10,10,10,2,1,29,29,25,34,34,34,34,34,34,34,34,15,15,26,26,23,22,22,33,37,37,37,37,23,0,0],"gold":52,"neow_bonus":"THREE_ENEMY_KILL","is_daily":false,"chose_seed":false,"campfire_upgraded":4,"win_rate":0.0,"timestamp":1612042549,"path_taken":["M","?","M","?","M","E","R","E","T","M","R","$","M","?","R","BOSS","M","M","?","?","M","E","R","M","T","?","$","M","M","E","R","BOSS","M","$","M","M","?","E","R","M","T","R","?","?","E","?","R","BOSS","$","R","E","BOSS"],"items_purchased_type":["Relic","Card","Card","Relic","Card","Relic","Card"],"build_version":"2020-12-22","purchased_purges":0,"victory":false,"max_hp_per_floor":[75,75,75,75,75,75,75,75,75,75,75,75,75,75,75,75,75,75,75,75,37,37,37,37,37,37,37,37,37,37,37,37,37,37,37,37,37,37,37,37,37,37,37,37,37,37,37,37,37,37,37,37,37,37,37,37],"card_choices":[{"not_picked":["hermit:Manifest","hermit:Midnight"],"picked":"hermit:Shortfuse","floor":1},{"not_picked":["hermit:ItchyTrigger","hermit:Snipe"],"picked":"hermit:Quickdraw","floor":3},{"not_picked":["hermit:ItchyTrigger","hermit:RoundhouseKick"],"picked":"hermit:Maintenance","floor":5},{"not_picked":["hermit:Desperado","hermit:GoldenBullet"],"picked":"hermit:BodyArmor","floor":6},{"not_picked":["hermit:Dive","hermit:Headshot","hermit:Snipe"],"picked":"SKIP","floor":8},{"not_picked":["hermit:Misfire","hermit:Grudge"],"picked":"hermit:Quickdraw","floor":10},{"not_picked":["hermit:GhostlyPresence","hermit:CalledShot","hermit:Maintenance"],"picked":"SKIP","floor":13},{"not_picked":["hermit:EternalForm","hermit:HeroicBravado"],"picked":"hermit:FromBeyond","floor":16},{"not_picked":["hermit:TrackingShot+1","hermit:Enervate"],"picked":"hermit:Showdown","floor":18},{"not_picked":["hermit:Desperado","hermit:WideOpen"],"picked":"hermit:Malice+1","floor":19},{"not_picked":["hermit:PistolWhip","hermit:HoleUp"],"picked":"hermit:Gestalt+1","floor":20},{"not_picked":["hermit:CursedWeapon","hermit:Ricochet","hermit:TakeAim"],"picked":"SKIP","floor":22},{"not_picked":["hermit:Snipe","hermit:Dive"],"picked":"hermit:Horror","floor":25},{"not_picked":["hermit:LuckOfTheDraw+1","hermit:Purgatory"],"picked":"hermit:ShadowCloak","floor":29},{"not_picked":["hermit:SprayPray","hermit:Gambit+1"],"picked":"hermit:Gestalt+1","floor":31},{"not_picked":["hermit:Adapt","hermit:Roughhouse"],"picked":"hermit:FromBeyond+1","floor":33},{"not_picked":["hermit:Glare+1","hermit:Ricochet+1","hermit:Midnight+1"],"picked":"SKIP","floor":35},{"not_picked":["hermit:Deadeye+1","hermit:SprayPray+1"],"picked":"hermit:Spite","floor":37},{"not_picked":["hermit:Glare+1","hermit:Determination+1"],"picked":"hermit:Scavenge+1","floor":38},{"not_picked":["hermit:Cheat+1","hermit:DeadMansHand+1"],"picked":"hermit:Quickdraw","floor":40},{"not_picked":["hermit:CursedWeapon+1","hermit:GhostlyPresence+1"],"picked":"hermit:Grudge+1","floor":42},{"not_picked":["hermit:BodyArmor+1","hermit:Glare+1"],"picked":"hermit:Manifest+1","floor":44},{"not_picked":["hermit:HoleUp+1","hermit:BigShot"],"picked":"hermit:HeroicBravado+1","floor":46},{"not_picked":["hermit:Vantage+1","hermit:Coalescence+1"],"picked":"hermit:HeroicBravado+1","floor":47},{"not_picked":["hermit:Quickdraw","hermit:HighCaliber+1"],"picked":"hermit:Grudge+1","floor":49},{"not_picked":["hermit:FlashPowder+1","hermit:FullyLoaded+1"],"picked":"hermit:HeroicBravado+1","floor":54}],"player_experience":1003126,"relics_obtained":[{"floor":6,"key":"Dead Branch"},{"floor":8,"key":"Turnip"},{"floor":9,"key":"Du-Vu Doll"},{"floor":26,"key":"Toxic Egg 2"},{"floor":31,"key":"Kunai"},{"floor":40,"key":"Dream Catcher"},{"floor":47,"key":"Centennial Puzzle"},{"floor":54,"key":"Oddly Smooth Stone"}],"event_choices":[{"damage_healed":0,"gold_gain":0,"player_choice":"Entered Light","damage_taken":15,"max_hp_gain":0,"max_hp_loss":0,"event_name":"Shining Light","floor":2,"gold_loss":0,"cards_upgraded":["hermit:Strike_Hermit","hermit:Covet"]},{"damage_healed":0,"gold_gain":75,"player_choice":"Gather Gold","damage_taken":11,"max_hp_gain":0,"max_hp_loss":0,"event_name":"World of Goop","floor":4,"gold_loss":0},{"damage_healed":0,"gold_gain":0,"player_choice":"Rummage","damage_taken":0,"relics_obtained":["WarpedTongs"],"max_hp_gain":0,"max_hp_loss":0,"event_name":"Accursed Blacksmith","floor":14,"gold_loss":0,"cards_obtained":["Pain"]},{"damage_healed":0,"gold_gain":0,"player_choice":"Became a Ghost","damage_taken":0,"max_hp_gain":0,"max_hp_loss":38,"event_name":"Ghosts","floor":21,"gold_loss":0,"cards_obtained":["Ghostly","Ghostly","Ghostly","Ghostly","Ghostly"]},{"damage_healed":0,"gold_gain":0,"player_choice":"Opened","damage_taken":0,"relics_obtained":["Nunchaku"],"max_hp_gain":0,"max_hp_loss":0,"event_name":"The Mausoleum","floor":27,"gold_loss":0,"cards_obtained":["Writhe"]},{"damage_healed":0,"gold_gain":0,"player_choice":"Paid","damage_taken":0,"relics_obtained":["Red Mask"],"max_hp_gain":0,"max_hp_loss":0,"event_name":"Tomb of Lord Red Mask","floor":39,"gold_loss":69},{"damage_healed":0,"gold_gain":0,"player_choice":"2 cards matched","damage_taken":0,"max_hp_gain":0,"max_hp_loss":0,"event_name":"Match and Keep!","floor":45,"gold_loss":0,"cards_obtained":["hermit:Strike_Hermit","hermit:Gambit"]},{"damage_healed":0,"gold_gain":0,"player_choice":"Ignored","damage_taken":0,"max_hp_gain":0,"max_hp_loss":0,"event_name":"Fountain of Cleansing","floor":48,"gold_loss":0}],"is_beta":false,"boss_relics":[{"not_picked":["Tiny House","Philosopher\u0027s Stone"],"picked":"SlaversCollar"},{"not_picked":["Fusion Hammer","Velvet Choker"],"picked":"hermit:BartenderGlass"}],"items_purged_floors":[],"is_endless":false,"potions_floor_spawned":[5,10,16,18,25,29,33,35,37,47,54],"killed_by":"The Heart","ascension_level":5}}