{"host":"jn2qdns2nxijvlnt","time":1612043619,"event":{"mods":["BaseMod","Minty Spire (QoL Compilation)","Quick Restart"],"gold_per_floor":[216,11,22,22,22,51,68,68,146,146,111,126,156,2,2,105,105,124,223,233,6,17,46,46,61,86,86,119,119,0,18,18,119,119,139,139,139,139],"floor_reached":37,"language":"ENG","playtime":2318,"items_purged":[],"score":651,"play_id":"ff61bef6-d2d7-48fe-9712-ca8bd7a53224","local_time":"20210130165339","is_ascension_mode":true,"campfire_choices":[{"floor":8.0,"key":"REST"},{"floor":10.0,"key":"REST"},{"data":"Bouncing Flask","floor":15.0,"key":"SMITH"},{"floor":24.0,"key":"REST"},{"floor":27.0,"key":"REST"},{"data":"Terror","floor":29,"key":"SMITH"},{"floor":32,"key":"REST"}],"circlet_count":0,"master_deck":["AscendersBane","Strike_G","Strike_G","Strike_G","Strike_G","Strike_G","Defend_G","Defend_G","Defend_G","Defend_G","Defend_G","Survivor","Neutralize","Noxious Fumes+1","Bouncing Flask+1","Footwork","Poisoned Stab","Backflip","Masterful Stab","Blade Dance","Distraction","Corpse Explosion","CurseOfTheBell","Terror+1","Poisoned Stab+1","Caltrops","Backstab","Poisoned Stab","Panache"],"relics":["Ring of the Snake","Potion Belt","Pantograph","Smiling Mask","Strawberry","Calling Bell","Art of War","The Courier","Unceasing Top","Bronze Scales","FossilizedHelix","Centennial Puzzle","Red Mask","SacredBark"],"acts_visited":["Exordium","TheCity","TheBeyond"],"potions_floor_usage":[33,33,33,33,35],"damage_taken":[{"damage":3.0,"enemies":"Jaw Worm","floor":1.0,"turns":4.0},{"damage":5.0,"enemies":"Small Slimes","floor":3.0,"turns":5.0},{"damage":38.0,"enemies":"3 Sentries","floor":6.0,"turns":8.0},{"damage":0.0,"enemies":"2 Louse","floor":7.0,"turns":4.0},{"damage":9.0,"enemies":"2 Fungi Beasts","floor":12.0,"turns":4.0},{"damage":3.0,"enemies":"Lagavulin","floor":13.0,"turns":5.0},{"damage":33.0,"enemies":"Hexaghost","floor":16.0,"turns":8.0},{"damage":23.0,"enemies":"Shell Parasite","floor":18.0,"turns":6.0},{"damage":6.0,"enemies":"3 Byrds","floor":20.0,"turns":5.0},{"damage":4.0,"enemies":"Cultist and Chosen","floor":22.0,"turns":4.0},{"damage":0.0,"enemies":"Gremlin Leader","floor":23.0,"turns":6.0},{"damage":10.0,"enemies":"Snake Plant","floor":25.0,"turns":5.0},{"damage":6,"enemies":"Masked Bandits","floor":28,"turns":2},{"damage":18,"enemies":"Snecko","floor":31,"turns":4},{"damage":54,"enemies":"Automaton","floor":33,"turns":7},{"damage":0,"enemies":"Orb Walker","floor":35,"turns":3},{"damage":64,"enemies":"2 Orb Walkers","floor":37,"turns":4}],"seed_played":"-3339215109737662750","potions_obtained":[{"floor":6.0,"key":"Poison Potion"},{"floor":12.0,"key":"Weak Potion"},{"floor":13.0,"key":"Strength Potion"},{"floor":20.0,"key":"SpeedPotion"},{"floor":28,"key":"BlessingOfTheForge"},{"floor":33,"key":"DistilledChaos"}],"is_trial":false,"path_per_floor":["M","$","M","?","?","E","M","R","T","R","?","M","E","$","R","B",null,"M","?","M","$","M","E","R","M","T","R","?","R","$","M","R","B",null,"M","?","?"],"character_chosen":"THE_SILENT","items_purchased":["Bouncing Flask","Footwork","Dexterity Potion","Strawberry","Bronze Scales","EntropicBrew","Caltrops","Strength Potion","ColorlessPotion","SpeedPotion"],"campfire_rested":5,"item_purchase_floors":[2,2,2,14,21,21,21,30,30,30],"current_hp_per_floor":[60,60,55,55,55,17,17,38,38,59,70,61,58,65,65,44,69,46,46,40,40,36,36,59,49,49,72,66,66,66,48,71,23,64,64,64,0,0],"gold":139,"neow_bonus":"HUNDRED_GOLD","is_daily":false,"chose_seed":false,"campfire_upgraded":2,"win_rate":0.0,"timestamp":1612043619,"path_taken":["M","$","M","?","?","E","M","R","T","R","?","M","E","$","R","BOSS","M","?","M","$","M","E","R","M","T","R","?","R","$","M","R","BOSS","M","?","?"],"items_purchased_type":["Card","Card","Potion","Relic","Relic","Potion","Card","Potion","Potion","Potion"],"build_version":"2020-12-22","purchased_purges":0,"victory":false,"max_hp_per_floor":[70,70,70,70,70,70,70,70,70,70,70,70,70,77,77,77,77,77,77,77,77,77,77,77,77,77,77,77,77,77,77,77,77,77,77,77,77,77],"card_choices":[{"not_picked":["Underhanded Strike","Sucker Punch"],"picked":"Noxious Fumes","floor":1.0},{"not_picked":["Underhanded Strike","Reflex"],"picked":"Poisoned Stab","floor":3.0},{"not_picked":["Quick Slash","Distraction"],"picked":"Backflip","floor":6.0},{"not_picked":["Infinite Blades","Prepared"],"picked":"Masterful Stab","floor":7.0},{"not_picked":["Slice","Endless Agony"],"picked":"Blade Dance","floor":12.0},{"not_picked":["Setup","Glass Knife"],"picked":"Distraction","floor":13.0},{"not_picked":["Phantasmal Killer","A Thousand Cuts"],"picked":"Corpse Explosion","floor":16.0},{"not_picked":["Bane","Quick Slash"],"picked":"Terror","floor":18.0},{"not_picked":["Sucker Punch","Accuracy+1"],"picked":"Poisoned Stab+1","floor":20.0},{"not_picked":["Doppelganger","Sucker Punch"],"picked":"Backstab","floor":22.0},{"not_picked":["Predator","Quick Slash","Deflect"],"picked":"SKIP","floor":23.0},{"not_picked":["Blade Dance","Accuracy","Masterful Stab"],"picked":"SKIP","floor":25.0},{"not_picked":["Dagger Throw","Underhanded Strike"],"picked":"Poisoned Stab","floor":28},{"not_picked":["Endless Agony","Cloak And Dagger","Bane"],"picked":"SKIP","floor":31},{"not_picked":["Caltrops","Backflip","Tactician+1"],"picked":"SKIP","floor":35},{"not_picked":["Madness","Blind"],"picked":"Panache","floor":36}],"player_experience":563074,"relics_obtained":[{"floor":6.0,"key":"Potion Belt"},{"floor":9.0,"key":"Pantograph"},{"floor":13.0,"key":"Smiling Mask"},{"floor":17.0,"key":"Art of War"},{"floor":17.0,"key":"The Courier"},{"floor":17.0,"key":"Unceasing Top"},{"floor":23.0,"key":"FossilizedHelix"},{"floor":26.0,"key":"Centennial Puzzle"},{"floor":28,"key":"Red Mask"}],"event_choices":[{"damage_healed":0.0,"max_hp_gain":0.0,"max_hp_loss":0.0,"gold_gain":0.0,"event_name":"Golden Wing","player_choice":"Ignored","floor":4.0,"gold_loss":0.0,"damage_taken":0.0},{"damage_healed":0.0,"max_hp_gain":0.0,"max_hp_loss":0.0,"gold_gain":0.0,"event_name":"Living Wall","player_choice":"Grow","floor":5.0,"gold_loss":0.0,"damage_taken":0.0,"cards_upgraded":["Noxious Fumes"]},{"damage_healed":17.0,"max_hp_gain":0.0,"max_hp_loss":0.0,"gold_gain":0.0,"event_name":"The Cleric","player_choice":"Healed","floor":11.0,"gold_loss":35.0,"damage_taken":0.0},{"damage_healed":0.0,"max_hp_gain":0.0,"max_hp_loss":0.0,"gold_gain":99.0,"event_name":"Nest","player_choice":"Stole From Cult","floor":19.0,"gold_loss":0.0,"damage_taken":0.0},{"damage_healed":0,"gold_gain":0,"player_choice":"Fought Bandits","damage_taken":0,"max_hp_gain":0,"max_hp_loss":0,"event_name":"Masked Bandits","floor":28,"gold_loss":0},{"damage_healed":0,"gold_gain":0,"player_choice":"Memory 1","damage_taken":0,"max_hp_gain":0,"max_hp_loss":0,"event_name":"SensoryStone","floor":36,"gold_loss":0},{"damage_healed":0,"gold_gain":0,"player_choice":"Fight","damage_taken":0,"max_hp_gain":0,"max_hp_loss":0,"event_name":"Mysterious Sphere","floor":37,"gold_loss":0}],"is_beta":false,"boss_relics":[{"not_picked":["Sozu","HoveringKite"],"picked":"Calling Bell"},{"not_picked":["Velvet Choker","Coffee Dripper"],"picked":"SacredBark"}],"items_purged_floors":[],"is_endless":false,"potions_floor_spawned":[6,12,13,20,28,33],"killed_by":"2 Orb Walkers","ascension_level":11}}