{"host":"8b2tzytxrazqquwe","time":1612047907,"event":{"mods":["BaseMod","Bestiary","Card Forge","Colored Map","Downfall","Highlight Path","Minty Spire (QoL Compilation)","StSLib","The Marked"],"gold_per_floor":[99,99,99,149,224,224,224,22,22,22,40,40,54,64,74,74,74,74],"floor_reached":16,"language":"ENG","playtime":546,"items_purged":["Slimebound:Split+1"],"score":88,"play_id":"7f444090-889b-44f7-a649-d9d58a7fe6ae","local_time":"20210130230507","is_ascension_mode":false,"campfire_choices":[{"data":"Slimebound:Split","floor":1,"key":"SMITH"},{"floor":6,"key":"RECALL"},{"data":"Slimebound:RollThrough","floor":10,"key":"SMITH"},{"data":"Slimebound:RollThrough","floor":12,"key":"SMITH"}],"circlet_count":0,"master_deck":["Slimebound:Strike_Slimebound","Slimebound:Strike_Slimebound","Slimebound:Strike_Slimebound","Slimebound:Tackle","Slimebound:Defend_Slimebound","Slimebound:Defend_Slimebound","Slimebound:Defend_Slimebound","Slimebound:Defend_Slimebound","Slimebound:CorrosiveSpit","Slimebound:RollThrough+1","Slimebound:BestDefense","Slimebound:Prepare","Slimebound:SlimeSpikes","Slimebound:RollThrough+1","Slimebound:ComboTackle","Slimebound:GoopSpray"],"relics":["Slimebound:AbsorbEndCombat","Hammer of Thor","Seething Fire","Anvil of the Gods","downfall:HeartsMalice","Bag of Preparation","WingedGreaves"],"acts_visited":["Exordium"],"potions_floor_usage":[],"damage_taken":[{"damage":0,"enemies":"Cultist","floor":2,"turns":1},{"damage":0,"enemies":"downfall:FleeingMerchant","floor":8,"turns":1},{"damage":0,"enemies":"Jaw Worm","floor":9,"turns":1},{"damage":3,"enemies":"2 Louse","floor":11,"turns":3},{"damage":9,"enemies":"Blue Slaver","floor":13,"turns":5},{"damage":0,"enemies":"Lots of Slimes","floor":14,"turns":1},{"damage":18,"enemies":"Large Slime","floor":15,"turns":6},{"damage":49,"enemies":"SI_SHIV_ARCHETYPE","floor":16,"turns":11}],"seed_played":"7736262323110638969","potions_obtained":[{"floor":13,"key":"LiquidMemories"},{"floor":15,"key":"CultistPotion"}],"is_trial":false,"path_per_floor":["R","M","T","T","?","R","T","$","M","R","M","R","M","M","M","B"],"character_chosen":"SLIMEBOUND","items_purchased":["Slimebound:BestDefense","Slimebound:Prepare"],"campfire_rested":0,"item_purchase_floors":[8,8],"current_hp_per_floor":[65,65,65,65,65,65,65,65,65,65,62,62,55,55,39,0,0,0],"gold":74,"neow_bonus":"THREE_ENEMY_KILL","is_daily":false,"chose_seed":false,"campfire_upgraded":3,"win_rate":0.0,"timestamp":1612047907,"path_taken":["R","M","?","?","?","R","T","?","M","R","?","R","M","?","M","BOSS"],"items_purchased_type":["Card","Card"],"build_version":"2020-12-22","purchased_purges":1,"victory":false,"max_hp_per_floor":[65,65,65,65,65,65,65,65,65,65,65,65,65,65,65,65,65,65],"card_choices":[{"not_picked":["Slimebound:SamplingLick","Slimebound:LeechingTouch"],"picked":"Slimebound:RollThrough","floor":2},{"not_picked":["Slimebound:MassRepurpose","Slimebound:SlimeBarrage","Slimebound:SpikyOuterGoop"],"picked":"SKIP","floor":8},{"not_picked":["Slimebound:SpikyOuterGoop","Slimebound:LeechEnergy"],"picked":"Slimebound:SlimeSpikes","floor":9},{"not_picked":["Slimebound:BestDefense","Slimebound:RainOfGoop"],"picked":"Slimebound:RollThrough","floor":11},{"not_picked":["Slimebound:Schlurp","Slimebound:ItLooksTasty","Slimebound:Replication"],"picked":"SKIP","floor":13},{"not_picked":["Slimebound:SlimeTap","Slimebound:FinishingTackle"],"picked":"Slimebound:ComboTackle","floor":14},{"not_picked":["Slimebound:SplitLeeching","Slimebound:HauntingLick"],"picked":"Slimebound:GoopSpray","floor":15}],"player_experience":43808,"relics_obtained":[{"floor":4,"key":"Bag of Preparation"},{"floor":7,"key":"WingedGreaves"}],"event_choices":[],"is_beta":false,"boss_relics":[],"items_purged_floors":[8],"is_endless":false,"potions_floor_spawned":[13,15],"killed_by":"SI_SHIV_ARCHETYPE","ascension_level":0}}