{"host":"lfvf97io7xuhaz8c","time":1612022735,"event":{"mods":["2.2 Compatiblity","BaseMod","Bestiary","Colored Map","Colored Powertips","Curses Come First","Highlight Path","Minty Spire (QoL Compilation)","Relic Stats","StSLib","SuperFastMode"],"gold_per_floor":[109,109,124,49,69,69,97,97,97,97,45,80,80,93,93,196,196,214,214,231,12,31,58,58,86,113,113,113,133,133,148,148,148,148],"floor_reached":33,"language":"FRA","playtime":1767,"items_purged":["Strike_B","Defend_B"],"score":413,"play_id":"9013d930-7103-4d8a-a1f4-cfd5ff0c0bd2","local_time":"20210130170535","is_ascension_mode":true,"campfire_choices":[{"data":"Double Energy","floor":6,"key":"SMITH"},{"data":"Zap","floor":8,"key":"SMITH"},{"data":"Hologram","floor":15,"key":"SMITH"},{"data":"Machine Learning","floor":24,"key":"SMITH"},{"floor":32,"key":"REST"}],"circlet_count":0,"master_deck":["Defend_B","Defend_B","Zap+1","Dualcast+1","Conserve Battery","Double Energy+1","Sweeping Beam","Cold Snap","Ball Lightning","Hologram+1","Machine Learning+1","White Noise+1","Doom and Gloom+1","Self Repair+1","Chill","Loop","Rebound","Beam Cell","RitualDagger","Beam Cell"],"relics":["Cracked Core","NeowsBlessing","Kunai","Anchor","Astrolabe","Orichalcum","Frozen Egg 2","Art of War"],"acts_visited":["Exordium","TheCity"],"potions_floor_usage":[7,12,12,16,25,25,31,33],"damage_taken":[{"damage":0,"enemies":"Small Slimes","floor":1,"turns":1},{"damage":0,"enemies":"Jaw Worm","floor":3,"turns":1},{"damage":0,"enemies":"2 Louse","floor":5,"turns":1},{"damage":11,"enemies":"3 Sentries","floor":7,"turns":5},{"damage":1,"enemies":"Lagavulin","floor":12,"turns":4},{"damage":0,"enemies":"Exordium Thugs","floor":14,"turns":4},{"damage":34,"enemies":"Hexaghost","floor":16,"turns":9},{"damage":4,"enemies":"Shell Parasite","floor":18,"turns":4},{"damage":12,"enemies":"3 Byrds","floor":20,"turns":3},{"damage":11,"enemies":"Snecko","floor":22,"turns":5},{"damage":0,"enemies":"Gremlin Leader","floor":23,"turns":4},{"damage":39,"enemies":"Book of Stabbing","floor":25,"turns":5},{"damage":3,"enemies":"Centurion and Healer","floor":29,"turns":6},{"damage":26,"enemies":"Snake Plant","floor":31,"turns":3},{"damage":82,"enemies":"Collector","floor":33,"turns":7}],"seed_played":"-777362817291327813","potions_obtained":[{"floor":1,"key":"Block Potion"},{"floor":5,"key":"Explosive Potion"},{"floor":12,"key":"LiquidBronze"},{"floor":23,"key":"Strength Potion"},{"floor":29,"key":"LiquidBronze"},{"floor":31,"key":"SpeedPotion"}],"is_trial":false,"path_per_floor":["M","?","M","$","M","R","E","R","T","?","$","E","?","M","R","B",null,"M","?","M","$","M","E","R","E","T","?","?","M","?","M","R","B"],"character_chosen":"DEFECT","items_purchased":["Fire Potion","Loop","SteroidPotion"],"campfire_rested":1,"item_purchase_floors":[11,21,21],"current_hp_per_floor":[68,68,68,68,68,68,57,57,57,62,62,61,61,61,61,27,67,73,73,71,71,70,80,80,51,51,36,30,37,65,49,74,0,0],"gold":148,"neow_bonus":"THREE_ENEMY_KILL","is_daily":false,"chose_seed":false,"campfire_upgraded":4,"win_rate":0.0,"timestamp":1612022735,"path_taken":["M","?","M","?","M","R","E","R","T","?","$","E","?","?","R","BOSS","M","?","M","$","M","E","R","E","T","?","?","M","?","M","R","BOSS"],"items_purchased_type":["Potion","Card","Potion"],"build_version":"2020-12-22","purchased_purges":2,"victory":false,"max_hp_per_floor":[75,75,75,75,75,75,75,75,75,80,80,80,80,80,80,80,80,80,80,80,80,80,80,80,80,80,85,85,85,85,85,85,85,85],"relic_stats":{"counters":[15,62],"Astrolabe":["White Noise","Doom and Gloom","Self Repair"],"Art of War":[2],"Kunai":[11],"Orichalcum":[18],"obtain_stats":[{"Anchor":12,"NeowsBlessing":0,"Astrolabe":17,"Art of War":26,"Kunai":7,"Orichalcum":23,"Frozen Egg 2":25,"Cracked Core":0},{"Anchor":5,"NeowsBlessing":0,"Astrolabe":7,"Art of War":12,"Kunai":4,"Orichalcum":11,"Frozen Egg 2":12,"Cracked Core":0},{"Anchor":12,"NeowsBlessing":0,"Astrolabe":25,"Art of War":46,"Kunai":8,"Orichalcum":41,"Frozen Egg 2":46,"Cracked Core":0}]},"card_choices":[{"not_picked":["Coolheaded","Turbo"],"picked":"Conserve Battery","floor":1},{"not_picked":["Gash","Compile Driver"],"picked":"Sweeping Beam","floor":3},{"not_picked":["Leap","Conserve Battery"],"picked":"Cold Snap","floor":5},{"not_picked":["All For One","Stack"],"picked":"Ball Lightning","floor":7},{"not_picked":["Ball Lightning","Stack","Steam"],"picked":"SKIP","floor":12},{"not_picked":["Steam","Go for the Eyes"],"picked":"Hologram","floor":14},{"not_picked":["Reboot","Multi-Cast"],"picked":"Machine Learning","floor":16},{"not_picked":["Scrape","Turbo","Hologram"],"picked":"SKIP","floor":18},{"not_picked":["Sweeping Beam","Rebound"],"picked":"Chill","floor":20},{"not_picked":["Tempest+1","Loop","Stack"],"picked":"SKIP","floor":22},{"not_picked":["Fusion+1","Beam Cell"],"picked":"Rebound","floor":23},{"not_picked":["Auto Shields","Hello World+1"],"picked":"Beam Cell","floor":25},{"not_picked":["Compile Driver+1","Barrage","Coolheaded+1"],"picked":"SKIP","floor":29},{"not_picked":["Static Discharge+1","Barrage"],"picked":"Beam Cell","floor":31}],"player_experience":1480362,"relics_obtained":[{"floor":7,"key":"Kunai"},{"floor":12,"key":"Anchor"},{"floor":23,"key":"Orichalcum"},{"floor":25,"key":"Frozen Egg 2"},{"floor":26,"key":"Art of War"}],"event_choices":[{"damage_healed":0,"gold_gain":0,"cards_transformed":["Strike_B"],"player_choice":"Change","damage_taken":0,"max_hp_gain":0,"max_hp_loss":0,"event_name":"Living Wall","floor":2,"gold_loss":0,"cards_obtained":["Double Energy"]},{"damage_healed":0,"gold_gain":0,"player_choice":"Donut","damage_taken":0,"max_hp_gain":5,"max_hp_loss":0,"event_name":"Big Fish","floor":10,"gold_loss":0},{"damage_healed":0,"gold_gain":0,"player_choice":"Forge","damage_taken":0,"max_hp_gain":0,"max_hp_loss":0,"event_name":"Accursed Blacksmith","floor":13,"gold_loss":0,"cards_upgraded":["Dualcast"]},{"damage_healed":0,"gold_gain":0,"player_choice":"Ignored","damage_taken":0,"max_hp_gain":0,"max_hp_loss":0,"event_name":"Ghosts","floor":19,"gold_loss":0},{"damage_healed":0,"gold_gain":0,"player_choice":"Shed Blood","damage_taken":20,"max_hp_gain":5,"max_hp_loss":0,"event_name":"Forgotten Altar","floor":27,"gold_loss":0},{"damage_healed":0,"gold_gain":0,"player_choice":"Joined the Cult","damage_taken":6,"max_hp_gain":0,"max_hp_loss":0,"event_name":"Nest","floor":28,"gold_loss":0,"cards_obtained":["RitualDagger"]},{"damage_healed":28,"gold_gain":0,"player_choice":"Heal","damage_taken":0,"max_hp_gain":0,"max_hp_loss":0,"event_name":"The Library","floor":30,"gold_loss":0}],"is_beta":false,"boss_relics":[{"not_picked":["Snecko Eye","Empty Cage"],"picked":"Astrolabe"}],"items_purged_floors":[4,21],"is_endless":false,"potions_floor_spawned":[1,5,12,23,29,31],"killed_by":"Collector","ascension_level":6}}