{"host":"6xsbn6ynqlzwllfm","time":1612048537,"event":{"mods":["2.2 Compatiblity","BaseMod","Bestiary","Colored Map","Colored Powertips","Curses Come First","Highlight Path","Keyboard Shortcuts","Minty Spire (QoL Compilation)","Relic Stats","Slay the Relics Exporter","StSLib","SuperFastMode"],"gold_per_floor":[118,193,193,219,42,42,68,80,92,104,150,162,207,238,250,333,345,370,295,311,361,374,406,422,422,445,478,492,519,519,551,551,622,622,642,642,642,653,251,251,276,70,116,116,132,163,0,32,32,32,32],"floor_reached":50,"language":"ENG","playtime":1207,"items_purged":["Strike_P","Strike_P","Defend_P","Strike_P+1"],"score":1390,"play_id":"d41fbbed-e0b0-44cd-859b-b1670573a3da","local_time":"20210130181537","is_ascension_mode":true,"campfire_choices":[{"data":"Fasting2","floor":6.0,"key":"SMITH"},{"data":"Tantrum","floor":8.0,"key":"SMITH"},{"data":"Consecrate","floor":10.0,"key":"SMITH"},{"data":"Consecrate","floor":12.0,"key":"SMITH"},{"data":"Vault","floor":15.0,"key":"SMITH"},{"data":"FearNoEvil","floor":25.0,"key":"SMITH"},{"data":"WreathOfFlame","floor":30.0,"key":"SMITH"},{"floor":32.0,"key":"REST"},{"data":"Secret Technique","floor":40.0,"key":"SMITH"},{"data":"Scrawl","floor":49.0,"key":"SMITH"}],"circlet_count":0,"master_deck":["AscendersBane","Defend_P","Defend_P","Defend_P","Eruption+1","Vigilance","Tantrum+1","Fasting2+1","Consecrate+1","Consecrate+1","Vault+1","DeusExMachina","FearNoEvil+1","WreathOfFlame+1","Scrawl+1","Secret Technique+1","TalkToTheHand+1","Vault","Doubt","WreathOfFlame+1"],"relics":["Velvet Choker","Anchor","MawBank","Smiling Mask","Gremlin Horn","HornCleat","Busted Crown","Question Card","Whetstone","Singing Bowl","Lantern","Dream Catcher","SacredBark","Ancient Tea Set","Frozen Eye","Happy Flower","PreservedInsect","Red Mask","Blood Vial"],"acts_visited":["Exordium","TheCity","TheBeyond"],"potions_floor_usage":[50],"damage_taken":[{"damage":1.0,"enemies":"Cultist","floor":1.0,"turns":3.0},{"damage":10.0,"enemies":"3 Sentries","floor":7.0,"turns":3.0},{"damage":0.0,"enemies":"Lagavulin","floor":11.0,"turns":3.0},{"damage":16.0,"enemies":"Gremlin Nob","floor":13.0,"turns":3.0},{"damage":0.0,"enemies":"Small Slimes","floor":14.0,"turns":2.0},{"damage":13.0,"enemies":"Hexaghost","floor":16.0,"turns":4.0},{"damage":0.0,"enemies":"Chosen","floor":18.0,"turns":2.0},{"damage":0.0,"enemies":"Spheric Guardian","floor":20.0,"turns":3.0},{"damage":0.0,"enemies":"Snake Plant","floor":22.0,"turns":4.0},{"damage":0.0,"enemies":"Slavers","floor":23.0,"turns":2.0},{"damage":8.0,"enemies":"Centurion and Healer","floor":24.0,"turns":4.0},{"damage":11.0,"enemies":"Gremlin Leader","floor":27.0,"turns":4.0},{"damage":0.0,"enemies":"3 Cultists","floor":28.0,"turns":2.0},{"damage":6.0,"enemies":"Book of Stabbing","floor":29.0,"turns":5.0},{"damage":6.0,"enemies":"Slavers","floor":31.0,"turns":3.0},{"damage":3.0,"enemies":"Collector","floor":33.0,"turns":6.0},{"damage":0.0,"enemies":"3 Shapes","floor":35.0,"turns":4.0},{"damage":0.0,"enemies":"Orb Walker","floor":38.0,"turns":3.0},{"damage":67.0,"enemies":"Nemesis","floor":41.0,"turns":6.0},{"damage":0.0,"enemies":"Maw","floor":45.0,"turns":7.0},{"damage":19.0,"enemies":"Reptomancer","floor":46.0,"turns":6.0},{"damage":0.0,"enemies":"Giant Head","floor":48.0,"turns":6.0},{"damage":90,"enemies":"Awakened One","floor":50,"turns":9}],"seed_played":"1855172464144057258","potions_obtained":[{"floor":1.0,"key":"Block Potion"},{"floor":7.0,"key":"AttackPotion"},{"floor":14.0,"key":"Fire Potion"},{"floor":20.0,"key":"Ambrosia"},{"floor":23.0,"key":"CultistPotion"},{"floor":29.0,"key":"LiquidBronze"},{"floor":33.0,"key":"Dexterity Potion"},{"floor":38.0,"key":"LiquidBronze"}],"is_trial":false,"path_per_floor":["M","?","?","T","$","R","E","R","T","R","E","R","E","M","R","B",null,"M","$","M","?","M","E","M","R","T","E","M","E","R","E","R","B",null,"M","?","?","M","$","R","E","$","T","?","M","E","?","E","R","B"],"character_chosen":"WATCHER","items_purchased":["Fasting2","Consecrate","FearNoEvil","Frozen Eye","Secret Technique","Vault"],"campfire_rested":1,"item_purchase_floors":[5,5,19,39,39,42],"current_hp_per_floor":[60,49,42,42,42,42,32,32,32,32,32,32,16,16,16,3,52,52,52,52,52,52,52,44,44,44,35,37,31,31,25,46,45,67,69,69,69,71,71,71,4,4,4,74,76,59,59,59,59,0,0],"gold":32,"neow_bonus":"BOSS_RELIC","is_daily":false,"chose_seed":false,"campfire_upgraded":9,"win_rate":0.0,"timestamp":1612048537,"path_taken":["M","?","?","?","$","R","E","R","T","R","E","R","E","M","R","BOSS","M","$","M","?","M","E","M","R","T","E","M","E","R","E","R","BOSS","M","?","?","?","$","R","E","$","T","?","M","E","?","E","R","BOSS"],"items_purchased_type":["Card","Card","Card","Relic","Card","Card"],"build_version":"2020-12-22","purchased_purges":4,"victory":false,"max_hp_per_floor":[68,68,68,68,68,68,68,68,68,68,68,68,68,68,68,68,68,68,68,68,68,68,68,68,68,68,70,72,72,72,72,72,74,74,76,72,72,74,74,74,74,74,74,74,76,78,78,78,78,78,78],"relic_stats":{"Gremlin Horn":[22,22],"Singing Bowl":14,"Happy Flower":[9],"counters":[23,94],"PreservedInsect":130,"Whetstone":["Strike_P","Eruption"],"MawBank":144,"Smiling Mask":225,"Question Card":13,"Blood Vial":2,"Dream Catcher":1,"Busted Crown":34,"obtain_stats":[{"Lantern":29,"Gremlin Horn":11,"Singing Bowl":27,"Happy Flower":41,"SacredBark":34,"Velvet Choker":0,"PreservedInsect":46,"Whetstone":26,"MawBank":7,"Smiling Mask":9,"Question Card":23,"Ancient Tea Set":37,"Blood Vial":48,"Frozen Eye":39,"Anchor":4,"Dream Catcher":31,"HornCleat":13,"Busted Crown":17,"Red Mask":47,"PureWater":0},{"Lantern":14,"Gremlin Horn":3,"Singing Bowl":12,"Happy Flower":19,"SacredBark":16,"Velvet Choker":0,"PreservedInsect":21,"Whetstone":11,"MawBank":2,"Smiling Mask":2,"Question Card":10,"Ancient Tea Set":17,"Blood Vial":22,"Frozen Eye":18,"Anchor":1,"Dream Catcher":15,"HornCleat":4,"Busted Crown":6,"Red Mask":21,"PureWater":0},{"Lantern":44,"Gremlin Horn":9,"Singing Bowl":37,"Happy Flower":66,"SacredBark":53,"Velvet Choker":0,"PreservedInsect":79,"Whetstone":33,"MawBank":6,"Smiling Mask":6,"Question Card":29,"Ancient Tea Set":57,"Blood Vial":85,"Frozen Eye":60,"Anchor":3,"Dream Catcher":47,"HornCleat":12,"Busted Crown":18,"Red Mask":79,"PureWater":0}]},"card_choices":[{"not_picked":["Collect","TalkToTheHand"],"picked":"Tantrum","floor":1.0},{"not_picked":["Prostrate","ThirdEye"],"picked":"Consecrate","floor":7.0},{"not_picked":["BowlingBash","Weave"],"picked":"Vault","floor":14.0},{"not_picked":["Devotion","SpiritShield"],"picked":"DeusExMachina","floor":16.0},{"not_picked":["Halt"],"picked":"SKIP","floor":22.0},{"not_picked":["ReachHeaven"],"picked":"SKIP","floor":23.0},{"not_picked":["ThirdEye+1","WindmillStrike"],"picked":"Singing Bowl","floor":27.0},{"not_picked":["Prostrate","BowlingBash"],"picked":"Singing Bowl","floor":28.0},{"not_picked":["ClearTheMind"],"picked":"WreathOfFlame","floor":29.0},{"not_picked":["Worship"],"picked":"Scrawl","floor":31.0},{"not_picked":["Devotion","Brilliance"],"picked":"Singing Bowl","floor":33.0},{"not_picked":["Prostrate","Meditate"],"picked":"Singing Bowl","floor":35.0},{"not_picked":["SashWhip","Conclude"],"picked":"Singing Bowl","floor":38.0},{"not_picked":["EmptyBody"],"picked":"TalkToTheHand+1","floor":41.0},{"not_picked":["CutThroughFate","EmptyFist"],"picked":"Singing Bowl","floor":45.0},{"not_picked":["EmptyFist+1","SpiritShield"],"picked":"Singing Bowl","floor":46.0},{"not_picked":["CrushJoints"],"picked":"WreathOfFlame+1","floor":48.0}],"player_experience":1306774,"relics_obtained":[{"floor":4.0,"key":"Anchor"},{"floor":7.0,"key":"MawBank"},{"floor":9.0,"key":"Smiling Mask"},{"floor":11.0,"key":"Gremlin Horn"},{"floor":13.0,"key":"HornCleat"},{"floor":23.0,"key":"Question Card"},{"floor":26.0,"key":"Whetstone"},{"floor":27.0,"key":"Singing Bowl"},{"floor":29.0,"key":"Lantern"},{"floor":31.0,"key":"Dream Catcher"},{"floor":41.0,"key":"Happy Flower"},{"floor":46.0,"key":"PreservedInsect"},{"floor":48.0,"key":"Blood Vial"}],"event_choices":[{"damage_healed":0.0,"max_hp_gain":0.0,"max_hp_loss":0.0,"gold_gain":75.0,"event_name":"World of Goop","player_choice":"Gather Gold","floor":2.0,"gold_loss":0.0,"damage_taken":11.0},{"cards_removed":["Strike_P"],"damage_healed":0.0,"max_hp_gain":0.0,"max_hp_loss":0.0,"gold_gain":0.0,"event_name":"Golden Wing","player_choice":"Card Removal","floor":3.0,"gold_loss":0.0,"damage_taken":7.0},{"damage_healed":0.0,"max_hp_gain":0.0,"max_hp_loss":0.0,"gold_gain":50.0,"event_name":"Golden Shrine","player_choice":"Pray","floor":21.0,"gold_loss":0.0,"damage_taken":0.0},{"damage_healed":0.0,"max_hp_gain":0.0,"max_hp_loss":4.0,"gold_gain":0.0,"event_name":"Winding Halls","player_choice":"Max HP","floor":36.0,"gold_loss":0.0,"damage_taken":0.0},{"damage_healed":0.0,"max_hp_gain":0.0,"max_hp_loss":0.0,"gold_gain":0.0,"event_name":"WeMeetAgain","player_choice":"Gave Potion","floor":37.0,"gold_loss":0.0,"damage_taken":0.0,"relics_obtained":["Ancient Tea Set"]},{"damage_healed":70.0,"max_hp_gain":0.0,"max_hp_loss":0.0,"gold_gain":0.0,"event_name":"MindBloom","player_choice":"Heal","floor":44.0,"gold_loss":0.0,"damage_taken":0.0,"cards_obtained":["Doubt"]},{"damage_healed":0.0,"max_hp_gain":0.0,"max_hp_loss":0.0,"gold_gain":0.0,"event_name":"Tomb of Lord Red Mask","player_choice":"Paid","floor":47.0,"gold_loss":163.0,"damage_taken":0.0,"relics_obtained":["Red Mask"]}],"is_beta":false,"boss_relics":[{"not_picked":["Sozu","Runic Pyramid"],"picked":"Busted Crown"},{"not_picked":["Runic Dome","Coffee Dripper"],"picked":"SacredBark"}],"items_purged_floors":[5,19,39,42],"is_endless":false,"potions_floor_spawned":[1,7,14,20,23,29,33,35,38,48],"killed_by":"Awakened One","ascension_level":20}}