{"host":"bbjnqymry46jz0fa","time":1612013106,"event":{"mods":["BaseMod","DeckTracker","Minty Spire (QoL Compilation)","Quick Restart","StSLib","SuperFastMode"],"gold_per_floor":[118,129,147,32,52,52,84,84,84,84,84,84,84],"floor_reached":12,"language":"KOR","playtime":667,"items_purged":["Strike_G"],"score":156,"play_id":"5cc5cbb3-b30c-4b55-9ab3-d321bda02962","local_time":"20210130222506","is_ascension_mode":true,"campfire_choices":[{"data":"Calculated Gamble","floor":6,"key":"SMITH"},{"data":"Acrobatics","floor":8,"key":"SMITH"},{"data":"Eviscerate","floor":10,"key":"SMITH"}],"circlet_count":0,"master_deck":["AscendersBane","Strike_G","Strike_G","Strike_G","Defend_G","Defend_G","Defend_G","Defend_G","Defend_G","Survivor","Neutralize+1","Quick Slash","Backflip","Acrobatics+1","Eviscerate+1","Calculated Gamble+1","Well Laid Plans+1"],"relics":["Ring of the Snake","Frozen Egg 2","Ornamental Fan"],"acts_visited":["Exordium"],"potions_floor_usage":[7],"damage_taken":[{"damage":15,"enemies":"Jaw Worm","floor":1,"turns":8},{"damage":1,"enemies":"Cultist","floor":2,"turns":5},{"damage":8,"enemies":"Small Slimes","floor":3,"turns":4},{"damage":6,"enemies":"3 Louse","floor":5,"turns":4},{"damage":15,"enemies":"Lagavulin","floor":7,"turns":7},{"damage":37,"enemies":"3 Sentries","floor":12,"turns":8}],"seed_played":"1981428806167788643","potions_obtained":[{"floor":1,"key":"Fire Potion"}],"is_trial":false,"path_per_floor":["M","M","M","$","M","R","E","R","T","R","?","E"],"character_chosen":"THE_SILENT","items_purchased":["Eviscerate"],"campfire_rested":0,"item_purchase_floors":[4],"current_hp_per_floor":[44,43,35,35,29,29,14,14,14,14,14,0,0],"gold":84,"neow_bonus":"REMOVE_CARD","is_daily":false,"chose_seed":false,"campfire_upgraded":3,"win_rate":0.0,"timestamp":1612013106,"path_taken":["M","M","M","$","M","R","E","R","T","R","?","E"],"items_purchased_type":["Card"],"build_version":"2020-12-22","purchased_purges":1,"victory":false,"max_hp_per_floor":[66,66,66,66,66,66,66,66,66,66,66,66,66],"card_choices":[{"not_picked":["Leg Sweep","Sucker Punch"],"picked":"Quick Slash","floor":1},{"not_picked":["Heel Hook","Outmaneuver"],"picked":"Backflip","floor":2},{"not_picked":["PiercingWail","Tools of the Trade"],"picked":"Acrobatics","floor":3},{"not_picked":["Blur","Backflip"],"picked":"Calculated Gamble","floor":5},{"not_picked":["Masterful Stab","Accuracy+1"],"picked":"Well Laid Plans+1","floor":7}],"player_experience":735967,"relics_obtained":[{"floor":7,"key":"Frozen Egg 2"},{"floor":9,"key":"Ornamental Fan"}],"event_choices":[{"damage_healed":0,"gold_gain":0,"player_choice":"Upgraded","damage_taken":0,"max_hp_gain":0,"max_hp_loss":0,"event_name":"Upgrade Shrine","floor":11,"gold_loss":0,"cards_upgraded":["Neutralize"]}],"is_beta":false,"boss_relics":[],"items_purged_floors":[4],"is_endless":false,"potions_floor_spawned":[1],"killed_by":"3 Sentries","ascension_level":20}}