{"host":"80x1ozqd5wpd4nvo","time":1612021394,"event":{"mods":["2.2 Compatiblity","Aspiration","BaseMod","Better Altar","Better Match","Better Note","Better Sensory Stone","Better Skull","Better Third Choice","BetterRewards","CCEM2","Card Forge","Custom Start","DNKmod","Defuse TimeMaze Blight","Dota2Spire","Duelist Mod","Energized Spire","Friendly Minions","GifTheSpireLib","Hubris","Infinite Spire","Minty Spire (QoL Compilation)","Permanent Neow","Poor People Problems","Shop Mod","Spicy Shops","StS++","StSLib","The Blue Laboratory","??????REMEMod"],"gold_per_floor":[1214,1233,1233,1247,1262,1293,1293,1320,1367,1384,1047,1076,1088,1120,1132,1244,1256,1280,1303,1315,1362,1374,1386,1476,1523,1559,1571,967,992,455,469,469,574,574,584,597,597,676,693,693,693,742,769,781,810,810,821,838,838,838,838,838,445,479,479],"floor_reached":56,"language":"ENG","playtime":4013,"items_purged":[],"score":1941,"play_id":"505ca4b9-fb68-4942-bfb9-b84726a1e7f6","local_time":"20210130164314","is_ascension_mode":true,"campfire_choices":[{"data":"theDuelist:RagingMadPlants","floor":7,"key":"SMITH"},{"data":"theDuelist:CopyPlant","floor":15,"key":"SMITH"},{"floor":23,"key":"REST"},{"data":"theDuelist:SilverApples","floor":27,"key":"SMITH"},{"floor":32,"key":"REST"},{"data":"theDuelist:GracefulCharity","floor":32,"key":"SMITH"},{"floor":40,"key":"REST"},{"data":"Madness","floor":40,"key":"SMITH"},{"floor":46,"key":"REST"},{"data":"theDuelist:PredaplantDrosophyllum","floor":46,"key":"SMITH"},{"floor":49,"key":"RECALL"},{"floor":52,"key":"REST"},{"data":"Madness","floor":52,"key":"SMITH"}],"circlet_count":0,"master_deck":["theDuelist:AngelTrumpeter","theDuelist:CactusBouncer","theDuelist:DarkworldThorns","theDuelist:Inmato","theDuelist:JerryBeansMan","theDuelist:JerryBeansMan","theDuelist:Sparks","theDuelist:Sparks","theDuelist:CopyPlant+1","theDuelist:VioletCrystal","Flash of Steel","theDuelist:BlackRoseMoonlight","theDuelist:RoseWitch","theDuelist:RagingMadPlants+1","theDuelist:PotDuality","theDuelist:WorldTree","theDuelist:WhiteRoseDragon","theDuelist:BlueRoseDragon","theDuelist:RevivalRose","theDuelist:PredaplantChlamydosundew","theDuelist:SilverApples+1","theDuelist:LordPoison","theDuelist:Spore","theDuelist:BeastFangs","theDuelist:QueenAngelRoses","theDuelist:SuperSolarNutrient+1","theDuelist:GracefulCharity+1","theDuelist:PlantFoodChain","theDuelist:Hinotama","theDuelist:Gigaplant","theDuelist:PredaplantDrosophyllum+1","theDuelist:HeartUnderdog","theDuelist:SeedCannon","theDuelist:Reinforcements+1","theDuelist:OrbMetronome","Madness+1","Madness+1","theDuelist:VioletCrystal+1","theDuelist:ReinforcementsArmy+1","theDuelist:ReinforcementsArmy+1","theDuelist:MillenniumShield+1","theDuelist:RedMedicine+3","theDuelist:ThornMalice","theDuelist:ForbiddenLance+6"],"relics":["theDuelist:MillenniumPuzzle","theDuelist:CardPoolRelic","theDuelist:CardPoolBasicRelic","theDuelist:BoosterPackPoolRelic","theDuelist:CardPoolAddRelic","theDuelist:CardPoolMinusRelic","theDuelist:CardPoolSaveRelic","theDuelist:CardPoolOptionsRelic","Hammer of Thor","Seething Fire","Anvil of the Gods","REME_ComplimentaryCards","CCEMRelics:SelfSharpeningBlade","theDuelist:MetronomeRelicB","theDuelist:CardRewardRelicE","CCEMRelics:DerglesHeadphones","Tiny Chest","CCEMRelics:WrappedPresent","theDuelist:TrapVortex","theDuelist:ZoneToken","Peace Pipe","MawBank","CCEMRelics:DefectiveTurbocharger","Nilry\u0027s Codex","Red Mask","theDuelist:CursedHealer","Mummified Hand","Bag of Marbles","infinitespire:Freezer","CCEMRelics:SoftDrink","Orichalcum","Centennial Puzzle","Sling","Dota2Spire:EtherealBlade","CCEMRelics:IronFruit","infinitespire:Magic Flask","theDuelist:NamelessWarRelicA","Du-Vu Doll","Lizard Tail","CCEMRelics:CarbonFilter","CCEMRelics:FestiveHat","Bag of Preparation","Membership Card","Dota2Spire:ArcaneBoots","hubris:BottledRain","Happy Flower"],"acts_visited":["Exordium","TheCity","TheBeyond","TheEnding"],"potions_floor_usage":[16,21,21,25,39,39,47,48,50,54,54,55,55],"damage_taken":[{"damage":0,"enemies":"2 Louse","floor":1,"turns":2},{"damage":0,"enemies":"Cultist","floor":2,"turns":2},{"damage":0,"enemies":"Small Slimes","floor":4,"turns":3},{"damage":7,"enemies":"Looter","floor":5,"turns":3},{"damage":0,"enemies":"Lagavulin","floor":6,"turns":4},{"damage":14,"enemies":"3 Sentries","floor":8,"turns":5},{"damage":1,"enemies":"2 Fungi Beasts","floor":10,"turns":4},{"damage":6,"enemies":"Gremlin Nob","floor":12,"turns":3},{"damage":0,"enemies":"Exordium Thugs","floor":14,"turns":4},{"damage":0,"enemies":"The Guardian","floor":16,"turns":7},{"damage":12,"enemies":"Chosen","floor":18,"turns":5},{"damage":0,"enemies":"Spheric Guardian","floor":19,"turns":4},{"damage":52,"enemies":"Masked Bandits","floor":21,"turns":5},{"damage":0,"enemies":"Book of Stabbing","floor":25,"turns":6},{"damage":0,"enemies":"Gremlin Leader","floor":29,"turns":5},{"damage":0,"enemies":"Snake Plant","floor":31,"turns":5},{"damage":0,"enemies":"Automaton","floor":33,"turns":6},{"damage":0,"enemies":"3 Darklings","floor":35,"turns":3},{"damage":0,"enemies":"3 Shapes","floor":36,"turns":3},{"damage":38,"enemies":"Jaw Worm Horde","floor":39,"turns":4},{"damage":0,"enemies":"Jaw Worm Horde","floor":42,"turns":6},{"damage":0,"enemies":"Spire Growth","floor":44,"turns":6},{"damage":17,"enemies":"Nemesis","floor":45,"turns":5},{"damage":0,"enemies":"4 Shapes","floor":47,"turns":4},{"damage":0,"enemies":"Maw","floor":48,"turns":4},{"damage":6,"enemies":"Donu and Deca","floor":50,"turns":7},{"damage":0,"enemies":"Shield and Spear","floor":54,"turns":6},{"damage":24,"enemies":"The Heart","floor":55,"turns":5}],"seed_played":"-2880987223385594698","potions_obtained":[{"floor":4,"key":"theDuelist:MegaupgradePotion"},{"floor":5,"key":"FocusPotion"},{"floor":8,"key":"theDuelist:StunPotion"},{"floor":16,"key":"theDuelist:BurningPotion"},{"floor":29,"key":"GamblersBrew"},{"floor":33,"key":"theDuelist:BurningPotionB"},{"floor":42,"key":"theDuelist:WaterBottle"},{"floor":44,"key":"blueLaboratory:FrostheartPotion"},{"floor":48,"key":"blueLaboratory:ArtificerPotion"}],"is_trial":false,"path_per_floor":["M","M","?","M","M","E","R","E","T","M","$","E","$","M","R","B",null,"M","M","?","?","?","R","T","E","T","R","$","E","$","M","R","B",null,"M","M","?","T","M","R","?","?","T","M","E","R","M","M","R","B",null,"R","$","E","B",null],"character_chosen":"THE_DUELIST","items_purchased":["CCEMRelics:WrappedPresent","theDuelist:TrapVortex","CCEMRelics:SoftDrink","Orichalcum","FearPotion","Centennial Puzzle","Sling","CCEMRelics:IronFruit","infinitespire:Magic Flask","Membership Card","Dota2Spire:ArcaneBoots","hubris:BottledRain","blueLaboratory:FrostheartPotion","PowerPotion"],"campfire_rested":5,"item_purchase_floors":[11,11,28,28,28,28,28,30,30,53,53,53,53,53],"current_hp_per_floor":[100,100,94,94,87,87,87,73,73,72,72,66,66,66,78,78,95,83,83,67,15,40,70,70,70,70,82,82,82,87,87,105,105,105,105,105,92,92,54,97,82,82,82,82,65,105,105,105,105,99,104,105,105,105,81],"gold":479,"neow_bonus":"RANDOM_COMMON_RELIC","is_daily":false,"chose_seed":false,"campfire_upgraded":7,"win_rate":0.0,"timestamp":1612021394,"path_taken":["M","M","?","M","?","E","R","E","T","M","$","E","$","M","R","BOSS","M","M","?","?","?","R","?","E","T","R","$","E","?","?","R","BOSS","M","M","?","?","M","R","?","?","T","M","E","R","M","?","R","BOSS","R","$","E","BOSS"],"items_purchased_type":["Relic","Relic","Relic","Relic","Potion","Relic","Relic","Relic","Relic","Relic","Relic","Relic","Potion","Potion"],"build_version":"2020-12-22","purchased_purges":0,"victory":true,"max_hp_per_floor":[100,100,100,100,100,100,100,100,100,100,100,100,100,100,100,100,100,100,100,100,100,100,100,100,100,100,100,100,100,105,105,105,105,105,105,105,105,105,105,105,105,105,105,105,105,105,105,105,105,105,105,105,105,105,105],"card_choices":[{"not_picked":["theDuelist:BotanicalLion","theDuelist:WormApocalypse","theDuelist:PredaplantFlytrap","theDuelist:JerryBeansMan"],"picked":"theDuelist:CopyPlant","floor":1},{"not_picked":["theDuelist:VioletCrystal","theDuelist:Predapruning","theDuelist:Inmato"],"picked":"SKIP","floor":1},{"not_picked":["theDuelist:Predapruning","theDuelist:Inmato"],"picked":"theDuelist:VioletCrystal","floor":1},{"not_picked":["Mind Blast","Purity","Trip"],"picked":"Flash of Steel","floor":2},{"not_picked":["theDuelist:BotanicalLion","theDuelist:FrozenRose"],"picked":"theDuelist:BlackRoseMoonlight","floor":2},{"not_picked":["theDuelist:PotDuality","theDuelist:Inmato"],"picked":"theDuelist:BloomingDarkestRose","floor":4},{"not_picked":["theDuelist:BigFire","theDuelist:Mudora","theDuelist:PowerGiant","theDuelist:GaiaMidNightSun","theDuelist:GauntletWarrior"],"picked":"SKIP","floor":4},{"not_picked":["theDuelist:SilverApples","theDuelist:CheerfulCoffin"],"picked":"theDuelist:RoseWitch","floor":5},{"not_picked":["theDuelist:CactusBouncer","theDuelist:JerryBeansMan","theDuelist:DarkworldThorns","theDuelist:Inmato","theDuelist:SplendidRose"],"picked":"SKIP","floor":5},{"not_picked":["theDuelist:CactusBouncer","theDuelist:WormApocalypse","theDuelist:LonefireBlossom","theDuelist:CheerfulCoffin"],"picked":"theDuelist:RagingMadPlants","floor":6},{"not_picked":["theDuelist:PredaplantFlytrap","theDuelist:MarkRose"],"picked":"theDuelist:PotDuality","floor":6},{"not_picked":["theDuelist:VenomShot","theDuelist:MarkRose","theDuelist:VioletCrystal","theDuelist:Predapruning"],"picked":"theDuelist:WorldTree","floor":8},{"not_picked":["theDuelist:BirdRoses","theDuelist:BotanicalGirl"],"picked":"theDuelist:WhiteRoseDragon","floor":8},{"not_picked":["theDuelist:WorldCarrot","theDuelist:SuperSolarNutrient"],"picked":"theDuelist:BlueRoseDragon","floor":10},{"not_picked":["theDuelist:JerryBeansMan","theDuelist:Mudora"],"picked":"theDuelist:RevivalRose","floor":10},{"not_picked":["theDuelist:Inmato","theDuelist:WorldTree"],"picked":"theDuelist:PredaplantChlamydosundew","floor":10},{"not_picked":["theDuelist:BotanicalLion","theDuelist:CactusBouncer","theDuelist:MudGolem","theDuelist:AcidTrapHole","theDuelist:PredaplantSpinodionaea"],"picked":"SKIP","floor":10},{"not_picked":["theDuelist:BotanicalLion","theDuelist:CactusBouncer","theDuelist:MudGolem","theDuelist:AcidTrapHole","theDuelist:PredaplantSpinodionaea"],"picked":"SKIP","floor":10},{"not_picked":["theDuelist:MudGolem","theDuelist:GemElephant","theDuelist:GiantSoldierSteel","theDuelist:LabyrinthWall","theDuelist:WeepingIdol"],"picked":"SKIP","floor":12},{"not_picked":["theDuelist:PredaplantDrosophyllum","theDuelist:PredaplantPterapenthes","theDuelist:ThornMalice"],"picked":"SKIP","floor":12},{"not_picked":["theDuelist:Invigoration","theDuelist:Inmato","theDuelist:CactusBouncer"],"picked":"SKIP","floor":12},{"not_picked":["theDuelist:WhiteRoseDragon","theDuelist:WorldTree","theDuelist:Invigoration"],"picked":"SKIP","floor":12},{"not_picked":["theDuelist:Predaponics","theDuelist:Invigoration"],"picked":"theDuelist:SilverApples","floor":14},{"not_picked":["theDuelist:PredaplantChlamydosundew","theDuelist:AngelTrumpeter"],"picked":"theDuelist:LordPoison","floor":14},{"not_picked":["theDuelist:PredaplantChlamydosundew","theDuelist:BotanicalLion"],"picked":"theDuelist:Spore","floor":14},{"not_picked":["theDuelist:BlockGolem","theDuelist:DestroyerGolem","theDuelist:DokiDoki","theDuelist:DummyGolem","theDuelist:GemElephant"],"picked":"SKIP","floor":14},{"not_picked":["theDuelist:SeedCannon","theDuelist:BlossomBombardment","theDuelist:HeartUnderdog","theDuelist:RevivalRose"],"picked":"theDuelist:BeastFangs","floor":16},{"not_picked":["theDuelist:KamionTimelord","theDuelist:BlackRoseMoonlight"],"picked":"theDuelist:QueenAngelRoses","floor":16},{"not_picked":["theDuelist:CheerfulCoffin+1","theDuelist:Spore"],"picked":"theDuelist:SuperSolarNutrient","floor":18},{"not_picked":["theDuelist:AttackTheMoon","theDuelist:BigFire+1","theDuelist:RagingMadPlants+1","theDuelist:MiracleFertilizer"],"picked":"theDuelist:GracefulCharity","floor":18},{"not_picked":["theDuelist:LonefireBlossom","theDuelist:WorldCarrot+1","theDuelist:CactusBouncer+1"],"picked":"SKIP","floor":18},{"not_picked":["theDuelist:WormApocalypse+1","theDuelist:JerryBeansMan","theDuelist:Firegrass"],"picked":"SKIP","floor":18},{"not_picked":["theDuelist:BeastFangs+1","theDuelist:RoseArcher","theDuelist:QueenAngelRoses+1","theDuelist:Gigaplant"],"picked":"theDuelist:PlantFoodChain","floor":19},{"not_picked":["theDuelist:LonefireBlossom+1","theDuelist:PredaplantSarraceniant","theDuelist:AcidTrapHole"],"picked":"SKIP","floor":19},{"not_picked":["theDuelist:VenomShot","theDuelist:CheerfulCoffin","theDuelist:FrozenRose","theDuelist:WorldTree"],"picked":"theDuelist:Hinotama","floor":21},{"not_picked":["theDuelist:AngelTrumpeter","theDuelist:CheerfulCoffin+1"],"picked":"theDuelist:Gigaplant","floor":25},{"not_picked":["theDuelist:BotanicalLion","theDuelist:CactusBouncer+1","theDuelist:WhiteRoseDragon","theDuelist:PredaplantChlamydosundew","theDuelist:Mudora"],"picked":"SKIP","floor":25},{"not_picked":["theDuelist:Firegrass+1","theDuelist:JerryBeansMan","theDuelist:RoseWitch"],"picked":"SKIP","floor":25},{"not_picked":["theDuelist:DarkworldThorns","theDuelist:RoseArcher","theDuelist:Firegrass+1"],"picked":"SKIP","floor":25},{"not_picked":["theDuelist:SangaEarth","theDuelist:TwilightRoseKnight","theDuelist:WorldCarrot+1","theDuelist:PredaplantChimerafflesia"],"picked":"theDuelist:PredaplantDrosophyllum","floor":29},{"not_picked":["theDuelist:QueenAngelRoses","theDuelist:Spore","theDuelist:PotDuality"],"picked":"SKIP","floor":29},{"not_picked":["theDuelist:QueenAngelRoses","theDuelist:Spore","theDuelist:PotDuality"],"picked":"SKIP","floor":29},{"not_picked":["theDuelist:CactusBouncer","theDuelist:WormApocalypse","theDuelist:Inmato","theDuelist:SuperSolarNutrient","theDuelist:CheerfulCoffin"],"picked":"SKIP","floor":31},{"not_picked":["theDuelist:SuperSolarNutrient","theDuelist:VenomShot","theDuelist:BotanicalLion"],"picked":"SKIP","floor":31},{"not_picked":["theDuelist:AcidTrapHole","theDuelist:JerryBeansMan","theDuelist:BotanicalGirl"],"picked":"SKIP","floor":31},{"not_picked":["theDuelist:GracefulCharity+1","theDuelist:PredaplantDrosophyllum","theDuelist:Inmato"],"picked":"SKIP","floor":31},{"not_picked":["theDuelist:PredaplantSarraceniant","theDuelist:BlossomBombardment"],"picked":"theDuelist:HeartUnderdog","floor":33},{"not_picked":["theDuelist:BlackRoseMoonlight","theDuelist:PlantFoodChain"],"picked":"theDuelist:SeedCannon","floor":33},{"not_picked":["theDuelist:LonefireBlossom+1","theDuelist:MudGolem"],"picked":"theDuelist:Reinforcements+1","floor":35},{"not_picked":["theDuelist:BotanicalLion","theDuelist:CactusBouncer+1","theDuelist:WormApocalypse","theDuelist:Spore+1","theDuelist:PredaplantDrosophyllum"],"picked":"SKIP","floor":35},{"not_picked":["theDuelist:SangaEarth+1","theDuelist:SuperSolarNutrient","theDuelist:RagingMadPlants+1"],"picked":"SKIP","floor":35},{"not_picked":["theDuelist:Predaponics+1","theDuelist:VenomShot+1","theDuelist:Invigoration"],"picked":"SKIP","floor":35},{"not_picked":["theDuelist:DarklordSuperbia","theDuelist:DarkHole","theDuelist:Metronome+1","theDuelist:YellowBelliedOni+1"],"picked":"theDuelist:OrbMetronome","floor":36},{"not_picked":["theDuelist:PredaplantFlytrap","theDuelist:CrystalRose+1","theDuelist:Invigoration+1"],"picked":"SKIP","floor":36},{"not_picked":["theDuelist:WorldTree+2","theDuelist:BloomingDarkestRose+1","theDuelist:SplendidRose+1","theDuelist:HeartUnderdog"],"picked":"theDuelist:VioletCrystal+1","floor":39},{"not_picked":["theDuelist:PredaplantChlamydosundew","theDuelist:BotanicalGirl+1","theDuelist:Inmato"],"picked":"SKIP","floor":39},{"not_picked":["theDuelist:AttackTheMoon+1","Chrysalis+1"],"picked":"theDuelist:ReinforcementsArmy+1","floor":44},{"not_picked":["theDuelist:MudragonSwamp+1","theDuelist:WormBarses","theDuelist:RainbowOverdragon","theDuelist:RedHeadedOni+1"],"picked":"theDuelist:ReinforcementsArmy+1","floor":44},{"not_picked":["theDuelist:SilverApples","theDuelist:LonefireBlossom+1","theDuelist:WormApocalypse+1"],"picked":"SKIP","floor":44},{"not_picked":["theDuelist:Wiretap+1","theDuelist:WingedKuribohLv10+1"],"picked":"theDuelist:MillenniumShield+1","floor":45},{"not_picked":["theDuelist:WhiteRoseDragon+1","theDuelist:BlackRoseDragon","theDuelist:GreyGreedOni+1","theDuelist:RainbowKuriboh+1","theDuelist:RainbowOverdragon"],"picked":"SKIP","floor":45},{"not_picked":["theDuelist:WorldCarrot+1","theDuelist:SuperSolarNutrient+1","theDuelist:BlackRoseMoonlight"],"picked":"SKIP","floor":45},{"not_picked":["theDuelist:MarkRose","theDuelist:Predaponics+1","theDuelist:WitchBlackRose+1"],"picked":"SKIP","floor":45},{"not_picked":["theDuelist:BotanicalLion+1","theDuelist:JerryBeansMan+1","theDuelist:SuperSolarNutrient+1"],"picked":"SKIP","floor":45},{"not_picked":["StSpp:Resilience+1","Secret Weapon+1","theDuelist:LightningDarts+1"],"picked":"SKIP","floor":47},{"not_picked":["theDuelist:BlueRoseDragon+1","theDuelist:BlackRoseDragon+1","theDuelist:GreenGraveOni+1","theDuelist:PurplePainOni+1","theDuelist:RedHeadedOni"],"picked":"SKIP","floor":47},{"not_picked":["theDuelist:WitchBlackRose+1","theDuelist:Spore+1","theDuelist:JerryBeansMan"],"picked":"SKIP","floor":47},{"not_picked":["theDuelist:LightningDarts+1","theDuelist:Wiretap","theDuelist:DestructPotion","theDuelist:DianKeto+1"],"picked":"theDuelist:RedMedicine+3","floor":48},{"not_picked":["theDuelist:RosePaladin","theDuelist:SilverApples+1"],"picked":"theDuelist:ThornMalice","floor":48},{"not_picked":["theDuelist:DarkworldThorns","theDuelist:CactusBouncer+1","theDuelist:Invigoration"],"picked":"SKIP","floor":48},{"not_picked":["theDuelist:FallenAngelRoses+1","theDuelist:Inmato","theDuelist:Firegrass"],"picked":"SKIP","floor":48},{"not_picked":["theDuelist:EvilswarmHeliotrope+1","theDuelist:MillenniumGolem+1","theDuelist:PowerGiant+1","theDuelist:LightningVortex+1"],"picked":"theDuelist:ForbiddenLance+6","floor":54},{"not_picked":["theDuelist:Invigoration+1","theDuelist:BottomlessTrapHole","theDuelist:RoseArcher"],"picked":"SKIP","floor":54}],"player_experience":438873,"relics_obtained":[{"floor":6,"key":"theDuelist:CardRewardRelicE"},{"floor":8,"key":"CCEMRelics:DerglesHeadphones"},{"floor":9,"key":"Tiny Chest"},{"floor":11,"key":"theDuelist:ZoneToken"},{"floor":11,"key":"Peace Pipe"},{"floor":12,"key":"MawBank"},{"floor":20,"key":"Nilry\u0027s Codex"},{"floor":21,"key":"Red Mask"},{"floor":24,"key":"Mummified Hand"},{"floor":25,"key":"Bag of Marbles"},{"floor":26,"key":"infinitespire:Freezer"},{"floor":29,"key":"Dota2Spire:EtherealBlade"},{"floor":42,"key":"Du-Vu Doll"},{"floor":42,"key":"Lizard Tail"},{"floor":42,"key":"CCEMRelics:CarbonFilter"},{"floor":43,"key":"CCEMRelics:FestiveHat"},{"floor":45,"key":"Bag of Preparation"},{"floor":54,"key":"Happy Flower"}],"event_choices":[{"damage_healed":0,"gold_gain":0,"player_choice":"Dig - random Duelist relic","duelist":true,"damage_taken":0,"max_hp_gain":0,"max_hp_loss":0,"event_name":"Aknamkanon\u0027s Tomb","floor":3,"gold_loss":0},{"damage_healed":0,"gold_gain":0,"player_choice":"Obtained Book","damage_taken":16,"max_hp_gain":0,"max_hp_loss":0,"event_name":"Cursed Tome","floor":20,"gold_loss":0},{"damage_healed":0,"gold_gain":0,"player_choice":"Fought Bandits","damage_taken":0,"max_hp_gain":0,"max_hp_loss":0,"event_name":"Masked Bandits","floor":21,"gold_loss":0},{"damage_healed":0,"gold_gain":0,"player_choice":"Succumb - +25HP/Cursed Relic","duelist":true,"damage_taken":0,"max_hp_gain":0,"max_hp_loss":0,"event_name":"Tomb of the Nameless","floor":22,"gold_loss":0},{"damage_healed":0,"gold_gain":0,"player_choice":"Embrace Madness","damage_taken":13,"max_hp_gain":0,"max_hp_loss":0,"event_name":"Winding Halls","floor":37,"gold_loss":0,"cards_obtained":["Madness","Madness"]},{"total_magic_score":129,"gold_gain":0,"duelist":true,"damage_taken":15,"relics_obtained":["theDuelist:NamelessWarRelicA"],"points":2,"war_reward":1,"max_hp_gain":0,"max_hp_loss":0,"spent_points":{"magic":0,"greed":0,"war":1,"power":0,"hunger":1},"event_name":"Nameless Tomb","floor":41,"gold_loss":0,"cards_obtained":[]},{"damage_healed":0,"gold_gain":0,"player_choice":"Fight","duelist":true,"damage_taken":0,"max_hp_gain":0,"max_hp_loss":0,"event_name":"Battle City","floor":42,"gold_loss":0}],"is_beta":false,"boss_relics":[{"not_picked":["hubris:GrandSneckoEye","hubris:BlackHole"],"picked":"CCEMRelics:DefectiveTurbocharger"},{"not_picked":["Astrolabe","StSpp:Magatama","StSpp:FireArrow"]}],"items_purged_floors":[],"is_endless":false,"potions_floor_spawned":[4,5,8,12,16,18,29,33,42,44,48],"ascension_level":7}}