{"host":"qbvxbacgnxuisbbe","time":1612033809,"event":{"mods":["Act Like it!","Alarm Clock","Aya Shameimaru","BaseMod","Marisa????????","Minty Spire (QoL Compilation)","Morshu Shopkeeper - ENHANCED","StSLib","Sumireko Usami"],"gold_per_floor":[117,134,64,64,64,99,99,119,143,143,153,165,182,194,194,289,289,299,312,331,25,35,45,56,87,87,87,87],"floor_reached":27,"language":"ENG","playtime":756,"items_purged":["Rupture"],"score":241,"play_id":"380583ee-c750-41f5-9055-e04f528f0e13","local_time":"20210130191009","is_ascension_mode":false,"campfire_choices":[{"data":"Uppercut","floor":7,"key":"SMITH"},{"data":"Rupture","floor":10,"key":"SMITH"},{"data":"Pommel Strike","floor":15,"key":"SMITH"}],"circlet_count":0,"master_deck":["Strike_R","Strike_R","Strike_R","Strike_R","Defend_R","Defend_R","Defend_R","Defend_R","Rupture+1","Uppercut+1","Anger","Battle Trance","Pommel Strike+1","Double Tap","Pommel Strike+1","Uppercut+1","Offering"],"relics":["Burning Blood","Happy Flower","Smiling Mask","Cursed Key","Singing Bowl","Unceasing Top"],"acts_visited":["Exordium","TheCity"],"potions_floor_usage":[16,16,18,20,25,27,27],"damage_taken":[{"damage":5,"enemies":"2 Louse","floor":1,"turns":3},{"damage":6,"enemies":"Cultist","floor":2,"turns":3},{"damage":41,"enemies":"Gremlin Nob","floor":6,"turns":6},{"damage":6,"enemies":"Jaw Worm","floor":8,"turns":3},{"damage":0,"enemies":"Exordium Wildlife","floor":11,"turns":3},{"damage":7,"enemies":"Looter","floor":12,"turns":2},{"damage":9,"enemies":"Red Slaver","floor":13,"turns":2},{"damage":0,"enemies":"Large Slime","floor":14,"turns":4},{"damage":27,"enemies":"Hexaghost","floor":16,"turns":7},{"damage":20,"enemies":"Spheric Guardian","floor":18,"turns":4},{"damage":6,"enemies":"Chosen","floor":19,"turns":3},{"damage":17,"enemies":"Shelled Parasite and Fungi","floor":20,"turns":3},{"damage":27,"enemies":"Snake Plant","floor":22,"turns":4},{"damage":23,"enemies":"Centurion and Healer","floor":23,"turns":4},{"damage":13,"enemies":"Snecko","floor":24,"turns":4},{"damage":17,"enemies":"Slavers","floor":25,"turns":4},{"damage":10,"enemies":"Book of Stabbing","floor":27,"turns":3}],"seed_played":"-4751565812512656080","potions_obtained":[{"floor":1,"key":"LiquidBronze"},{"floor":12,"key":"Swift Potion"},{"floor":14,"key":"ColorlessPotion"},{"floor":18,"key":"LiquidBronze"},{"floor":19,"key":"LiquidMemories"},{"floor":20,"key":"Strength Potion"},{"floor":24,"key":"LiquidMemories"}],"is_trial":false,"path_per_floor":["M","M","$","?","?","E","R","M","T","R","M","M","M","M","R","B",null,"M","M","M","$","M","M","M","E","T","E"],"character_chosen":"IRONCLAD","items_purchased":["Rupture","Singing Bowl"],"campfire_rested":0,"item_purchase_floors":[3,21],"current_hp_per_floor":[88,88,88,81,81,46,46,46,46,46,52,51,48,54,54,33,88,74,74,63,63,42,25,20,11,11,1,1],"gold":87,"neow_bonus":"TEN_PERCENT_HP_BONUS","is_daily":false,"chose_seed":false,"campfire_upgraded":3,"win_rate":0.0,"timestamp":1612033809,"path_taken":["M","M","$","?","?","E","R","M","T","R","M","M","M","?","R","BOSS","M","M","M","$","M","M","M","E","T","E"],"items_purchased_type":["Card","Relic"],"build_version":"2020-12-22","purchased_purges":1,"victory":false,"max_hp_per_floor":[88,88,88,88,88,88,88,88,88,88,88,88,88,88,88,88,88,88,88,88,88,88,88,90,92,92,92,92],"card_choices":[{"not_picked":["Havoc","Seeing Red"],"picked":"Rupture","floor":1},{"not_picked":["Headbutt","Wild Strike"],"picked":"Uppercut","floor":2},{"not_picked":["True Grit","Anger","Twin Strike"],"picked":"SKIP","floor":6},{"not_picked":["Perfected Strike","Sever Soul","Dark Embrace"],"picked":"SKIP","floor":8},{"not_picked":["Shrug It Off","Disarm"],"picked":"Battle Trance","floor":11},{"not_picked":["Spot Weakness","Corruption","Anger"],"picked":"SKIP","floor":12},{"not_picked":["Perfected Strike","Sword Boomerang","Thunderclap"],"picked":"SKIP","floor":13},{"not_picked":["Cleave","Twin Strike"],"picked":"Pommel Strike","floor":14},{"not_picked":["Barricade","Bludgeon"],"picked":"Double Tap","floor":16},{"not_picked":["Power Through","Searing Blow+1"],"picked":"Pommel Strike+1","floor":18},{"not_picked":["Thunderclap","Feel No Pain","Wild Strike"],"picked":"SKIP","floor":19},{"not_picked":["Sword Boomerang","Uppercut","Body Slam"],"picked":"SKIP","floor":20},{"not_picked":["Cleave","Hemokinesis+1"],"picked":"Uppercut+1","floor":22},{"not_picked":["Cleave","Body Slam"],"picked":"Offering","floor":23},{"not_picked":["Body Slam+1","Cleave","Armaments"],"picked":"Singing Bowl","floor":24},{"not_picked":["Burning Pact+1","Headbutt","Twin Strike"],"picked":"Singing Bowl","floor":25}],"player_experience":164029,"relics_obtained":[{"floor":6,"key":"Happy Flower"},{"floor":9,"key":"Smiling Mask"},{"floor":25,"key":"Unceasing Top"}],"event_choices":[{"cards_removed":["Bash"],"damage_healed":0,"gold_gain":0,"player_choice":"Card Removal","damage_taken":7,"max_hp_gain":0,"max_hp_loss":0,"event_name":"Golden Wing","floor":4,"gold_loss":0},{"damage_healed":0,"gold_gain":0,"cards_transformed":["Strike_R"],"player_choice":"Transformed","damage_taken":0,"max_hp_gain":0,"max_hp_loss":0,"event_name":"Transmorgrifier","floor":5,"gold_loss":0,"cards_obtained":["Anger"]}],"is_beta":false,"boss_relics":[{"not_picked":["Black Star","Runic Dome"],"picked":"Cursed Key"}],"items_purged_floors":[21],"is_endless":false,"potions_floor_spawned":[1,12,14,18,19,20,24],"killed_by":"Book of Stabbing","ascension_level":0}}