{"host":"1c52r9kaxdyo25eq","time":1612005718,"event":{"mods":["AchievementEnabler","BaseMod","DeckTracker","Minty Spire (QoL Compilation)","Rare Cards Sparkle","SuperFastMode","everything is the same but u backflip on backflip"],"gold_per_floor":[109,122,197,197,213,213,62,62,89,89,108,148,165,185,185,185,185],"floor_reached":16,"language":"KOR","playtime":298,"items_purged":["Strike_R"],"score":189,"play_id":"07ad7db6-afce-4f74-9dce-989aa365ee6a","local_time":"20210130202158","is_ascension_mode":true,"campfire_choices":[{"floor":6,"key":"REST"},{"data":"Evolve","floor":8,"key":"SMITH"},{"data":"Pommel Strike","floor":10,"key":"SMITH"},{"data":"Heavy Blade","floor":15,"key":"SMITH"}],"circlet_count":0,"master_deck":["AscendersBane","Strike_R","Strike_R","Strike_R","Strike_R","Defend_R","Defend_R","Defend_R","Defend_R","Bash","Pommel Strike+1","Burning Pact","Evolve+1","Inflame","Dark Embrace","Heavy Blade+1"],"relics":["Burning Blood","CaptainsWheel","Akabeko","CeramicFish","Orichalcum"],"acts_visited":["Exordium"],"potions_floor_usage":[16],"damage_taken":[{"damage":14,"enemies":"Jaw Worm","floor":1,"turns":4},{"damage":8,"enemies":"2 Louse","floor":2,"turns":3},{"damage":9,"enemies":"Small Slimes","floor":5,"turns":3},{"damage":9,"enemies":"Red Slaver","floor":11,"turns":2},{"damage":16,"enemies":"Gremlin Nob","floor":12,"turns":4},{"damage":4,"enemies":"3 Louse","floor":13,"turns":4},{"damage":11,"enemies":"Blue Slaver","floor":14,"turns":4},{"damage":21,"enemies":"Hexaghost","floor":16,"turns":9}],"seed_played":"-4061548536177338926","potions_obtained":[{"floor":11,"key":"SkillPotion"},{"floor":12,"key":"Ancient Potion"}],"is_trial":false,"path_per_floor":["M","M","?","?","M","R","$","R","T","R","M","E","M","M","R","B"],"character_chosen":"IRONCLAD","items_purchased":["Evolve"],"campfire_rested":1,"item_purchase_floors":[7],"current_hp_per_floor":[60,58,47,21,18,38,38,38,38,38,35,25,27,22,22,1,1],"gold":185,"neow_bonus":"ONE_RARE_RELIC","is_daily":false,"chose_seed":false,"campfire_upgraded":3,"win_rate":0.0,"timestamp":1612005718,"path_taken":["M","M","?","?","M","R","$","R","T","R","M","E","M","M","R","BOSS"],"items_purchased_type":["Card"],"build_version":"2020-12-22","purchased_purges":1,"victory":false,"max_hp_per_floor":[68,68,68,68,68,68,68,68,68,68,68,68,68,68,68,68,68],"card_choices":[{"not_picked":["Havoc","True Grit"],"picked":"Pommel Strike","floor":1},{"not_picked":["Cleave","Combust","Exhume"],"picked":"SKIP","floor":2},{"not_picked":["Sever Soul","Flex"],"picked":"Burning Pact","floor":5},{"not_picked":["Iron Wave","Evolve"],"picked":"Inflame","floor":11},{"not_picked":["Seeing Red","Clothesline"],"picked":"Dark Embrace","floor":12},{"not_picked":["Wild Strike","Cleave","Intimidate"],"picked":"SKIP","floor":13},{"not_picked":["Armaments","Body Slam"],"picked":"Heavy Blade","floor":14}],"player_experience":634448,"relics_obtained":[{"floor":9,"key":"CeramicFish"},{"floor":12,"key":"Orichalcum"}],"event_choices":[{"damage_healed":0,"gold_gain":75,"player_choice":"Gather Gold","damage_taken":11,"max_hp_gain":0,"max_hp_loss":0,"event_name":"World of Goop","floor":3,"gold_loss":0},{"damage_healed":0,"gold_gain":0,"player_choice":"Success","damage_taken":26,"relics_obtained":["Akabeko"],"max_hp_gain":0,"max_hp_loss":0,"event_name":"Scrap Ooze","floor":4,"gold_loss":0}],"is_beta":false,"boss_relics":[],"items_purged_floors":[7],"is_endless":false,"potions_floor_spawned":[11,12,14],"killed_by":"Hexaghost","ascension_level":17}}