{"host":"q6r63elxu27obe7v","time":1612035807,"event":{"mods":["2.2 Compatiblity","AchievementEnabler","BaseMod","CapriCore","DeckTracker","Keyboard Shortcuts","Minty Spire (QoL Compilation)","Permanent Neow","Quick Restart","StSLib","SuperFastMode","¡¼?Úª?ø«¡½REMEMod"],"gold_per_floor":[369,369,115,115,15,15,31,44,71,104,121,185,200,218,218,320,320,339,389,405,56,71,71,0,33,58,58,58],"floor_reached":27,"language":"KOR","playtime":926,"items_purged":["Strike_R","Strike_R","Defend_R"],"score":233,"play_id":"f6135ccc-d654-4b73-ba41-23fb8ff70b91","local_time":"20210131044327","is_ascension_mode":false,"campfire_choices":[{"floor":6,"key":"RECALL"},{"data":"REME_TheLastStrike","floor":15,"key":"SMITH"},{"floor":23,"key":"REST"}],"circlet_count":0,"master_deck":["Strike_R","Strike_R","Defend_R","Bash","Cleave","Twin Strike","Burning Pact","REME_TheLastStrike+1","Second Wind","Flex","Power Through","Juggernaut","Body Slam","Seeing Red","Seeing Red","Flex","Blood for Blood"],"relics":["Burning Blood","REME_ComplimentaryCards","REME_CardOfGreed","SsserpentHead","REME_PuzzleBoxRelic","Empty Cage","Brimstone","Centennial Puzzle","Smiling Mask"],"acts_visited":["Exordium","TheCity"],"potions_floor_usage":[25,25],"damage_taken":[{"damage":5,"enemies":"Small Slimes","floor":1,"turns":3},{"damage":12,"enemies":"Cultist","floor":7,"turns":6},{"damage":9,"enemies":"2 Louse","floor":8,"turns":3},{"damage":32,"enemies":"Gremlin Nob","floor":10,"turns":4},{"damage":3,"enemies":"Large Slime","floor":11,"turns":4},{"damage":7,"enemies":"2 Fungi Beasts","floor":12,"turns":2},{"damage":7,"enemies":"3 Louse","floor":14,"turns":2},{"damage":10,"enemies":"Slime Boss","floor":16,"turns":9},{"damage":14,"enemies":"Chosen","floor":18,"turns":5},{"damage":38,"enemies":"2 Thieves","floor":20,"turns":4},{"damage":9,"enemies":"Centurion and Healer","floor":22,"turns":3},{"damage":18,"enemies":"Book of Stabbing","floor":25,"turns":3},{"damage":44,"enemies":"Sentry and Sphere","floor":27,"turns":3}],"seed_played":"-8341100152367172867","potions_obtained":[{"floor":10,"key":"ElixirPotion"},{"floor":11,"key":"GamblersBrew"},{"floor":16,"key":"DistilledChaos"}],"is_trial":false,"path_per_floor":["M","?","$","?","$","R","M","M","T","E","M","M","?","M","R","B",null,"M","?","M","$","M","R","?","E","T","M"],"character_chosen":"IRONCLAD","items_purchased":["REME_CardOfGreed","Twin Strike","Brimstone","Seeing Red"],"campfire_rested":1,"item_purchase_floors":[3,3,21,21],"current_hp_per_floor":[72,65,65,65,65,65,59,56,56,30,33,32,50,49,49,45,72,64,64,32,32,29,50,50,38,38,0,0],"gold":58,"neow_bonus":"TWO_FIFTY_GOLD","is_daily":false,"chose_seed":false,"campfire_upgraded":1,"win_rate":0.0,"timestamp":1612035807,"path_taken":["M","?","$","?","$","R","M","M","T","E","M","?","?","M","R","BOSS","M","?","M","$","M","R","?","E","T","M"],"items_purchased_type":["Relic","Card","Relic","Card"],"build_version":"2020-12-22","purchased_purges":3,"victory":false,"max_hp_per_floor":[72,72,72,72,72,72,72,72,72,72,72,72,72,72,72,72,72,72,72,72,72,72,72,72,72,72,72,72],"card_choices":[{"not_picked":["Clothesline","Carnage"],"picked":"Cleave","floor":1},{"not_picked":["Cleave","Disarm"],"picked":"Burning Pact","floor":7},{"not_picked":["Body Slam","Flex"],"picked":"REME_TheLastStrike","floor":8},{"not_picked":["Fiend Fire","Clash"],"picked":"Second Wind","floor":10},{"not_picked":["Heavy Blade","Headbutt"],"picked":"Flex","floor":11},{"not_picked":["Heavy Blade","Flame Barrier","Clothesline"],"picked":"SKIP","floor":12},{"not_picked":["Reckless Charge","Spot Weakness"],"picked":"Power Through","floor":14},{"not_picked":["Demon Form","Corruption"],"picked":"Juggernaut","floor":16},{"not_picked":["Power Through","Sword Boomerang"],"picked":"Body Slam","floor":18},{"not_picked":["Rampage","Twin Strike+1"],"picked":"Seeing Red","floor":20},{"not_picked":["Reckless Charge","Perfected Strike"],"picked":"Flex","floor":22},{"not_picked":["REME_Cut","Armaments"],"picked":"Blood for Blood","floor":25}],"player_experience":59181,"relics_obtained":[{"floor":10,"key":"REME_PuzzleBoxRelic"},{"floor":25,"key":"Centennial Puzzle"},{"floor":26,"key":"Smiling Mask"}],"event_choices":[{"cards_removed":["Strike_R"],"damage_healed":0,"gold_gain":0,"player_choice":"Card Removal","damage_taken":7,"max_hp_gain":0,"max_hp_loss":0,"event_name":"Golden Wing","floor":2,"gold_loss":0},{"damage_healed":0,"gold_gain":0,"player_choice":"Trade","damage_taken":0,"relics_obtained":["SsserpentHead"],"max_hp_gain":0,"max_hp_loss":0,"event_name":"FaceTrader","floor":4,"gold_loss":0},{"damage_healed":18,"gold_gain":0,"player_choice":"Healed","damage_taken":0,"max_hp_gain":0,"max_hp_loss":0,"event_name":"The Cleric","floor":13,"gold_loss":35},{"damage_healed":0,"gold_gain":0,"player_choice":"Ignored","damage_taken":0,"max_hp_gain":0,"max_hp_loss":0,"event_name":"Vampires","floor":19,"gold_loss":0},{"damage_healed":0,"gold_gain":0,"player_choice":"Paid Fearfully","damage_taken":0,"max_hp_gain":0,"max_hp_loss":0,"event_name":"Masked Bandits","floor":24,"gold_loss":121}],"is_beta":false,"boss_relics":[{"not_picked":["Mark of Pain","Pandora\u0027s Box"],"picked":"Empty Cage"}],"items_purged_floors":[3,5,21],"is_endless":false,"potions_floor_spawned":[10,11,16,20],"killed_by":"Sentry and Sphere","ascension_level":0}}