{"host":"9slw7l0ws16384qq","time":1612043050,"event":{"mods":["A Penny For Your Troubles","BaseMod","Colored Map","Downfall","Evolution","Hubris","Minty Spire (QoL Compilation)","Replay The Spire","StS++","StSLib"],"gold_per_floor":[99,111,128,128,139,198,198,231,231,265,165,75,75,94,106,106,106,106],"floor_reached":16,"language":"FRA","playtime":3251,"items_purged":["Guardian:Strike_Guardian"],"score":110,"play_id":"ea7eaef4-910e-430b-b8f7-bc6bbed8d457","local_time":"20210130224410","is_ascension_mode":false,"campfire_choices":[{"floor":11,"key":"REST"}],"circlet_count":0,"master_deck":["Guardian:PrimingBeam","Guardian:PrimingBeam","Guardian:PrimingBeam","Guardian:Defend_Guardian","Guardian:Defend_Guardian","Guardian:Defend_Guardian","Guardian:CurlUp","Guardian:TwinSlam","Guardian:TemporalStrike","Guardian:Clone","Guardian:Gem_Yellow","Guardian:Gem_Cyan","Guardian:TemporalStrike"],"relics":["Guardian:ModeShifter","EVO:Axolotl","MealTicket","ReplayTheSpireMod:Ninjato","hubris:TenFootPole","Guardian:SackOfGems","downfall:HeartBlessingGreen","hubris:Towel"],"acts_visited":["Exordium"],"potions_floor_usage":[16],"damage_taken":[{"damage":5.0,"enemies":"Small Slimes","floor":2.0,"turns":3.0},{"damage":0.0,"enemies":"Cultist","floor":3.0,"turns":3.0},{"damage":6.0,"enemies":"Jaw Worm","floor":5.0,"turns":3.0},{"damage":11.0,"enemies":"Lagavulin Event","floor":6.0,"turns":8.0},{"damage":24.0,"enemies":"3 Sentries","floor":8.0,"turns":9.0},{"damage":6,"enemies":"Lagavulin","floor":10,"turns":7},{"damage":0,"enemies":"downfall:FleeingMerchant","floor":12,"turns":4},{"damage":6,"enemies":"Blue Slaver","floor":14,"turns":4},{"damage":0,"enemies":"Large Slime","floor":15,"turns":6},{"damage":86,"enemies":"WA_ARCHETYPE_RETAIN","floor":16,"turns":15}],"seed_played":"1087763542417807072","potions_obtained":[{"floor":3.0,"key":"Weak Potion"},{"floor":6.0,"key":"Elixir"},{"floor":15,"key":"Guardian:DefensiveModePotion"}],"is_trial":false,"path_per_floor":["R_BF","M","M","?","M","?","T","E","?","E","R","$","?","M","M","B"],"character_chosen":"GUARDIAN","items_purchased":[],"campfire_rested":1,"item_purchase_floors":[],"current_hp_per_floor":[88,83,83,83,77,66,66,42,42,36,62,77,77,71,71,0,0,0],"gold":106,"neow_bonus":"TEN_PERCENT_HP_BONUS","is_daily":false,"chose_seed":false,"campfire_upgraded":0,"win_rate":0.0,"timestamp":1612043050,"path_taken":["R_BF","M","M","?","M","?","T","E","?","E","R","$","?","M","M","BOSS"],"items_purchased_type":[],"build_version":"2020-12-22","purchased_purges":1,"victory":false,"max_hp_per_floor":[88,88,88,88,88,88,88,88,88,88,88,88,88,88,88,88,88,88],"card_choices":[{"not_picked":["Guardian:Planning","Guardian:CrystalBeam","Guardian:ShieldCharger"],"picked":"SKIP","floor":2.0},{"not_picked":["Guardian:TemporalShield","Guardian:CrystalBeam","Guardian:Gem_Lightblue"],"picked":"SKIP","floor":3.0},{"not_picked":["Guardian:Incinerate","Guardian:Reroute"],"picked":"Guardian:Gem_White","floor":5.0},{"not_picked":["Guardian:PiercingHide","Guardian:ShieldCharger"],"picked":"Guardian:TemporalStrike","floor":6.0},{"not_picked":["Guardian:Planning","Guardian:Suspension"],"picked":"Guardian:Clone","floor":8.0},{"not_picked":["Guardian:Harden","Guardian:ArmoredProtocol"],"picked":"Guardian:TemporalStrike","floor":10},{"not_picked":["Guardian:Gem_Synthetic","Guardian:Gem_Cyan","Guardian:VentSteam"],"picked":"SKIP","floor":12},{"not_picked":["Guardian:PiercingHide","Guardian:Harden","Guardian:Gem_Cyan"],"picked":"SKIP","floor":14},{"not_picked":["Guardian:CrystalBeam","Guardian:PiercingHide","Guardian:PrismaticBeam"],"picked":"SKIP","floor":15}],"player_experience":1551049,"relics_obtained":[{"floor":6.0,"key":"MealTicket"},{"floor":7.0,"key":"ReplayTheSpireMod:Ninjato"},{"floor":8.0,"key":"hubris:TenFootPole"},{"floor":10,"key":"Guardian:SackOfGems"}],"event_choices":[{"cards_removed":["Guardian:Defend_Guardian"],"damage_healed":0.0,"max_hp_gain":0.0,"max_hp_loss":0.0,"gold_gain":0.0,"event_name":"Living Wall","player_choice":"Forget","floor":1.0,"gold_loss":0.0,"damage_taken":0.0}],"is_beta":false,"boss_relics":[],"items_purged_floors":[12],"is_endless":false,"potions_floor_spawned":[3,6,15],"killed_by":"WA_ARCHETYPE_RETAIN","ascension_level":0}}