{"host":"ffjrj7fisyni1ebk","time":1612024281,"event":{"mods":["2.2 Compatiblity","BaseMod","Bestiary","Colored Map","Colored Powertips","Curses Come First","Highlight Path","Keyboard Shortcuts","Minty Spire (QoL Compilation)","Relic Stats","Slay the Relics Exporter","StSLib","SuperFastMode"],"gold_per_floor":[117,128,53,53,3,3,50,90,170,190,214,202,202,5,5,136,136,161,161,144,182,202,202,202,202,202],"floor_reached":25,"language":"ENG","playtime":1392,"items_purged":["Strike_B"],"score":226,"play_id":"6476c75f-1871-44c2-a342-d463c14ee61a","local_time":"20210130183121","is_ascension_mode":false,"campfire_choices":[{"data":"Capacitor","floor":6.0,"key":"SMITH"},{"floor":15.0,"key":"REST"},{"floor":23,"key":"REST"}],"circlet_count":0,"master_deck":["Strike_B","Strike_B","Defend_B","Defend_B","Defend_B","Defend_B","Zap","Dualcast","Coolheaded","Capacitor+1","Leap","Apotheosis","Static Discharge","Amplify","White Noise","Auto Shields"],"relics":["Cracked Core","Golden Idol","Strawberry","Darkstone Periapt","Fusion Hammer","Red Mask"],"acts_visited":["Exordium","TheCity"],"potions_floor_usage":[22,22,22,25],"damage_taken":[{"damage":1.0,"enemies":"Cultist","floor":1.0,"turns":3.0},{"damage":5.0,"enemies":"Small Slimes","floor":2.0,"turns":3.0},{"damage":17.0,"enemies":"Lagavulin","floor":8.0,"turns":12.0},{"damage":4.0,"enemies":"Jaw Worm","floor":10.0,"turns":4.0},{"damage":5.0,"enemies":"Blue Slaver","floor":11.0,"turns":6.0},{"damage":10.0,"enemies":"Exordium Thugs","floor":12.0,"turns":5.0},{"damage":10.0,"enemies":"The Guardian","floor":16.0,"turns":14.0},{"damage":28.0,"enemies":"Chosen","floor":18.0,"turns":8.0},{"damage":19.0,"enemies":"2 Thieves","floor":20.0,"turns":5.0},{"damage":38.0,"enemies":"Masked Bandits","floor":21.0,"turns":4.0},{"damage":0,"enemies":"Chosen and Byrds","floor":22,"turns":8},{"damage":43,"enemies":"Gremlin Leader","floor":25,"turns":9}],"seed_played":"6673045526045297926","potions_obtained":[{"floor":8.0,"key":"SmokeBomb"},{"floor":10.0,"key":"Regen Potion"},{"floor":11.0,"key":"LiquidBronze"},{"floor":16.0,"key":"Dexterity Potion"},{"floor":18.0,"key":"FocusPotion"},{"floor":21.0,"key":"SkillPotion"},{"floor":22,"key":"Swift Potion"}],"is_trial":false,"path_per_floor":["M","M","$","?","?","R","T","E","T","M","M","M","?","$","R","B",null,"M","?","M","?","M","R","?","E"],"character_chosen":"DEFECT","items_purchased":["Apotheosis","Static Discharge"],"campfire_rested":2,"item_purchase_floors":[14,14],"current_hp_per_floor":[81,76,76,56,56,56,56,46,46,42,37,27,55,55,83,73,95,67,67,48,10,10,37,37,0,0],"gold":202,"neow_bonus":"TEN_PERCENT_HP_BONUS","is_daily":false,"chose_seed":false,"campfire_upgraded":1,"win_rate":0.0,"timestamp":1612024281,"path_taken":["M","?","$","?","?","R","?","E","T","M","?","M","?","$","R","BOSS","M","?","M","?","M","R","?","E"],"items_purchased_type":["Card","Card"],"build_version":"2020-12-22","purchased_purges":1,"victory":false,"max_hp_per_floor":[82,82,82,82,82,82,82,89,89,89,89,89,95,95,95,95,95,95,92,92,92,92,92,92,92,92],"relic_stats":{"Darkstone Periapt":6,"counters":[12,81],"Golden Idol":67,"obtain_stats":[{"Darkstone Periapt":9,"Golden Idol":4,"Strawberry":8,"Fusion Hammer":17,"Red Mask":21,"Cracked Core":0},{"Darkstone Periapt":3,"Golden Idol":2,"Strawberry":3,"Fusion Hammer":7,"Red Mask":10,"Cracked Core":0},{"Darkstone Periapt":18,"Golden Idol":6,"Strawberry":18,"Fusion Hammer":47,"Red Mask":64,"Cracked Core":0}]},"card_choices":[{"not_picked":["Streamline","Stack"],"picked":"Coolheaded","floor":1.0},{"not_picked":["Multi-Cast","Beam Cell"],"picked":"Capacitor","floor":2.0},{"not_picked":["Stack","Chill","Steam"],"picked":"SKIP","floor":8.0},{"not_picked":["Streamline","Recycle","Turbo"],"picked":"SKIP","floor":10.0},{"not_picked":["Chill","Static Discharge"],"picked":"Leap","floor":11.0},{"not_picked":["Ball Lightning","Steam","Leap"],"picked":"SKIP","floor":12.0},{"not_picked":["Rainbow","Hyperbeam"],"picked":"Amplify","floor":16.0},{"not_picked":["Redo","Undo+1","Scrape"],"picked":"SKIP","floor":18.0},{"not_picked":["Sweeping Beam","Coolheaded"],"picked":"White Noise","floor":20.0},{"not_picked":["Stack","Beam Cell+1"],"picked":"Auto Shields","floor":21.0},{"not_picked":["Beam Cell","Chill","Cold Snap"],"picked":"SKIP","floor":22}],"player_experience":279626,"relics_obtained":[{"floor":8.0,"key":"Strawberry"},{"floor":9.0,"key":"Darkstone Periapt"},{"floor":21.0,"key":"Red Mask"}],"event_choices":[{"damage_healed":0.0,"max_hp_gain":0.0,"max_hp_loss":0.0,"gold_gain":0.0,"event_name":"Golden Idol","player_choice":"Take Damage","floor":4.0,"gold_loss":0.0,"damage_taken":20.0,"relics_obtained":["Golden Idol"]},{"cards_removed":["Strike_B"],"damage_healed":0.0,"max_hp_gain":0.0,"max_hp_loss":0.0,"gold_gain":0.0,"event_name":"The Cleric","player_choice":"Card Removal","floor":5.0,"gold_loss":50.0,"damage_taken":0.0},{"damage_healed":22.0,"max_hp_gain":0.0,"max_hp_loss":0.0,"gold_gain":0.0,"event_name":"Mushrooms","player_choice":"Healed and dodged fight","floor":13.0,"gold_loss":0.0,"damage_taken":0.0,"cards_obtained":["Parasite"]},{"cards_removed":["Parasite"],"damage_healed":0.0,"max_hp_gain":0.0,"max_hp_loss":0.0,"gold_gain":0.0,"event_name":"Back to Basics","player_choice":"Elegance","floor":19.0,"gold_loss":0.0,"damage_taken":0.0},{"damage_healed":0.0,"max_hp_gain":0.0,"max_hp_loss":0.0,"gold_gain":0.0,"event_name":"Masked Bandits","player_choice":"Fought Bandits","floor":21.0,"gold_loss":0.0,"damage_taken":0.0},{"damage_healed":0,"gold_gain":0,"player_choice":"Ignored","damage_taken":0,"max_hp_gain":0,"max_hp_loss":0,"event_name":"Cursed Tome","floor":24,"gold_loss":0}],"is_beta":false,"boss_relics":[{"not_picked":["Snecko Eye","Ectoplasm"],"picked":"Fusion Hammer"}],"items_purged_floors":[3],"is_endless":false,"potions_floor_spawned":[8,10,11,16,18,21,22],"killed_by":"Gremlin Leader","ascension_level":0}}