{"host":"vex7walpoxzv48nx","time":1612048200,"event":{"mods":["AchievementEnabler","BaseMod","Bestiary","Minty Spire (QoL Compilation)","Permanent Neow","Quick Restart","Relic Stats","UnlockEverythingMod"],"gold_per_floor":[112,129,25,25,25,60,60,60,60],"floor_reached":8,"language":"ENG","playtime":493,"items_purged":["Strike_B"],"score":108,"play_id":"276a01c2-5496-4bb0-8f1f-6a90a2abfed3","local_time":"20210131001000","is_ascension_mode":true,"campfire_choices":[{"data":"Electrodynamics","floor":7,"key":"SMITH"}],"circlet_count":0,"master_deck":["AscendersBane","Strike_B","Strike_B+1","Strike_B","Defend_B","Defend_B","Defend_B","Defend_B","Zap","Dualcast","Electrodynamics+1","Cold Snap+1","Barrage","Barrage"],"relics":["Cracked Core","Centennial Puzzle"],"acts_visited":["Exordium"],"potions_floor_usage":[8],"damage_taken":[{"damage":5,"enemies":"Small Slimes","floor":1,"turns":4},{"damage":0,"enemies":"2 Louse","floor":2,"turns":1},{"damage":10,"enemies":"3 Sentries","floor":6,"turns":3},{"damage":15,"enemies":"Lagavulin","floor":8,"turns":3}],"seed_played":"-4538683210016562555","potions_obtained":[{"floor":6,"key":"FearPotion"}],"is_trial":false,"path_per_floor":["M","M","$","?","?","E","R","E"],"character_chosen":"DEFECT","items_purchased":["Barrage"],"campfire_rested":0,"item_purchase_floors":[3],"current_hp_per_floor":[59,59,59,64,41,31,31,16,16],"gold":60,"neow_bonus":"ONE_RANDOM_RARE_CARD","is_daily":false,"chose_seed":false,"campfire_upgraded":1,"win_rate":0.0,"timestamp":1612048200,"path_taken":["M","M","$","?","?","E","R","E"],"items_purchased_type":["Card"],"build_version":"2020-12-22","purchased_purges":1,"victory":false,"max_hp_per_floor":[71,71,71,76,76,76,76,76,76],"relic_stats":{"Centennial Puzzle":[3],"counters":[4,11],"obtain_stats":[{"Centennial Puzzle":6,"Cracked Core":0},{"Centennial Puzzle":3,"Cracked Core":0},{"Centennial Puzzle":8,"Cracked Core":0}]},"card_choices":[{"not_picked":["Turbo","Hologram"],"picked":"Cold Snap","floor":1},{"not_picked":["Redo","Hologram","Steam"],"picked":"SKIP","floor":2},{"not_picked":["Redo","Hologram","Steam"],"picked":"SKIP","floor":2},{"not_picked":["Hologram","Glacier"],"picked":"Barrage","floor":6}],"player_experience":228775,"relics_obtained":[{"floor":6,"key":"Centennial Puzzle"}],"event_choices":[{"damage_healed":0,"gold_gain":0,"player_choice":"Donut","damage_taken":0,"max_hp_gain":5,"max_hp_loss":0,"event_name":"Big Fish","floor":4,"gold_loss":0},{"damage_healed":0,"gold_gain":0,"player_choice":"Entered Light","damage_taken":23,"max_hp_gain":0,"max_hp_loss":0,"event_name":"Shining Light","floor":5,"gold_loss":0,"cards_upgraded":["Cold Snap","Strike_B"]}],"is_beta":false,"boss_relics":[],"items_purged_floors":[3],"is_endless":false,"potions_floor_spawned":[6],"killed_by":"Lagavulin","ascension_level":20}}