{"host":"sc0o2qwpf9j16a4i","time":1612035024,"event":{"mods":["AchievementEnabler","BaseMod","BetterRewards","Block Reminder","Colored Map","Colored Powertips","Custom Start","Highlight Path","Minty Spire (QoL Compilation)","Relic Stats"],"gold_per_floor":[115,115,115,134,4,34,34,69,69,95,95,127,127,145,145,241,241,257,207,217,71,90,115,75,105,105,137,161,494,494,508,508,612,612,622,562,575,575,575,608,608,634,634,634,634],"floor_reached":44,"language":"ENG","playtime":1995,"items_purged":[],"score":643,"play_id":"591485ba-8761-417c-ba23-a5ce7e4b0cfe","local_time":"20210130213024","daily_mods":["Draft","ControlledChaos","Elite Swarm"],"is_ascension_mode":false,"campfire_choices":[{"data":"Wraith Form v2","floor":7,"key":"SMITH"},{"floor":13,"key":"REST"},{"data":"Catalyst","floor":15,"key":"SMITH"},{"floor":30,"key":"REST"},{"floor":32,"key":"REST"}],"circlet_count":0,"master_deck":["Leg Sweep+1","Quick Slash","PiercingWail+1","Calculated Gamble","Flechettes","Finisher","Catalyst+1","Backflip","Escape Plan","Footwork","Poisoned Stab","Outmaneuver","Calculated Gamble","Backflip","Flechettes","Distraction","Catalyst","Footwork","Wraith Form v2+1","Malaise","Envenom","Concentrate","After Image","Deflect","Blade Dance","Backflip","Corpse Explosion","Burst","Envenom","Decay","Flechettes","Catalyst","Backflip","Storm of Steel","Acrobatics","Dodge and Roll","After Image","Adrenaline"],"relics":["Ring of the Snake","Frozen Eye","NlothsMask","Pear","Bag of Preparation","Eternal Feather","Bottled Lightning","Cursed Key","Juzu Bracelet","War Paint","Pocketwatch","Mercury Hourglass","Dream Catcher","Smiling Mask","Old Coin","Black Star","Tingsha","Toy Ornithopter","StoneCalendar","Oddly Smooth Stone"],"acts_visited":["Exordium","TheCity","TheBeyond"],"potions_floor_usage":[6,8,10,12,16,20,22,24,25,33],"damage_taken":[{"damage":0,"enemies":"Cultist","floor":1,"turns":3},{"damage":0,"enemies":"Small Slimes","floor":4,"turns":3},{"damage":16,"enemies":"Gremlin Nob","floor":6,"turns":3},{"damage":26,"enemies":"Lagavulin","floor":8,"turns":8},{"damage":5,"enemies":"3 Sentries","floor":10,"turns":5},{"damage":14,"enemies":"Lagavulin","floor":12,"turns":7},{"damage":0,"enemies":"2 Louse","floor":14,"turns":1},{"damage":27,"enemies":"The Guardian","floor":16,"turns":13},{"damage":0,"enemies":"Chosen","floor":18,"turns":6},{"damage":2,"enemies":"3 Byrds","floor":20,"turns":4},{"damage":5,"enemies":"3 Cultists","floor":22,"turns":5},{"damage":13,"enemies":"Book of Stabbing","floor":23,"turns":8},{"damage":0,"enemies":"Slavers","floor":25,"turns":3},{"damage":10,"enemies":"Book of Stabbing","floor":27,"turns":5},{"damage":44,"enemies":"Gremlin Leader","floor":29,"turns":7},{"damage":12,"enemies":"Snake Plant","floor":31,"turns":6},{"damage":29,"enemies":"Champ","floor":33,"turns":10},{"damage":15,"enemies":"3 Darklings","floor":35,"turns":3},{"damage":13,"enemies":"Orb Walker","floor":37,"turns":3},{"damage":33,"enemies":"Giant Head","floor":40,"turns":7},{"damage":73,"enemies":"Reptomancer","floor":42,"turns":9},{"damage":3,"enemies":"Giant Head","floor":44,"turns":2}],"seed_played":"-6343247492941311067","potions_obtained":[{"floor":1,"key":"Energy Potion"},{"floor":8,"key":"Regen Potion"},{"floor":10,"key":"Regen Potion"},{"floor":12,"key":"LiquidBronze"},{"floor":14,"key":"LiquidMemories"},{"floor":20,"key":"CunningPotion"},{"floor":22,"key":"FearPotion"},{"floor":24,"key":"Fruit Juice"},{"floor":24,"key":"SneckoOil"},{"floor":24,"key":"FearPotion"},{"floor":29,"key":"DuplicationPotion"},{"floor":35,"key":"Dexterity Potion"}],"is_trial":true,"path_per_floor":["M","?","?","M","$","E","R","E","T","E","?","E","R","M","R","B",null,"M","?","M","$","M","E","?","E","T","E","T","E","R","M","R","B",null,"M","?","M","?","?","E","?","E","T","E"],"character_chosen":"THE_SILENT","items_purchased":["Footwork","AttackPotion","Juzu Bracelet"],"campfire_rested":3,"item_purchase_floors":[5,5,21],"current_hp_per_floor":[70,70,70,70,70,64,64,38,38,48,48,49,80,80,80,53,80,80,80,78,78,73,60,65,65,65,55,55,11,54,42,85,56,85,70,70,57,57,57,24,74,1,1,0,0],"gold":634,"neow_bonus":"","is_daily":false,"chose_seed":false,"campfire_upgraded":2,"win_rate":0.0,"timestamp":1612035024,"path_taken":["M","?","?","?","$","E","R","E","T","E","?","E","R","M","R","BOSS","M","?","M","?","M","E","?","E","T","E","?","E","R","M","R","BOSS","M","?","M","?","?","E","?","E","T","E"],"items_purchased_type":["Card","Potion","Relic"],"build_version":"2020-12-22","purchased_purges":0,"victory":false,"max_hp_per_floor":[70,70,70,70,70,80,80,80,80,80,80,80,80,80,80,80,80,80,80,80,80,80,80,85,85,85,85,85,85,85,85,85,85,85,85,85,85,85,85,85,74,74,74,74,74],"relic_stats":{"counters":[22,121],"Eternal Feather":48,"Tingsha":[90],"StoneCalendar":[0],"Bag of Preparation":[36],"Juzu Bracelet":2,"War Paint":["PiercingWail","Leg Sweep"],"Cursed Key":2,"Smiling Mask":0,"Mercury Hourglass":[193],"Dream Catcher":2,"Black Star":2,"obtain_stats":[{"Pear":6,"Oddly Smooth Stone":42,"Eternal Feather":10,"Tingsha":40,"StoneCalendar":42,"Bag of Preparation":8,"Juzu Bracelet":21,"War Paint":23,"Cursed Key":17,"Smiling Mask":28,"Mercury Hourglass":26,"Old Coin":29,"Frozen Eye":0,"Dream Catcher":27,"Black Star":34,"Bottled Lightning":12,"Toy Ornithopter":40,"Ring of the Snake":0,"NlothsMask":3,"Pocketwatch":25},{"Pear":3,"Oddly Smooth Stone":21,"Eternal Feather":5,"Tingsha":20,"StoneCalendar":21,"Bag of Preparation":4,"Juzu Bracelet":10,"War Paint":12,"Cursed Key":8,"Smiling Mask":14,"Mercury Hourglass":13,"Old Coin":15,"Frozen Eye":0,"Dream Catcher":14,"Black Star":17,"Bottled Lightning":6,"Toy Ornithopter":20,"Ring of the Snake":0,"NlothsMask":1,"Pocketwatch":13},{"Pear":9,"Oddly Smooth Stone":119,"Eternal Feather":22,"Tingsha":110,"StoneCalendar":119,"Bag of Preparation":17,"Juzu Bracelet":53,"War Paint":66,"Cursed Key":43,"Smiling Mask":74,"Mercury Hourglass":69,"Old Coin":81,"Frozen Eye":0,"Dream Catcher":74,"Black Star":97,"Bottled Lightning":29,"Toy Ornithopter":110,"Ring of the Snake":0,"NlothsMask":3,"Pocketwatch":69}],"Toy Ornithopter":0,"Ring of the Snake":[44],"Pocketwatch":[33]},"card_choices":[{"not_picked":["Well Laid Plans","Masterful Stab"],"picked":"Leg Sweep","floor":0},{"not_picked":["Bane","Prepared"],"picked":"Quick Slash","floor":0},{"not_picked":["All Out Attack","Cloak And Dagger"],"picked":"PiercingWail","floor":0},{"not_picked":["Flechettes","Cloak And Dagger"],"picked":"Calculated Gamble","floor":0},{"not_picked":["Dagger Throw","Cloak And Dagger"],"picked":"Flechettes","floor":0},{"not_picked":["Quick Slash","Expertise"],"picked":"Finisher","floor":0},{"not_picked":["Accuracy","Poisoned Stab"],"picked":"Catalyst","floor":0},{"not_picked":["Accuracy","Underhanded Strike"],"picked":"Backflip","floor":0},{"not_picked":["Reflex","Dagger Throw"],"picked":"Escape Plan","floor":0},{"not_picked":["Quick Slash","Distraction"],"picked":"Footwork","floor":0},{"not_picked":["Acrobatics","Quick Slash"],"picked":"Poisoned Stab","floor":0},{"not_picked":["Prepared","Underhanded Strike"],"picked":"Outmaneuver","floor":0},{"not_picked":["Blade Dance","Underhanded Strike"],"picked":"Calculated Gamble","floor":0},{"not_picked":["Quick Slash","Dodge and Roll"],"picked":"Backflip","floor":0},{"not_picked":["Bane","Expertise"],"picked":"Flechettes","floor":0},{"not_picked":["Masterful Stab","Infinite Blades"],"picked":"Distraction","floor":1},{"not_picked":["Underhanded Strike","Acrobatics"],"picked":"Catalyst","floor":4},{"not_picked":["Grand Finale","Die Die Die"],"picked":"Wraith Form v2","floor":6},{"not_picked":["Grand Finale","Glass Knife"],"picked":"Die Die Die","floor":8},{"not_picked":["Grand Finale","Doppelganger"],"picked":"Malaise","floor":10},{"not_picked":["Tools of the Trade","Phantasmal Killer"],"picked":"Envenom","floor":12},{"not_picked":["Cloak And Dagger","Deadly Poison"],"picked":"Concentrate","floor":14},{"not_picked":["Die Die Die","Venomology"],"picked":"After Image","floor":16},{"not_picked":["Choke","Bane"],"picked":"Deflect","floor":18},{"not_picked":["Underhanded Strike","Concentrate"],"picked":"Blade Dance","floor":20},{"not_picked":["Outmaneuver","Poisoned Stab"],"picked":"Backflip","floor":22},{"not_picked":["Venomology","Wraith Form v2"],"picked":"Corpse Explosion","floor":23},{"not_picked":["Malaise","A Thousand Cuts"],"picked":"Burst","floor":25},{"not_picked":["Doppelganger","Burst"],"picked":"Envenom","floor":27},{"not_picked":["Envenom","Venomology","Grand Finale"],"picked":"SKIP","floor":29},{"not_picked":["Cloak And Dagger","Deflect+1"],"picked":"Flechettes","floor":30},{"not_picked":["Acrobatics","Infinite Blades"],"picked":"Catalyst","floor":31},{"not_picked":["Prepared","Sucker Punch"],"picked":"Backflip","floor":32},{"not_picked":["A Thousand Cuts","Glass Knife"],"picked":"Storm of Steel","floor":33},{"not_picked":["Underhanded Strike","All Out Attack+1"],"picked":"Acrobatics","floor":35},{"not_picked":["Outmaneuver","Deflect"],"picked":"Dodge and Roll","floor":37},{"not_picked":["Die Die Die","Doppelganger"],"picked":"After Image","floor":40},{"not_picked":["Burst","Corpse Explosion"],"picked":"Adrenaline","floor":42}],"player_experience":1107025,"relics_obtained":[{"floor":6,"key":"Pear"},{"floor":8,"key":"Bag of Preparation"},{"floor":10,"key":"Eternal Feather"},{"floor":12,"key":"Bottled Lightning"},{"floor":23,"key":"War Paint"},{"floor":25,"key":"Pocketwatch"},{"floor":26,"key":"Mercury Hourglass"},{"floor":27,"key":"Dream Catcher"},{"floor":28,"key":"Smiling Mask"},{"floor":29,"key":"Old Coin"},{"floor":40,"key":"Tingsha"},{"floor":40,"key":"Toy Ornithopter"},{"floor":42,"key":"StoneCalendar"},{"floor":42,"key":"Oddly Smooth Stone"}],"event_choices":[{"damage_healed":0,"gold_gain":0,"player_choice":"Leave","damage_taken":0,"max_hp_gain":0,"max_hp_loss":0,"event_name":"The Cleric","floor":2,"gold_loss":0},{"damage_healed":0,"gold_gain":0,"player_choice":"Trade","damage_taken":0,"relics_obtained":["NlothsMask"],"max_hp_gain":0,"max_hp_loss":0,"event_name":"FaceTrader","floor":3,"gold_loss":0},{"damage_healed":0,"gold_gain":0,"player_choice":"Ignored","damage_taken":0,"max_hp_gain":0,"max_hp_loss":0,"event_name":"Purifier","floor":11,"gold_loss":0},{"damage_healed":0,"gold_gain":0,"player_choice":"Bet on Murderer","damage_taken":0,"max_hp_gain":0,"max_hp_loss":0,"event_name":"The Joust","floor":19,"gold_loss":50},{"damage_healed":0,"gold_gain":0,"player_choice":"Bought 3 Potions","damage_taken":0,"max_hp_gain":0,"max_hp_loss":0,"event_name":"The Woman in Blue","floor":24,"gold_loss":0},{"cards_removed":["Doubt"],"damage_healed":0,"gold_gain":0,"player_choice":"Single Remove","damage_taken":0,"max_hp_gain":0,"max_hp_loss":0,"event_name":"Designer","floor":36,"gold_loss":60},{"cards_removed":["Die Die Die"],"damage_healed":0,"gold_gain":0,"player_choice":"Removed Attack","damage_taken":0,"max_hp_gain":0,"max_hp_loss":0,"event_name":"Falling","floor":38,"gold_loss":0},{"damage_healed":0,"gold_gain":0,"player_choice":"Ignored","damage_taken":0,"max_hp_gain":0,"max_hp_loss":0,"event_name":"Tomb of Lord Red Mask","floor":39,"gold_loss":0},{"damage_healed":74,"gold_gain":0,"player_choice":"Heal","damage_taken":0,"max_hp_gain":0,"max_hp_loss":11,"event_name":"The Moai Head","floor":41,"gold_loss":0}],"is_beta":false,"boss_relics":[{"not_picked":["Ectoplasm","Ring of the Serpent"],"picked":"Cursed Key"},{"not_picked":["Runic Dome","Fusion Hammer"],"picked":"Black Star"}],"items_purged_floors":[],"is_endless":false,"potions_floor_spawned":[1,8,10,12,14,20,22,29,35,42],"killed_by":"Giant Head","ascension_level":0}}