{"host":"8inpc3yxphy2r27y","time":1612036104,"event":{"mods":["100% Spire Juice","ATMod(阿瑾Mod)","Aspiration","Astrologer","Bard","BaseMod","Better Synergies","Better Vampires","Challenge The Spire","Conspire","Decade(王小明)","Defuse TimeMaze Blight","Downfall","Energized Spire","FutureSeer","Gremlin Mod","GungeonMod","Highlight Path","Hunter 猎人","KinomotoSakuraMod(木之本樱)","Lobotomy","LobotomyExtend","Minty Spire (QoL Compilation)","MostiFishMod","Pikachu Mod","Quick Restart","READ ME - Guardian Mod","Red Circlet Mod","Reimu（博丽灵梦）","Relic Filter Mod","Relic Stats","Replay The Spire","RumiaBox-露米娅的神秘盒子","Ryuuou龙王","SIMod","Shop Mod","Spicy Shops","StSLib","TestMod","The Bug Knight","The Cursed","The Gatherer","The Hierophant","UnlockEverythingMod","[GremlinLeader]The Maniac","[IsaacMod]以撒尖塔","[JumpMod]舞动尖塔","noobMod","【功能Mod】混沌之环修复补丁","【功能Mod】聪明的最终Boss","【遗物卡牌】REMEMod","残留之物","篝火指南"],"gold_per_floor":[99,99,114,129,144,159,209,209,224,254,254,89,89,189,208,303,303,103,103,103,118,318,318,393,16,46,61,76,91,6,6,21,121,121,21,36,51,66,66,30,79,154,169,127,149,149,204,344,459,549,574,574,629,19,19,144,144,144],"floor_reached":56,"language":"ZHS","playtime":5510,"items_purged":["Pride","Pride","Parasite"],"score":905,"play_id":"c85e3da1-197c-4b59-a587-2c0558be0cb3","local_time":"20210131034824","daily_mods":["Allstar","ControlledChaos","Terminal"],"is_ascension_mode":false,"campfire_choices":[{"floor":1.0,"key":"RECALL"}],"circlet_count":0,"master_deck":[],"relics":["sneckomod:SneckoSoul","Frozen Eye","HushsDoor","REME_ComplimentaryCards","HowToJump","ice","DaveBox","AT_ATBox","testmod-TestBox","MoneyPower","ChiXiaoBlade","testmod-RealStoneCalender","aspiration:BabyByrd","LetterFromLob","HonorFeather","DemoMod:ClearGuonStone","Civilization","Darkstone Periapt","energizedSpire:SpiderWeb","downfall:HeartBlessingRed","downfall:HeartBlessingBlue","GodSword4","MerchantsRug","aspiration:ArtOfWarUpgrade","Blue Doll","conspire:TreasureMap","AT_TimeSand","aspiration:RitualStick","Snecko Heart","MomsKnife","downfall:HeartBlessingGreen","BloodDonationBag","PlaceholderMod:FlatBlood","HollowMod:StagPassRelic","aspiration:Nostalgia","m_ChordRing","Boot","Medical Kit","AT_MibuBalloonWealth","testmod-Fortitude","conspire:Dentures","BargainBundle","BFFS","Whetstone","testmod-BouquetWithThorns"],"acts_visited":["Exordium","TheCity","TheBeyond","TheEnding"],"potions_floor_usage":[47,54],"damage_taken":[{"damage":1.0,"enemies":"Jaw Worm","floor":3.0,"turns":2.0},{"damage":1.0,"enemies":"Cultist","floor":4.0,"turns":3.0},{"damage":5.0,"enemies":"conspire:RoseBush","floor":5.0,"turns":3.0},{"damage":17.0,"enemies":"Exordium Wildlife","floor":6.0,"turns":4.0},{"damage":110.0,"enemies":"Hiden Room Battle","floor":8.0,"turns":5.0},{"damage":0.0,"enemies":"Blue Slaver","floor":9.0,"turns":2.0},{"damage":0.0,"enemies":"HollowMod:MossKnight","floor":10.0,"turns":2.0},{"damage":0.0,"enemies":"downfall:FleeingMerchant","floor":12.0,"turns":4.0},{"damage":0.0,"enemies":"Large Slime","floor":15.0,"turns":4.0},{"damage":3.0,"enemies":"The Guardian","floor":16.0,"turns":6.0},{"damage":17.0,"enemies":"3 Byrds","floor":21.0,"turns":4.0},{"damage":69.0,"enemies":"REME_1_Revenger","floor":26.0,"turns":7.0},{"damage":29.0,"enemies":"Spheric Guardian","floor":27.0,"turns":7.0},{"damage":29.0,"enemies":"Cultist and Chosen","floor":28.0,"turns":5.0},{"damage":27.0,"enemies":"Sentry and Sphere","floor":29.0,"turns":6.0},{"damage":0.0,"enemies":"downfall:FleeingMerchant","floor":30.0,"turns":4.0},{"damage":14.0,"enemies":"Snake Plant","floor":32.0,"turns":4.0},{"damage":18.0,"enemies":"SI_MIRROR_ARCHETYPE","floor":33.0,"turns":7.0},{"damage":12.0,"enemies":"3 Shapes","floor":36.0,"turns":4.0},{"damage":15.0,"enemies":"Orb Walker","floor":37.0,"turns":5.0},{"damage":79.0,"enemies":"Writhing Mass","floor":38.0,"turns":10.0},{"damage":29.0,"enemies":"Transient","floor":41.0,"turns":5.0},{"damage":77.0,"enemies":"4 Shapes","floor":43.0,"turns":4.0},{"damage":5,"enemies":"Maw","floor":45,"turns":9},{"damage":2,"enemies":"R_Hoarder","floor":47,"turns":4},{"damage":0,"enemies":"3 Darklings","floor":48,"turns":3},{"damage":2,"enemies":"4 Shapes","floor":49,"turns":3},{"damage":13,"enemies":"Jaw Worm Horde","floor":50,"turns":3},{"damage":24,"enemies":"DF_ARCHETYPE_ORBS","floor":51,"turns":5},{"damage":2,"enemies":"downfall:CharBossMerchant","floor":53,"turns":5},{"damage":12,"enemies":"downfall:NeowBoss","floor":56,"turns":11}],"seed_played":"-828330817948855686","potions_obtained":[{"floor":4.0,"key":"champ:CounterPotion"},{"floor":9.0,"key":"Fire Potion"},{"floor":15.0,"key":"Strength Potion"},{"floor":16.0,"key":"sneckomod:DiceRollPotion"},{"floor":26.0,"key":"Weak Potion"},{"floor":27.0,"key":"ColorlessPotion"},{"floor":38.0,"key":"LifebloodPotion"},{"floor":47,"key":"testmod-SpacePotion"},{"floor":49,"key":"LifebloodPotion"},{"floor":53,"key":"ColorlessPotion"}],"is_trial":false,"path_per_floor":["R","?","M","M","M","M","T","?","M","E","?","$","?","?","M","B",null,"R","?","T","M","?","?","T","R","E","M","M","M","$","?","M","B",null,"R","M","M","M","?","$","M","T","M","$","M","T","E","M","M","M","B",null,"E","$","R","B"],"character_chosen":"THE_SNECKO","items_purchased":["Civilization","MerchantsRug","Potion Belt","DemoMod:MonsterBlood","Blue Doll","conspire:TreasureMap","AT_TimeSand","MomsKnife","BloodDonationMachine","PlaceholderMod:FlatBlood","aspiration:Nostalgia","Boot","Medical Kit","BargainBundle","BFFS","Block Potion","AttackPotion","testmod-SpacePotion","Whetstone","testmod-BouquetWithThorns"],"campfire_rested":0,"item_purchase_floors":[12,25,25,25,30,30,30,34,40,40,44,44,44,54,54,54,54,54,54,54],"current_hp_per_floor":[88,87,86,85,80,63,63,83,83,83,82,82,67,102,104,104,121,130,129,128,116,116,122,122,141,80,56,153,131,142,106,97,84,170,169,162,152,84,84,10,175,175,103,1,219,219,222,227,230,222,203,260,263,226,265,257,257,257],"gold":144,"neow_bonus":"","is_daily":true,"chose_seed":false,"campfire_upgraded":0,"win_rate":0.0,"timestamp":1612036104,"path_taken":["R","?","M","M","?","M","T","?","M","E","?","$","?","?","M","BOSS","R","?","?","M","?","?","T","R","E","M","?","M","$","?","M","BOSS","R","M","M","M","?","?","M","T","?","$","M","?","E","M","?","M","BOSS","E","$","R","BOSS"],"items_purchased_type":["Relic","Relic","Relic","Relic","Relic","Relic","Relic","Relic","Relic","Relic","Relic","Relic","Relic","Relic","Relic","Potion","Potion","Potion","Relic","Relic"],"build_version":"2020-12-22","purchased_purges":3,"victory":false,"max_hp_per_floor":[88,87,86,85,84,83,82,83,83,83,82,86,85,119,120,122,121,130,129,128,132,131,136,135,141,145,149,153,164,179,178,188,203,170,169,176,184,204,203,199,207,206,220,219,224,223,230,237,242,248,261,260,267,266,265,274,274,274],"relic_stats":{"Darkstone Periapt":48,"counters":[31,150],"Whetstone":[],"Boot":[0],"Medical Kit":[2],"obtain_stats":[{"HonorFeather":8,"AT_ATBox":0,"AT_MibuBalloonWealth":46,"downfall:HeartBlessingGreen":35,"DemoMod:GlassGuonStoneRelic":4,"ice":0,"AT_TimeSand":30,"Whetstone":54,"sneckomod:SneckoSoul":0,"HollowMod:StagPassRelic":42,"Boot":44,"aspiration:RitualStick":31,"BFFS":54,"aspiration:BabyByrd":2,"Mastiff:ReiMu":23,"DemoMod:MonsterBlood":25,"aspiration:ArtOfWarUpgrade":55,"DemoMod:ClearGuonStone":10,"KeepersGift":0,"conspire:Dentures":53,"MerchantsRug":25,"conspire:TreasureMap":30,"testmod-TestBox":0,"Happy Flower":20,"aspiration:Nostalgia":44,"MoneyPower":0,"testmod-Fortitude":47,"testmod-RealStoneCalender":0,"m_ChordRing":44,"ChiXiaoBlade":0,"GodSword4":24,"HushsDoor":0,"BloodDonationMachine":40,"Darkstone Periapt":14,"Snecko Heart":34,"DaveBox":0,"Blue Doll":30,"MomsKnife":34,"testmod-BouquetWithThorns":54,"Frozen Eye":0,"Civilization":12,"downfall:HeartBlessingBlue":18,"Potion Belt":25,"BargainBundle":54,"HowToJump":0,"downfall:HeartBlessingRed":18,"energizedSpire:SpiderWeb":17,"Medical Kit":44,"BloodDonationBag":40,"LetterFromLob":3,"Art of War":26,"REME_ComplimentaryCards":0,"PlaceholderMod:FlatBlood":40},{"HonorFeather":5,"AT_ATBox":0,"AT_MibuBalloonWealth":24,"downfall:HeartBlessingGreen":18,"DemoMod:GlassGuonStoneRelic":2,"ice":0,"AT_TimeSand":16,"Whetstone":30,"sneckomod:SneckoSoul":0,"HollowMod:StagPassRelic":22,"Boot":23,"aspiration:RitualStick":16,"BFFS":30,"aspiration:BabyByrd":0,"Mastiff:ReiMu":11,"DemoMod:MonsterBlood":11,"aspiration:ArtOfWarUpgrade":30,"DemoMod:ClearGuonStone":7,"KeepersGift":0,"conspire:Dentures":30,"MerchantsRug":11,"conspire:TreasureMap":16,"testmod-TestBox":0,"Happy Flower":10,"aspiration:Nostalgia":23,"MoneyPower":0,"testmod-Fortitude":25,"testmod-RealStoneCalender":0,"m_ChordRing":23,"ChiXiaoBlade":0,"GodSword4":11,"HushsDoor":0,"BloodDonationMachine":21,"Darkstone Periapt":8,"Snecko Heart":18,"DaveBox":0,"Blue Doll":16,"MomsKnife":18,"testmod-BouquetWithThorns":30,"Frozen Eye":0,"Civilization":8,"downfall:HeartBlessingBlue":10,"Potion Belt":11,"BargainBundle":30,"HowToJump":0,"downfall:HeartBlessingRed":10,"energizedSpire:SpiderWeb":10,"Medical Kit":23,"BloodDonationBag":21,"LetterFromLob":1,"Art of War":12,"REME_ComplimentaryCards":0,"PlaceholderMod:FlatBlood":21},{"HonorFeather":17,"AT_ATBox":0,"AT_MibuBalloonWealth":116,"downfall:HeartBlessingGreen":79,"DemoMod:GlassGuonStoneRelic":5,"ice":0,"AT_TimeSand":68,"Whetstone":139,"sneckomod:SneckoSoul":0,"HollowMod:StagPassRelic":103,"Boot":107,"aspiration:RitualStick":68,"BFFS":139,"aspiration:BabyByrd":0,"Mastiff:ReiMu":39,"DemoMod:MonsterBlood":39,"aspiration:ArtOfWarUpgrade":139,"DemoMod:ClearGuonStone":21,"KeepersGift":0,"conspire:Dentures":139,"MerchantsRug":39,"conspire:TreasureMap":68,"testmod-TestBox":0,"Happy Flower":35,"aspiration:Nostalgia":107,"MoneyPower":0,"testmod-Fortitude":120,"testmod-RealStoneCalender":0,"m_ChordRing":107,"ChiXiaoBlade":0,"GodSword4":39,"HushsDoor":0,"BloodDonationMachine":98,"Darkstone Periapt":25,"Snecko Heart":79,"DaveBox":0,"Blue Doll":68,"MomsKnife":79,"testmod-BouquetWithThorns":139,"Frozen Eye":0,"Civilization":25,"downfall:HeartBlessingBlue":35,"Potion Belt":39,"BargainBundle":139,"HowToJump":0,"downfall:HeartBlessingRed":35,"energizedSpire:SpiderWeb":35,"Medical Kit":107,"BloodDonationBag":98,"LetterFromLob":2,"Art of War":46,"REME_ComplimentaryCards":0,"PlaceholderMod:FlatBlood":98}],"aspiration:RitualStick":[9]},"card_choices":[{"not_picked":[],"picked":"ChaosCard","floor":0.0},{"not_picked":["sneckomod:SnekBeam","sneckomod:MixItUp"],"picked":"sneckomod:SoulDraw","floor":3.0},{"not_picked":["sneckomod:UnknownStrike","sneckomod:DiceBlock","sneckomod:RainOfDice"],"picked":"sneckomod:UnknownUncommonAttack","floor":4.0},{"not_picked":["sneckomod:IronFang","sneckomod:Unknown1Cost"],"picked":"sneckomod:UnknownDraw","floor":5.0},{"not_picked":["sneckomod:UnknownDraw","sneckomod:SlitherStrike"],"picked":"sneckomod:UnknownBlock","floor":6.0},{"not_picked":["sneckomod:UnknownStrength","sneckomod:UnknownUncommonSkill"],"picked":"sneckomod:PureSnecko","floor":9.0},{"not_picked":["sneckomod:UnknownCommonSkill","sneckomod:Unknown1Cost"],"picked":"sneckomod:CheapStock","floor":10.0},{"not_picked":["sneckomod:RainOfDice","sneckomod:UnknownDraw"],"picked":"sneckomod:GlitteringGambit","floor":12.0},{"not_picked":["sneckomod:QuickBite","sneckomod:IronFang","sneckomod:QuickMove"],"picked":"SKIP","floor":15.0},{"not_picked":["sneckomod:SoulExchange","sneckomod:Restock"],"picked":"sneckomod:Unknown3Cost","floor":16.0},{"not_picked":["sneckomod:SnekBeam+1","sneckomod:Unknown1Cost+1"],"picked":"sneckomod:Cheat+1","floor":16.0},{"not_picked":["sneckomod:UnknownClassGUARDIAN+1","sneckomod:DiceBlock","sneckomod:WideSting"],"picked":"SKIP","floor":21.0},{"not_picked":["sneckomod:DiceCrush","sneckomod:Unknown1Cost+1","sneckomod:Mudshield"],"picked":"SKIP","floor":26.0},{"not_picked":["sneckomod:UnknownCommonAttack","sneckomod:RainOfDice+1","sneckomod:SerpentIdol"],"picked":"SKIP","floor":27.0},{"not_picked":["sneckomod:UnknownClassMANIAC_BLUE_COLOR","sneckomod:UnknownClassGUARDIAN+1","sneckomod:UnknownStrength"],"picked":"SKIP","floor":28.0},{"not_picked":["sneckomod:UnknownClassGATHERER_LIME+1","sneckomod:UnknownDraw","sneckomod:UnknownDexterity+1"],"picked":"SKIP","floor":29.0},{"not_picked":["sneckomod:QuickMove+1","sneckomod:UnknownClassGUARDIAN+1","sneckomod:MixItUp"],"picked":"SKIP","floor":30.0},{"not_picked":["sneckomod:UnknownClassMANIAC_BLUE_COLOR","sneckomod:UnknownRarePower","sneckomod:UnknownUncommonPower"],"picked":"SKIP","floor":32.0},{"not_picked":["sneckomod:UnknownBlock+1","sneckomod:SoulDraw+1","sneckomod:UnknownStrike+1"],"picked":"SKIP","floor":36.0},{"not_picked":["sneckomod:UnknownBlock","sneckomod:UnknownExhaust","sneckomod:Memorize+1"],"picked":"SKIP","floor":37.0},{"not_picked":["sneckomod:Unknown0Cost","sneckomod:DiceCrush+1","sneckomod:Restock"],"picked":"SKIP","floor":38.0},{"not_picked":["sneckomod:UnknownCommonSkill","sneckomod:UnknownVulnerable","sneckomod:UnendingSupply"],"picked":"SKIP","floor":41.0},{"not_picked":["sneckomod:UnknownCommonAttack+1","sneckomod:SoulRoll","sneckomod:UnknownDraw"],"picked":"SKIP","floor":43.0},{"not_picked":["sneckomod:SnekBeam+1","sneckomod:UnknownCommonSkill+1","sneckomod:UnknownUncommonSkill"],"picked":"SKIP","floor":45},{"not_picked":["bard:StudiedStrike+1","ReplayTheSpireMod:Exploit Weakness","sneckomod:WideSting+1"],"picked":"SKIP","floor":47},{"not_picked":["sneckomod:UnknownDexterity","sneckomod:SlitherStrike+1","sneckomod:SoulRoll"],"picked":"SKIP","floor":48},{"not_picked":["sneckomod:UnknownCommonSkill+1","sneckomod:UnknownDraw+1","bard:StudiedStrike+1"],"picked":"SKIP","floor":49},{"not_picked":["sneckomod:Unknown2Cost","sneckomod:DiceCrush+1","Heel Hook+1"],"picked":"SKIP","floor":50},{"not_picked":["sneckomod:UnknownWeak+1","sneckomod:UnknownCommonAttack+1","sneckomod:Nope+1"],"picked":"SKIP","floor":53}],"player_experience":164746,"relics_obtained":[{"floor":3.0,"key":"LetterFromLob"},{"floor":10.0,"key":"DemoMod:ClearGuonStone"},{"floor":20.0,"key":"Happy Flower"},{"floor":24.0,"key":"GodSword4"},{"floor":26.0,"key":"Art of War"},{"floor":42.0,"key":"HollowMod:StagPassRelic"},{"floor":46,"key":"AT_MibuBalloonWealth"},{"floor":47,"key":"testmod-Fortitude"},{"floor":53,"key":"conspire:Dentures"}],"event_choices":[{"damage_healed":0.0,"max_hp_gain":0.0,"max_hp_loss":0.0,"gold_gain":0.0,"event_name":"HidenRoomEvent","player_choice":"Fight","floor":8.0,"gold_loss":0.0,"damage_taken":0.0},{"cards_removed":["Dazed"],"damage_healed":0.0,"max_hp_gain":0.0,"max_hp_loss":0.0,"gold_gain":0.0,"event_name":"Living Wall","player_choice":"Forget","floor":11.0,"gold_loss":0.0,"damage_taken":0.0},{"damage_healed":0.0,"max_hp_gain":0.0,"max_hp_loss":0.0,"gold_gain":200.0,"event_name":"Wheel of Change","player_choice":"Gold","floor":22.0,"gold_loss":0.0,"damage_taken":0.0},{"damage_healed":0.0,"max_hp_gain":0.0,"max_hp_loss":0.0,"gold_gain":0.0,"event_name":"Addict","player_choice":"Stole Relic","floor":23.0,"gold_loss":0.0,"damage_taken":0.0,"relics_obtained":["Mastiff:ReiMu"],"cards_obtained":["Pride"]},{"damage_healed":0.0,"max_hp_gain":0.0,"max_hp_loss":0.0,"gold_gain":0.0,"event_name":"Falling","player_choice":"Ignored","floor":39.0,"gold_loss":0.0,"damage_taken":0.0}],"is_beta":false,"boss_relics":[{"not_picked":["testmod-Fanaticism","EasyGame_NEW"],"picked":"energizedSpire:SpiderWeb"},{"not_picked":[]},{"not_picked":["SlaversCollar","testmod-DeterminationOfClimber"],"picked":"Snecko Heart"},{"not_picked":[]}],"items_purged_floors":[30,40,40],"is_endless":false,"potions_floor_spawned":[4,8,9,15,16,26,27,32,37,38,47,49,53],"killed_by":"downfall:NeowBoss","ascension_level":0}}