{"host":"j0rajrfs2q3wozdq","time":1612010390,"event":{"mods":["Arknights The Spire","BaseMod","Colored Powertips","HololiveMod","Koishi","Lobotomy","LobotomyExtend","Minty Spire (QoL Compilation)","Prisma Mod","Quick Restart","Relic Filter Mod","Remilia¡]Á¢¦Ì²ú?¡^","Replay The Spire","Shop Mod","StSLib","The Alterego","WarShipGirlsR/??¤Ö¤kR mod","Yakumo Yukari mod","Youmu¡]»î¾z§¯?¡^"],"gold_per_floor":[112,287,305,315,332,332,109,59,83,55,55,55,85,104,104,305,305,472,583,647,713,161,189,255,255,279,279,295,308,308,308],"floor_reached":30,"language":"ZHS","playtime":4130,"items_purged":["PrismaMod:MiyuCommonAttack","Doubt"],"score":281,"play_id":"b89785cc-cbe9-4b27-9d84-46217d282364","local_time":"20210130203950","is_ascension_mode":false,"campfire_choices":[{"data":"PrismaMod:MiyuUberAOEAttack","floor":6,"key":"SMITH"},{"data":"PrismaMod:MiyuCheapChannelDefend","floor":11,"key":"SMITH"},{"data":"PrismaMod:MiyuEvokeBuffStr","floor":15,"key":"SMITH"},{"data":"PrismaMod:MiyuUncommonDexBuff","floor":25,"key":"SMITH"},{"floor":27,"key":"REST"}],"circlet_count":0,"master_deck":["PrismaMod:MiyuCommonDefend","PrismaMod:MiyuCommonDefend","PrismaMod:MiyuCommonDefend","PrismaMod:MiyuCommonDefend","PrismaMod:MiyuCommonDefend","PrismaMod:MiyuCommonAttack","PrismaMod:MiyuCheapChannelAttack","PrismaMod:MiyuCheapChannelDefend+1","Bloodbath","PrismaMod:MiyuMaid","PrismaMod:MiyuCommonAOEAttack","MHz","PrismaMod:MiyuUberAOEAttack+1","PrismaMod:MiyuUberAttack","Wellcheers","PrismaMod:MiyuEvokeBuffStr+1","PrismaMod:MiyuUncommonAttack","PrismaMod:MiyuCarnivalDefend","PrismaMod:MiyuUncommonAttack","PrismaMod:MiyuCheapChannelDefend+1","PrismaMod:MiyuUncommonPlate","PrismaMod:MiyuCheapAttack1","PrismaMod:MiyuUncommonDexBuff+1","Apotheosis","VoidDream","PrismaMod:MiyuUberAOEAttack","PrismaMod:MiyuUncommonAOEAttack","PrismaMod:MiyuDefendChannelDefend","PrismaMod:MiyuAttackChannelAttack","PrismaMod:MiyuEvokeAllAttack"],"relics":["PrismaMod:PrismaSapphire","CogitoBucket","MerchantsRug","PreservedInsect","Anchor","Replay:PocketPolymizer","SacredBark","Lantern","Gremlin Horn","Hololive_LightStick"],"acts_visited":["Exordium","TheCity"],"potions_floor_usage":[13,16,16,16,23],"damage_taken":[{"damage":0,"enemies":"2 Louse","floor":1,"turns":4},{"damage":0,"enemies":"Small Slimes","floor":3,"turns":4},{"damage":0,"enemies":"Cultist","floor":4,"turns":3},{"damage":4,"enemies":"Large Slime","floor":5,"turns":5},{"damage":6,"enemies":"Exordium Thugs","floor":10,"turns":5},{"damage":1,"enemies":"Gremlin Nob","floor":13,"turns":4},{"damage":10,"enemies":"3 Louse","floor":14,"turns":3},{"damage":22,"enemies":"The Guardian","floor":16,"turns":15},{"damage":20,"enemies":"Shell Parasite","floor":18,"turns":15},{"damage":7,"enemies":"Chosen","floor":19,"turns":8},{"damage":20,"enemies":"Snecko","floor":20,"turns":15},{"damage":25,"enemies":"Centurion and Healer","floor":21,"turns":11},{"damage":1,"enemies":"Replay:Snechameleon","floor":23,"turns":8},{"damage":32,"enemies":"Chosen and Byrds","floor":24,"turns":12},{"damage":12,"enemies":"Snecko","floor":28,"turns":5},{"damage":17,"enemies":"Sentry and Sphere","floor":29,"turns":5},{"damage":50,"enemies":"Shelled Parasite and Fungi","floor":30,"turns":4}],"seed_played":"5001324822032430559","potions_obtained":[{"floor":3,"key":"LifebloodPotion"},{"floor":10,"key":"SkillPotion"},{"floor":13,"key":"BlessingOfTheForge"},{"floor":14,"key":"Adrenaline Potion"},{"floor":21,"key":"ColorlessPotion"},{"floor":23,"key":"Dexterity Potion"}],"is_trial":false,"path_per_floor":["M","?","M","M","M","R","$","?","T","M","R","?","E","M","R","B",null,"M","M","M","M","$","E","M","R","T","R","M","M","M"],"character_chosen":"MIYU","items_purchased":["MerchantsRug","PrismaMod:MiyuUncommonDexBuff","Apotheosis","Lantern","LifebloodPotion"],"campfire_rested":1,"item_purchase_floors":[7,22,22,22,22],"current_hp_per_floor":[75,75,75,75,71,71,71,71,71,70,70,58,62,55,55,49,75,69,71,59,46,46,53,34,34,34,56,52,43,0,0],"gold":308,"neow_bonus":"","is_daily":false,"chose_seed":false,"campfire_upgraded":4,"win_rate":0.0,"timestamp":1612010390,"path_taken":["M","?","M","M","M","R","$","?","T","M","R","?","E","M","R","BOSS","M","M","M","M","$","E","M","R","T","R","M","M","M"],"items_purchased_type":["Relic","Card","Card","Card","Potion"],"build_version":"2020-12-22","purchased_purges":2,"victory":false,"max_hp_per_floor":[75,75,75,75,75,75,75,75,75,75,75,75,75,75,75,75,75,75,75,75,75,75,75,75,75,75,75,75,75,75,75],"card_choices":[{"not_picked":["CherryBlossoms","WallGazer"],"picked":"Bloodbath","floor":1},{"not_picked":["PrismaMod:MiyuCarnivalAttack","PrismaMod:MiyuCheapAttack2"],"picked":"PrismaMod:MiyuMaid","floor":1},{"not_picked":["Alriune","OSAHOGD","WallGazer"],"picked":"Singing Bowl","floor":3},{"not_picked":["PrismaMod:MiyuCheapChannelWeak","PrismaMod:MiyuMaid"],"picked":"PrismaMod:MiyuCommonAOEAttack","floor":3},{"not_picked":["CherryBlossoms","HappyTeddy"],"picked":"MHz","floor":4},{"not_picked":["PrismaMod:MiyuCheapAttack2","PrismaMod:MiyuUberAttack"],"picked":"PrismaMod:MiyuUberAOEAttack","floor":4},{"not_picked":["Murderer","OldLady","VoidDream"],"picked":"Singing Bowl","floor":5},{"not_picked":["PrismaMod:MiyuEvokeBuffDex","PrismaMod:MiyuChannelAttackEvoke"],"picked":"PrismaMod:MiyuUberAttack","floor":5},{"not_picked":["CrumblingArmor","Yin","Alriune"],"picked":"Singing Bowl","floor":10},{"not_picked":["PrismaMod:MiyuCommonAOEAttack","PrismaMod:MiyuCheapChannelDefend","PrismaMod:MiyuCheapChannelVul"],"picked":"SKIP","floor":10},{"not_picked":["ShyLook","BeautyBeast","BodiesMountain"],"picked":"Singing Bowl","floor":13},{"not_picked":["NakedNest","VoidDream"],"picked":"Wellcheers","floor":13},{"not_picked":["PrismaMod:MiyuCheapDexBuff","PrismaMod:MiyuCarnivalDefend"],"picked":"PrismaMod:MiyuEvokeBuffStr","floor":13},{"not_picked":["BeautyBeast","Scarecrow","FieryBird"],"picked":"Singing Bowl","floor":14},{"not_picked":["PrismaMod:MiyuCheapStrBuff","PrismaMod:MiyuCommonAOEAttack"],"picked":"PrismaMod:MiyuUncommonAttack","floor":14},{"not_picked":["MeatLantern","OSAHOGD","GalaxyChild"],"picked":"Singing Bowl","floor":16},{"not_picked":["PrismaMod:MiyuUberDefend","PrismaMod:MiyuDefenseAbsorbMinor"],"picked":"PrismaMod:MiyuCarnivalDefend","floor":16},{"not_picked":["Porccubus","CherryBlossoms","CrumblingArmor"],"picked":"Singing Bowl","floor":18},{"not_picked":["PrismaMod:MiyuCarnivalAttack","PrismaMod:MiyuDefenseExplosion"],"picked":"PrismaMod:MiyuUncommonAttack","floor":18},{"not_picked":["ShyLook","CrumblingArmor","PunishingBird"],"picked":"Singing Bowl","floor":19},{"not_picked":["PrismaMod:MiyuUncommonAttack","PrismaMod:MiyuCommonAOEAttack"],"picked":"PrismaMod:MiyuCheapChannelDefend+1","floor":19},{"not_picked":["Scarecrow","MeatLantern","Murderer"],"picked":"Singing Bowl","floor":20},{"not_picked":["PrismaMod:MiyuCheapChannelWeak+1","PrismaMod:MiyuCommonAOEAttack+1"],"picked":"PrismaMod:MiyuUncommonPlate","floor":20},{"not_picked":["DespairKnight","Variant","SingingMachine"],"picked":"Singing Bowl","floor":21},{"not_picked":["PrismaMod:MiyuEvokeBuffDex","PrismaMod:MiyuCommonAOEAttack+1"],"picked":"PrismaMod:MiyuCheapAttack1","floor":21},{"not_picked":["WhitesApple","CherryBlossoms","UniverseFragment"],"picked":"Singing Bowl","floor":23},{"not_picked":["OSAHOGD","CrumblingArmor"],"picked":"VoidDream","floor":23},{"not_picked":["PrismaMod:MiyuEvokeBuffStr","PrismaMod:MiyuCheapChannelDefend"],"picked":"PrismaMod:MiyuUberAOEAttack","floor":23},{"not_picked":["GalaxyChild","CherryBlossoms","BeautyBeast"],"picked":"Singing Bowl","floor":24},{"not_picked":["PrismaMod:MiyuAttackChannelWeak","PrismaMod:MiyuChristmas"],"picked":"PrismaMod:MiyuUncommonAOEAttack","floor":24},{"not_picked":["OldLady","HeroicMonk","Murderer"],"picked":"Singing Bowl","floor":28},{"not_picked":["PrismaMod:MiyuDefenseExplosion","PrismaMod:MiyuMaid+1"],"picked":"PrismaMod:MiyuEvokeAllAttack","floor":28},{"not_picked":["SingingMachine","OSAHOGD","Scorched"],"picked":"Singing Bowl","floor":29},{"not_picked":["PrismaMod:MiyuCheapDexBuff","PrismaMod:MiyuCheapAttack1","PrismaMod:MiyuCommonAOEAttack"],"picked":"SKIP","floor":29}],"player_experience":51606,"relics_obtained":[{"floor":9,"key":"PreservedInsect"},{"floor":13,"key":"Replay:PocketPolymizer"},{"floor":23,"key":"Gremlin Horn"},{"floor":26,"key":"Hololive_LightStick"}],"event_choices":[{"damage_healed":0,"gold_gain":175,"player_choice":"AGREE","damage_taken":0,"max_hp_gain":0,"max_hp_loss":0,"event_name":"Liars Game","floor":2,"gold_loss":0,"cards_obtained":["Doubt"]},{"cards_removed":["PrismaMod:MiyuCommonAttack"],"damage_healed":0,"gold_gain":0,"player_choice":"Card Removal","damage_taken":0,"max_hp_gain":0,"max_hp_loss":0,"event_name":"The Cleric","floor":8,"gold_loss":50},{"damage_healed":0,"gold_gain":0,"player_choice":"Success","damage_taken":12,"relics_obtained":["Anchor"],"max_hp_gain":0,"max_hp_loss":0,"event_name":"Scrap Ooze","floor":12,"gold_loss":0}],"is_beta":false,"boss_relics":[{"not_picked":["ChewingGum","Replay:Ancient Bell"],"picked":"SacredBark"}],"items_purged_floors":[7,22],"is_endless":false,"potions_floor_spawned":[3,10,13,14,21,23],"killed_by":"Shelled Parasite and Fungi","ascension_level":0}}