{"host":"ffjrj7fisyni1ebk","time":1612028441,"event":{"mods":["2.2 Compatiblity","BaseMod","Bestiary","Colored Map","Colored Powertips","Curses Come First","Highlight Path","Keyboard Shortcuts","Minty Spire (QoL Compilation)","Relic Stats","Slay the Relics Exporter","StSLib","SuperFastMode"],"gold_per_floor":[117,67,342,362,380,415,415,433,433,433,103,116,46,65,65,160,160,143,143,143,143,143,143,161,161,185,34,34,48,48,148,148,243,243,256,270,51,61,74,74,108,120,189,69,87,87,113,132,132,132],"floor_reached":51,"language":"ENG","playtime":3840,"items_purged":["Clumsy","Writhe","Strike_G","Parasite"],"score":682,"play_id":"6b852499-c275-48f8-8a68-ce7a92fed153","local_time":"20210130194041","is_ascension_mode":false,"campfire_choices":[{"floor":10.0,"key":"REST"},{"floor":15.0,"key":"REST"},{"data":"Accuracy","floor":23.0,"key":"SMITH"},{"floor":28.0,"key":"RECALL"},{"data":"Accuracy","floor":30.0,"key":"SMITH"},{"floor":32.0,"key":"REST"},{"data":"Blade Dance","floor":40.0,"key":"SMITH"},{"floor":49.0,"key":"REST"}],"circlet_count":0,"master_deck":["Strike_G","Strike_G","Strike_G","Defend_G","Defend_G","Defend_G","Defend_G","Defend_G","Survivor","Neutralize","PiercingWail","Blade Dance+1","Flying Knee","Backflip+1","Blur+1","Deflect+1","Accuracy+1","Prepared+1","Storm of Steel+1","Accuracy+1","Flechettes","Cloak And Dagger+1","Infinite Blades","Cloak And Dagger+1","Storm of Steel+1","Footwork","Blade Dance+1","Distraction+1","Slice+1","Writhe","Dodge and Roll+1"],"relics":["Ring of the Serpent","NeowsBlessing","Toxic Egg 2","White Beast Statue","Question Card","HoveringKite","Pear","Mummified Hand","Potion Belt","The Courier","Unceasing Top","Blood Vial","Molten Egg 2","Shuriken","MealTicket"],"acts_visited":["Exordium","TheCity","TheBeyond"],"potions_floor_usage":[50],"damage_taken":[{"damage":0.0,"enemies":"Jaw Worm","floor":1.0,"turns":1.0},{"damage":0.0,"enemies":"Small Slimes","floor":4.0,"turns":1.0},{"damage":0.0,"enemies":"Cultist","floor":5.0,"turns":1.0},{"damage":69.0,"enemies":"Gremlin Nob","floor":6.0,"turns":6.0},{"damage":0.0,"enemies":"2 Fungi Beasts","floor":8.0,"turns":4.0},{"damage":2.0,"enemies":"Gremlin Gang","floor":12.0,"turns":7.0},{"damage":4.0,"enemies":"Exordium Thugs","floor":14.0,"turns":6.0},{"damage":21.0,"enemies":"The Guardian","floor":16.0,"turns":18.0},{"damage":12.0,"enemies":"2 Thieves","floor":18.0,"turns":4.0},{"damage":6.0,"enemies":"3 Byrds","floor":24.0,"turns":6.0},{"damage":26.0,"enemies":"Snake Plant","floor":29.0,"turns":6.0},{"damage":19.0,"enemies":"Colosseum Slavers","floor":31.0,"turns":5.0},{"damage":0.0,"enemies":"Colosseum Nobs","floor":31.0,"turns":4.0},{"damage":46.0,"enemies":"Automaton","floor":33.0,"turns":11.0},{"damage":6.0,"enemies":"3 Darklings","floor":35.0,"turns":3.0},{"damage":5.0,"enemies":"Orb Walker","floor":36.0,"turns":2.0},{"damage":0.0,"enemies":"3 Darklings","floor":38.0,"turns":4.0},{"damage":30.0,"enemies":"Sphere and 2 Shapes","floor":39.0,"turns":4.0},{"damage":4.0,"enemies":"Nemesis","floor":41.0,"turns":5.0},{"damage":22.0,"enemies":"Writhing Mass","floor":42.0,"turns":5.0},{"damage":24.0,"enemies":"Spire Growth","floor":45.0,"turns":4.0},{"damage":6.0,"enemies":"Giant Head","floor":47.0,"turns":6.0},{"damage":0.0,"enemies":"Transient","floor":48.0,"turns":5.0},{"damage":26,"enemies":"Awakened One","floor":50,"turns":7}],"seed_played":"-2563673907168534849","potions_obtained":[{"floor":4.0,"key":"ColorlessPotion"},{"floor":6.0,"key":"FearPotion"},{"floor":12.0,"key":"SmokeBomb"},{"floor":14.0,"key":"Swift Potion"},{"floor":16.0,"key":"Poison Potion"},{"floor":18.0,"key":"FearPotion"},{"floor":24.0,"key":"Strength Potion"},{"floor":29.0,"key":"Poison Potion"},{"floor":31.0,"key":"Fruit Juice"},{"floor":33.0,"key":"Explosive Potion"},{"floor":35.0,"key":"Strength Potion"},{"floor":36.0,"key":"BlessingOfTheForge"},{"floor":38.0,"key":"Dexterity Potion"},{"floor":39.0,"key":"SteroidPotion"},{"floor":41.0,"key":"BlessingOfTheForge"},{"floor":42.0,"key":"Dexterity Potion"},{"floor":45.0,"key":"EssenceOfSteel"},{"floor":47.0,"key":"CunningPotion"},{"floor":48.0,"key":"Energy Potion"}],"is_trial":false,"path_per_floor":["M","?","?","M","M","E","?","M","T","R","$","M","$","M","R","B",null,"M","?","?","T","?","R","M","?","T","$","R","M","R","?","R","B",null,"M","M","$","M","M","R","E","M","T","$","M","?","E","M","R","B",null],"character_chosen":"THE_SILENT","items_purchased":["Question Card","Accuracy","Cloak And Dagger+1","Blood Vial"],"campfire_rested":4,"item_purchase_floors":[11,13,27,37],"current_hp_per_floor":[70,70,70,70,70,1,1,1,1,22,22,20,20,16,37,16,70,58,68,68,68,68,68,62,80,80,80,80,54,54,35,59,18,85,79,74,74,76,48,48,46,26,26,26,4,25,21,23,47,23],"gold":132,"neow_bonus":"THREE_ENEMY_KILL","is_daily":false,"chose_seed":false,"campfire_upgraded":3,"win_rate":0.0,"timestamp":1612028441,"path_taken":["M","?","?","M","?","E","?","M","T","R","$","?","$","M","R","BOSS","M","?","?","?","?","R","M","?","T","$","R","?","R","?","R","BOSS","M","M","$","M","M","R","E","M","T","$","M","?","E","M","R","BOSS"],"items_purchased_type":["Relic","Card","Card","Relic"],"build_version":"2020-12-22","purchased_purges":4,"victory":true,"max_hp_per_floor":[70,70,70,70,70,70,70,70,70,70,70,70,70,70,70,70,70,70,80,80,80,80,80,80,80,80,80,80,80,80,80,80,85,85,85,85,85,85,85,85,85,85,85,82,82,82,82,82,82,82],"relic_stats":{"Blood Vial":16,"counters":[24,125],"Mummified Hand":[36],"Shuriken":[31],"HoveringKite":[43],"MealTicket":0,"Question Card":17,"obtain_stats":[{"Potion Belt":26,"Pear":19,"NeowsBlessing":0,"HoveringKite":17,"The Courier":31,"Question Card":11,"White Beast Statue":9,"Blood Vial":37,"Mummified Hand":21,"Shuriken":43,"Molten Egg 2":41,"MealTicket":47,"Toxic Egg 2":6,"Unceasing Top":31,"Ring of the Serpent":34,"Ring of the Snake":0},{"Potion Belt":10,"Pear":9,"NeowsBlessing":0,"HoveringKite":8,"The Courier":13,"Question Card":5,"White Beast Statue":5,"Blood Vial":16,"Mummified Hand":9,"Shuriken":20,"Molten Egg 2":19,"MealTicket":22,"Toxic Egg 2":4,"Unceasing Top":13,"Ring of the Serpent":14,"Ring of the Snake":0},{"Potion Belt":54,"Pear":48,"NeowsBlessing":0,"HoveringKite":44,"The Courier":69,"Question Card":13,"White Beast Statue":13,"Blood Vial":85,"Mummified Hand":48,"Shuriken":103,"Molten Egg 2":98,"MealTicket":113,"Toxic Egg 2":9,"Unceasing Top":69,"Ring of the Serpent":80,"Ring of the Snake":0}],"Unceasing Top":[76]},"card_choices":[{"not_picked":["Sucker Punch","Dagger Spray"],"picked":"PiercingWail","floor":1.0},{"not_picked":["Dagger Throw","Footwork"],"picked":"Blade Dance","floor":4.0},{"not_picked":["Finisher","Underhanded Strike"],"picked":"Flying Knee","floor":5.0},{"not_picked":["Grand Finale","PiercingWail+1"],"picked":"Backflip+1","floor":6.0},{"not_picked":["Bane","Crippling Poison+1"],"picked":"Blur+1","floor":8.0},{"not_picked":["Dagger Spray","Underhanded Strike","Caltrops"],"picked":"Deflect+1","floor":12.0},{"not_picked":["Unload","Flying Knee","All Out Attack"],"picked":"Prepared+1","floor":14.0},{"not_picked":["Adrenaline+1","Phantasmal Killer+1","Corpse Explosion+1"],"picked":"Storm of Steel+1","floor":16.0},{"not_picked":["Acrobatics+1","Poisoned Stab+1","Dodge and Roll+1"],"picked":"Calculated Gamble+1","floor":18.0},{"not_picked":["Endless Agony","Outmaneuver+1","Eviscerate"],"picked":"Flechettes","floor":24.0},{"not_picked":["Bouncing Flask+1","Escape Plan+1","Choke+1"],"picked":"Infinite Blades","floor":29.0},{"not_picked":["Poisoned Stab","Concentrate+1","Acrobatics+1"],"picked":"Cloak And Dagger+1","floor":31.0},{"not_picked":["Corpse Explosion+1","Tools of the Trade","Phantasmal Killer+1"],"picked":"Storm of Steel+1","floor":33.0},{"not_picked":["Dagger Spray","Acrobatics+1","Backflip+1"],"picked":"Footwork","floor":35.0},{"not_picked":["Calculated Gamble+1","Acrobatics+1","Reflex+1"],"picked":"Blade Dance+1","floor":36.0},{"not_picked":["Terror+1","Deadly Poison+1","Flying Knee+1"],"picked":"Distraction+1","floor":38.0},{"not_picked":["Choke","Caltrops","Deflect+1","Catalyst+1"],"picked":"SKIP","floor":39.0},{"not_picked":["Dodge and Roll+1","Tactician+1","Crippling Poison+1","Expertise+1"],"picked":"SKIP","floor":41.0},{"not_picked":["Sucker Punch+1","Calculated Gamble+1","Underhanded Strike+1","Dagger Throw+1"],"picked":"SKIP","floor":42.0},{"not_picked":["Quick Slash+1","Prepared+1","Underhanded Strike+1"],"picked":"Slice+1","floor":45.0},{"not_picked":["Masterful Stab+1","Skewer+1","Calculated Gamble+1","Heel Hook+1"],"picked":"SKIP","floor":47.0},{"not_picked":["Catalyst+1","All Out Attack+1","Flechettes+1"],"picked":"Dodge and Roll+1","floor":48.0}],"player_experience":281018,"relics_obtained":[{"floor":6.0,"key":"Toxic Egg 2"},{"floor":9.0,"key":"White Beast Statue"},{"floor":21.0,"key":"Mummified Hand"},{"floor":26.0,"key":"Potion Belt"},{"floor":31.0,"key":"The Courier"},{"floor":31.0,"key":"Unceasing Top"},{"floor":41.0,"key":"Molten Egg 2"},{"floor":43.0,"key":"Shuriken"},{"floor":47.0,"key":"MealTicket"}],"event_choices":[{"cards_removed":["Strike_G"],"damage_healed":0.0,"max_hp_gain":0.0,"max_hp_loss":0.0,"gold_gain":0.0,"event_name":"The Cleric","player_choice":"Card Removal","floor":2.0,"gold_loss":50.0,"damage_taken":0.0},{"damage_healed":0.0,"max_hp_gain":0.0,"max_hp_loss":0.0,"gold_gain":275.0,"event_name":"Golden Shrine","player_choice":"Desecrate","floor":3.0,"gold_loss":0.0,"damage_taken":0.0,"cards_obtained":["Regret"]},{"damage_healed":0.0,"max_hp_gain":0.0,"max_hp_loss":0.0,"gold_gain":0.0,"cards_transformed":["Regret"],"event_name":"Transmorgrifier","player_choice":"Transformed","floor":7.0,"gold_loss":0.0,"damage_taken":0.0,"cards_obtained":["Clumsy"]},{"damage_healed":0.0,"max_hp_gain":0.0,"max_hp_loss":0.0,"gold_gain":0.0,"event_name":"The Mausoleum","player_choice":"Opened","floor":19.0,"gold_loss":0.0,"damage_taken":0.0,"relics_obtained":["Pear"],"cards_obtained":["Writhe"]},{"damage_healed":0.0,"max_hp_gain":0.0,"max_hp_loss":0.0,"gold_gain":0.0,"event_name":"The Library","player_choice":"Read","floor":20.0,"gold_loss":0.0,"damage_taken":0.0,"cards_obtained":["Accuracy"]},{"damage_healed":0.0,"max_hp_gain":0.0,"max_hp_loss":0.0,"gold_gain":0.0,"event_name":"Ghosts","player_choice":"Ignored","floor":22.0,"gold_loss":0.0,"damage_taken":0.0},{"cards_removed":["Calculated Gamble"],"damage_healed":18.0,"max_hp_gain":0.0,"max_hp_loss":0.0,"gold_gain":0.0,"event_name":"Bonfire Elementals","player_choice":"Offered Uncommon","floor":25.0,"gold_loss":0.0,"damage_taken":0.0},{"damage_healed":0.0,"max_hp_gain":0.0,"max_hp_loss":0.0,"gold_gain":0.0,"event_name":"Colosseum","player_choice":"Fight","floor":31.0,"gold_loss":0.0,"damage_taken":0.0},{"damage_healed":0.0,"max_hp_gain":0.0,"max_hp_loss":0.0,"gold_gain":0.0,"event_name":"Colosseum","player_choice":"Fought Nobs","floor":31.0,"gold_loss":0.0,"damage_taken":0.0},{"damage_healed":21.0,"max_hp_gain":0.0,"max_hp_loss":0.0,"gold_gain":0.0,"event_name":"Winding Halls","player_choice":"Writhe","floor":46.0,"gold_loss":0.0,"damage_taken":0.0,"cards_obtained":["Writhe"]}],"is_beta":false,"boss_relics":[{"not_picked":["Cursed Key","Runic Dome"],"picked":"HoveringKite"},{"not_picked":["Coffee Dripper","Sozu"],"picked":"Ring of the Serpent"}],"items_purged_floors":[11,27,37,44],"is_endless":false,"potions_floor_spawned":[4,6,12,14,16,18,24,29,31,31,33,35,36,38,39,41,42,45,47,48],"ascension_level":0}}