{"host":"8b2tzytxrazqquwe","time":1612038320,"event":{"mods":["BaseMod","Card Forge","Colored Map","Highlight Path","Minty Spire (QoL Compilation)","StSLib","The Marked"],"gold_per_floor":[112,37,55,73,23,23,33,68,68,93,93,107,117,117,117,117,117],"floor_reached":16,"language":"ENG","playtime":687,"items_purged":["theMarked:Strike"],"score":137,"play_id":"aac0a58e-df74-4199-9b38-efc61fbd1804","local_time":"20210130202520","is_ascension_mode":false,"campfire_choices":[{"data":"theMarked:SoldierOfQuellstein","floor":6,"key":"SMITH"},{"data":"theMarked:Reabsorb","floor":11,"key":"SMITH"},{"data":"theMarked:ShockingTouch","floor":15,"key":"SMITH"}],"circlet_count":0,"master_deck":["theMarked:Strike","theMarked:Strike","theMarked:Strike","theMarked:Defend","theMarked:Defend","theMarked:Defend","theMarked:Defend","theMarked:SoldierOfQuellstein+1","theMarked:ShockingTouch+1","theMarked:Reabsorb+1"],"relics":["theMarked:ArtifactOfAir","Hammer of Thor","Seething Fire","Anvil of the Gods","Pear","Thread and Needle","WingedGreaves"],"acts_visited":["Exordium"],"potions_floor_usage":[7,16,16],"damage_taken":[{"damage":0,"enemies":"Cultist","floor":1,"turns":4},{"damage":0,"enemies":"Small Slimes","floor":3,"turns":4},{"damage":5,"enemies":"2 Louse","floor":4,"turns":3},{"damage":0,"enemies":"Exordium Wildlife","floor":7,"turns":3},{"damage":11,"enemies":"Gremlin Nob","floor":8,"turns":3},{"damage":13,"enemies":"Lagavulin","floor":10,"turns":5},{"damage":0,"enemies":"2 Fungi Beasts","floor":12,"turns":2},{"damage":1,"enemies":"Looter","floor":13,"turns":3},{"damage":57,"enemies":"The Guardian","floor":16,"turns":7}],"seed_played":"2936657664283962597","potions_obtained":[{"floor":4,"key":"Strength Potion"},{"floor":7,"key":"LiquidBronze"},{"floor":10,"key":"DuplicationPotion"},{"floor":13,"key":"EssenceOfSteel"}],"is_trial":false,"path_per_floor":["M","$","M","M","?","R","M","E","T","E","R","M","M","?","R","B"],"character_chosen":"THE_DEFAULT","items_purchased":[],"campfire_rested":0,"item_purchase_floors":[],"current_hp_per_floor":[77,77,77,72,72,72,72,71,71,58,58,58,57,57,57,0,0],"gold":117,"neow_bonus":"TEN_PERCENT_HP_BONUS","is_daily":false,"chose_seed":false,"campfire_upgraded":3,"win_rate":0.0,"timestamp":1612038320,"path_taken":["M","$","M","M","?","R","M","E","T","E","R","M","M","?","R","BOSS"],"items_purchased_type":[],"build_version":"2020-12-22","purchased_purges":1,"victory":false,"max_hp_per_floor":[77,77,77,77,77,77,77,87,87,87,87,87,87,87,87,87,87],"card_choices":[{"not_picked":["theMarked:Aftermath","theMarked:SwordAndMagic","theMarked:TakeCover"],"picked":"SKIP","floor":1},{"not_picked":["theMarked:WardOff","theMarked:ResourceFulStrike","theMarked:Aftermath"],"picked":"SKIP","floor":3},{"not_picked":["theMarked:Pokerface","theMarked:ChainLightning"],"picked":"theMarked:ShockingTouch","floor":4},{"not_picked":["theMarked:Electrocute","theMarked:LightningStrikesTwice"],"picked":"theMarked:Reabsorb","floor":7},{"not_picked":["theMarked:ChainLightning","theMarked:ContemptForTheProud","theMarked:ResourceFulStrike"],"picked":"SKIP","floor":8},{"not_picked":["theMarked:Generate","theMarked:Static","theMarked:StartUp"],"picked":"SKIP","floor":10},{"not_picked":["theMarked:CreepingChasm","theMarked:Electrify","theMarked:SwordAndMagic"],"picked":"SKIP","floor":12},{"not_picked":["theMarked:Polarize","theMarked:Seal","theMarked:TakeCover"],"picked":"SKIP","floor":13}],"player_experience":34825,"relics_obtained":[{"floor":8,"key":"Pear"},{"floor":9,"key":"Thread and Needle"},{"floor":10,"key":"WingedGreaves"}],"event_choices":[{"cards_removed":["theMarked:Strike"],"damage_healed":0,"gold_gain":0,"player_choice":"Card Removal","damage_taken":0,"max_hp_gain":0,"max_hp_loss":0,"event_name":"The Cleric","floor":5,"gold_loss":50},{"damage_healed":0,"gold_gain":0,"player_choice":"Ignored","damage_taken":0,"max_hp_gain":0,"max_hp_loss":0,"event_name":"Liars Game","floor":14,"gold_loss":0}],"is_beta":false,"boss_relics":[],"items_purged_floors":[2],"is_endless":false,"potions_floor_spawned":[4,7,10,13],"killed_by":"The Guardian","ascension_level":0}}