{"host":"2l3i55whvwk76mom","time":1612045116,"event":{"mods":["BaseMod","Googly Eyes","Hermit","Hubris","Minty Spire (QoL Compilation)","Replay The Spire","StSLib","The Cursed","The Disciple","The Hierophant","The Jungle","The Necromancer"],"gold_per_floor":[114,130,130,130,146,146,1,26,53,53,68,68,96,114,114,216,216,233,249,249,260,260,289,289,308,308,308,333,346,346,361,361,459,459,475,488,488,694,544,544,544,544],"floor_reached":41,"language":"ENG","playtime":1609,"items_purged":["Injury"],"score":652,"play_id":"c9d12b0f-d191-4988-8c48-43a2d32df9db","local_time":"20210130141836","is_ascension_mode":true,"campfire_choices":[{"data":"Iron Wave","floor":6,"key":"SMITH"},{"data":"Sever Soul","floor":12,"key":"SMITH"},{"data":"True Grit","floor":15,"key":"SMITH"},{"floor":24,"key":"REST"},{"floor":32,"key":"RECALL"},{"data":"Eclipse","floor":40,"key":"SMITH"}],"circlet_count":0,"master_deck":["Bash+1","Cleave","Burning Pact","Iron Wave+1","Immolate","Sever Soul+1","True Grit+1","Burning Pact","Hemogenesis","Pommel Strike","True Grit","ReplayTheSpireMod:Corrosion Curse","Havoc","Dropkick","ReplayTheSpireMod:LeadingStrike","Clash","Dual Wield","Havoc","Feel No Pain","Infernal Blade","True Grit","Disarm","Intimidate+1","Headbutt","ReplayTheSpireMod:Muscle Training","hubris:NaturalOne","Eclipse+1","ReplayTheSpireMod:Splinters","TheCursedMod:Dregs","Evolve","Feel No Pain"],"relics":["Burning Blood","NeowsBlessing","Strange Spoon","PreservedInsect","Red Skull","hubris:CuriousFeather","Replay:Grab Bag","Ooze Armor","Painkiller Herb","Pandora\u0027s Box","hubris:Icosahedron","theJungle:WildStrawberry","hubris:PeanutButter","Lantern","hubris:TinFlute","Replay:Ancient Bell","ReplayFunnel","hubris:Metronome","Gambling Chip"],"acts_visited":["Exordium","Exordium","TheBeyond"],"potions_floor_usage":[8,16,16,23,33,33],"damage_taken":[{"damage":0,"enemies":"Small Slimes","floor":1,"turns":1},{"damage":0,"enemies":"Jaw Worm","floor":2,"turns":1},{"damage":0,"enemies":"Cultist","floor":5,"turns":1},{"damage":24,"enemies":"Gremlin Nob","floor":8,"turns":5},{"damage":5,"enemies":"2 Fungi Beasts","floor":11,"turns":3},{"damage":25,"enemies":"Lagavulin","floor":13,"turns":4},{"damage":0,"enemies":"Large Slime","floor":14,"turns":3},{"damage":39,"enemies":"Fading Forest","floor":16,"turns":11},{"damage":16,"enemies":"theJungle:MUSHROOMGANG","floor":18,"turns":3},{"damage":24,"enemies":"theJungle:GiantWrat","floor":19,"turns":5},{"damage":53,"enemies":"theJungle:2_Flameangoes","floor":21,"turns":6},{"damage":0,"enemies":"theJungle:2_Phrogs","floor":23,"turns":3},{"damage":4,"enemies":"Snake Plant","floor":25,"turns":2},{"damage":18,"enemies":"theJungle:Cassacara","floor":28,"turns":6},{"damage":20,"enemies":"theJungle:Snecko_Cultist_And_Trap","floor":29,"turns":5},{"damage":5,"enemies":"theJungle:Lyon","floor":31,"turns":4},{"damage":64,"enemies":"theJungle:FunGuy","floor":33,"turns":11},{"damage":16,"enemies":"3 Darklings","floor":35,"turns":5},{"damage":0,"enemies":"Orb Walker","floor":36,"turns":4},{"damage":56,"enemies":"Reptomancer","floor":41,"turns":2}],"seed_played":"-8606226075207628291","potions_obtained":[{"floor":2,"key":"Regen Potion"},{"floor":5,"key":"Weak Potion"},{"floor":14,"key":"Cursed Concoction"},{"floor":21,"key":"Cursed Concoction"},{"floor":23,"key":"Fire Potion"},{"floor":25,"key":"ColorlessPotion"},{"floor":28,"key":"ColorlessPotion"},{"floor":33,"key":"Block Potion"},{"floor":35,"key":"LifebloodPotion"}],"is_trial":false,"path_per_floor":["M","M","?","?","M","R","$","E","T","?","M","R","E","M","R","B",null,"?","?","?","?","?","E","T","?","T","?","E","?","?","?","T","B",null,"?","?","?","?","T","T","E"],"character_chosen":"IRONCLAD","items_purchased":["Strange Spoon","Feel No Pain"],"campfire_rested":1,"item_purchase_floors":[7,39],"current_hp_per_floor":[78,80,80,80,80,80,80,62,62,62,63,63,44,50,50,32,68,63,50,50,8,1,7,33,35,35,35,33,29,87,87,87,29,73,68,74,74,53,53,53,0,0],"gold":544,"neow_bonus":"THREE_ENEMY_KILL","is_daily":false,"chose_seed":false,"campfire_upgraded":4,"win_rate":0.0,"timestamp":1612045116,"path_taken":["M","M","?","?","M","R","$","E","T","?","M","R","E","M","R","BOSS","?","?","?","?","?","E","T","?","T","?","E","?","?","?","T","BOSS","?","?","?","?","T","T","E"],"items_purchased_type":["Relic","Card"],"build_version":"2020-12-22","purchased_purges":1,"victory":false,"max_hp_per_floor":[80,80,80,80,80,80,80,80,80,80,80,80,80,80,80,80,80,80,80,80,80,87,87,87,87,87,87,87,87,87,87,87,87,87,87,87,87,87,87,87,87,87],"card_choices":[{"not_picked":["Perfected Strike","ReplayTheSpireMod:Limb From Limb"],"picked":"Cleave","floor":1},{"not_picked":["Havoc","Battle Trance"],"picked":"Burning Pact","floor":2},{"not_picked":["Flex","ReplayTheSpireMod:Strike From Hell"],"picked":"Iron Wave","floor":5},{"not_picked":["Thunderclap","Pommel Strike"],"picked":"Immolate","floor":8},{"not_picked":["Hemokinesis","Clash"],"picked":"Sever Soul","floor":11},{"not_picked":["Corruption","Bloodletting"],"picked":"True Grit","floor":13},{"not_picked":["Reckless Charge","Wild Strike"],"picked":"Burning Pact","floor":14},{"not_picked":["Berserk","hubris:StunningStrike"],"picked":"Hemogenesis","floor":16},{"not_picked":["Hemokinesis","Run Through"],"picked":"Havoc","floor":18},{"not_picked":["Run Through","Wild Strike"],"picked":"Feel No Pain","floor":19},{"not_picked":["hubris:SharpeningStone","Burning Pact"],"picked":"Infernal Blade","floor":21},{"not_picked":["Pommel Strike","Armaments"],"picked":"True Grit","floor":23},{"not_picked":["Headbutt","Berserk"],"picked":"Disarm","floor":25},{"not_picked":["ReplayTheSpireMod:LeadingStrike","Combust"],"picked":"Intimidate+1","floor":28},{"not_picked":["Perfected Strike","Clash+1"],"picked":"Headbutt","floor":29},{"not_picked":["True Grit","Hemokinesis"],"picked":"ReplayTheSpireMod:Muscle Training","floor":31},{"not_picked":["Barricade","Double Tap"],"picked":"Eclipse","floor":33},{"not_picked":["Regret","hubris:Gluttony"],"picked":"Injury","floor":34},{"not_picked":["ReplayTheSpireMod:IOU","Languid"],"picked":"ReplayTheSpireMod:Splinters","floor":34},{"not_picked":["hubris:Gluttony","ReplayTheSpireMod:IOU"],"picked":"TheCursedMod:Dregs","floor":34},{"not_picked":["Perfected Strike+1","Headbutt","Sword Boomerang"],"picked":"SKIP","floor":35},{"not_picked":["Heavy Blade+1","Headbutt+1","Run Through"],"picked":"SKIP","floor":36},{"not_picked":["ReplayTheSpireMod:Corrosion Curse","Second Wind"],"picked":"Evolve","floor":38}],"player_experience":339100,"relics_obtained":[{"floor":8,"key":"PreservedInsect"},{"floor":9,"key":"Red Skull"},{"floor":13,"key":"hubris:CuriousFeather"},{"floor":23,"key":"hubris:PeanutButter"},{"floor":26,"key":"Lantern"},{"floor":28,"key":"hubris:TinFlute"}],"event_choices":[{"damage_healed":0,"gold_gain":0,"player_choice":"Grow","damage_taken":0,"max_hp_gain":0,"max_hp_loss":0,"event_name":"Living Wall","floor":3,"gold_loss":0,"cards_upgraded":["Bash"]},{"damage_healed":0,"gold_gain":0,"player_choice":"Leave","damage_taken":0,"max_hp_gain":0,"max_hp_loss":0,"event_name":"The Cleric","floor":4,"gold_loss":0},{"cards_removed":["Strike_R"],"damage_healed":0,"gold_gain":0,"player_choice":"Offered Basic","damage_taken":0,"max_hp_gain":0,"max_hp_loss":0,"event_name":"Bonfire Elementals","floor":10,"gold_loss":0},{"damage_healed":58,"gold_gain":0,"player_choice":"Full Heal","damage_taken":0,"max_hp_gain":0,"max_hp_loss":0,"event_name":"Wheel of Change","floor":30,"gold_loss":0},{"damage_healed":0,"gold_gain":0,"player_choice":"Ignored","damage_taken":0,"max_hp_gain":0,"max_hp_loss":0,"event_name":"Tomb of Lord Red Mask","floor":37,"gold_loss":0}],"is_beta":false,"boss_relics":[{"not_picked":["Snecko Heart","Replay:Drink Me"],"picked":"Replay:Grab Bag"},{"not_picked":["Sozu","hubris:GrandSneckoEye"],"picked":"Ooze Armor"},{"not_picked":["hubris:TerracottaHorce","Replay:Fungal Core"],"picked":"Painkiller Herb"},{"not_picked":["Calling Bell","hubris:Backtick"],"picked":"Pandora\u0027s Box"},{"not_picked":["Tiny House","SacredBark"],"picked":"Replay:Ancient Bell"},{"not_picked":["Grinning Jar","Juzu Bracelet"],"picked":"ReplayFunnel"},{"not_picked":["HornCleat","StrikeDummy"],"picked":"hubris:Metronome"},{"not_picked":["WingedGreaves","Peace Pipe"],"picked":"Gambling Chip"}],"items_purged_floors":[39],"is_endless":false,"potions_floor_spawned":[2,5,14,21,23,25,28,33,35,36],"killed_by":"Reptomancer","ascension_level":8}}