{"host":"q6r63elxu27obe7v","time":1612033947,"event":{"mods":["2.2 Compatiblity","AchievementEnabler","BaseMod","CapriCore","DeckTracker","Keyboard Shortcuts","Minty Spire (QoL Compilation)","Permanent Neow","Quick Restart","StSLib","SuperFastMode","¡¼?Úª?ø«¡½REMEMod"],"gold_per_floor":[367,367,385,47,57,83,31,61,61,61,136,168,168,168,168,168,168],"floor_reached":16,"language":"KOR","playtime":661,"items_purged":["Strike_R"],"score":118,"play_id":"c75b6dc0-a984-4ff2-874b-39f2332eab6f","local_time":"20210131041227","is_ascension_mode":false,"campfire_choices":[{"floor":10,"key":"RECALL"},{"floor":15,"key":"REST"}],"circlet_count":0,"master_deck":["Strike_R","Strike_R+1","Strike_R","Strike_R","Defend_R","Defend_R","Defend_R","Defend_R","Bash+1","Pommel Strike","Flex","Burning Pact","Seeing Red","Warcry","Anger","Brutality","Warcry"],"relics":["Burning Blood","REME_ComplimentaryCards","Vajra","Eternal Feather","Incense Burner","Whetstone"],"acts_visited":["Exordium"],"potions_floor_usage":[6,6,8,8,13],"damage_taken":[{"damage":6,"enemies":"Jaw Worm","floor":1,"turns":5},{"damage":9,"enemies":"Cultist","floor":3,"turns":5},{"damage":5,"enemies":"2 Louse","floor":5,"turns":3},{"damage":50,"enemies":"Lagavulin","floor":6,"turns":9},{"damage":9,"enemies":"Gremlin Nob","floor":8,"turns":3},{"damage":41,"enemies":"3 Sentries","floor":12,"turns":8},{"damage":0,"enemies":"Gremlin Gang","floor":13,"turns":1},{"damage":50,"enemies":"The Guardian","floor":16,"turns":5}],"seed_played":"-7361392588824848935","potions_obtained":[{"floor":2,"key":"Regen Potion"},{"floor":2,"key":"FearPotion"},{"floor":2,"key":"AttackPotion"},{"floor":3,"key":"LiquidMemories"},{"floor":5,"key":"Strength Potion"},{"floor":12,"key":"SmokeBomb"}],"is_trial":false,"path_per_floor":["M","?","M","$","M","E","$","E","T","R","?","E","M","?","R","B"],"character_chosen":"IRONCLAD","items_purchased":["Vajra","Burning Pact","Seeing Red","SteroidPotion"],"campfire_rested":1,"item_purchase_floors":[4,4,4,7],"current_hp_per_floor":[80,80,77,77,78,49,49,46,46,55,44,9,15,15,48,0,0],"gold":168,"neow_bonus":"TWO_FIFTY_GOLD","is_daily":false,"chose_seed":false,"campfire_upgraded":0,"win_rate":0.0,"timestamp":1612033947,"path_taken":["M","?","?","$","M","E","$","E","T","R","?","E","M","?","R","BOSS"],"items_purchased_type":["Relic","Card","Card","Potion"],"build_version":"2020-12-22","purchased_purges":1,"victory":false,"max_hp_per_floor":[80,80,80,80,80,80,80,80,80,80,80,80,80,80,80,80,80],"card_choices":[{"not_picked":["Perfected Strike","Warcry"],"picked":"Pommel Strike","floor":1},{"not_picked":["Perfected Strike","Infernal Blade"],"picked":"Flex","floor":3},{"not_picked":["Clothesline","Headbutt"],"picked":"Warcry","floor":5},{"not_picked":["Rupture","True Grit"],"picked":"Anger","floor":6},{"not_picked":["Iron Wave","Infernal Blade"],"picked":"Brutality","floor":8},{"not_picked":["Warcry","Infernal Blade","Armaments"],"picked":"SKIP","floor":12},{"not_picked":["Infernal Blade","Armaments"],"picked":"Warcry","floor":12}],"player_experience":55499,"relics_obtained":[{"floor":6,"key":"Eternal Feather"},{"floor":8,"key":"Incense Burner"},{"floor":12,"key":"Whetstone"}],"event_choices":[{"damage_healed":0,"gold_gain":0,"player_choice":"Got Potions","damage_taken":0,"max_hp_gain":0,"max_hp_loss":0,"event_name":"Lab","floor":2,"gold_loss":0},{"damage_healed":0,"gold_gain":75,"player_choice":"Gather Gold","damage_taken":11,"max_hp_gain":0,"max_hp_loss":0,"event_name":"World of Goop","floor":11,"gold_loss":0},{"cards_removed":["Decay"],"damage_healed":0,"gold_gain":0,"player_choice":"Removed Curses","damage_taken":0,"max_hp_gain":0,"max_hp_loss":0,"event_name":"Fountain of Cleansing","floor":14,"gold_loss":0}],"is_beta":false,"boss_relics":[],"items_purged_floors":[4],"is_endless":false,"potions_floor_spawned":[3,5,12,13],"killed_by":"The Guardian","ascension_level":0}}