{"host":"pdgvu626dlon98qh","time":1612044476,"event":{"mods":["AchievementEnabler","Aspiration","BaseMod","Better Third Choice","BetterRewards","Card Forge","Colored Map","Colored Powertips","Custom Start","Energized Spire","Gold Saver","Minty Spire (QoL Compilation)","Relic Filter","Reliquary","Shop Mod","StSLib","Twitch Decklist","Waifu the Spire","slay the spire mod where everything is the same but ironclad has a cowboy hat"],"gold_per_floor":[116,133,133,105,105,105,133,133,181,198,229,246,276,134,134,211,211,231,231,251,251,88,117,117,143,143,169,185,210,224,224,224,299,299,312,328,338,177,177,212,10,36,36,70,70,95,110,155,155,155,155,155,155,5,36,36,36],"floor_reached":56,"language":"ENG","playtime":2645,"items_purged":[],"score":3103,"play_id":"f2bfc546-974f-4dcb-8d5c-ece4f9ba08cb","local_time":"20210130170756","is_ascension_mode":true,"campfire_choices":[{"floor":6,"key":"RECALL"},{"floor":8,"key":"REST"},{"floor":15,"key":"REST"},{"floor":24,"key":"REST"},{"floor":32,"key":"REST"},{"floor":45,"key":"REST"},{"floor":49,"key":"REST"},{"floor":53,"key":"REST"}],"circlet_count":0,"master_deck":["AscendersBane","Defend_G+1","Survivor+1","Neutralize+1","Panache+1","Footwork+1","Bouncing Flask+1","Quick Slash+1","Deadly Poison+1","Footwork+1","Crippling Poison+1","Blade Dance+1","Fire Breathing+1","Envenom+1","Blade Dance+1","Bane+1","Seeing Red+1"],"relics":["Ring of the Snake","Hammer of Thor","Seething Fire","Anvil of the Gods","MerchantsRug","Incense Burner","Kunai","Paper Crane","Ornamental Fan","Nunchaku","Oddly Smooth Stone","aspiration:FetidBarrel","aspiration:IroncladSkillbook","reliquary:RoseTintedGlasses","Letter Opener","InkBottle","reliquary:Stiletto","Vajra","reliquary:Knoch","Mummified Hand","Darkstone Periapt","TungstenRod","reliquary:JackalopeAntler","Ice Cream","ClockworkSouvenir","Bird Faced Urn"],"acts_visited":["Exordium","TheCity","TheBeyond","TheEnding"],"potions_floor_usage":[11,23,30,40,51,55,56],"damage_taken":[{"damage":0,"enemies":"2 Louse","floor":1,"turns":2},{"damage":0,"enemies":"Small Slimes","floor":2,"turns":2},{"damage":2,"enemies":"Gremlin Nob","floor":7,"turns":5},{"damage":0,"enemies":"Jaw Worm","floor":10,"turns":3},{"damage":12,"enemies":"3 Sentries","floor":11,"turns":6},{"damage":0,"enemies":"Exordium Wildlife","floor":12,"turns":1},{"damage":0,"enemies":"Lagavulin","floor":13,"turns":5},{"damage":0,"enemies":"Hexaghost","floor":16,"turns":7},{"damage":0,"enemies":"Chosen","floor":18,"turns":3},{"damage":4,"enemies":"2 Thieves","floor":20,"turns":5},{"damage":22,"enemies":"Gremlin Leader","floor":23,"turns":7},{"damage":1,"enemies":"Book of Stabbing","floor":25,"turns":5},{"damage":0,"enemies":"Gremlin Leader","floor":27,"turns":4},{"damage":0,"enemies":"Snecko","floor":28,"turns":3},{"damage":0,"enemies":"Chosen and Byrds","floor":30,"turns":3},{"damage":16,"enemies":"Collector","floor":33,"turns":8},{"damage":0,"enemies":"3 Darklings","floor":35,"turns":3},{"damage":0,"enemies":"3 Shapes","floor":36,"turns":3},{"damage":10,"enemies":"3 Darklings","floor":37,"turns":2},{"damage":0,"enemies":"Nemesis","floor":40,"turns":5},{"damage":0,"enemies":"Giant Head","floor":42,"turns":5},{"damage":0,"enemies":"Reptomancer","floor":44,"turns":3},{"damage":0,"enemies":"Nemesis","floor":46,"turns":3},{"damage":0,"enemies":"Sphere and 2 Shapes","floor":47,"turns":2},{"damage":0,"enemies":"2 Orb Walkers","floor":48,"turns":2},{"damage":0,"enemies":"Donu and Deca","floor":50,"turns":4},{"damage":59,"enemies":"Time Eater","floor":51,"turns":9},{"damage":20,"enemies":"Shield and Spear","floor":55,"turns":3},{"damage":67,"enemies":"The Heart","floor":56,"turns":5}],"seed_played":"-4924830393559967879","potions_obtained":[{"floor":1,"key":"Ancient Potion"},{"floor":10,"key":"PowerPotion"},{"floor":11,"key":"DistilledChaos"},{"floor":28,"key":"GamblersBrew"},{"floor":30,"key":"Fruit Juice"},{"floor":33,"key":"Block Potion"},{"floor":37,"key":"DuplicationPotion"},{"floor":40,"key":"AttackPotion"},{"floor":42,"key":"PowerPotion"}],"is_trial":false,"path_per_floor":["M","M","?","$","?","R","E","R","T","M","E","M","E","$","R","B",null,"M","?","M","?","$","E","R","E","T","E","M","T","M","?","R","B",null,"M","M","M","$","?","E","$","E","T","E","R","E","M","?","R","B","B",null,"R","$","E","B"],"character_chosen":"THE_SILENT","items_purchased":["MerchantsRug","Incense Burner","Panache","Kunai","Paper Crane","Footwork","Bouncing Flask","Ornamental Fan","Nunchaku","Deadly Poison","aspiration:FetidBarrel","reliquary:RoseTintedGlasses","reliquary:Knoch","Mummified Hand","ClockworkSouvenir","Weak Potion"],"campfire_rested":7,"item_purchase_floors":[0,0,0,0,0,0,0,0,0,4,14,22,38,41,54,54],"current_hp_per_floor":[17,17,17,17,17,17,15,34,34,34,22,22,22,22,41,41,60,64,64,64,64,64,46,65,66,66,66,66,66,71,71,71,59,68,71,71,65,65,71,71,71,71,71,71,71,71,71,71,71,71,16,57,71,71,55,0,0],"gold":36,"neow_bonus":"","is_daily":false,"chose_seed":false,"campfire_upgraded":0,"win_rate":0.0,"timestamp":1612044476,"path_taken":["M","M","?","$","?","R","E","R","T","M","E","M","E","$","R","BOSS","M","?","M","?","$","E","R","E","T","E","M","?","?","?","R","BOSS","M","?","M","$","?","E","$","E","T","E","R","E","M","?","R","BOSS","BOSS","R","$","E","BOSS"],"items_purchased_type":["Relic","Relic","Card","Relic","Relic","Card","Card","Relic","Relic","Card","Relic","Relic","Relic","Relic","Relic","Potion"],"build_version":"2020-12-22","purchased_purges":0,"victory":false,"max_hp_per_floor":[66,66,66,66,66,66,66,66,66,66,66,66,66,66,66,66,66,66,66,66,66,66,66,66,66,66,66,66,66,71,71,71,71,71,71,71,71,71,71,71,71,71,71,71,71,71,71,71,71,71,71,71,71,71,71,71,71],"card_choices":[{"not_picked":["Cloak And Dagger","Calculated Gamble"],"picked":"Quick Slash","floor":1},{"not_picked":["Prepared","Skewer","Underhanded Strike"],"picked":"SKIP","floor":2},{"not_picked":["Poisoned Stab","Footwork","Dodge and Roll"],"picked":"SKIP","floor":7},{"not_picked":["Flying Knee","Sucker Punch","Leg Sweep"],"picked":"SKIP","floor":10},{"not_picked":["Sucker Punch","aspiration:Lunge","Underhanded Strike"],"picked":"SKIP","floor":11},{"not_picked":["PiercingWail","Flying Knee","Infinite Blades"],"picked":"SKIP","floor":12},{"not_picked":["PiercingWail","Bane","Well Laid Plans"],"picked":"SKIP","floor":13},{"not_picked":["Grand Finale","Venomology"],"picked":"Wraith Form v2","floor":16},{"not_picked":["Heavy Blade+1","Sucker Punch","Concentrate","Body Slam"],"picked":"SKIP","floor":18},{"not_picked":["Riddle With Holes","Blood for Blood","Sword Boomerang","Poisoned Stab"],"picked":"SKIP","floor":20},{"not_picked":["Acrobatics","Sword Boomerang","Dual Wield+1"],"picked":"Crippling Poison+1","floor":23},{"not_picked":["Tactician","Dagger Throw","Deadly Poison"],"picked":"Blade Dance","floor":25},{"not_picked":["Underhanded Strike","Dagger Throw","Second Wind"],"picked":"Fire Breathing","floor":27},{"not_picked":["Whirlwind","Underhanded Strike","Evolve","All Out Attack+1"],"picked":"SKIP","floor":28},{"not_picked":["Hemokinesis","Leg Sweep+1","Shockwave+1","Havoc"],"picked":"SKIP","floor":30},{"not_picked":["Adrenaline","Corruption","Brutality"],"picked":"Envenom","floor":33},{"not_picked":["Havoc","Spot Weakness","Infinite Blades"],"picked":"Blade Dance+1","floor":35},{"not_picked":["Clothesline+1","Choke","Shockwave"],"picked":"Bane","floor":36},{"not_picked":["Blade Dance","Hemokinesis","Reckless Charge","Wild Strike+1"],"picked":"SKIP","floor":37},{"not_picked":["Havoc","Doppelganger","Choke+1","Shockwave"],"picked":"SKIP","floor":40},{"not_picked":["Acrobatics+1","Body Slam","Limit Break","Dagger Spray"],"picked":"SKIP","floor":42},{"not_picked":["Havoc","Expertise","Prepared","True Grit"],"picked":"SKIP","floor":44},{"not_picked":["True Grit","Fire Breathing","Prepared","Acrobatics"],"picked":"SKIP","floor":46},{"not_picked":["Cloak And Dagger","Clothesline","Shrug It Off","Dagger Spray","Heavy Blade"],"picked":"SKIP","floor":47},{"not_picked":["Reckless Charge","Perfected Strike","Bane"],"picked":"Seeing Red+1","floor":55}],"player_experience":824886,"relics_obtained":[{"floor":7,"key":"reliquary:IridiumChain"},{"floor":11,"key":"Oddly Smooth Stone"},{"floor":13,"key":"StrikeDummy"},{"floor":25,"key":"Letter Opener"},{"floor":26,"key":"InkBottle"},{"floor":27,"key":"reliquary:Stiletto"},{"floor":29,"key":"Vajra"},{"floor":40,"key":"Sundial"},{"floor":42,"key":"Darkstone Periapt"},{"floor":43,"key":"TungstenRod"},{"floor":44,"key":"reliquary:JackalopeAntler"},{"floor":46,"key":"Question Card"},{"floor":48,"key":"Ice Cream"},{"floor":55,"key":"Bird Faced Urn"}],"event_choices":[{"damage_healed":0,"gold_gain":0,"player_choice":"Leave","damage_taken":0,"max_hp_gain":0,"max_hp_loss":0,"event_name":"The Cleric","floor":3,"gold_loss":0},{"damage_healed":0,"gold_gain":0,"cards_transformed":["Defend_G"],"player_choice":"Change","damage_taken":0,"max_hp_gain":0,"max_hp_loss":0,"event_name":"Living Wall","floor":5,"gold_loss":0,"cards_obtained":["Footwork"]},{"cards_removed":["Wraith Form v2"],"damage_healed":0,"gold_gain":0,"player_choice":"Elegance","damage_taken":0,"max_hp_gain":0,"max_hp_loss":0,"event_name":"betterThird:BetterWriting","floor":19,"gold_loss":0},{"damage_healed":0,"gold_gain":0,"player_choice":"Ignored","damage_taken":0,"max_hp_gain":0,"max_hp_loss":0,"event_name":"Ghosts","floor":21,"gold_loss":0},{"damage_healed":0,"gold_gain":0,"player_choice":"Ignored","damage_taken":0,"max_hp_gain":0,"max_hp_loss":0,"event_name":"Purifier","floor":31,"gold_loss":0},{"damage_healed":14,"gold_gain":0,"player_choice":"Writhe","damage_taken":0,"max_hp_gain":0,"max_hp_loss":0,"event_name":"Winding Halls","floor":39,"gold_loss":0,"cards_obtained":["Writhe"]},{"damage_healed":0,"gold_gain":0,"player_choice":"Fight","damage_taken":0,"max_hp_gain":0,"max_hp_loss":0,"event_name":"Mysterious Sphere","floor":48,"gold_loss":0}],"is_beta":false,"boss_relics":[{"not_picked":["energizedSpire:StickyHand","energizedSpire:RedRose"],"picked":"aspiration:IroncladSkillbook"},{"not_picked":["reliquary:KinkedSpring","Astrolabe","Runic Dome"]}],"items_purged_floors":[],"is_endless":false,"potions_floor_spawned":[1,10,11,20,28,30,33,35,37,40,42,48],"killed_by":"The Heart","ascension_level":20}}