{"host":"hqsnl0mtmp1qafm7","time":1612008904,"event":{"mods":["AchievementEnabler","Aspiration","BaseMod","Better Altar","Better Match","Better Note","Better Sensory Stone","Better Skull","Better Third Choice","Colored Map","Colored Powertips","Conspire","Curses Come First","Downfall","Friendly Minions","Hermit","Highlight Path","Hubris","Ironclad Rager","Minty Spire (QoL Compilation)","Monster B Gone","Permanent Neow","Quick Restart","Rare Cards Sparkle","Reliquary","Replay The Spire","Retaliation","Shop Mod","Smile Girya","StSLib","The Blue Laboratory","The Runesmith","Wandering Minibosses","egg","thorton"],"gold_per_floor":[109,120,120,131,167,167,231,251,323,333,358,83,83,102,102,199,199,214,229,137,355,371,404,151,151,151],"floor_reached":25,"language":"ENG","playtime":1408,"items_purged":["hermit:Strike_Hermit"],"score":223,"play_id":"b5ec9148-4721-4252-8c72-4479992dcfc0","local_time":"20210130071504","is_ascension_mode":false,"campfire_choices":[{"data":"hermit:Dive","floor":6.0,"key":"SMITH"},{"floor":15.0,"key":"REST"}],"circlet_count":0,"master_deck":["hermit:Strike_Hermit","hermit:Strike_Hermit","hermit:Strike_Hermit","hermit:Defend_Hermit","hermit:Defend_Hermit","hermit:Defend_Hermit","hermit:Defend_Hermit","hermit:Snapshot","hermit:Covet","hermit:WideOpen","hermit:TakeCover","hermit:FromBeyond","hermit:Dive+1","ReplayTheSpireMod:Splinters","hermit:WideOpen","hermit:Malice","hermit:Spite","hermit:Spite","hermit:EyeOfTheStorm","hermit:FatalDesire","hermit:Quickdraw+1","Impatience","hermit:EyeOfTheStorm+1","hermit:Snipe","hermit:Snipe","Blind","hermit:Enervate"],"relics":["hermit:Momento","Du-Vu Doll","hubris:BottledRain","Eternal Feather","reliquary:Knoch","Ornamental Fan","Smiling Mask","Strange Spoon","Fusion Hammer","hubris:MedicalManual"],"acts_visited":["Exordium","TheCity"],"potions_floor_usage":[23,23],"damage_taken":[{"damage":0.0,"enemies":"Cultist","floor":1.0,"turns":4.0},{"damage":1.0,"enemies":"Jaw Worm","floor":2.0,"turns":3.0},{"damage":6.0,"enemies":"2 Louse","floor":4.0,"turns":4.0},{"damage":23.0,"enemies":"conspire:MimicChest","floor":5.0,"turns":6.0},{"damage":0.0,"enemies":"Gremlin Gang","floor":8.0,"turns":2.0},{"damage":4.0,"enemies":"Exordium Wildlife","floor":10.0,"turns":4.0},{"damage":6.0,"enemies":"Gremlin Nob","floor":11.0,"turns":3.0},{"damage":0.0,"enemies":"3 Louse","floor":14.0,"turns":2.0},{"damage":35.0,"enemies":"Slime Boss","floor":16.0,"turns":14.0},{"damage":12.0,"enemies":"Shell Parasite","floor":18.0,"turns":3.0},{"damage":0.0,"enemies":"Chosen","floor":19.0,"turns":4.0},{"damage":13.0,"enemies":"Centurion and Healer","floor":22.0,"turns":5.0},{"damage":29,"enemies":"Slavers","floor":23,"turns":5},{"damage":5,"enemies":"Snake Plant","floor":25,"turns":1}],"seed_played":"2749472496220462091","potions_obtained":[{"floor":5.0,"key":"blueLaboratory:EmptyBottle"},{"floor":7.0,"key":"Toxic Potion"},{"floor":8.0,"key":"blueLaboratory:BottleOfRum"},{"floor":10.0,"key":"hermit:Tonic"},{"floor":11.0,"key":"DDmod:CleansePotion"},{"floor":19.0,"key":"blueLaboratory:FrostheartPotion"}],"is_trial":false,"path_per_floor":["M","M","T","M","?","R","?","M","T","M","E","$","?","M","R","B",null,"M","M","$","?","M","E","$","M"],"character_chosen":"HERMIT","items_purchased":["hermit:Spite","Strange Spoon","hermit:EyeOfTheStorm","Impatience","hermit:Snipe","Blind","hermit:Enervate"],"campfire_rested":1,"item_purchase_floors":[12,12,12,20,24,24,24],"current_hp_per_floor":[54,53,53,47,24,30,30,30,30,26,20,20,20,20,54,19,75,63,63,63,45,32,3,3,0,0],"gold":151,"neow_bonus":"ONE_RARE_RELIC","is_daily":false,"chose_seed":false,"campfire_upgraded":1,"win_rate":0.0,"timestamp":1612008904,"path_taken":["M","?","?","?","?","R","?","?","T","M","E","$","?","M","R","BOSS","M","M","$","?","?","E","$","M"],"items_purchased_type":["Card","Relic","Card","Card","Card","Card","Card"],"build_version":"2020-12-22","purchased_purges":1,"victory":false,"max_hp_per_floor":[75,75,75,75,75,75,75,75,75,75,75,75,75,75,75,75,75,75,75,75,75,75,75,75,75,75],"card_choices":[{"not_picked":["hermit:Misfire","hermit:Snipe"],"picked":"hermit:WideOpen","floor":1.0},{"not_picked":["hermit:CalledShot","hermit:Scavenge"],"picked":"hermit:TakeCover","floor":2.0},{"not_picked":["hermit:Feint","hermit:Quickdraw"],"picked":"hermit:FromBeyond","floor":4.0},{"not_picked":["hermit:ItchyTrigger","hermit:Virtue"],"picked":"hermit:Dive","floor":5.0},{"not_picked":["hermit:TrackingShot","hermit:Feint"],"picked":"hermit:WideOpen","floor":7.0},{"not_picked":["hermit:Quickdraw","hermit:Roulette","hermit:Showdown"],"picked":"SKIP","floor":8.0},{"not_picked":["hermit:SprayPray","hermit:Midnight","hermit:CalledShot"],"picked":"SKIP","floor":10.0},{"not_picked":["hermit:BigShot","hermit:LuckOfTheDraw"],"picked":"hermit:Malice","floor":11.0},{"not_picked":["hermit:WideOpen","hermit:Malice","hermit:CursedWeapon"],"picked":"SKIP","floor":14.0},{"not_picked":["hermit:Magnum","hermit:OverwhelmingPower"],"picked":"hermit:FatalDesire","floor":16.0},{"not_picked":["hermit:Desperado","hermit:LowProfile+1"],"picked":"hermit:Quickdraw+1","floor":18.0},{"not_picked":["hermit:Quickdraw","hermit:Determination+1","hermit:Ricochet+1"],"picked":"SKIP","floor":19.0},{"not_picked":["hermit:Brawl","hermit:Feint+1"],"picked":"hermit:EyeOfTheStorm+1","floor":22.0},{"not_picked":["hermit:Spite","hermit:Virtue","hermit:Desperado"],"picked":"SKIP","floor":23}],"player_experience":106331,"relics_obtained":[{"floor":3.0,"key":"hubris:BottledRain"},{"floor":5.0,"key":"Eternal Feather"},{"floor":7.0,"key":"reliquary:Knoch"},{"floor":9.0,"key":"Ornamental Fan"},{"floor":11.0,"key":"Smiling Mask"},{"floor":23,"key":"hubris:MedicalManual"}],"event_choices":[{"damage_healed":0.0,"max_hp_gain":0.0,"max_hp_loss":0.0,"gold_gain":0.0,"event_name":"conspire:Investor","player_choice":"Leave","floor":13.0,"gold_loss":0.0,"damage_taken":0.0},{"damage_healed":0.0,"max_hp_gain":0.0,"max_hp_loss":0.0,"gold_gain":218.0,"event_name":"betterSkull:BetterSkull","player_choice":"GO GO ","floor":21.0,"gold_loss":0.0,"damage_taken":20.0,"cards_upgraded":[],"relics_obtained":[]}],"is_beta":false,"boss_relics":[{"not_picked":["Pandora\u0027s Box","hubris:TerracottaHorce"],"picked":"Fusion Hammer"}],"items_purged_floors":[24],"is_endless":false,"potions_floor_spawned":[5,8,10,11,19],"killed_by":"Snake Plant","ascension_level":0}}