{"host":"i0avyit1s6jb1siw","time":1612013665,"event":{"mods":["BaseMod","DeckTracker","Dota2Spire","Highlight Path","Minty Spire (QoL Compilation)","Quick Restart","StSLib","SuperFastMode"],"gold_per_floor":[14,14,38,106,131,174,174,214,214,214,237,237,275,293,293,384,384,397,415,436,455,455,50,50,65,65,65,141,175,175,216,260,278,298,36,36,132,132,153,178,511,534,91,91,125,144,144,144,37,86,121,131,164,77,77,77,77,77,77,24,52,52],"floor_reached":63,"language":"ENG","playtime":1628,"items_purged":[],"score":3085,"play_id":"4315ebb2-3841-4028-b9b3-5ed47b4ed786","local_time":"20210130143425","is_ascension_mode":true,"campfire_choices":[{"data":"Uppercut","floor":7.0,"key":"SMITH"},{"data":"Perfected Strike","floor":12.0,"key":"SMITH"},{"data":"Fire Breathing","floor":15.0,"key":"SMITH"},{"data":"Perfected Strike","floor":24.0,"key":"SMITH"},{"data":"Limit Break","floor":26.0,"key":"SMITH"},{"data":"Flame Barrier","floor":30.0,"key":"SMITH"},{"data":"Demon Form","floor":36.0,"key":"SMITH"},{"data":"Pommel Strike","floor":44.0,"key":"SMITH"},{"floor":55.0,"key":"RECALL"},{"data":"Corruption","floor":59.0,"key":"SMITH"}],"circlet_count":0,"master_deck":["AscendersBane","Strike_R","Strike_R","Strike_R","Defend_R","Defend_R","Defend_R","Defend_R","Bash","Evolve","Battle Trance","Uppercut+1","Perfected Strike+1","Fire Breathing+1","Feel No Pain","Flame Barrier","Pommel Strike","Perfected Strike+1","Impervious","Carnage","Flame Barrier+1","Spot Weakness+1","Twin Strike","Ghostly Armor","Wild Strike","Limit Break+1","Shrug It Off+1","Seeing Red+1","Wild Strike","Demon Form+1","Pommel Strike+1","Wild Strike+1","Shrug It Off+1","Shrug It Off+1","Limit Break+1","Pommel Strike","Shrug It Off+1","Seeing Red+1","Pommel Strike","Reckless Charge","Discovery+1","Corruption+1","Sword Boomerang","Dark Embrace","Shrug It Off+1","Wild Strike","Sentinel+1","True Grit+1","Power Through+1"],"relics":["Burning Blood","Eternal Feather","Prayer Wheel","Dota2Spire:OctarineCore","Dota2Spire:ArcaneBoots","Lantern","Dota2Spire:Bloodstone","Happy Flower","Dota2Spire:DrumOfEndurance","Toy Ornithopter","Toxic Egg 2","Centennial Puzzle","Red Mask","CaptainsWheel","Bronze Scales","Coffee Dripper","Thread and Needle","Dota2Spire:MagicBottle","Meat on the Bone","Dota2Spire:AghanimScepter","Lizard Tail","White Beast Statue","Dota2Spire:PowerTreads","Blue Candle"],"acts_visited":["Exordium","TheCity","TheBeyond","TheEnding"],"potions_floor_usage":[],"damage_taken":[{"damage":7.0,"enemies":"Cultist","floor":1.0,"turns":4.0},{"damage":7.0,"enemies":"Small Slimes","floor":3.0,"turns":3.0},{"damage":2.0,"enemies":"2 Louse","floor":5.0,"turns":3.0},{"damage":38.0,"enemies":"Gremlin Nob","floor":6.0,"turns":4.0},{"damage":37.0,"enemies":"Lagavulin","floor":8.0,"turns":8.0},{"damage":10.0,"enemies":"3 Sentries","floor":13.0,"turns":4.0},{"damage":11.0,"enemies":"Looter","floor":14.0,"turns":3.0},{"damage":12.0,"enemies":"Hexaghost","floor":16.0,"turns":8.0},{"damage":0.0,"enemies":"Chosen","floor":18.0,"turns":4.0},{"damage":4.0,"enemies":"Spheric Guardian","floor":19.0,"turns":4.0},{"damage":20.0,"enemies":"Shelled Parasite and Fungi","floor":20.0,"turns":5.0},{"damage":7.0,"enemies":"Snecko","floor":21.0,"turns":4.0},{"damage":12.0,"enemies":"Snake Plant","floor":25.0,"turns":3.0},{"damage":32.0,"enemies":"Book of Stabbing","floor":29.0,"turns":5.0},{"damage":10.0,"enemies":"Masked Bandits","floor":31.0,"turns":4.0},{"damage":40.0,"enemies":"Gremlin Leader","floor":32.0,"turns":7.0},{"damage":0.0,"enemies":"3 Cultists","floor":33.0,"turns":4.0},{"damage":0.0,"enemies":"Sentry and Sphere","floor":34.0,"turns":3.0},{"damage":30.0,"enemies":"Automaton","floor":37.0,"turns":8.0},{"damage":10.0,"enemies":"3 Darklings","floor":39.0,"turns":5.0},{"damage":6.0,"enemies":"3 Shapes","floor":40.0,"turns":6.0},{"damage":25.0,"enemies":"Reptomancer","floor":45.0,"turns":6.0},{"damage":0.0,"enemies":"Maw","floor":46.0,"turns":6.0},{"damage":2.0,"enemies":"2 Orb Walkers","floor":50.0,"turns":2.0},{"damage":8.0,"enemies":"Nemesis","floor":51.0,"turns":5.0},{"damage":9.0,"enemies":"3 Darklings","floor":52.0,"turns":4.0},{"damage":0.0,"enemies":"Giant Head","floor":53.0,"turns":6.0},{"damage":20.0,"enemies":"Donu and Deca","floor":56.0,"turns":4.0},{"damage":17.0,"enemies":"Time Eater","floor":57.0,"turns":7.0},{"damage":8,"enemies":"Shield and Spear","floor":61,"turns":4},{"damage":75,"enemies":"The Heart","floor":62,"turns":6}],"seed_played":"720861782135415246","potions_obtained":[{"floor":5.0,"key":"SkillPotion"},{"floor":13.0,"key":"ColorlessPotion"},{"floor":16.0,"key":"EssenceOfSteel"},{"floor":19.0,"key":"Swift Potion"},{"floor":45.0,"key":"LiquidBronze"},{"floor":53.0,"key":"DistilledChaos"}],"is_trial":false,"path_per_floor":["M","?","M","?","M","E","R","E","T","?","T","R","E","M","R","B",null,"M","M","M","M","?","$","R","M","R","T","T","E","R","?","E","M","M","$","R","B",null,"M","M","?","T","$","R","E","M","T","T","$","?","E","M","E","$","R","B","B",null,"R","$","E","B",null],"character_chosen":"IRONCLAD","items_purchased":["Wild Strike","Happy Flower","Dota2Spire:DrumOfEndurance","BloodPotion","Shrug It Off+1","Bronze Scales","BlessingOfTheForge","Fruit Juice","Thread and Needle","Discovery+1","Sentinel+1","True Grit+1","FearPotion"],"campfire_rested":0,"item_purchase_floors":[23,23,23,23,35,35,35,43,43,49,54,54,60],"current_hp_per_floor":[67,67,66,66,68,36,45,14,14,19,19,28,24,19,28,22,60,66,68,54,53,53,53,68,62,73,73,73,47,62,58,24,30,36,55,73,49,67,63,63,63,63,63,73,64,70,70,70,70,74,72,69,75,75,78,64,58,73,78,78,76,19],"gold":52,"neow_bonus":"TRANSFORM_TWO_CARDS","is_daily":false,"chose_seed":false,"campfire_upgraded":9,"win_rate":0.0,"timestamp":1612013665,"path_taken":["M","?","M","?","M","E","R","E","T","?","?","R","E","M","R","BOSS","M","M","M","M","?","$","R","M","R","T","T","E","R","?","E","M","M","$","R","BOSS","M","M","?","?","?","R","E","?","T","T","$","?","E","M","E","$","R","BOSS","BOSS","R","$","E","BOSS"],"items_purchased_type":["Card","Relic","Relic","Potion","Card","Relic","Potion","Potion","Relic","Card","Card","Card","Potion"],"build_version":"2020-12-22","purchased_purges":0,"victory":true,"max_hp_per_floor":[75,68,68,68,68,68,68,68,68,73,73,73,73,73,73,73,73,73,73,73,73,73,73,73,73,73,73,73,73,73,73,73,73,73,73,73,73,73,73,73,73,73,73,73,78,78,78,78,78,78,78,78,78,78,78,78,78,78,78,78,78,78],"card_choices":[{"not_picked":["Warcry","Clash"],"picked":"Uppercut","floor":1.0},{"not_picked":["Headbutt","Pommel Strike"],"picked":"Perfected Strike","floor":3.0},{"not_picked":["Havoc","Combust"],"picked":"Fire Breathing","floor":5.0},{"not_picked":["Entrench","Sever Soul"],"picked":"Feel No Pain","floor":6.0},{"not_picked":["Whirlwind","Iron Wave"],"picked":"Flame Barrier","floor":8.0},{"not_picked":["Second Wind","Cleave"],"picked":"Pommel Strike","floor":13.0},{"not_picked":["True Grit","Hemokinesis"],"picked":"Perfected Strike","floor":14.0},{"not_picked":["Body Slam","Brutality","Rage"],"picked":"SKIP","floor":14.0},{"not_picked":["Bludgeon","Double Tap"],"picked":"Impervious","floor":16.0},{"not_picked":["Heavy Blade+1","Body Slam"],"picked":"Carnage","floor":18.0},{"not_picked":["Twin Strike","Thunderclap"],"picked":"Flame Barrier","floor":18.0},{"not_picked":["Pummel+1","Clash","Flex"],"picked":"SKIP","floor":19.0},{"not_picked":["Entrench","Sever Soul","Rage"],"picked":"SKIP","floor":19.0},{"not_picked":["Heavy Blade","Intimidate"],"picked":"Spot Weakness+1","floor":20.0},{"not_picked":["Iron Wave","Spot Weakness","Dropkick"],"picked":"SKIP","floor":20.0},{"not_picked":["Flex+1","Iron Wave"],"picked":"Twin Strike","floor":21.0},{"not_picked":["Spot Weakness+1","Metallicize"],"picked":"Ghostly Armor","floor":21.0},{"not_picked":["Heavy Blade","Disarm"],"picked":"Limit Break","floor":25.0},{"not_picked":["Heavy Blade","Whirlwind"],"picked":"Shrug It Off+1","floor":25.0},{"not_picked":["Clothesline","Clash"],"picked":"Seeing Red+1","floor":29.0},{"not_picked":["Heavy Blade","Headbutt"],"picked":"Wild Strike","floor":31.0},{"not_picked":["Thunderclap","Feel No Pain"],"picked":"Demon Form","floor":32.0},{"not_picked":["Heavy Blade","Rampage"],"picked":"Pommel Strike","floor":33.0},{"not_picked":["Clothesline","Hemokinesis","Entrench+1"],"picked":"SKIP","floor":33.0},{"not_picked":["Dual Wield+1","Headbutt"],"picked":"Wild Strike+1","floor":34.0},{"not_picked":["Warcry+1","Spot Weakness+1"],"picked":"Shrug It Off+1","floor":34.0},{"not_picked":["Fiend Fire","Bludgeon"],"picked":"Limit Break+1","floor":37.0},{"not_picked":["Anger+1","True Grit+1"],"picked":"Pommel Strike","floor":39.0},{"not_picked":["Body Slam","Havoc+1","Warcry+1"],"picked":"SKIP","floor":39.0},{"not_picked":["Exhume+1","Iron Wave"],"picked":"Shrug It Off+1","floor":40.0},{"not_picked":["Infernal Blade+1","Hemokinesis"],"picked":"Seeing Red+1","floor":40.0},{"not_picked":["Feel No Pain+1","Warcry+1","Bloodletting+1"],"picked":"SKIP","floor":45.0},{"not_picked":["Blood for Blood","Sentinel+1"],"picked":"Pommel Strike","floor":46.0},{"not_picked":["Havoc+1","Hemokinesis"],"picked":"Reckless Charge","floor":46.0},{"not_picked":["Entrench+1","Second Wind+1"],"picked":"Corruption","floor":50.0},{"not_picked":["Heavy Blade","Entrench+1"],"picked":"Sword Boomerang","floor":51.0},{"not_picked":["Clash","Sword Boomerang"],"picked":"Dark Embrace","floor":52.0},{"not_picked":["Havoc+1","Flame Barrier+1"],"picked":"Shrug It Off+1","floor":52.0},{"not_picked":["Armaments+1","Rampage"],"picked":"Wild Strike","floor":53.0},{"not_picked":["Pommel Strike+1","Heavy Blade+1"],"picked":"Power Through+1","floor":61}],"player_experience":2382058,"relics_obtained":[{"floor":6.0,"key":"Eternal Feather"},{"floor":8.0,"key":"Prayer Wheel"},{"floor":9.0,"key":"Dota2Spire:OctarineCore"},{"floor":11.0,"key":"Dota2Spire:ArcaneBoots"},{"floor":13.0,"key":"Lantern"},{"floor":27.0,"key":"Toy Ornithopter"},{"floor":28.0,"key":"Toxic Egg 2"},{"floor":29.0,"key":"Centennial Puzzle"},{"floor":31.0,"key":"Red Mask"},{"floor":32.0,"key":"CaptainsWheel"},{"floor":45.0,"key":"Dota2Spire:MagicBottle"},{"floor":47.0,"key":"Meat on the Bone"},{"floor":48.0,"key":"Dota2Spire:AghanimScepter"},{"floor":50.0,"key":"Lizard Tail"},{"floor":51.0,"key":"White Beast Statue"},{"floor":53.0,"key":"Dota2Spire:PowerTreads"},{"floor":61,"key":"Blue Candle"}],"event_choices":[{"damage_healed":0.0,"max_hp_gain":0.0,"max_hp_loss":7.0,"gold_gain":0.0,"event_name":"Golden Idol","player_choice":"Lose Max HP","floor":2.0,"gold_loss":0.0,"damage_taken":0.0,"relics_obtained":["Golden Idol"]},{"damage_healed":0.0,"max_hp_gain":0.0,"max_hp_loss":0.0,"gold_gain":68.0,"event_name":"Golden Wing","player_choice":"Gained Gold","floor":4.0,"gold_loss":0.0,"damage_taken":0.0},{"damage_healed":0.0,"max_hp_gain":5.0,"max_hp_loss":0.0,"gold_gain":0.0,"event_name":"Big Fish","player_choice":"Donut","floor":10.0,"gold_loss":0.0,"damage_taken":0.0},{"damage_healed":0.0,"max_hp_gain":0.0,"max_hp_loss":0.0,"gold_gain":0.0,"event_name":"Ghosts","player_choice":"Ignored","floor":22.0,"gold_loss":0.0,"damage_taken":0.0},{"damage_healed":0.0,"max_hp_gain":0.0,"max_hp_loss":0.0,"gold_gain":0.0,"event_name":"Masked Bandits","player_choice":"Fought Bandits","floor":31.0,"gold_loss":0.0,"damage_taken":0.0},{"damage_healed":0.0,"max_hp_gain":0.0,"max_hp_loss":0.0,"gold_gain":333.0,"event_name":"The Moai Head","player_choice":"Gave Idol","floor":41.0,"relics_lost":["Golden Idol"],"gold_loss":0.0,"damage_taken":0.0},{"damage_healed":0.0,"max_hp_gain":0.0,"max_hp_loss":0.0,"gold_gain":0.0,"event_name":"Mysterious Sphere","player_choice":"Fight","floor":50.0,"gold_loss":0.0,"damage_taken":0.0}],"is_beta":false,"boss_relics":[{"not_picked":["Black Star","Ectoplasm"],"picked":"Dota2Spire:Bloodstone"},{"not_picked":["Pandora\u0027s Box","Velvet Choker"],"picked":"Coffee Dripper"}],"items_purged_floors":[],"is_endless":false,"potions_floor_spawned":[5,13,16,19,20,32,33,45,50,51,52,53,61],"ascension_level":20}}