{"host":"312klq0911jlgvh2","time":1612040308,"event":{"mods":["100% Spire Juice","2.2 Compatiblity","AchievementEnabler","Act Like it!","Ascension Unlocker","Aspiration","Astrologer","BaseMod","Beaked The Cultist","Block Reminder","Chen","Clockwork Mod","Colored Powertips","Conspire","Custom Start","Downfall","Energized Spire","Evolution","Friendly Minions","Gensokyo","GifTheSpireLib","Gold Saver","GungeonMod","Halation","Hermit","HololiveMod","Hubris","Infinite Spire","Jedi Mod","Koishi","Marisa????????","Mimic Mod","Minty Spire (QoL Compilation)","Prisma Mod","Random Character Button","Reimu??????","Relic Sorter","Reliquary","Remilia??????","Replay The Spire","Retaliation","RumiaBox-????????","Spikes Relics","StS++","StSLib","Stuff the Spire","Synergy Search","The Animator","The Blue Laboratory","The Bug Knight","The Poker Player","TheVacant","Trackpad","Uncapped","UnlockEverythingMod","yUi"],"gold_per_floor":[604,674,674,693,709,741,741,741,768,796,796,796,796,811,811,811,811],"floor_reached":16,"language":"ENG","playtime":638,"items_purged":[],"score":108,"play_id":"b32bd30c-8e7d-4c3e-8fc1-3d225ad32a3a","local_time":"20210130155828","is_ascension_mode":false,"campfire_choices":[{"data":"jedi:fear","floor":8,"key":"SMITH"},{"floor":11,"key":"REST"},{"data":"Beam Cell","floor":13,"key":"SMITH"},{"data":"Replay:Undeath\u0027s Touch","floor":15,"key":"SMITH"}],"circlet_count":0,"master_deck":["Wild Strike","Strike_R","Strike_R","Strike_R","Strike_R","Defend_R","Defend_R","Defend_R","Defend_R","Bash","jedi:fear+1","Stack","BootSequence","Replay:Undeath\u0027s Touch+1"],"relics":["Burning Blood","EVO:Axolotl","aspiration:Nostalgia","m_SpellCore","Baka","AddBug","SecretRecord","SecretRecord"],"acts_visited":["Exordium"],"potions_floor_usage":[6],"damage_taken":[{"damage":0,"enemies":"conspire:RoseBush","floor":1,"turns":3},{"damage":60,"enemies":"Jaw Worm","floor":4,"turns":8},{"damage":7,"enemies":"2 Louse","floor":5,"turns":2},{"damage":9,"enemies":"HollowMod:MossKnight","floor":6,"turns":8},{"damage":9,"enemies":"Gremlin Nob","floor":10,"turns":3},{"damage":0,"enemies":"Blue Slaver","floor":14,"turns":2},{"damage":51,"enemies":"Slime Boss","floor":16,"turns":9}],"seed_played":"-6283119358455758193","potions_obtained":[{"floor":1,"key":"jedi:StrikingPotion"},{"floor":6,"key":"BlessingOfTheForge"}],"is_trial":false,"path_per_floor":["M","?","?","M","M","E","?","R","T","E","R","MIM","R","M","R","B"],"character_chosen":"IRONCLAD","items_purchased":[],"campfire_rested":1,"item_purchase_floors":[],"current_hp_per_floor":[80,80,80,26,25,22,22,22,22,19,43,43,43,49,49,0,0],"gold":811,"neow_bonus":"NOSTALGIA","is_daily":false,"chose_seed":false,"campfire_upgraded":3,"win_rate":0.0,"timestamp":1612040308,"path_taken":["M","?","?","?","M","E","?","R","T","E","R","?","R","M","R","BOSS"],"items_purchased_type":[],"build_version":"2020-12-22","purchased_purges":0,"victory":false,"max_hp_per_floor":[80,80,80,80,80,80,80,80,80,80,80,80,80,80,80,80,80],"card_choices":[{"not_picked":["jedi:collectorstrike","ReplayTheSpireMod:System Scan"],"picked":"jedi:fear","floor":1},{"not_picked":["DDmod:ScaleUpSkill","Gash"],"picked":"Stack","floor":4},{"not_picked":["StSpp:Sprint","Loop"],"picked":"Thunderclap","floor":5},{"not_picked":["Anger","Run Through"],"picked":"BootSequence","floor":6},{"not_picked":["StuffTheSpire:Resist","StSpp:TheBiggerTheyAre"],"picked":"Beam Cell","floor":10},{"not_picked":["StuffTheSpire:Slingshot","StSpp:Succumb"],"picked":"Replay:Undeath\u0027s Touch","floor":14}],"player_experience":546419,"relics_obtained":[{"floor":1,"key":"Baka"},{"floor":1,"key":"AddBug"},{"floor":6,"key":"King of Hearts"},{"floor":9,"key":"trackpad:BottledAnger"},{"floor":10,"key":"SecretRecord"}],"event_choices":[{"damage_healed":0,"gold_gain":70,"player_choice":"Gained Gold","damage_taken":0,"max_hp_gain":0,"max_hp_loss":0,"event_name":"Golden Wing","floor":2,"gold_loss":0}],"is_beta":false,"boss_relics":[],"items_purged_floors":[],"is_endless":false,"potions_floor_spawned":[1,6,10],"killed_by":"Slime Boss","ascension_level":0}}