{"host":"yj06x81tgpxxnx6a","time":1612028557,"event":{"mods":["Act Like it!","BaseMod","Better Third Choice","BetterRewards","GifTheSpireLib","GungeonMod","Halation","Hallownest","Hubris","Infinite Spire","Mimic Mod","Minty Spire (QoL Compilation)","Quick Restart","Reliquary","Replay The Spire","Spire Arcade","StSLib"],"gold_per_floor":[122,122,141,194,204,204,220,16,16,26,126,126,158,169,169,275,275,290,303,303,327,340,340,366,21,21,21,40,67,132,170,196,196,206,206],"floor_reached":34,"language":"ENG","playtime":3657,"items_purged":[],"score":305,"play_id":"e4201809-b9b1-492d-81a0-84ae082b004a","local_time":"20210130104237","is_ascension_mode":false,"campfire_choices":[{"floor":6,"key":"REST"},{"floor":12,"key":"REST"},{"floor":23,"key":"REST"},{"data":"DemoMod:TeaPot","floor":27,"key":"SMITH"},{"floor":33,"key":"REST"}],"circlet_count":0,"master_deck":["DemoMod:Strike_Huntress","DemoMod:Strike_Huntress","DemoMod:Strike_Huntress","DemoMod:Defend_Huntress","DemoMod:Defend_Huntress","DemoMod:Defend_Huntress","DemoMod:Defend_Huntress","DemoMod:Roll","DemoMod:ManualReload","DemoMod:RustySidearm","DemoMod:CrossBow","DemoMod:ChanceBullets","DemoMod:HuntsMan","DemoMod:GunstockTap+1","DemoMod:FastSwitch","DemoMod:SniperShot","DemoMod:ZorGun","DemoMod:MachoBrace","DemoMod:HungryBullets","DemoMod:TeaPot+1","DemoMod:SkilledReload","DemoMod:ChanceBullets","DemoMod:BoxingGlove+1","DemoMod:TeaPot+1","DemoMod:BattleInHaste","DemoMod:ThirdPartyController+1","DemoMod:Slinger+1","DemoMod:MachoBrace","DemoMod:GunslingerForm+1","DemoMod:RadGun","DemoMod:CombinedRifle","DemoMod:TeaPot+1","DemoMod:Unmoved+1","DemoMod:DoubleVision+1","hubris:EnhanceAbility+1","DemoMod:BSG+1","DemoMod:PotionOfGunFriendShip+1","DemoMod:ChanceBullets+1","DemoMod:ShadowBullets","DemoMod:BattleInHaste","DemoMod:PracticeMakesPerfect+1","DemoMod:StickyCrossBow+1","DemoMod:DirectionalPad+1"],"relics":["DemoMod:Dog","Lizard Tail","Golden Egg","hubris:BottledRain","Black Star","Vajra","halation:LettersToHer","halation:IllGainedPizza","Blood Vial"],"acts_visited":["Exordium","Exordium","Hallownest:CityofTears"],"potions_floor_usage":[32,34,34],"damage_taken":[{"damage":0,"enemies":"Jaw Worm","floor":1,"turns":5},{"damage":0,"enemies":"Cultist","floor":3,"turns":4},{"damage":13,"enemies":"2 Louse","floor":4,"turns":3},{"damage":19,"enemies":"Exordium Thugs","floor":5,"turns":5},{"damage":18,"enemies":"Lots of Slimes","floor":7,"turns":7},{"damage":2,"enemies":"Red Slaver","floor":10,"turns":3},{"damage":28,"enemies":"3 Sentries","floor":13,"turns":8},{"damage":4,"enemies":"Gremlin Gang","floor":14,"turns":3},{"damage":52,"enemies":"The Guardian","floor":16,"turns":12},{"damage":34,"enemies":"Hallownest:3_Youths","floor":18,"turns":5},{"damage":15,"enemies":"Hallownest:Flukemon_and_Top","floor":19,"turns":8},{"damage":0,"enemies":"Hallownest:monsterShrumalOgre","floor":22,"turns":4},{"damage":23,"enemies":"Hallownest:eliteWatcherKnight","floor":24,"turns":12},{"damage":0,"enemies":"DemoMod:4_Bullet_Kins","floor":28,"turns":2},{"damage":11,"enemies":"DemoMod:2_Veteran_bullet_kins_and_red_shotgun_kin","floor":29,"turns":4},{"damage":12,"enemies":"DemoMod:2_Mousers","floor":30,"turns":3},{"damage":33,"enemies":"DemoMod:Red_and_blue_shotgun_kin_with_gunsinger","floor":31,"turns":5},{"damage":18,"enemies":"DemoMod:Veteran_shot_gun_kin_and_blue_shotgun_kin_with_gunsinger","floor":32,"turns":2},{"damage":25,"enemies":"DemoMod:ResourcefulRat","floor":34,"turns":4}],"seed_played":"3344584118331525653","potions_obtained":[{"floor":1,"key":"Milkshake"},{"floor":7,"key":"FearPotion"},{"floor":13,"key":"SteroidPotion"},{"floor":16,"key":"Strength Potion"},{"floor":30,"key":"DistilledChaos"},{"floor":31,"key":"Dexterity Potion"},{"floor":32,"key":"LiquidMemories"}],"is_trial":false,"path_per_floor":["M","?","M","M","M","R","M","$","T","M","?","R","E","M","R","B",null,"M","M","$","T","M","R","E","$","T","R","M","M","M","M","M","R","B"],"character_chosen":"HUNTRESS","items_purchased":["DemoMod:GnawedKey","DemoMod:ChanceBullets","DemoMod:HuntsMan","DemoMod:GunstockTap+1","DemoMod:FastSwitch","DemoMod:SniperShot","DemoMod:ChanceBullets","DemoMod:BoxingGlove+1","DemoMod:TeaPot","DemoMod:BattleInHaste","Vajra","hubris:EnhanceAbility","DemoMod:BSG+1","DemoMod:PotionOfGunFriendShip"],"campfire_rested":4,"item_purchase_floors":[0,0,0,0,0,0,8,8,8,8,20,25,25,25],"current_hp_per_floor":[56,56,56,43,24,45,27,27,27,25,25,46,18,14,35,41,70,36,21,11,11,11,32,9,9,70,70,70,59,49,18,2,23,0,0],"gold":206,"neow_bonus":"","is_daily":false,"chose_seed":false,"campfire_upgraded":1,"win_rate":0.0,"timestamp":1612028557,"path_taken":["M","?","?","M","?","R","M","?","T","M","?","R","E","?","R","BOSS","M","?","?","?","M","R","E","$","T","R","M","M","M","M","M","R","BOSS"],"items_purchased_type":["Relic","Card","Card","Card","Card","Card","Card","Card","Card","Card","Relic","Card","Card","Card"],"build_version":"2020-12-22","purchased_purges":0,"victory":false,"max_hp_per_floor":[70,70,70,70,70,70,70,70,70,70,70,70,70,70,70,70,70,70,70,70,70,70,70,70,70,70,70,70,70,70,70,70,70,70,70],"card_choices":[{"not_picked":["DemoMod:Polaris","DemoMod:Ejector"],"picked":"DemoMod:ZorGun","floor":1},{"not_picked":["DemoMod:GunstockTap","DemoMod:ConditionalReflex"],"picked":"DemoMod:MachoBrace","floor":3},{"not_picked":["DemoMod:ProbeStrike","DemoMod:BattleInHaste"],"picked":"DemoMod:HungryBullets","floor":4},{"not_picked":["DemoMod:GunstockTap","DemoMod:ConditionalReflex"],"picked":"DemoMod:TeaPot","floor":5},{"not_picked":["DemoMod:FastSwitch","DemoMod:JK47"],"picked":"DemoMod:SkilledReload","floor":7},{"not_picked":["DemoMod:BattleInHaste","DemoMod:GunstockTap"],"picked":"DemoMod:ThirdPartyController","floor":10},{"not_picked":["DemoMod:AbyssalTentacle","DemoMod:HardPowerCard"],"picked":"DemoMod:Slinger","floor":13},{"not_picked":["DemoMod:Ejector","DemoMod:SkilledReload"],"picked":"DemoMod:MachoBrace","floor":14},{"not_picked":["DemoMod:FullFirepower","DemoMod:BalloonGun"],"picked":"DemoMod:GunslingerForm","floor":16},{"not_picked":["DemoMod:HuntsMan","DemoMod:ConditionalReflex"],"picked":"DemoMod:RadGun","floor":18},{"not_picked":["DemoMod:MegaHand","DemoMod:SAA"],"picked":"DemoMod:CombinedRifle","floor":19},{"not_picked":["DemoMod:FastSwitch","DemoMod:SAA"],"picked":"DemoMod:TeaPot+1","floor":19},{"not_picked":["DemoMod:FeignSurrender","DemoMod:PotionOfGunFriendShip"],"picked":"DemoMod:Unmoved+1","floor":22},{"not_picked":["DemoMod:BattleInHaste","DemoMod:MachoBrace"],"picked":"DemoMod:DoubleVision","floor":24},{"not_picked":["DemoMod:FeignSurrender","DemoMod:SkilledReload+1"],"picked":"DemoMod:ChanceBullets+1","floor":28},{"not_picked":["DemoMod:HardPowerCard+1","DemoMod:GunstockTap+1"],"picked":"DemoMod:ShadowBullets","floor":28},{"not_picked":["DemoMod:Unmoved","DemoMod:AbyssalTentacle+1"],"picked":"DemoMod:BattleInHaste","floor":29},{"not_picked":["DemoMod:TeaPot","DemoMod:HuntsMan+1"],"picked":"DemoMod:PracticeMakesPerfect+1","floor":30},{"not_picked":["DemoMod:LifeOrb","DemoMod:DirectionalPad+1"],"picked":"DemoMod:StickyCrossBow+1","floor":31},{"not_picked":["DemoMod:Ejector","DemoMod:SAA+1"],"picked":"DemoMod:DirectionalPad+1","floor":32}],"player_experience":223977,"relics_obtained":[{"floor":9,"key":"Golden Egg"},{"floor":13,"key":"hubris:BottledRain"},{"floor":21,"key":"halation:LettersToHer"},{"floor":24,"key":"halation:IllGainedPizza"},{"floor":24,"key":"Blood Vial"}],"event_choices":[{"damage_healed":0,"gold_gain":0,"player_choice":"Ignored","damage_taken":0,"max_hp_gain":0,"max_hp_loss":0,"event_name":"NoteForYourself","floor":2,"gold_loss":0},{"damage_healed":0,"gold_gain":100,"player_choice":"Pray","damage_taken":0,"max_hp_gain":0,"max_hp_loss":0,"event_name":"Golden Shrine","floor":11,"gold_loss":0}],"is_beta":false,"boss_relics":[{"not_picked":["Busted Crown","reliquary:WritOfMandamus"],"picked":"Black Star"}],"items_purged_floors":[],"is_endless":false,"potions_floor_spawned":[1,7,13,14,16,24,30,31,32],"killed_by":"DemoMod:ResourcefulRat","ascension_level":0}}