{"host":"bxn2em57qlx5u4i0","time":1612016556,"event":{"mods":["BaseMod","Colored Map","Colored Powertips","Highlight Path","Minty Spire (QoL Compilation)","Random Character Button","Relic Sorter","Relic Stats","StSLib","SuperFastMode"],"gold_per_floor":[110,185,110,121,20,20,55,55,55,84,103,3,3,34,34,112,112,131,131,6,6,21,47,47,62,62,62,62,93,110,124,124,200,200,219,238,238,88,108,108,139,139,139,169,189,189,214,214,214,214,214,214,214,47,47,47],"floor_reached":55,"language":"ENG","playtime":1821,"items_purged":["Strike_G","Strike_G","Strike_G","Injury"],"score":2143,"play_id":"24773814-a7f1-4813-ba58-9287cad5ac71","local_time":"20210130092236","is_ascension_mode":true,"campfire_choices":[{"data":"Dagger Spray","floor":6.0,"key":"SMITH"},{"data":"Envenom","floor":8.0,"key":"SMITH"},{"data":"Neutralize","floor":13.0,"key":"SMITH"},{"data":"Blade Dance","floor":15.0,"key":"SMITH"},{"data":"Catalyst","floor":24.0,"key":"SMITH"},{"data":"Malaise","floor":28.0,"key":"SMITH"},{"data":"Noxious Fumes","floor":32.0,"key":"SMITH"},{"data":"Burst","floor":40.0,"key":"SMITH"},{"data":"After Image","floor":42.0,"key":"SMITH"},{"floor":49.0,"key":"RECALL"},{"data":"Catalyst","floor":53.0,"key":"SMITH"}],"circlet_count":0,"master_deck":["AscendersBane","Defend_G","Defend_G","Defend_G","Defend_G","Defend_G","Survivor","Dagger Spray+1","Escape Plan","Quick Slash","Envenom+1","Blade Dance+1","After Image+1","Catalyst+1","Malaise+1","Setup","Noxious Fumes+1","Burst+1","Adrenaline","Madness","Madness","Catalyst+1"],"relics":["Ring of the Snake","NeowsBlessing","Bag of Preparation","Mercury Hourglass","Singing Bowl","Gambling Chip","Cursed Key","Matryoshka","Toy Ornithopter","Pantograph","Potion Belt","Coffee Dripper","Lantern","Lizard Tail","Juzu Bracelet","Nunchaku"],"acts_visited":["Exordium","TheCity","TheBeyond","TheEnding"],"potions_floor_usage":[],"damage_taken":[{"damage":0.0,"enemies":"Jaw Worm","floor":1.0,"turns":1.0},{"damage":0.0,"enemies":"Small Slimes","floor":4.0,"turns":1.0},{"damage":0.0,"enemies":"Lagavulin","floor":7.0,"turns":1.0},{"damage":30.0,"enemies":"Gremlin Nob","floor":10.0,"turns":4.0},{"damage":0.0,"enemies":"2 Louse","floor":11.0,"turns":2.0},{"damage":5.0,"enemies":"Lagavulin","floor":14.0,"turns":4.0},{"damage":3.0,"enemies":"Hexaghost","floor":16.0,"turns":8.0},{"damage":0.0,"enemies":"Chosen","floor":18.0,"turns":4.0},{"damage":0.0,"enemies":"Shell Parasite","floor":22.0,"turns":4.0},{"damage":1.0,"enemies":"Slavers","floor":23.0,"turns":6.0},{"damage":0.0,"enemies":"Cultist and Chosen","floor":25.0,"turns":3.0},{"damage":16.0,"enemies":"Gremlin Leader","floor":29.0,"turns":10.0},{"damage":6.0,"enemies":"Shelled Parasite and Fungi","floor":30.0,"turns":7.0},{"damage":0.0,"enemies":"Snecko","floor":31.0,"turns":4.0},{"damage":32.0,"enemies":"Collector","floor":33.0,"turns":8.0},{"damage":5.0,"enemies":"3 Shapes","floor":35.0,"turns":4.0},{"damage":0.0,"enemies":"Orb Walker","floor":36.0,"turns":4.0},{"damage":22.0,"enemies":"Sphere and 2 Shapes","floor":39.0,"turns":5.0},{"damage":0.0,"enemies":"Giant Head","floor":41.0,"turns":5.0},{"damage":7.0,"enemies":"Reptomancer","floor":44.0,"turns":3.0},{"damage":0.0,"enemies":"Writhing Mass","floor":45.0,"turns":7.0},{"damage":0.0,"enemies":"Giant Head","floor":47.0,"turns":5.0},{"damage":42.0,"enemies":"Awakened One","floor":50.0,"turns":18.0},{"damage":65.0,"enemies":"Donu and Deca","floor":51.0,"turns":10.0},{"damage":134,"enemies":"Shield and Spear","floor":55,"turns":8}],"seed_played":"5591020899997810191","potions_obtained":[{"floor":4.0,"key":"Fruit Juice"},{"floor":7.0,"key":"Energy Potion"},{"floor":10.0,"key":"CunningPotion"},{"floor":18.0,"key":"Dexterity Potion"},{"floor":23.0,"key":"Dexterity Potion"},{"floor":33.0,"key":"ColorlessPotion"},{"floor":36.0,"key":"SteroidPotion"},{"floor":39.0,"key":"GamblersBrew"},{"floor":45.0,"key":"PowerPotion"}],"is_trial":false,"path_per_floor":["M","?","?","M","$","R","E","R","T","E","M","$","R","E","R","B",null,"M","?","$","?","M","E","R","M","T","?","R","E","M","M","R","B",null,"M","M","?","$","M","R","E","R","T","E","M","?","E","?","R","B","B",null,"R","$","E"],"character_chosen":"THE_SILENT","items_purchased":["Quick Slash","Nunchaku"],"campfire_rested":0,"item_purchase_floors":[5,54],"current_hp_per_floor":[59,48,48,48,48,48,48,48,48,25,27,27,27,22,22,19,61,63,63,63,63,65,64,64,66,66,66,66,55,51,53,53,46,75,72,74,74,74,59,59,61,61,61,54,61,44,44,44,44,37,2,72,72,72,0,0],"gold":47,"neow_bonus":"THREE_ENEMY_KILL","is_daily":false,"chose_seed":false,"campfire_upgraded":10,"win_rate":0.0,"timestamp":1612016556,"path_taken":["M","?","?","M","$","R","E","R","T","E","M","?","R","E","R","BOSS","M","?","$","?","?","E","R","?","T","?","R","E","M","M","R","BOSS","M","?","?","$","M","R","E","R","T","E","M","?","E","?","R","BOSS","BOSS","R","$","E"],"items_purchased_type":["Card","Relic"],"build_version":"2020-12-22","purchased_purges":4,"victory":false,"max_hp_per_floor":[66,66,66,66,66,66,66,66,66,73,75,75,75,75,75,75,75,77,77,77,77,79,79,79,81,81,81,81,81,83,85,85,85,85,87,89,89,89,91,91,93,93,93,93,95,95,95,95,95,95,95,95,95,95,95,95],"relic_stats":{"Singing Bowl":24,"counters":[25,136],"Bag of Preparation":[44],"Juzu Bracelet":0,"Cursed Key":1,"Mercury Hourglass":[493],"Lizard Tail":47,"Nunchaku":[1],"Gambling Chip":[82],"Pantograph":75,"obtain_stats":[{"Potion Belt":29,"Lantern":41,"NeowsBlessing":0,"Singing Bowl":10,"Bag of Preparation":7,"Juzu Bracelet":47,"Cursed Key":17,"Mercury Hourglass":9,"Lizard Tail":44,"Nunchaku":54,"Matryoshka":21,"Gambling Chip":14,"Pantograph":26,"Coffee Dripper":34,"Toy Ornithopter":23,"Ring of the Snake":0},{"Potion Belt":12,"Lantern":19,"NeowsBlessing":0,"Singing Bowl":4,"Bag of Preparation":3,"Juzu Bracelet":22,"Cursed Key":7,"Mercury Hourglass":3,"Lizard Tail":20,"Nunchaku":24,"Matryoshka":8,"Gambling Chip":6,"Pantograph":11,"Coffee Dripper":15,"Toy Ornithopter":10,"Ring of the Snake":0},{"Potion Belt":48,"Lantern":85,"NeowsBlessing":0,"Singing Bowl":7,"Bag of Preparation":3,"Juzu Bracelet":100,"Cursed Key":21,"Mercury Hourglass":3,"Lizard Tail":88,"Nunchaku":128,"Matryoshka":25,"Gambling Chip":13,"Pantograph":38,"Coffee Dripper":67,"Toy Ornithopter":35,"Ring of the Snake":0}],"Toy Ornithopter":30,"Ring of the Snake":[50]},"card_choices":[{"not_picked":["PiercingWail","Flying Knee"],"picked":"Dagger Spray","floor":1.0},{"not_picked":["Backstab","Underhanded Strike"],"picked":"Escape Plan","floor":4.0},{"not_picked":["Bane","Acrobatics"],"picked":"Envenom","floor":7.0},{"not_picked":["Prepared","Acrobatics","Predator"],"picked":"Singing Bowl","floor":10.0},{"not_picked":["Cloak And Dagger","Acrobatics","Quick Slash"],"picked":"Singing Bowl","floor":11.0},{"not_picked":["Prepared","Deadly Poison"],"picked":"Blade Dance","floor":14.0},{"not_picked":["Glass Knife","Bullet Time"],"picked":"After Image","floor":16.0},{"not_picked":["Sucker Punch","Prepared","Poisoned Stab"],"picked":"Singing Bowl","floor":18.0},{"not_picked":["Dagger Spray","Prepared","PiercingWail"],"picked":"Singing Bowl","floor":22.0},{"not_picked":["PiercingWail","Sucker Punch"],"picked":"Malaise","floor":23.0},{"not_picked":["Cloak And Dagger","Poisoned Stab","Slice+1"],"picked":"Singing Bowl","floor":25.0},{"not_picked":["Bouncing Flask","Dodge and Roll"],"picked":"Noxious Fumes","floor":29.0},{"not_picked":["Quick Slash","Terror","Deadly Poison"],"picked":"Singing Bowl","floor":30.0},{"not_picked":["Outmaneuver","Noxious Fumes","Terror"],"picked":"Singing Bowl","floor":31.0},{"not_picked":["Malaise","Grand Finale"],"picked":"Burst","floor":33.0},{"not_picked":["Distraction","Flying Knee+1","Reflex"],"picked":"Singing Bowl","floor":35.0},{"not_picked":["Distraction","Deadly Poison+1","Poisoned Stab"],"picked":"Singing Bowl","floor":36.0},{"not_picked":["Noxious Fumes","Backstab","Die Die Die"],"picked":"Singing Bowl","floor":39.0},{"not_picked":["Riddle With Holes","Endless Agony","Acrobatics"],"picked":"Singing Bowl","floor":41.0},{"not_picked":["Finisher+1","Dagger Spray"],"picked":"Adrenaline","floor":44.0},{"not_picked":["Deadly Poison","Slice","Noxious Fumes+1"],"picked":"Singing Bowl","floor":45.0},{"not_picked":["Deadly Poison","Underhanded Strike"],"picked":"Catalyst","floor":47.0}],"player_experience":2973015,"relics_obtained":[{"floor":7.0,"key":"Bag of Preparation"},{"floor":9.0,"key":"Mercury Hourglass"},{"floor":10.0,"key":"Singing Bowl"},{"floor":14.0,"key":"Gambling Chip"},{"floor":21.0,"key":"Matryoshka"},{"floor":23.0,"key":"Toy Ornithopter"},{"floor":26.0,"key":"Pantograph"},{"floor":29.0,"key":"Potion Belt"},{"floor":41.0,"key":"Lantern"},{"floor":44.0,"key":"Lizard Tail"},{"floor":47.0,"key":"Juzu Bracelet"}],"event_choices":[{"damage_healed":0.0,"max_hp_gain":0.0,"max_hp_loss":0.0,"gold_gain":75.0,"event_name":"World of Goop","player_choice":"Gather Gold","floor":2.0,"gold_loss":0.0,"damage_taken":11.0},{"cards_removed":["Strike_G"],"damage_healed":0.0,"max_hp_gain":0.0,"max_hp_loss":0.0,"gold_gain":0.0,"event_name":"The Cleric","player_choice":"Card Removal","floor":3.0,"gold_loss":75.0,"damage_taken":0.0},{"damage_healed":0.0,"max_hp_gain":0.0,"max_hp_loss":0.0,"gold_gain":0.0,"event_name":"The Library","player_choice":"Read","floor":19.0,"gold_loss":0.0,"damage_taken":0.0,"cards_obtained":["Catalyst"]},{"damage_healed":0.0,"max_hp_gain":0.0,"max_hp_loss":0.0,"gold_gain":0.0,"event_name":"Wheel of Change","player_choice":"Relic","floor":21.0,"gold_loss":0.0,"damage_taken":0.0},{"damage_healed":0.0,"max_hp_gain":0.0,"max_hp_loss":0.0,"gold_gain":0.0,"cards_transformed":["Strike_G"],"event_name":"Transmorgrifier","player_choice":"Transformed","floor":27.0,"gold_loss":0.0,"damage_taken":0.0,"cards_obtained":["Setup"]},{"cards_removed":["Neutralize"],"damage_healed":0.0,"max_hp_gain":0.0,"max_hp_loss":0.0,"gold_gain":0.0,"event_name":"Falling","player_choice":"Removed Attack","floor":37.0,"gold_loss":0.0,"damage_taken":0.0},{"damage_healed":0.0,"max_hp_gain":0.0,"max_hp_loss":0.0,"gold_gain":0.0,"event_name":"Winding Halls","player_choice":"Embrace Madness","floor":46.0,"gold_loss":0.0,"damage_taken":17.0,"cards_obtained":["Madness","Madness"]},{"damage_healed":0.0,"max_hp_gain":0.0,"max_hp_loss":0.0,"gold_gain":0.0,"event_name":"Match and Keep!","player_choice":"0 cards matched","floor":48.0,"gold_loss":0.0,"damage_taken":0.0,"cards_obtained":[]}],"is_beta":false,"boss_relics":[{"not_picked":["HoveringKite","Snecko Eye"],"picked":"Cursed Key"},{"not_picked":["SlaversCollar","Philosopher\u0027s Stone"],"picked":"Coffee Dripper"}],"items_purged_floors":[5,12,20,38],"is_endless":false,"potions_floor_spawned":[4,7,10,18,23,33,36,39,45],"killed_by":"Shield and Spear","ascension_level":20}}