{"host":"0ricjaa7rfq9v76t","time":1612001480,"event":{"mods":["AchievementEnabler","Aspiration","BaseMod","Better Altar","Better Match","Better Sensory Stone","Better Skull","Better Vampires","BetterRewards","Colored Powertips","Downfall","Energized Spire","Highlight Path","Hubris","Infinite Spire","Minty Spire (QoL Compilation)","Quick Restart","Rare Cards Sparkle","Relic Sorter","Reliquary","Replay The Spire","StSLib","SuperFastMode","Synergy Search","The Cursed","The Disciple","The Jungle","The Marked","The Mystic","Uncapped"],"gold_per_floor":[117,117,117,17,17,17,52,52,78,94,94,17,17,17,17,122,122,142,142,142,156,78,78,93,93,93,93,93,106,106,118,118,215,215,235,235,235,249,259,259,259,259,330,347,76,1,15,27,27,27,27],"floor_reached":50,"language":"ENG","playtime":2519,"items_purged":["Strike_B","Defend_B","Strike_B","Parasite"],"score":686,"play_id":"9019aadd-bdf8-4685-aad3-663e85e67aaf","local_time":"20210130181120","is_ascension_mode":false,"campfire_choices":[{"data":"Apotheosis","floor":6,"key":"SMITH"},{"data":"Streamline","floor":8,"key":"SMITH"},{"floor":11,"key":"REST"},{"floor":15,"key":"REST"},{"data":"Buffer","floor":23,"key":"SMITH"},{"data":"ReplayTheSpireMod:Black Plague","floor":27,"key":"SMITH"},{"data":"Storm","floor":30,"key":"SMITH"},{"data":"Echo Form","floor":40,"key":"SMITH"},{"data":"Zap","floor":42,"key":"SMITH"}],"circlet_count":0,"master_deck":["Zap+1","Dualcast+1","Apotheosis+1","Streamline+1","Undo+1","Buffer","Leap+1","hubris:PowerSurge+1","ReplayTheSpireMod:Black Plague+1","Buffer+1","Ball Lightning","infinitespire:NeuralNetwork","Gash","Storm+1","Conserve Battery+1","Double Energy+1","Echo Form+1","Self Repair+1","Reinforced Body+1","Capacitor+1","Static Discharge+1","Gash+1","Gash"],"relics":["Cracked Core","Ring of Hypnosis","hubris:TenFootPole","Gremlin Food","Prayer Wheel","Frozen Eye","hubris:BottledHeart","aspiration:FaultyCoupler","Garlic","Astrolabe","hubris:Towel","hubris:SoftwareUpdate","Dream Catcher"],"acts_visited":["TheCity","TheBeyond"],"potions_floor_usage":[32,50,50,50],"damage_taken":[{"damage":5,"enemies":"2 Louse","floor":1,"turns":2},{"damage":20,"enemies":"3 Sentries","floor":7,"turns":5},{"damage":0,"enemies":"Small Slimes","floor":10,"turns":2},{"damage":0,"enemies":"The Guardian","floor":16,"turns":8},{"damage":0,"enemies":"Chosen","floor":18,"turns":4},{"damage":0,"enemies":"2 Thieves","floor":21,"turns":3},{"damage":0,"enemies":"Snake Plant","floor":24,"turns":4},{"damage":0,"enemies":"Snecko","floor":29,"turns":3},{"damage":0,"enemies":"Cultist and Chosen","floor":31,"turns":5},{"damage":0,"enemies":"hubris:MusketHawk","floor":33,"turns":7},{"damage":0,"enemies":"Orb Walker","floor":35,"turns":3},{"damage":0,"enemies":"3 Shapes","floor":38,"turns":5},{"damage":0,"enemies":"3 Darklings","floor":39,"turns":5},{"damage":0,"enemies":"Writhing Mass","floor":44,"turns":4},{"damage":0,"enemies":"Transient","floor":47,"turns":5},{"damage":0,"enemies":"Sphere and 2 Shapes","floor":48,"turns":6},{"damage":4,"enemies":"Replay:Hell Engine","floor":50,"turns":10}],"seed_played":"1886544835602861610","potions_obtained":[{"floor":10,"key":"Fire Potion"},{"floor":16,"key":"hexamod:SoulburnPotion"},{"floor":18,"key":"Milkshake"},{"floor":32,"key":"Fruit Juice"},{"floor":32,"key":"PotionOfCapacity"},{"floor":35,"key":"infinitespire:BlackPotion"},{"floor":47,"key":"PowerPotion"}],"is_trial":false,"path_per_floor":["M","?","?","$","?","R","E","R","T","M","R","$","?","?","R","B",null,"M","AVR","?","M","$","R","M","?","T","R","?","M","R","M","R","B",null,"M","?","?","M","M","R","?","R","T","M","$","?","M","M","R","B"],"character_chosen":"DEFECT","items_purchased":["Apotheosis","hubris:PowerSurge","Storm","Dream Catcher"],"campfire_rested":2,"item_purchase_floors":[0,12,22,45],"current_hp_per_floor":[61,61,61,61,61,61,41,41,41,41,63,63,54,54,75,75,75,75,75,1,1,1,1,1,1,1,1,1,1,1,1,1,1,1,1,1,1,1,1,1,1,1,1,1,1,1,1,1,1,0,0],"gold":27,"neow_bonus":"","is_daily":false,"chose_seed":false,"campfire_upgraded":7,"win_rate":0.0,"timestamp":1612001480,"path_taken":["M","?","?","$","?","R","E","R","T","M","R","$","?","?","R","BOSS","M","AVR","?","M","$","R","M","?","T","R","?","M","R","?","R","BOSS","M","?","?","M","M","R","?","R","T","M","$","?","M","?","R","BOSS"],"items_purchased_type":["Card","Card","Card","Relic"],"build_version":"2020-12-22","purchased_purges":4,"victory":false,"max_hp_per_floor":[75,75,75,75,75,75,75,75,75,75,75,75,75,75,75,75,75,75,75,1,1,1,1,1,1,1,1,1,1,1,1,1,1,1,1,1,1,1,1,1,1,1,1,1,1,1,1,1,1,1,1],"card_choices":[{"not_picked":["Beam Cell","Cold Snap"],"picked":"Streamline","floor":1},{"not_picked":["Thunder Strike","Sweeping Beam"],"picked":"Buffer","floor":7},{"not_picked":["Recycle","Streamline"],"picked":"Leap","floor":10},{"not_picked":["infinitespire:DeathsTouch","infinitespire:Collect"],"picked":"ReplayTheSpireMod:Black Plague","floor":13},{"not_picked":["hubris:Prefetch","ReplayRNGCard"],"picked":"ReplayTheSpireMod:Fabricate Wheel","floor":16},{"not_picked":["Beam Cell","Steam+1"],"picked":"Ball Lightning","floor":18},{"not_picked":["Beam Cell","Panic Button","BasicCrystalCard"],"picked":"SKIP","floor":18},{"not_picked":["ReplayTheSpireMod:Omega Cannon","Chill"],"picked":"Gash","floor":21},{"not_picked":["Leap","Ball Lightning","Redo+1"],"picked":"SKIP","floor":21},{"not_picked":["Sweeping Beam+1","Fusion+1"],"picked":"Conserve Battery+1","floor":24},{"not_picked":["Glacier+1","Rebound","Capacitor"],"picked":"SKIP","floor":24},{"not_picked":["ReplayTheSpireMod:Calculation Training","ReplayTheSpireMod:Reroute Power","FTL"],"picked":"SKIP","floor":29},{"not_picked":["Rebound","Conserve Battery","Streamline"],"picked":"SKIP","floor":29},{"not_picked":["Conserve Battery","BootSequence"],"picked":"Double Energy+1","floor":31},{"not_picked":["Hologram+1","Fusion+1","ReplayTheSpireMod:Calculation Training"],"picked":"SKIP","floor":31},{"not_picked":["Hologram+1","Fusion+1","ReplayTheSpireMod:Calculation Training"],"picked":"SKIP","floor":31},{"not_picked":["Amplify","Mirror Shield"],"picked":"Echo Form","floor":33},{"not_picked":["Stack","Compile Driver+1","BootSequence+1"],"picked":"SKIP","floor":35},{"not_picked":["Ball Lightning+1","Go for the Eyes+1","Consume"],"picked":"SKIP","floor":35},{"not_picked":["Melter","Sweeping Beam+1"],"picked":"Static Discharge+1","floor":38},{"not_picked":["Compile Driver+1","Redo","Cold Snap+1"],"picked":"SKIP","floor":38},{"not_picked":["Tempest","Crystallizer+1","Compile Driver+1"],"picked":"SKIP","floor":39},{"not_picked":["Doom and Gloom+1","Rip and Tear","Undo+1"],"picked":"SKIP","floor":39},{"not_picked":["Genetic Algorithm+1","Tempest+1"],"picked":"Gash+1","floor":44},{"not_picked":["Doom and Gloom+1","Tempest","Hello World+1"],"picked":"SKIP","floor":44},{"not_picked":["Leap+1","BasicCrystalCard","Reinforced Body"],"picked":"SKIP","floor":47},{"not_picked":["Sweeping Beam","Tempest","BasicCrystalCard+1"],"picked":"SKIP","floor":47},{"not_picked":["Reinforced Body","Glacier+1"],"picked":"Gash","floor":48},{"not_picked":["ReplayTheSpireMod:Reroute Power","Hyperbeam","aspiration:Polymerization"],"picked":"SKIP","floor":48}],"player_experience":248606,"relics_obtained":[{"floor":5,"key":"Ring of Hypnosis"},{"floor":7,"key":"hubris:TenFootPole"},{"floor":9,"key":"Gremlin Food"},{"floor":26,"key":"Garlic"},{"floor":43,"key":"hubris:SoftwareUpdate"}],"event_choices":[{"damage_healed":0,"gold_gain":0,"player_choice":"Grow","damage_taken":0,"max_hp_gain":0,"max_hp_loss":0,"event_name":"Living Wall","floor":14,"gold_loss":0,"cards_upgraded":["hubris:PowerSurge"]},{"damage_healed":0,"gold_gain":0,"player_choice":"Copied","damage_taken":0,"max_hp_gain":0,"max_hp_loss":0,"event_name":"Duplicator","floor":28,"gold_loss":0,"cards_obtained":["Storm"]},{"damage_healed":0,"gold_gain":0,"player_choice":"Got Potions","damage_taken":0,"max_hp_gain":0,"max_hp_loss":0,"event_name":"Lab","floor":32,"gold_loss":0},{"cards_removed":["Storm"],"damage_healed":0,"gold_gain":0,"player_choice":"Removed Power","damage_taken":0,"max_hp_gain":0,"max_hp_loss":0,"event_name":"Falling","floor":36,"gold_loss":0},{"damage_healed":0,"gold_gain":0,"player_choice":"Max HP","damage_taken":0,"max_hp_gain":0,"max_hp_loss":0,"event_name":"Winding Halls","floor":37,"gold_loss":0},{"damage_healed":0,"gold_gain":0,"player_choice":"2","damage_taken":0,"max_hp_gain":0,"max_hp_loss":0,"event_name":"betterMatch:BetterMatch","floor":46,"gold_loss":0,"cards_obtained":[]}],"is_beta":false,"boss_relics":[{"not_picked":["energizedSpire:CursedPentagram","aspiration:FutureDiary","Kintsugi"]},{"not_picked":["Painkiller Herb","energizedSpire:EnergizedDie"],"picked":"Astrolabe"}],"items_purged_floors":[0,4,19,45],"is_endless":false,"potions_floor_spawned":[10,16,18,24,31,35,38,47],"killed_by":"Replay:Hell Engine","ascension_level":0}}