{"host":"072lmn9sfokvtood","time":1612043709,"event":{"mods":["BaseMod","Colored Powertips","Curses Come First","Minty Spire (QoL Compilation)","StSLib"],"gold_per_floor":[114,129,198,298,313,343,343,100,100,100,100,100,100,66,66,166,166,181,181,31,46,46,76,76,76,101,126,95,110,134,149,149,258,317,332,356,356,415,415,415,415,439,439,463,502,502,224,248,248,248,248],"floor_reached":50,"language":"ENG","playtime":4495,"items_purged":[],"score":586,"play_id":"fddfe1aa-72af-4493-abab-2642cc35888c","local_time":"20210130155509","daily_mods":["Shiny","ControlledChaos","Lethality"],"is_ascension_mode":false,"campfire_choices":[{"floor":7.0,"key":"REST"},{"data":"Wraith Form v2","floor":10.0,"key":"SMITH"},{"data":"Adrenaline","floor":12.0,"key":"SMITH"},{"data":"Corpse Explosion","floor":15.0,"key":"SMITH"},{"data":"Storm of Steel","floor":24.0,"key":"SMITH"},{"floor":32.0,"key":"REST"},{"data":"Envenom","floor":40.0,"key":"SMITH"},{"floor":46.0,"key":"REST"},{"data":"Accuracy","floor":49.0,"key":"SMITH"}],"circlet_count":0,"master_deck":["Venomology","Corpse Explosion+1","Malaise","Phantasmal Killer","Die Die Die","Adrenaline+1","Envenom+1","Doppelganger","Burst","Wraith Form v2+1","Tools of the Trade","Night Terror","Unload","After Image","Bullet Time","Storm of Steel+1","Glass Knife","A Thousand Cuts","Grand Finale+1","Infinite Blades","Endless Agony","Dodge and Roll","Flying Knee","Catalyst","Footwork","Bullet Time","Deflect","J.A.X.","Slice+1","Infinite Blades+1","Storm of Steel","Phantasmal Killer","All Out Attack+1","Dodge and Roll+1","Cloak And Dagger","Accuracy+1","Envenom","Crippling Poison+1","Accuracy+1","Catalyst","Outmaneuver+1"],"relics":["Ring of the Snake","Frozen Eye","Akabeko","Anchor","Nunchaku","Meat on the Bone","WristBlade","Happy Flower","Oddly Smooth Stone","CeramicFish","Regal Pillow","Tiny House","Du-Vu Doll","Darkstone Periapt","Toy Ornithopter","HandDrill"],"acts_visited":["Exordium","TheCity","TheBeyond"],"potions_floor_usage":[50,50],"damage_taken":[{"damage":13.0,"enemies":"Jaw Worm","floor":1.0,"turns":4.0},{"damage":0.0,"enemies":"Small Slimes","floor":2.0,"turns":3.0},{"damage":0.0,"enemies":"Cultist","floor":5.0,"turns":2.0},{"damage":23.0,"enemies":"Gremlin Nob","floor":6.0,"turns":3.0},{"damage":42.0,"enemies":"Hexaghost","floor":16.0,"turns":7.0},{"damage":8.0,"enemies":"2 Thieves","floor":18.0,"turns":2.0},{"damage":5.0,"enemies":"Spheric Guardian","floor":21.0,"turns":3.0},{"damage":0.0,"enemies":"Slavers","floor":23.0,"turns":1.0},{"damage":2.0,"enemies":"Snecko","floor":29.0,"turns":3.0},{"damage":22.0,"enemies":"Cultist and Chosen","floor":30.0,"turns":5.0},{"damage":14.0,"enemies":"Shelled Parasite and Fungi","floor":31.0,"turns":3.0},{"damage":16.0,"enemies":"Champ","floor":33.0,"turns":7.0},{"damage":1.0,"enemies":"3 Darklings","floor":35.0,"turns":2.0},{"damage":10.0,"enemies":"3 Shapes","floor":36.0,"turns":2.0},{"damage":0.0,"enemies":"Mind Bloom Boss Battle","floor":38.0,"turns":2.0},{"damage":15.0,"enemies":"Spire Growth","floor":42.0,"turns":4.0},{"damage":0.0,"enemies":"Transient","floor":44.0,"turns":5.0},{"damage":0.0,"enemies":"Reptomancer","floor":45.0,"turns":3.0},{"damage":0.0,"enemies":"Jaw Worm Horde","floor":48.0,"turns":2.0},{"damage":91,"enemies":"Awakened One","floor":50,"turns":7}],"seed_played":"1138922244981197753","potions_obtained":[{"floor":2.0,"key":"Dexterity Potion"},{"floor":6.0,"key":"Regen Potion"},{"floor":16.0,"key":"Energy Potion"},{"floor":21.0,"key":"Explosive Potion"},{"floor":29.0,"key":"CultistPotion"},{"floor":35.0,"key":"FearPotion"},{"floor":48.0,"key":"SpeedPotion"}],"is_trial":false,"path_per_floor":["M","M","?","?","M","E","R","$","T","R","T","R","?","$","R","B",null,"M","?","$","M","$","E","R","?","T","T","$","M","M","M","R","B",null,"M","M","?","?","?","R","?","M","T","M","E","R","$","M","R","B"],"character_chosen":"THE_SILENT","items_purchased":["Anchor","Flying Knee","Catalyst","Footwork","Happy Flower","Footwork","HandDrill","Accuracy","Catalyst"],"campfire_rested":3,"item_purchase_floors":[8,8,8,14,20,28,47,47,47],"current_hp_per_floor":[57,57,57,57,57,34,55,55,55,55,55,55,70,70,70,40,70,62,62,62,66,66,66,66,66,66,66,66,64,42,40,70,54,75,74,64,64,64,64,64,64,49,49,49,49,75,75,75,75,0,0],"gold":248,"neow_bonus":"","is_daily":true,"chose_seed":false,"campfire_upgraded":6,"win_rate":0.0,"timestamp":1612043709,"path_taken":["M","M","?","?","?","E","R","?","T","R","?","R","?","$","R","BOSS","M","?","$","M","$","E","R","?","T","?","?","M","M","M","R","BOSS","M","M","?","?","?","R","?","M","T","M","E","R","$","?","R","BOSS"],"items_purchased_type":["Relic","Card","Card","Card","Relic","Card","Relic","Card","Card"],"build_version":"2020-12-22","purchased_purges":0,"victory":false,"max_hp_per_floor":[70,70,70,70,70,70,70,70,70,70,70,70,70,70,70,70,70,70,70,70,70,70,70,70,70,70,70,70,70,70,70,70,70,75,75,75,75,75,75,75,75,75,75,75,75,75,75,75,75,75,75],"card_choices":[{"not_picked":["Masterful Stab","Cloak And Dagger"],"picked":"Infinite Blades","floor":1.0},{"not_picked":["Slice","Acrobatics"],"picked":"Endless Agony","floor":2.0},{"not_picked":["Bane","Finisher","PiercingWail"],"picked":"SKIP","floor":5.0},{"not_picked":["Leg Sweep","Quick Slash"],"picked":"Dodge and Roll","floor":6.0},{"not_picked":["Wraith Form v2","Unload"],"picked":"Bullet Time","floor":16.0},{"not_picked":["Deadly Poison","Predator"],"picked":"Deflect","floor":18.0},{"not_picked":["Reflex","Eviscerate"],"picked":"Slice+1","floor":21.0},{"not_picked":["Caltrops+1","Dagger Spray"],"picked":"Infinite Blades+1","floor":23.0},{"not_picked":["Quick Slash","Distraction","Prepared"],"picked":"SKIP","floor":29.0},{"not_picked":["Expertise","Infinite Blades"],"picked":"Storm of Steel","floor":30.0},{"not_picked":["Concentrate","Backflip","Masterful Stab"],"picked":"SKIP","floor":31.0},{"not_picked":["Malaise","After Image"],"picked":"Phantasmal Killer","floor":33.0},{"not_picked":["Underhanded Strike+1","Expertise+1"],"picked":"All Out Attack+1","floor":34.0},{"not_picked":["Flying Knee+1","Sucker Punch","Acrobatics+1"],"picked":"SKIP","floor":35.0},{"not_picked":["Phantasmal Killer","PiercingWail"],"picked":"Dodge and Roll+1","floor":36.0},{"not_picked":["Poisoned Stab","Dash"],"picked":"Cloak And Dagger","floor":38.0},{"not_picked":["Flying Knee","Leg Sweep+1"],"picked":"Accuracy+1","floor":42.0},{"not_picked":["Quick Slash+1","Eviscerate+1"],"picked":"Envenom","floor":44.0},{"not_picked":["Doppelganger","Slice+1"],"picked":"Crippling Poison+1","floor":45.0},{"not_picked":["Prepared","Flying Knee"],"picked":"Outmaneuver+1","floor":48.0}],"player_experience":194642,"relics_obtained":[{"floor":6.0,"key":"Akabeko"},{"floor":9.0,"key":"Nunchaku"},{"floor":11.0,"key":"Meat on the Bone"},{"floor":23.0,"key":"Oddly Smooth Stone"},{"floor":26.0,"key":"CeramicFish"},{"floor":27.0,"key":"Regal Pillow"},{"floor":38.0,"key":"Du-Vu Doll"},{"floor":43.0,"key":"Darkstone Periapt"},{"floor":45.0,"key":"Toy Ornithopter"}],"event_choices":[{"damage_healed":0.0,"max_hp_gain":0.0,"max_hp_loss":0.0,"gold_gain":69.0,"event_name":"Golden Wing","player_choice":"Gained Gold","floor":3.0,"gold_loss":0.0,"damage_taken":0.0},{"damage_healed":0.0,"max_hp_gain":0.0,"max_hp_loss":0.0,"gold_gain":100.0,"event_name":"Wheel of Change","player_choice":"Gold","floor":4.0,"gold_loss":0.0,"damage_taken":0.0},{"damage_healed":23.0,"max_hp_gain":0.0,"max_hp_loss":0.0,"gold_gain":0.0,"event_name":"Big Fish","player_choice":"Banana","floor":13.0,"gold_loss":0.0,"damage_taken":0.0},{"damage_healed":0.0,"max_hp_gain":0.0,"max_hp_loss":0.0,"gold_gain":0.0,"event_name":"Drug Dealer","player_choice":"Obtain J.A.X.","floor":19.0,"gold_loss":0.0,"damage_taken":0.0,"cards_obtained":["J.A.X."]},{"damage_healed":0.0,"max_hp_gain":0.0,"max_hp_loss":0.0,"gold_gain":0.0,"event_name":"Cursed Tome","player_choice":"Ignored","floor":25.0,"gold_loss":0.0,"damage_taken":0.0},{"cards_removed":["Footwork"],"damage_healed":0.0,"max_hp_gain":0.0,"max_hp_loss":0.0,"gold_gain":0.0,"event_name":"Falling","player_choice":"Removed Power","floor":37.0,"gold_loss":0.0,"damage_taken":0.0},{"damage_healed":0.0,"max_hp_gain":0.0,"max_hp_loss":0.0,"gold_gain":0.0,"event_name":"MindBloom","player_choice":"Fight","floor":38.0,"gold_loss":0.0,"damage_taken":0.0},{"damage_healed":0.0,"max_hp_gain":0.0,"max_hp_loss":0.0,"gold_gain":0.0,"event_name":"Tomb of Lord Red Mask","player_choice":"Ignored","floor":39.0,"gold_loss":0.0,"damage_taken":0.0},{"damage_healed":0.0,"max_hp_gain":0.0,"max_hp_loss":0.0,"gold_gain":0.0,"event_name":"The Woman in Blue","player_choice":"Bought 0 Potions","floor":41.0,"gold_loss":0.0,"damage_taken":0.0}],"is_beta":false,"boss_relics":[{"not_picked":["Ring of the Serpent","Calling Bell"],"picked":"WristBlade"},{"not_picked":["Empty Cage","Runic Dome"],"picked":"Tiny House"}],"items_purged_floors":[],"is_endless":false,"potions_floor_spawned":[2,6,16,21,29,35,48],"killed_by":"Awakened One","ascension_level":0}}