{"host":"jfbo3eu2ui08ej1u","time":1612015133,"event":{"mods":["2.2 Compatiblity","AchievementEnabler","Act Like it!","Aspiration","BaseMod","Better Altar","Better Match","Better Note","Better Sensory Stone","Better Skull","Better Third Choice","Block Reminder","Colored Map","Colored Powertips","Conspire","DeckTracker","Displayed Cursed Tome","Energized Spire","Fox Events","GifTheSpireLib","Hubris","Infinite Spire","Marked Mod","Minty Spire (QoL Compilation)","Pale of the Ancients","Poor People Problems","Quick Restart","Relic Filter","Reliquary","Reorder Act Four","Replay The Spire","Shop Mod","Spicy Shops","Spire Arcade","StSLib","Stuff the Spire","The Blue Laboratory","The Disciple","The Forsaken","The Hierophant","The Marked","Uncapped","Unceasing Turn Reminder","Wandering Minibosses"],"gold_per_floor":[131,182,212,212,266,269,269,340,340,340,102,154,206,263,263,384,384,317,317],"floor_reached":18,"language":"ENG","playtime":1063,"items_purged":["hierophant:Strike_Hierophant"],"score":192,"play_id":"7fd4830d-359d-4559-b8a7-201bb2761e43","local_time":"20210130085853","is_ascension_mode":true,"campfire_choices":[{"floor":7.0,"key":"REST"},{"data":"hierophant:ChurchCoffers","floor":10,"key":"SMITH"},{"data":"hierophant:Sermon","floor":15,"key":"SMITH"}],"circlet_count":0,"master_deck":["hierophant:Strike_Hierophant","hierophant:Strike_Hierophant","hierophant:Punish","hierophant:Defend_Hierophant","hierophant:Defend_Hierophant","hierophant:Defend_Hierophant","hierophant:Defend_Hierophant","hierophant:ChurchCoffers+1","hierophant:Cornucopia","hierophant:Sermon+1","hierophant:MintersHammer","hierophant:Levitation","hierophant:RustyCrate","hierophant:Doubloon+1","hierophant:Doubloon+1","hierophant:AuricForm","hierophant:ThreeLashes","hierophant:Doubloon+1","hierophant:CoinFling","hierophant:Doubloon+1","ReplayTheSpireMod:Private Reserves+1","hierophant:BulkyChest+1"],"relics":["hierophant:PropheticMaskRelic","Toxic Egg 2","ReplayTheSpireMod:Ninjato","White Beast Statue","Potion Belt","StuffTheSpire:RunicHypercube"],"acts_visited":["Exordium","TheCity"],"potions_floor_usage":[13],"damage_taken":[{"damage":2.0,"enemies":"Jaw Worm","floor":1.0,"turns":10.0},{"damage":7.0,"enemies":"Small Slimes","floor":2.0,"turns":6.0},{"damage":0.0,"enemies":"2 Louse","floor":3.0,"turns":1.0},{"damage":14.0,"enemies":"Red Slaver","floor":4.0,"turns":8.0},{"damage":11.0,"enemies":"Lots of Slimes","floor":5.0,"turns":2.0},{"damage":19.0,"enemies":"Lagavulin","floor":6.0,"turns":6.0},{"damage":0.0,"enemies":"Gremlin Nob","floor":8.0,"turns":1.0},{"damage":2,"enemies":"2 Fungi Beasts","floor":12,"turns":5},{"damage":5,"enemies":"3 Sentries","floor":13,"turns":4},{"damage":0,"enemies":"3 Louse","floor":14,"turns":4},{"damage":1,"enemies":"Slime Boss","floor":16,"turns":6},{"damage":91,"enemies":"Shell Parasite","floor":18,"turns":15}],"seed_played":"6905807878752808104","potions_obtained":[{"floor":1.0,"key":"PowerPotion"},{"floor":5.0,"key":"EssenceOfSteel"},{"floor":8.0,"key":"blueLaboratory:Moonshine"},{"floor":12,"key":"blueLaboratory:NullPotion"},{"floor":13,"key":"blueLaboratory:EnragingPotion"},{"floor":14,"key":"SmokeBomb"},{"floor":16,"key":"Dexterity Potion"}],"is_trial":false,"path_per_floor":["M","M","M","M","M","E","R","E","T","R","$","M","E","M","R","B",null,"M"],"character_chosen":"HIEROPHANT","items_purchased":["hierophant:CoinFling","ReplayTheSpireMod:Private Reserves+1"],"campfire_rested":1,"item_purchase_floors":[11,11],"current_hp_per_floor":[73,66,66,52,41,22,44,44,44,44,44,42,37,37,37,36,75,0,0],"gold":317,"neow_bonus":"TRANSFORM_CARD","is_daily":false,"chose_seed":false,"campfire_upgraded":2,"win_rate":0.0,"timestamp":1612015133,"path_taken":["M","M","M","M","M","E","R","E","T","R","$","M","E","M","R","BOSS","M"],"items_purchased_type":["Card","Card"],"build_version":"2020-12-22","purchased_purges":1,"victory":false,"max_hp_per_floor":[75,75,75,75,75,75,75,75,75,75,75,75,75,75,75,75,75,75,75],"card_choices":[{"not_picked":["hierophant:DisplayOfPower","hierophant:AuricShield"],"picked":"hierophant:Sermon","floor":1.0},{"not_picked":["hierophant:Chorus","hierophant:CoinFling"],"picked":"hierophant:MintersHammer","floor":2.0},{"not_picked":["hierophant:DisplayOfPower","hierophant:RustyCrate"],"picked":"hierophant:Levitation","floor":3.0},{"not_picked":["hierophant:Glossolalia","hierophant:PassingBell"],"picked":"hierophant:RustyCrate","floor":4.0},{"not_picked":["hierophant:RepressedViolence","hierophant:RustyCrate"],"picked":"hierophant:AuricForm","floor":5.0},{"not_picked":["hierophant:Shelter+1","hierophant:Doubloon+1"],"picked":"hierophant:ThreeLashes","floor":6.0},{"not_picked":["hierophant:FieryStrike","hierophant:FlamingChariot"],"picked":"hierophant:Doubloon+1","floor":8.0},{"not_picked":["hierophant:Encroach+1","hierophant:Purify","hierophant:SecretStash+1"],"picked":"SKIP","floor":12},{"not_picked":["hierophant:AuricShield+1","hierophant:FieryStrike","hierophant:Invocation+1"],"picked":"SKIP","floor":13},{"not_picked":["hierophant:MorningPrayer+1","hierophant:DisplayOfPower","hierophant:SolarFlare"],"picked":"SKIP","floor":14},{"not_picked":["hierophant:MintersHammer","hierophant:Batter"],"picked":"hierophant:BulkyChest+1","floor":16}],"player_experience":1260635,"relics_obtained":[{"floor":6.0,"key":"Toxic Egg 2"},{"floor":8.0,"key":"ReplayTheSpireMod:Ninjato"},{"floor":9.0,"key":"White Beast Statue"},{"floor":13,"key":"Potion Belt"}],"event_choices":[],"is_beta":false,"boss_relics":[{"not_picked":["StuffTheSpire:Kangaroo","conspire:RunicOctahedron"],"picked":"StuffTheSpire:RunicHypercube"}],"items_purged_floors":[11],"is_endless":false,"potions_floor_spawned":[1,5,8,12,13,14,16],"killed_by":"Shell Parasite","ascension_level":1}}