{"host":"udyc8f81k2jocuhg","time":1612019146,"event":{"mods":["2.2 Compatiblity","BaseMod","Better Third Choice","Colored Powertips","Conspire","Custom Start","GifTheSpireLib","Hermit","Minty Spire (QoL Compilation)","Permanent Neow","Quick Restart","Relic Filter","Relic Stats","Replay The Spire","Shop Mod","Spikes Relics","StSLib","Stuff the Spire"],"gold_per_floor":[117,135,151,151,163,195,345,345,345],"floor_reached":8,"language":"ENG","playtime":282,"items_purged":[],"score":116,"play_id":"92cde530-de86-43a1-bd8b-f80a9f9ca66c","local_time":"20210130160546","is_ascension_mode":true,"campfire_choices":[],"circlet_count":0,"master_deck":["AscendersBane","Strike_B","Strike_B","Strike_B","Strike_B","Defend_B","Defend_B","Defend_B","Defend_B","Zap+1","Dualcast","Conserve Battery","Coolheaded","Doubt"],"relics":["AncientExoskeleton","conspire:InfiniteJournal"],"acts_visited":["Exordium"],"potions_floor_usage":[8,8],"damage_taken":[{"damage":0.0,"enemies":"Cultist","floor":1.0,"turns":4.0},{"damage":6.0,"enemies":"Small Slimes","floor":2.0,"turns":4.0},{"damage":0.0,"enemies":"2 Louse","floor":3.0,"turns":2.0},{"damage":0.0,"enemies":"Blue Slaver","floor":5.0,"turns":5.0},{"damage":12.0,"enemies":"Lagavulin","floor":6.0,"turns":9.0},{"damage":54,"enemies":"Gremlin Nob","floor":8,"turns":4}],"seed_played":"6435777263870579552","potions_obtained":[{"floor":3.0,"key":"SpeedPotion"},{"floor":5.0,"key":"PowerPotion"}],"is_trial":false,"path_per_floor":["M","M","M","?","M","E","?","E"],"character_chosen":"DEFECT","items_purchased":[],"campfire_rested":0,"item_purchase_floors":[],"current_hp_per_floor":[64,58,58,58,58,46,46,0,0],"gold":345,"neow_bonus":"BOSS_RELIC","is_daily":false,"chose_seed":false,"campfire_upgraded":0,"win_rate":0.0,"timestamp":1612019146,"path_taken":["M","?","M","?","M","E","?","E"],"items_purchased_type":[],"build_version":"2020-12-22","purchased_purges":0,"victory":false,"max_hp_per_floor":[71,71,71,71,71,71,71,71,71],"relic_stats":{"counters":[6,28],"obtain_stats":[{"AncientExoskeleton":0,"Cracked Core":0,"conspire:InfiniteJournal":6},{"AncientExoskeleton":0,"Cracked Core":0,"conspire:InfiniteJournal":5},{"AncientExoskeleton":0,"Cracked Core":0,"conspire:InfiniteJournal":24}]},"card_choices":[{"not_picked":["Beam Cell","Rebound"],"picked":"Conserve Battery","floor":1.0},{"not_picked":["Recycle","Streamline","ReplayTheSpireMod:Reroute Power"],"picked":"SKIP","floor":2.0},{"not_picked":["Fusion","StuffTheSpire:EventHorizon"],"picked":"Coolheaded","floor":3.0},{"not_picked":["Redo","Gash","StuffTheSpire:Rend"],"picked":"SKIP","floor":5.0},{"not_picked":["Hyperbeam","ReplayTheSpireMod:Reroute Power","Sweeping Beam"],"picked":"SKIP","floor":6.0}],"player_experience":2026243,"relics_obtained":[{"floor":6.0,"key":"conspire:InfiniteJournal"}],"event_choices":[{"damage_healed":0.0,"max_hp_gain":0.0,"max_hp_loss":0.0,"gold_gain":0.0,"event_name":"Living Wall","player_choice":"Grow","floor":4.0,"gold_loss":0.0,"damage_taken":0.0,"cards_upgraded":["Zap"]},{"damage_healed":0.0,"max_hp_gain":0.0,"max_hp_loss":0.0,"gold_gain":150.0,"event_name":"betterThird:BetterSerpent","player_choice":"AGREE","floor":7.0,"gold_loss":0.0,"damage_taken":195.0}],"is_beta":false,"boss_relics":[],"items_purged_floors":[],"is_endless":false,"potions_floor_spawned":[3,5],"killed_by":"Gremlin Nob","ascension_level":20}}