{"host":"w9njud19qyl0lpz1","time":1612013572,"event":{"mods":["BaseMod","Minty Spire (QoL Compilation)","StSLib"],"gold_per_floor":[111,121,296,306,306,337,0,20,47,47,61,61,77,0,0,100,100,110,135,410,428,446,463,495,495,520,435,24,52,52,52,52,155,155,172,172,394,394,405,405,416,416,464,482,497,62,73,87,87,87],"floor_reached":51,"language":"ENG","playtime":4246,"items_purged":["Defend_R","Regret"],"score":714,"play_id":"11974a3e-e6af-4fda-b807-57c16676f4b4","local_time":"20210130083252","is_ascension_mode":false,"campfire_choices":[{"data":"Armaments","floor":10.0,"key":"SMITH"},{"data":"Combust","floor":15.0,"key":"SMITH"},{"floor":30,"key":"REST"},{"floor":32,"key":"REST"},{"data":"Heavy Blade","floor":40,"key":"SMITH"},{"floor":42,"key":"REST"},{"floor":49,"key":"REST"}],"circlet_count":0,"master_deck":["Strike_R","Strike_R","Strike_R","Defend_R","Bash+1","Armaments+1","Spot Weakness","Intimidate+1","Limit Break+1","Infernal Blade+1","Combust+1","Limit Break+1","Headbutt","Pummel","Heavy Blade+1","Seeing Red+1","Barricade","Feed","Intimidate+1","Whirlwind+1","Spot Weakness+1","Rage+1","Shrug It Off+1","Shrug It Off+1","Mayhem","Flex+1","Twin Strike+1","Parasite","Flex+1"],"relics":["Burning Blood","Bag of Preparation","Toxic Egg 2","Ancient Tea Set","MealTicket","Busted Crown","Red Mask","Bottled Lightning","Pen Nib","Meat on the Bone","White Beast Statue","Tiny Chest","Astrolabe","Mummified Hand","Strawberry","Lantern"],"acts_visited":["Exordium","TheCity","TheBeyond"],"potions_floor_usage":[29,33,39,39,45,47,50],"damage_taken":[{"damage":0.0,"enemies":"2 Louse","floor":1.0,"turns":2.0},{"damage":6.0,"enemies":"Jaw Worm","floor":2.0,"turns":3.0},{"damage":0.0,"enemies":"Small Slimes","floor":4.0,"turns":4.0},{"damage":28.0,"enemies":"Gremlin Nob","floor":6.0,"turns":4.0},{"damage":13.0,"enemies":"Red Slaver","floor":8.0,"turns":4.0},{"damage":1.0,"enemies":"2 Fungi Beasts","floor":11.0,"turns":2.0},{"damage":3.0,"enemies":"3 Louse","floor":13.0,"turns":4.0},{"damage":34.0,"enemies":"Slime Boss","floor":16.0,"turns":8.0},{"damage":1.0,"enemies":"Chosen","floor":18.0,"turns":3.0},{"damage":5.0,"enemies":"Masked Bandits","floor":19.0,"turns":3.0},{"damage":5.0,"enemies":"Shell Parasite","floor":21.0,"turns":2.0},{"damage":9.0,"enemies":"Cultist and Chosen","floor":22.0,"turns":5.0},{"damage":18.0,"enemies":"Centurion and Healer","floor":23.0,"turns":4.0},{"damage":44,"enemies":"Slavers","floor":24,"turns":5},{"damage":18,"enemies":"Book of Stabbing","floor":29,"turns":3},{"damage":57,"enemies":"Collector","floor":33,"turns":7},{"damage":7,"enemies":"Orb Walker","floor":35,"turns":2},{"damage":18,"enemies":"3 Darklings","floor":39,"turns":3},{"damage":45,"enemies":"4 Shapes","floor":41,"turns":9},{"damage":64,"enemies":"Maw","floor":44,"turns":8},{"damage":2,"enemies":"Jaw Worm Horde","floor":45,"turns":3},{"damage":10,"enemies":"Sphere and 2 Shapes","floor":47,"turns":3},{"damage":16,"enemies":"Writhing Mass","floor":48,"turns":5},{"damage":47,"enemies":"Awakened One","floor":50,"turns":6}],"seed_played":"-2021150961784250775","potions_obtained":[{"floor":1.0,"key":"Ancient Potion"},{"floor":2.0,"key":"ElixirPotion"},{"floor":8.0,"key":"SkillPotion"},{"floor":11.0,"key":"EssenceOfSteel"},{"floor":13.0,"key":"SpeedPotion"},{"floor":19.0,"key":"Explosive Potion"},{"floor":21.0,"key":"EntropicBrew"},{"floor":24,"key":"FearPotion"},{"floor":29,"key":"AttackPotion"},{"floor":33,"key":"PowerPotion"},{"floor":35,"key":"Block Potion"},{"floor":39,"key":"Ancient Potion"},{"floor":41,"key":"LiquidBronze"},{"floor":44,"key":"DistilledChaos"},{"floor":45,"key":"SneckoOil"},{"floor":47,"key":"Energy Potion"},{"floor":48,"key":"Fruit Juice"}],"is_trial":false,"path_per_floor":["M","M","?","M","?","E","$","M","T","R","M","?","M","$","R","B",null,"M","?","?","M","M","M","E","?","T","?","$","E","R","?","R","B",null,"M","?","?","T","M","R","M","R","T","M","M","$","M","M","R","B",null],"character_chosen":"IRONCLAD","items_purchased":["Toxic Egg 2","Combust","White Beast Statue","Seeing Red+1","Shrug It Off+1","Mayhem","Lantern","Flex+1"],"campfire_rested":4,"item_purchase_floors":[7,14,28,28,46,46,46,46],"current_hp_per_floor":[80,80,80,80,73,51,51,44,44,44,49,49,52,67,67,39,80,80,80,80,80,77,65,27,27,27,27,42,42,66,66,80,41,80,82,79,79,79,67,67,40,63,70,24,43,58,54,56,82,61],"gold":87,"neow_bonus":"UPGRADE_CARD","is_daily":false,"chose_seed":false,"campfire_upgraded":3,"win_rate":0.0,"timestamp":1612013572,"path_taken":["M","M","?","M","?","E","$","M","T","R","M","?","?","$","R","BOSS","M","?","?","?","M","M","E","?","T","?","$","E","R","?","R","BOSS","M","?","?","?","?","R","M","R","T","M","M","$","M","M","R","BOSS"],"items_purchased_type":["Relic","Card","Relic","Card","Card","Card","Relic","Card"],"build_version":"2020-12-22","purchased_purges":2,"victory":true,"max_hp_per_floor":[80,80,80,80,80,80,80,80,80,80,80,80,80,80,80,80,80,80,80,80,80,80,80,80,80,80,80,80,80,80,80,80,80,80,83,79,79,79,79,79,79,79,86,86,89,89,89,89,89,97],"card_choices":[{"not_picked":["Second Wind","Evolve","Warcry"],"picked":"SKIP","floor":1.0},{"not_picked":["Thunderclap","Flex"],"picked":"Armaments","floor":2.0},{"not_picked":["Hemokinesis","Armaments","Headbutt"],"picked":"SKIP","floor":4.0},{"not_picked":["Cleave","Pummel"],"picked":"Spot Weakness","floor":6.0},{"not_picked":["Flex+1","Perfected Strike"],"picked":"Intimidate+1","floor":8.0},{"not_picked":["Rage+1","Pommel Strike"],"picked":"Limit Break+1","floor":11.0},{"not_picked":["Burning Pact+1","Perfected Strike"],"picked":"Infernal Blade+1","floor":13.0},{"not_picked":["Berserk","Juggernaut"],"picked":"Limit Break+1","floor":16.0},{"not_picked":[],"picked":"Headbutt","floor":18.0},{"not_picked":[],"picked":"Pummel","floor":19.0},{"not_picked":["Havoc+1"],"picked":"SKIP","floor":21.0},{"not_picked":["Havoc+1"],"picked":"SKIP","floor":22.0},{"not_picked":["Havoc+1"],"picked":"SKIP","floor":22.0},{"not_picked":[],"picked":"Heavy Blade","floor":23.0},{"not_picked":["Body Slam"],"picked":"SKIP","floor":24},{"not_picked":["Cleave"],"picked":"SKIP","floor":29},{"not_picked":[],"picked":"Feed","floor":33},{"not_picked":["Body Slam"],"picked":"SKIP","floor":35},{"not_picked":[],"picked":"Rage+1","floor":39},{"not_picked":["Sentinel+1"],"picked":"SKIP","floor":41},{"not_picked":[],"picked":"Shrug It Off+1","floor":44},{"not_picked":["Dropkick+1"],"picked":"SKIP","floor":45},{"not_picked":[],"picked":"Twin Strike+1","floor":47},{"not_picked":[],"picked":"Flex+1","floor":48}],"player_experience":2321416,"relics_obtained":[{"floor":6.0,"key":"Bag of Preparation"},{"floor":9.0,"key":"Ancient Tea Set"},{"floor":12.0,"key":"MealTicket"},{"floor":19.0,"key":"Red Mask"},{"floor":24,"key":"Bottled Lightning"},{"floor":26,"key":"Pen Nib"},{"floor":29,"key":"Tiny Chest"},{"floor":38,"key":"Mummified Hand"},{"floor":43,"key":"Strawberry"}],"event_choices":[{"damage_healed":0.0,"max_hp_gain":0.0,"max_hp_loss":0.0,"gold_gain":175.0,"event_name":"Liars Game","player_choice":"AGREE","floor":3.0,"gold_loss":0.0,"damage_taken":0.0,"cards_obtained":["Doubt"]},{"cards_removed":["Doubt"],"damage_healed":0.0,"max_hp_gain":0.0,"max_hp_loss":0.0,"gold_gain":0.0,"event_name":"Golden Wing","player_choice":"Card Removal","floor":5.0,"gold_loss":0.0,"damage_taken":7.0},{"damage_healed":0.0,"max_hp_gain":0.0,"max_hp_loss":0.0,"gold_gain":0.0,"event_name":"Wheel of Change","player_choice":"Relic","floor":12.0,"gold_loss":0.0,"damage_taken":0.0},{"damage_healed":0.0,"max_hp_gain":0.0,"max_hp_loss":0.0,"gold_gain":0.0,"event_name":"Masked Bandits","player_choice":"Fought Bandits","floor":19.0,"gold_loss":0.0,"damage_taken":0.0},{"damage_healed":0.0,"max_hp_gain":0.0,"max_hp_loss":0.0,"gold_gain":275.0,"event_name":"Golden Shrine","player_choice":"Desecrate","floor":20.0,"gold_loss":0.0,"damage_taken":0.0,"cards_obtained":["Regret"]},{"damage_healed":0,"gold_gain":0,"player_choice":"Ignored","damage_taken":0,"max_hp_gain":0,"max_hp_loss":0,"event_name":"Ghosts","floor":25,"gold_loss":0},{"damage_healed":0,"gold_gain":0,"player_choice":"Obtained Relic","damage_taken":0,"relics_obtained":["Meat on the Bone"],"max_hp_gain":0,"max_hp_loss":0,"event_name":"Addict","floor":27,"gold_loss":85},{"damage_healed":0,"gold_gain":0,"cards_transformed":["Strike_R","Defend_R"],"player_choice":"Became Test Subject","damage_taken":0,"max_hp_gain":0,"max_hp_loss":0,"event_name":"Drug Dealer","floor":31,"gold_loss":0,"cards_obtained":["Barricade","Havoc"]},{"damage_healed":0,"gold_gain":0,"player_choice":"Max HP","damage_taken":0,"max_hp_gain":0,"max_hp_loss":4,"event_name":"Winding Halls","floor":36,"gold_loss":0},{"damage_healed":0,"gold_gain":222,"player_choice":"Wore Mask","damage_taken":0,"max_hp_gain":0,"max_hp_loss":0,"event_name":"Tomb of Lord Red Mask","floor":37,"gold_loss":0}],"is_beta":false,"boss_relics":[{"not_picked":["Philosopher\u0027s Stone","Runic Pyramid"],"picked":"Busted Crown"},{"not_picked":["Tiny House","Mark of Pain"],"picked":"Astrolabe"}],"items_purged_floors":[7,28],"is_endless":false,"potions_floor_spawned":[1,2,8,11,13,19,21,24,29,33,35,39,41,44,45,47,48],"ascension_level":0}}