{"host":"1pkwkj8mkn7raipg","time":1612015222,"event":{"mods":["BaseMod","LagranYue(¿≠∏Ò¿ °§‘¬)","Minty Spire (QoL Compilation)","Replay The Spire","StSLib","TestMod","The Animator","The Hierophant","The Saiyan"],"gold_per_floor":[112,198,198,123,138,165,165,183,183,183,128,139,39,39,39,39,39],"floor_reached":16,"language":"ZHS","playtime":414,"items_purged":["Strike_R","Strike_R"],"score":228,"play_id":"cefcfc33-5cd1-46c2-b8fc-114184f06832","local_time":"20210130220022","is_ascension_mode":true,"campfire_choices":[{"data":"Corruption","floor":7,"key":"SMITH"},{"data":"Armaments","floor":15,"key":"SMITH"}],"circlet_count":0,"master_deck":["AscendersBane","Strike_R","Strike_R","Strike_R","Defend_R","Defend_R","Defend_R","Defend_R+1","Shrug It Off+1","Run Through","ReplayTheSpireMod:Strike From Hell","Corruption+1","Shrug It Off","Armaments+1"],"relics":["Burning Blood","testmod-TestBox","LagranYue:RandomDrawCardRelic","NeowsBlessing","testmod-SaigiyounoYou","Strawberry","Mercury Hourglass","Torii"],"acts_visited":["Exordium"],"potions_floor_usage":[16],"damage_taken":[{"damage":0.0,"enemies":"2 Louse","floor":1.0,"turns":1.0},{"damage":0,"enemies":"Jaw Worm","floor":5,"turns":1},{"damage":0,"enemies":"Gremlin Nob","floor":6,"turns":1},{"damage":3,"enemies":"Small Slimes","floor":8,"turns":3},{"damage":1,"enemies":"Exordium Thugs","floor":12,"turns":4},{"damage":13,"enemies":"Hexaghost","floor":16,"turns":12}],"seed_played":"-6317543973890129882","potions_obtained":[{"floor":1.0,"key":"GamblersBrew"},{"floor":5,"key":"DuplicationPotion"},{"floor":12,"key":"ColorlessPotion"}],"is_trial":false,"path_per_floor":["M","?","?","$","M","E","R","M","T","?","$","M","$","?","R","B"],"character_chosen":"IRONCLAD","items_purchased":["Shrug It Off"],"campfire_rested":0,"item_purchase_floors":[11],"current_hp_per_floor":[75,52,40,40,47,54,54,61,61,54,54,66,66,41,41,45,45],"gold":39,"neow_bonus":"THREE_ENEMY_KILL","is_daily":false,"chose_seed":false,"campfire_upgraded":2,"win_rate":0.0,"timestamp":1612015222,"path_taken":["M","?","?","$","M","E","R","?","T","?","$","M","$","?","R","BOSS"],"items_purchased_type":["Card"],"build_version":"2020-12-22","purchased_purges":2,"victory":false,"max_hp_per_floor":[75,82,82,82,82,82,82,82,82,82,82,82,82,82,82,82,82],"card_choices":[{"not_picked":["ReplayTheSpireMod:Corrosion Curse","Anger","Perfected Strike"],"picked":"SKIP","floor":1.0},{"not_picked":["Flex","Armaments"],"picked":"Shrug It Off","floor":2.0},{"not_picked":["Hemokinesis","Entrench"],"picked":"Run Through","floor":2.0},{"not_picked":["Clothesline","Clash"],"picked":"ReplayTheSpireMod:Strike From Hell","floor":5},{"not_picked":["Power Through","Whirlwind"],"picked":"Corruption","floor":6},{"not_picked":["Perfected Strike","Uppercut","Wild Strike"],"picked":"SKIP","floor":8},{"not_picked":["Iron Wave","Headbutt"],"picked":"Armaments","floor":12}],"player_experience":385283,"relics_obtained":[{"floor":2.0,"key":"Strawberry"},{"floor":6,"key":"Mercury Hourglass"},{"floor":9,"key":"Torii"}],"event_choices":[{"damage_healed":0,"gold_gain":0,"player_choice":"Damaged","damage_taken":12,"max_hp_gain":0,"max_hp_loss":0,"event_name":"Wheel of Change","floor":3,"gold_loss":0},{"cards_removed":["Bash"],"damage_healed":0,"gold_gain":0,"player_choice":"Card Removal","damage_taken":7,"max_hp_gain":0,"max_hp_loss":0,"event_name":"Golden Wing","floor":10,"gold_loss":0},{"damage_healed":0,"gold_gain":0,"player_choice":"Entered Light","damage_taken":25,"max_hp_gain":0,"max_hp_loss":0,"event_name":"Shining Light","floor":14,"gold_loss":0,"cards_upgraded":["Shrug It Off","Defend_R"]}],"is_beta":false,"boss_relics":[],"items_purged_floors":[4,13],"is_endless":false,"potions_floor_spawned":[1,5,12],"killed_by":"Hexaghost","ascension_level":17}}