{"host":"djfsqftupta9xgss","time":1612006511,"event":{"mods":["ATMod(阿瑾Mod)","Act Like it!","BaseMod","Downfall","Gensokyo","Minty Spire (QoL Compilation)","MostiFishMod","Pale of the Ancients","Replay The Spire","Spicy Shops","StSLib","TestMod"],"gold_per_floor":[99,114,132,145,145,163,190,-1378,-1328,-1328,-1317,-1288,-1278,-1258,-1258,-1225,-1225,-1197,-1178,-1081,-1081,-1081,-1061,-1051,-1039,-1019,-1019,-1019,-704,-704,-704,-693,-677,-677,-592,-579,-479,-479,-479,-433,-433,-422,-422,-422,-375,-361,-333,-333,-320,-302,-283,-255,-255,-255],"floor_reached":55,"language":"ZHS","playtime":5636,"items_purged":[],"score":1080,"play_id":"ebd35606-687b-4980-99e6-b9d0d3a19c86","local_time":"20210130193511","is_ascension_mode":false,"campfire_choices":[{"data":"Guardian:Strike_Guardian","floor":22,"key":"PURGE"},{"floor":27,"key":"RECALL"},{"data":"Guardian:BaubleBeam","floor":30,"key":"SMITH"},{"data":"Guardian:BaubleBeam","floor":34,"key":"SMITH"},{"data":"Guardian:RefractedBeam","floor":39,"key":"SMITH"},{"data":"Guardian:RefractedBeam+1","floor":48,"key":"SMITH"},{"data":"Guardian:RefractedBeam+2","floor":53,"key":"SMITH"}],"circlet_count":0,"master_deck":["Guardian:Strike_Guardian","Guardian:Strike_Guardian","Guardian:Strike_Guardian","Guardian:Defend_Guardian","Guardian:Defend_Guardian","Guardian:Defend_Guardian","Guardian:Defend_Guardian","Guardian:CurlUp","Guardian:TwinSlam","AT_KingSlayer","Guardian:DecasProtection","Guardian:MultiBeam","Guardian:RefractedBeam+3","Guardian:TimeSifter","Guardian:FastForward","Guardian:BaubleBeam+1","Guardian:Emergency","Guardian:ArmoredProtocol","Guardian:Planning+1","Guardian:BaubleBeam+1","Guardian:Suspension","Guardian:SentryBeam","Guardian:Repulse","Guardian:RevengeProtocol","MostiFishMod:EE1D+1","MostiFishMod:EE1D","MostiFishMod:EE1D","Guardian:StasisField","Guardian:Clone","Guardian:ExploitGems"],"relics":["AT_ATBox","testmod-TestBox","Transparent","testmod-GiftOfSatan","BloodWine","Akabeko","SynthV:MejaisSoulstealer","Simple Rune","AT_TimeSand","Replay:Wax Seal","DaveBox","OneHitWonderSystem","AT_PhaseBoots","Replay:Bottled Eggs","SlaversCollar","Coffee Dripper","Honey Jar","Replay:WaspNest","Bag of Preparation","EE1DDrone","Incense Burner","Replay:Mystery Machine","Bag of Marbles","Mummified Hand"],"acts_visited":["Exordium","TheCity","TheBeyond"],"potions_floor_usage":[14],"damage_taken":[{"damage":32.0,"enemies":"Cultist","floor":2.0,"turns":2.0},{"damage":51.0,"enemies":"Small Slimes","floor":3.0,"turns":3.0},{"damage":51.0,"enemies":"Jaw Worm","floor":4.0,"turns":3.0},{"damage":34.0,"enemies":"Blue Slaver","floor":6.0,"turns":2.0},{"damage":72.0,"enemies":"downfall:FleeingMerchant","floor":8.0,"turns":4.0},{"damage":36.0,"enemies":"3 Louse","floor":11.0,"turns":2.0},{"damage":36.0,"enemies":"3 Sentries","floor":12.0,"turns":2.0},{"damage":18.0,"enemies":"2 Fungi Beasts","floor":13.0,"turns":1.0},{"damage":19,"enemies":"Exordium Thugs","floor":14,"turns":1},{"damage":0,"enemies":"Lagavulin","floor":16,"turns":2},{"damage":0,"enemies":"3 Sentries","floor":18,"turns":2},{"damage":0,"enemies":"Large Slime","floor":19,"turns":1},{"damage":0,"enemies":"SI_SHIV_ARCHETYPE","floor":20,"turns":2},{"damage":0,"enemies":"Spheric Guardian","floor":23,"turns":1},{"damage":0,"enemies":"Cultist and Chosen","floor":24,"turns":2},{"damage":0,"enemies":"3 Cultists","floor":25,"turns":2},{"damage":0,"enemies":"Snecko","floor":26,"turns":1},{"damage":0,"enemies":"downfall:FleeingMerchant","floor":29,"turns":3},{"damage":0,"enemies":"Snake Plant","floor":32,"turns":2},{"damage":0,"enemies":"Cultist and Chosen","floor":33,"turns":2},{"damage":0,"enemies":"Snecko","floor":36,"turns":2},{"damage":0,"enemies":"DF_ARCHETYPE_CLAW","floor":37,"turns":3},{"damage":0,"enemies":"2 Orb Walkers","floor":40,"turns":2},{"damage":0,"enemies":"3 Darklings","floor":42,"turns":2},{"damage":0,"enemies":"Orb Walker","floor":46,"turns":1},{"damage":0,"enemies":"R_Hoarder","floor":47,"turns":2},{"damage":0,"enemies":"Transient","floor":49,"turns":5},{"damage":0,"enemies":"Writhing Mass","floor":50,"turns":1},{"damage":0,"enemies":"Sphere and 2 Shapes","floor":51,"turns":3},{"damage":0,"enemies":"Reptomancer","floor":52,"turns":2},{"damage":0,"enemies":"IC_BLOCK_ARCHETYPE","floor":54,"turns":2}],"seed_played":"6453657796150652483","potions_obtained":[{"floor":1.0,"key":"Strength Potion"},{"floor":1.0,"key":"GamblersBrew"},{"floor":3.0,"key":"Strength Potion"},{"floor":6.0,"key":"Elixir"},{"floor":13.0,"key":"Explosive Potion"},{"floor":14,"key":"LifebloodPotion"},{"floor":23,"key":"Fire Potion"},{"floor":24,"key":"Explosive Potion"},{"floor":26,"key":"Energy Potion"},{"floor":46,"key":"LifebloodPotion"}],"is_trial":false,"path_per_floor":["R","M","M","M","?","M","T","$","T","T","M","E","M","M","?","E","?","E","M","B",null,"R","M","M","M","M","R","T","$","R","?","M","M","R","?","M","B",null,"R","?","?","M","?","?","T","M","E","R","M","M","M","E","R","B",null],"character_chosen":"GUARDIAN","items_purchased":["Akabeko","SynthV:MejaisSoulstealer"],"campfire_rested":0,"item_purchase_floors":[8,8],"current_hp_per_floor":[80,85,85,85,85,90,90,72,72,72,90,90,95,100,1,1,1,1,1,1,1,1,1,1,1,1,1,1,1,1,1,1,1,1,1,1,6,1,1,1,1,1,1,1,1,1,1,1,1,1,11,1,1,1],"gold":-255,"neow_bonus":"BOSS_RELIC","is_daily":false,"chose_seed":false,"campfire_upgraded":5,"win_rate":0.0,"timestamp":1612006511,"path_taken":["R","M","?","?","?","M","?","$","T","T","M","E","M","M","?","E","?","E","M","BOSS","R","M","M","M","M","R","T","$","R","?","M","M","R","?","M","BOSS","R","?","?","M","?","?","T","M","E","R","M","M","?","E","R","BOSS"],"items_purchased_type":["Relic","Relic"],"build_version":"2020-12-22","purchased_purges":0,"victory":true,"max_hp_per_floor":[80,85,85,85,85,90,90,90,90,90,90,90,95,100,1,1,1,1,1,1,1,1,1,1,1,1,1,1,1,1,1,1,1,1,1,1,6,1,1,1,1,1,1,1,1,1,1,1,1,1,11,1,1,1],"card_choices":[{"not_picked":["Guardian:Recover","Guardian:PiercingHide"],"picked":"Guardian:DecasProtection","floor":2.0},{"not_picked":["Guardian:Gem_Cyan","Guardian:RollAttack","Guardian:ArmoredProtocol"],"picked":"SKIP","floor":3.0},{"not_picked":["Guardian:WalkerClaw","Guardian:Planning","Guardian:Gem_Lightblue"],"picked":"SKIP","floor":4.0},{"not_picked":["Guardian:ShieldCharger","Guardian:Reroute"],"picked":"Guardian:MultiBeam","floor":6.0},{"not_picked":["Guardian:CrystalBeam","Guardian:Gem_Green"],"picked":"Guardian:Gem_Synthetic","floor":8.0},{"not_picked":["Guardian:VentSteam","Guardian:Gem_Green"],"picked":"Guardian:RefractedBeam","floor":11.0},{"not_picked":["Guardian:RefractedBeam","Guardian:TemporalShield","Guardian:CrystalBeam"],"picked":"SKIP","floor":12.0},{"not_picked":["Guardian:FloatingOrbs","Guardian:RollAttack"],"picked":"Guardian:TimeSifter","floor":13.0},{"not_picked":["Guardian:Reroute","Guardian:TemporalStrike","Guardian:Gem_Cyan"],"picked":"SKIP","floor":14},{"not_picked":["Guardian:SpikerProtocol","Guardian:Gem_Green"],"picked":"Guardian:FastForward","floor":16},{"not_picked":["Guardian:Gem_Lightblue","Guardian:Gem_Purple","Guardian:Gem_Red"],"picked":"SKIP","floor":18},{"not_picked":["Guardian:Planning","Guardian:Gem_Purple"],"picked":"Guardian:Gem_White","floor":19},{"not_picked":["Guardian:RevengeProtocol","Guardian:StasisField"],"picked":"Guardian:BaubleBeam","floor":20},{"not_picked":["Guardian:Reroute","Guardian:EvasiveProtocol","Guardian:MultiBeam"],"picked":"Guardian:Gem_Red","floor":23},{"not_picked":["Guardian:TemporalStrike+1","Guardian:RefractedBeam","Guardian:PiercingHide"],"picked":"Guardian:Emergency","floor":24},{"not_picked":["Guardian:Reroute","Guardian:TimeCapacitor","Guardian:TemporalStrike"],"picked":"Guardian:ArmoredProtocol","floor":25},{"not_picked":["Guardian:RefractedBeam","Guardian:Gem_Red","Guardian:CrystalBeam"],"picked":"Guardian:Planning+1","floor":26},{"not_picked":["Guardian:VentSteam","Guardian:Reroute","Guardian:Gem_Synthetic"],"picked":"Guardian:BaubleBeam","floor":29},{"not_picked":["Guardian:ShieldCharger","Guardian:Harden","Guardian:RollAttack"],"picked":"Guardian:Suspension","floor":32},{"not_picked":["Guardian:Gem_Red","Guardian:Planning","Guardian:TemporalStrike"],"picked":"Guardian:Gem_Cyan","floor":33},{"not_picked":["Guardian:EvasiveProtocol+1","Guardian:RollAttack","Guardian:WalkerClaw+1"],"picked":"Guardian:SentryBeam","floor":35},{"not_picked":["Guardian:ShieldSpikes","Guardian:BronzeOrb","Guardian:TemporalStrike"],"picked":"Guardian:Repulse","floor":35},{"not_picked":["Guardian:ShieldCharger","Guardian:Suspension","Guardian:PrimingBeam"],"picked":"Guardian:Gem_Synthetic","floor":36},{"not_picked":["Guardian:FastForward","Guardian:BaubleBeam","Guardian:HyperBeam_Guardian"],"picked":"Guardian:RevengeProtocol","floor":37},{"not_picked":["Guardian:CrystalBeam","Guardian:FloatingOrbs+1","Guardian:Planning"],"picked":"Guardian:Gem_Fragmented","floor":40},{"not_picked":["Guardian:Planning+1","Guardian:PiercingHide","Guardian:TemporalShield","Guardian:ConstructionForm"],"picked":"SKIP","floor":42},{"not_picked":["Guardian:ChargeCore","Guardian:Incinerate+1","Guardian:TemporalShield","Guardian:RollAttack+1"],"picked":"SKIP","floor":46},{"not_picked":["Guardian:Gem_Lightblue","Guardian:ChargeCore+1","Guardian:AncientConstruct"],"picked":"Guardian:StasisField","floor":47},{"not_picked":["Guardian:Gem_Red","Guardian:WalkerClaw+1","Guardian:Incinerate+1","Guardian:Gem_Fragmented"],"picked":"SKIP","floor":49},{"not_picked":["Guardian:RefractedBeam","Guardian:Gem_Green","Guardian:Incinerate+1"],"picked":"Guardian:Clone","floor":50},{"not_picked":["Guardian:Gem_Cyan","Guardian:Gem_Crimson","Guardian:ChargeCore+1","Guardian:TemporalStrike"],"picked":"SKIP","floor":51},{"not_picked":["Guardian:TemporalShield","Guardian:Incinerate+1","Guardian:VentSteam"],"picked":"Guardian:ExploitGems","floor":52}],"player_experience":412847,"relics_obtained":[{"floor":9.0,"key":"Simple Rune"},{"floor":10.0,"key":"AT_TimeSand"},{"floor":12.0,"key":"Replay:Wax Seal"},{"floor":16,"key":"AT_SpeedBoots"},{"floor":18,"key":"Replay:Bottled Eggs"},{"floor":28,"key":"Replay:WaspNest"},{"floor":35,"key":"Bag of Preparation"},{"floor":40,"key":"Incense Burner"},{"floor":45,"key":"Replay:Mystery Machine"},{"floor":47,"key":"Bag of Marbles"},{"floor":52,"key":"Mummified Hand"}],"event_choices":[{"damage_healed":0,"gold_gain":0,"player_choice":"Swap Relic","damage_taken":0,"relics_obtained":["DaveBox"],"max_hp_gain":0,"max_hp_loss":0,"event_name":"给自己的盒子","floor":15,"relics_lost":["DaveBox"],"gold_loss":0},{"damage_healed":0,"gold_gain":0,"player_choice":"Sell","damage_taken":0,"max_hp_gain":0,"max_hp_loss":0,"event_name":"恩洛斯的盘子","floor":31,"relics_lost":["Replay:Grab Bag"],"gold_loss":0},{"damage_healed":0,"gold_gain":0,"player_choice":"Fight","damage_taken":0,"max_hp_gain":0,"max_hp_loss":0,"event_name":"Mysterious Sphere","floor":40,"gold_loss":0}],"is_beta":false,"boss_relics":[{"not_picked":["ExusiaiGun","RhineCircuit"],"picked":"Replay:Grab Bag"},{"not_picked":["Busted Crown","Sozu"],"picked":"SlaversCollar"},{"not_picked":["Velvet Choker","ChewingGum"],"picked":"Coffee Dripper"},{"not_picked":["testmod-KeyOfTheVoid","testmod-DreamHouse"],"picked":"Honey Jar"},{"not_picked":["testmod-Fanaticism","testmod-Nine"],"picked":"EE1DDrone"}],"items_purged_floors":[],"is_endless":false,"potions_floor_spawned":[3,4,6,13,14,18,19,23,24,26,40,46,49,50,51],"ascension_level":0}}