{"host":"6p0attdrtjqaih7v","time":1612032826,"event":{"mods":["2.2 Compatiblity","AchievementEnabler","Bard","BaseMod","Better Skull","Better Third Choice","Colored Powertips","Downfall","Hermit","Highlight Path","Key Reminder","Minty Spire (QoL Compilation)","Permanent Neow","Quick Restart","Random Character Button","Relic Stats","Replay The Spire","Robot Space Explorer","StSLib","The Witch"],"gold_per_floor":[109,39,50,0,14,14,45,45,72,92,132,155,181,198,198,304,404,430,430,449,494,570,570,606,606,606,625,653,678,700,565,565,676,676,704,724,624,652,710,710,710,710,733,760,509,509,603,619,619,619],"floor_reached":51,"language":"ENG","playtime":4212,"items_purged":["Strike_Witch","Strike_Witch"],"score":879,"play_id":"ed1a65f5-89b0-4448-b14e-f2b30b875f7e","local_time":"20210130135346","is_ascension_mode":true,"campfire_choices":[{"data":"PainBolt","floor":6,"key":"SMITH"},{"floor":8,"key":"REST"},{"floor":15,"key":"REST"},{"data":"SummonRatFamiliar","floor":23,"key":"SMITH"},{"data":"KarmaDrain","floor":25,"key":"SMITH"},{"data":"Schadenfreude","floor":32,"key":"SMITH"},{"floor":40,"key":"REST"},{"data":"BloodSabbath","floor":42,"key":"SMITH"},{"floor":49,"key":"REST"}],"circlet_count":0,"master_deck":["Strike_Witch","Strike_Witch","Defend_Witch","Defend_Witch","Defend_Witch","Hexguard+1","ZombieSpit","RoilingBarrier+1","SummonRatFamiliar+1","Shrooms","PainBolt+1","BlackBolt","GhoulTouch+1","RoilingBarrier","PlagueSpreader","KarmaDrain+1","TrollsBlood","IllOmen","Ghostly","Ghostly","Ghostly","Ghostly","Ghostly","CursedBlade+1","SkullFlask","MagicFang+1","Schadenfreude+1","WretchedNails+1","BloodSabbath+1","UnnaturalEnergy","Bewitch+1","KarmaDrain+1","BoneCarving","Bewitch+1","Shrooms+1","ReplayTheSpireMod:Splinters","MagicFang+1"],"relics":["BlackCat","Shovel","Toy Ornithopter","CeramicFish","Gremlin Food","Replay:Wanted Poster","Mirror","Matryoshka","Snack Pack","ReplayTheSpireMod:Ninjato","SacredBark","Turnip","Boot","Blood Vial","White Beast Statue","Iron Hammer","Pet Ghost"],"acts_visited":["Exordium","TheCity","TheBeyond"],"potions_floor_usage":[7,16,24,30,39,39,48,50,50],"damage_taken":[{"damage":0,"enemies":"Small Slimes","floor":1,"turns":4},{"damage":0,"enemies":"Jaw Worm","floor":3,"turns":5},{"damage":4,"enemies":"Cultist","floor":5,"turns":5},{"damage":23,"enemies":"Gremlin Nob","floor":7,"turns":4},{"damage":8,"enemies":"Blue Slaver","floor":10,"turns":2},{"damage":0,"enemies":"Replay:BlueRogue","floor":11,"turns":6},{"damage":1,"enemies":"2 Fungi Beasts","floor":12,"turns":3},{"damage":22,"enemies":"Exordium Wildlife","floor":13,"turns":6},{"damage":0,"enemies":"Blue Slaver","floor":14,"turns":6},{"damage":0,"enemies":"The Guardian","floor":16,"turns":13},{"damage":13,"enemies":"Spheric Guardian","floor":18,"turns":4},{"damage":12,"enemies":"Chosen","floor":20,"turns":5},{"damage":8,"enemies":"Gremlin Leader","floor":24,"turns":10},{"damage":0,"enemies":"Centurion and Healer","floor":27,"turns":8},{"damage":6,"enemies":"Snake Plant","floor":28,"turns":5},{"damage":3,"enemies":"Shelled Parasite and Fungi","floor":29,"turns":7},{"damage":5,"enemies":"3 Cultists","floor":30,"turns":6},{"damage":13,"enemies":"Collector","floor":33,"turns":13},{"damage":1,"enemies":"3 Shapes","floor":35,"turns":6},{"damage":15,"enemies":"Orb Walker","floor":36,"turns":5},{"damage":1,"enemies":"Writhing Mass","floor":38,"turns":7},{"damage":19,"enemies":"2 Orb Walkers","floor":39,"turns":9},{"damage":10,"enemies":"Spire Growth","floor":44,"turns":8},{"damage":0,"enemies":"Jaw Worm Horde","floor":48,"turns":6},{"damage":27,"enemies":"Donu and Deca","floor":50,"turns":9}],"seed_played":"-2586119209038254511","potions_obtained":[{"floor":3,"key":"Milkshake"},{"floor":11,"key":"SkillPotion"},{"floor":13,"key":"BlessingOfTheForge"},{"floor":14,"key":"BlessingOfTheForge"},{"floor":20,"key":"PowerPotion"},{"floor":27,"key":"Strength Potion"},{"floor":36,"key":"Dexterity Potion"},{"floor":47,"key":"Regen Potion"},{"floor":47,"key":"Elixir"},{"floor":48,"key":"Flashbang"}],"is_trial":false,"path_per_floor":["M","$","M","?","M","R","E","R","T","M","E","M","M","M","R","B",null,"M","?","M","?","T","R","E","R","T","M","M","M","M","$","R","B",null,"M","M","$","M","?","R","?","R","T","M","$","T","?","M","R","B",null],"character_chosen":"WITCH","items_purchased":["SummonRatFamiliar","BloodSabbath","White Beast Statue"],"campfire_rested":4,"item_purchase_floors":[2,31,45],"current_hp_per_floor":[49,49,49,49,45,45,22,42,42,34,34,33,11,11,31,36,67,54,54,43,33,33,33,31,31,31,33,28,29,32,32,32,24,33,32,19,19,19,15,24,24,24,24,20,20,20,20,27,33,31],"gold":619,"neow_bonus":"ONE_RARE_RELIC","is_daily":false,"chose_seed":false,"campfire_upgraded":5,"win_rate":0.0,"timestamp":1612032826,"path_taken":["M","$","M","?","M","R","E","R","T","M","E","M","M","M","R","BOSS","M","?","M","?","?","R","E","R","T","M","M","M","?","$","R","BOSS","M","M","$","M","?","R","?","R","T","M","$","?","?","M","R","BOSS"],"items_purchased_type":["Card","Card","Relic"],"build_version":"2020-12-22","purchased_purges":2,"victory":true,"max_hp_per_floor":[67,67,67,67,67,67,67,67,67,67,67,67,67,67,67,67,67,67,67,67,33,33,33,33,33,33,33,33,33,33,33,33,33,33,33,33,33,33,33,33,33,33,33,33,33,33,33,33,33,33],"relic_stats":{"Blood Vial":4,"Shovel":0,"counters":[25,162],"CeramicFish":225,"Turnip":[0],"Boot":[8],"obtain_stats":[{"Gremlin Food":11,"ReplayTheSpireMod:Ninjato":26,"CeramicFish":9,"SacredBark":34,"Boot":43,"BlackCat":0,"White Beast Statue":45,"Pet Ghost":47,"Replay:Wanted Poster":17,"Blood Vial":43,"Shovel":0,"Matryoshka":24,"Turnip":39,"Iron Hammer":46,"Snack Pack":26,"Mirror":22,"Toy Ornithopter":7},{"Gremlin Food":6,"ReplayTheSpireMod:Ninjato":13,"CeramicFish":4,"SacredBark":18,"Boot":22,"BlackCat":0,"White Beast Statue":23,"Pet Ghost":23,"Replay:Wanted Poster":10,"Blood Vial":22,"Shovel":0,"Matryoshka":13,"Turnip":22,"Iron Hammer":23,"Snack Pack":13,"Mirror":12,"Toy Ornithopter":4},{"Gremlin Food":26,"ReplayTheSpireMod:Ninjato":73,"CeramicFish":18,"SacredBark":112,"Boot":139,"BlackCat":0,"White Beast Statue":147,"Pet Ghost":147,"Replay:Wanted Poster":54,"Blood Vial":139,"Shovel":0,"Matryoshka":73,"Turnip":139,"Iron Hammer":147,"Snack Pack":73,"Mirror":63,"Toy Ornithopter":18}],"Toy Ornithopter":34},"card_choices":[{"not_picked":["LivingBomb","Atonement"],"picked":"RoilingBarrier","floor":1},{"not_picked":["GnarledBody","MementoMori"],"picked":"Shrooms","floor":3},{"not_picked":["Athame","BleedOut"],"picked":"PainBolt","floor":5},{"not_picked":["TwistedMind","Harmlessness"],"picked":"BlackBolt","floor":7},{"not_picked":["BlackBolt","RoilingBarrier"],"picked":"GhoulTouch","floor":10},{"not_picked":["WickedThoughts","BalefulWard"],"picked":"RoilingBarrier","floor":11},{"not_picked":["SummonBatFamiliar","Demonfyre"],"picked":"PlagueSpreader","floor":12},{"not_picked":["NighInvulnerability","CorruptBlood"],"picked":"KarmaDrain","floor":13},{"not_picked":["BalefulWard","WretchedNails","MortusClaw"],"picked":"SKIP","floor":14},{"not_picked":["WalpurgisNight","SummonRavenFamiliar"],"picked":"TrollsBlood","floor":16},{"not_picked":["SummonCatFamiliar+1","Atonement"],"picked":"IllOmen","floor":18},{"not_picked":["Puncture","Foresight","MementoMori"],"picked":"SKIP","floor":20},{"not_picked":["Puncture+1","Demonfyre"],"picked":"CursedBlade+1","floor":24},{"not_picked":["Bewitch+1","WretchedNails"],"picked":"SkullFlask","floor":27},{"not_picked":["TwistedMind+1","LivingBomb"],"picked":"MagicFang+1","floor":28},{"not_picked":["Pillage","NighInvulnerability"],"picked":"Schadenfreude","floor":29},{"not_picked":["Demonfyre","Atonement"],"picked":"WretchedNails+1","floor":30},{"not_picked":["TrollsBlood","RustWall"],"picked":"UnnaturalEnergy","floor":33},{"not_picked":["Broomstick","KarmaDrain"],"picked":"Bewitch+1","floor":35},{"not_picked":["Pillage+1","MercuryWand"],"picked":"KarmaDrain+1","floor":36},{"not_picked":["Thundercloud","BlackShield+1"],"picked":"BoneCarving","floor":38},{"not_picked":["BleedOut+1","Thundercloud+1"],"picked":"Bewitch+1","floor":39},{"not_picked":["SkullFlask","RiteOfSpring"],"picked":"Shrooms+1","floor":44},{"not_picked":["SoulBarrier","Decrepify+1"],"picked":"MagicFang+1","floor":47},{"not_picked":["BlackShield+1","KarmaDrain","MementoMori+1"],"picked":"SKIP","floor":48}],"player_experience":964105,"relics_obtained":[{"floor":7,"key":"Toy Ornithopter"},{"floor":9,"key":"CeramicFish"},{"floor":11,"key":"Gremlin Food"},{"floor":22,"key":"Mirror"},{"floor":24,"key":"Matryoshka"},{"floor":26,"key":"Snack Pack"},{"floor":26,"key":"ReplayTheSpireMod:Ninjato"},{"floor":39,"key":"Turnip"},{"floor":43,"key":"Boot"},{"floor":43,"key":"Blood Vial"},{"floor":46,"key":"Iron Hammer"},{"floor":47,"key":"Pet Ghost"}],"event_choices":[{"cards_removed":["Defend_Witch"],"damage_healed":0,"gold_gain":0,"player_choice":"Card Removal","damage_taken":0,"max_hp_gain":0,"max_hp_loss":0,"event_name":"The Cleric","floor":4,"gold_loss":50},{"damage_healed":0,"gold_gain":0,"player_choice":"Became a Ghost","damage_taken":0,"max_hp_gain":0,"max_hp_loss":34,"event_name":"Ghosts","floor":21,"gold_loss":0,"cards_obtained":["Ghostly","Ghostly","Ghostly","Ghostly","Ghostly"]},{"damage_healed":0,"gold_gain":0,"player_choice":"Fight","damage_taken":0,"max_hp_gain":0,"max_hp_loss":0,"event_name":"Mysterious Sphere","floor":39,"gold_loss":0},{"damage_healed":0,"gold_gain":0,"player_choice":"Memory 1","damage_taken":0,"max_hp_gain":0,"max_hp_loss":0,"event_name":"SensoryStone","floor":41,"gold_loss":0}],"is_beta":false,"boss_relics":[{"not_picked":["Snecko Heart","Abe\u0027s Treasure"],"picked":"Replay:Wanted Poster"},{"not_picked":["Black Star","Kintsugi"],"picked":"SacredBark"}],"items_purged_floors":[31,37],"is_endless":false,"potions_floor_spawned":[3,11,13,14,20,27,36,48],"ascension_level":2}}