{"host":"6xsbn6ynqlzwllfm","time":1612005260,"event":{"mods":["2.2 Compatiblity","BaseMod","Bestiary","Colored Map","Colored Powertips","Curses Come First","Highlight Path","Keyboard Shortcuts","Minty Spire (QoL Compilation)","Relic Stats","Slay the Relics Exporter","StSLib","SuperFastMode"],"gold_per_floor":[114,114,126,91,91,119,119,148,184,229,257,296,326,362,374,460,472,496,508,520,150,150,180,180,211,238,256,291,73,104,125,125,204,204,223,242,242,292,308,341,341,367,376,388,422,438,438,473,473,473,473],"floor_reached":52,"language":"ENG","playtime":1873,"items_purged":["Strike_P","Strike_P"],"score":2767,"play_id":"30a9659a-5dfc-45dd-b5bc-73f81ab82158","local_time":"20210130061420","is_ascension_mode":true,"campfire_choices":[{"data":"Eruption","floor":7,"key":"SMITH"},{"data":"ReachHeaven","floor":15,"key":"SMITH"},{"data":"RitualDagger","floor":32,"key":"SMITH"},{"data":"Ragnarok","floor":41,"key":"SMITH"},{"floor":47,"key":"REST"},{"data":"CutThroughFate","floor":49,"key":"SMITH"}],"circlet_count":0,"master_deck":["AscendersBane","Strike_P","Defend_P","Defend_P+1","Defend_P+1","Defend_P","Eruption+1","Vigilance","ReachHeaven+1","FollowUp","CutThroughFate+1","Prostrate+1","Protect+1","Prostrate+1","ConjureBlade+1","Scrawl+1","Prostrate+1","RitualDagger+1","Prostrate+1","Ragnarok+1","Prostrate+1","DeceiveReality+1","Doubt","EmptyMind+1"],"relics":["Runic Pyramid","Orichalcum","Pen Nib","MawBank","Smiling Mask","Toxic Egg 2","Letter Opener","SacredBark","Lee\u0027s Waffle","Strawberry","MutagenicStrength","CeramicFish","Toy Ornithopter","Bag of Preparation","War Paint","Sling","Pantograph","Cursed Key","Pear","Torii","Bottled Lightning","Blue Candle"],"acts_visited":["Exordium","TheCity","TheBeyond"],"potions_floor_usage":[6,12,23,28,31,33,33,42,48],"damage_taken":[{"damage":1,"enemies":"Small Slimes","floor":1,"turns":3},{"damage":10,"enemies":"2 Louse","floor":3,"turns":2},{"damage":5,"enemies":"3 Sentries","floor":6,"turns":3},{"damage":9,"enemies":"Lagavulin","floor":8,"turns":5},{"damage":14,"enemies":"3 Sentries","floor":10,"turns":4},{"damage":0,"enemies":"Cultist","floor":11,"turns":2},{"damage":2,"enemies":"Gremlin Nob","floor":12,"turns":3},{"damage":0,"enemies":"2 Fungi Beasts","floor":13,"turns":3},{"damage":0,"enemies":"Slime Boss","floor":16,"turns":5},{"damage":28,"enemies":"Shell Parasite","floor":18,"turns":7},{"damage":15,"enemies":"Slavers","floor":23,"turns":3},{"damage":4,"enemies":"Book of Stabbing","floor":25,"turns":3},{"damage":0,"enemies":"Chosen","floor":27,"turns":2},{"damage":8,"enemies":"Slavers","floor":28,"turns":3},{"damage":0,"enemies":"Book of Stabbing","floor":30,"turns":1},{"damage":10,"enemies":"Shelled Parasite and Fungi","floor":31,"turns":3},{"damage":0,"enemies":"Automaton","floor":33,"turns":5},{"damage":5,"enemies":"3 Darklings","floor":35,"turns":3},{"damage":8,"enemies":"Orb Walker","floor":36,"turns":2},{"damage":10,"enemies":"3 Darklings","floor":39,"turns":3},{"damage":0,"enemies":"Giant Head","floor":40,"turns":2},{"damage":43,"enemies":"Writhing Mass","floor":42,"turns":4},{"damage":1,"enemies":"Spire Growth","floor":44,"turns":3},{"damage":0,"enemies":"Reptomancer","floor":45,"turns":2},{"damage":0,"enemies":"Sphere and 2 Shapes","floor":46,"turns":2},{"damage":0,"enemies":"Nemesis","floor":48,"turns":1},{"damage":32,"enemies":"Awakened One","floor":50,"turns":7},{"damage":2,"enemies":"Donu and Deca","floor":51,"turns":3}],"seed_played":"7597713039798728232","potions_obtained":[{"floor":1,"key":"DuplicationPotion"},{"floor":8,"key":"Strength Potion"},{"floor":10,"key":"Strength Potion"},{"floor":24,"key":"Explosive Potion"},{"floor":24,"key":"BottledMiracle"},{"floor":28,"key":"Fire Potion"},{"floor":31,"key":"Dexterity Potion"},{"floor":35,"key":"Fire Potion"},{"floor":44,"key":"Fruit Juice"},{"floor":45,"key":"SteroidPotion"},{"floor":48,"key":"SpeedPotion"}],"is_trial":false,"path_per_floor":["M","?","M","?","?","E","R","E","T","E","M","E","M","T","R","B",null,"M","?","?","$","?","E","?","E","T","M","E","$","E","M","R","B",null,"M","M","?","?","M","E","R","M","T","M","E","M","R","E","R","B","B",null],"character_chosen":"WATCHER","items_purchased":["Lee\u0027s Waffle","Strawberry","Sling"],"campfire_rested":1,"item_purchase_floors":[21,21,29],"current_hp_per_floor":[60,53,43,60,55,50,50,41,41,27,27,25,25,25,25,25,57,29,23,23,82,82,67,67,63,63,63,60,60,60,55,55,82,82,77,69,69,69,59,69,69,31,31,30,30,30,56,71,71,64,87],"gold":473,"neow_bonus":"BOSS_RELIC","is_daily":false,"chose_seed":false,"campfire_upgraded":5,"win_rate":0.0,"timestamp":1612005260,"path_taken":["M","?","M","?","?","E","R","E","T","E","M","E","M","?","R","BOSS","M","?","?","?","?","E","?","E","T","?","E","$","E","M","R","BOSS","M","M","?","?","M","E","R","?","T","M","E","M","R","E","R","BOSS","BOSS"],"items_purchased_type":["Relic","Relic","Relic"],"build_version":"2020-12-22","purchased_purges":2,"victory":true,"max_hp_per_floor":[68,68,68,68,68,68,68,68,68,68,68,68,68,68,68,68,68,68,68,68,82,82,82,82,82,82,82,82,82,82,82,82,82,82,82,82,78,78,78,88,88,88,88,88,88,88,88,98,98,98,98],"relic_stats":{"Lee\u0027s Waffle":52,"Torii":8,"counters":[28,89],"CeramicFish":45,"Blue Candle":[4],"Pen Nib":[15],"Bag of Preparation":[32],"Letter Opener":[350],"Orichalcum":[66],"War Paint":["Defend_P","Defend_P"],"MawBank":156,"Smiling Mask":75,"Cursed Key":1,"Pantograph":75,"obtain_stats":[{"Lee\u0027s Waffle":21,"Pear":40,"Torii":43,"SacredBark":17,"CeramicFish":23,"Blue Candle":48,"Pen Nib":6,"Bag of Preparation":26,"Letter Opener":12,"Orichalcum":5,"War Paint":28,"MawBank":8,"Smiling Mask":9,"Sling":29,"Cursed Key":34,"Strawberry":21,"MutagenicStrength":22,"Pantograph":30,"Bottled Lightning":45,"PureWater":0,"Toxic Egg 2":10,"Toy Ornithopter":25,"Runic Pyramid":0},{"Lee\u0027s Waffle":10,"Pear":21,"Torii":22,"SacredBark":9,"CeramicFish":11,"Blue Candle":26,"Pen Nib":3,"Bag of Preparation":12,"Letter Opener":7,"Orichalcum":2,"War Paint":14,"MawBank":4,"Smiling Mask":4,"Sling":14,"Cursed Key":17,"Strawberry":10,"MutagenicStrength":10,"Pantograph":15,"Bottled Lightning":24,"PureWater":0,"Toxic Egg 2":5,"Toy Ornithopter":12,"Runic Pyramid":0},{"Lee\u0027s Waffle":37,"Pear":67,"Torii":71,"SacredBark":30,"CeramicFish":40,"Blue Candle":79,"Pen Nib":8,"Bag of Preparation":43,"Letter Opener":22,"Orichalcum":5,"War Paint":48,"MawBank":13,"Smiling Mask":13,"Sling":48,"Cursed Key":57,"Strawberry":37,"MutagenicStrength":37,"Pantograph":49,"Bottled Lightning":76,"PureWater":0,"Toxic Egg 2":17,"Toy Ornithopter":43,"Runic Pyramid":0}],"Toy Ornithopter":22},"card_choices":[{"not_picked":["ThirdEye","WindmillStrike"],"picked":"ReachHeaven","floor":1},{"not_picked":["CutThroughFate","Worship"],"picked":"FollowUp","floor":3},{"not_picked":["FlurryOfBlows","JustLucky"],"picked":"CutThroughFate","floor":8},{"not_picked":["InnerPeace+1","ForeignInfluence+1"],"picked":"Prostrate+1","floor":10},{"not_picked":["WheelKick","WindmillStrike"],"picked":"Protect+1","floor":11},{"not_picked":["Vengeance+1","CutThroughFate"],"picked":"Prostrate+1","floor":12},{"not_picked":["WreathOfFlame+1","CutThroughFate"],"picked":"ConjureBlade+1","floor":13},{"not_picked":["DevaForm","ConjureBlade+1"],"picked":"Scrawl+1","floor":16},{"not_picked":["Pray+1","PathToVictory+1"],"picked":"Prostrate+1","floor":18},{"not_picked":["SignatureMove","Halt+1","Nirvana"],"picked":"SKIP","floor":23},{"not_picked":["InnerPeace+1","FlyingSleeves","Protect+1"],"picked":"SKIP","floor":27},{"not_picked":["ThirdEye+1","Weave"],"picked":"Ragnarok","floor":28},{"not_picked":["FlurryOfBlows","Wireheading"],"picked":"Prostrate+1","floor":31},{"not_picked":["Sanctity+1","Consecrate","JustLucky"],"picked":"SKIP","floor":35},{"not_picked":["WreathOfFlame+1","CutThroughFate","Establishment"],"picked":"SKIP","floor":40},{"not_picked":["CrushJoints","BowlingBash+1"],"picked":"DeceiveReality+1","floor":42},{"not_picked":["CutThroughFate","Judgement+1"],"picked":"EmptyMind+1","floor":45},{"not_picked":["Consecrate","Wish+1","Conclude"],"picked":"SKIP","floor":48}],"player_experience":1271247,"relics_obtained":[{"floor":6,"key":"Pen Nib"},{"floor":8,"key":"MawBank"},{"floor":9,"key":"Smiling Mask"},{"floor":10,"key":"Toxic Egg 2"},{"floor":12,"key":"Letter Opener"},{"floor":23,"key":"CeramicFish"},{"floor":25,"key":"Toy Ornithopter"},{"floor":26,"key":"Bag of Preparation"},{"floor":28,"key":"War Paint"},{"floor":30,"key":"Pantograph"},{"floor":40,"key":"Pear"},{"floor":43,"key":"Torii"},{"floor":45,"key":"Bottled Lightning"},{"floor":48,"key":"Blue Candle"}],"event_choices":[{"cards_removed":["Strike_P"],"damage_healed":0,"gold_gain":0,"player_choice":"Card Removal","damage_taken":7,"max_hp_gain":0,"max_hp_loss":0,"event_name":"Golden Wing","floor":2,"gold_loss":0},{"damage_healed":17,"gold_gain":0,"player_choice":"Healed","damage_taken":0,"max_hp_gain":0,"max_hp_loss":0,"event_name":"The Cleric","floor":4,"gold_loss":35},{"damage_healed":0,"gold_gain":0,"player_choice":"Success","damage_taken":5,"relics_obtained":["Orichalcum"],"max_hp_gain":0,"max_hp_loss":0,"event_name":"Scrap Ooze","floor":5,"gold_loss":0},{"damage_healed":0,"gold_gain":0,"player_choice":"Joined the Cult","damage_taken":6,"max_hp_gain":0,"max_hp_loss":0,"event_name":"Nest","floor":19,"gold_loss":0,"cards_obtained":["RitualDagger"]},{"damage_healed":0,"gold_gain":0,"player_choice":"Read","damage_taken":0,"max_hp_gain":0,"max_hp_loss":0,"event_name":"The Library","floor":20,"gold_loss":0,"cards_obtained":["Prostrate"]},{"damage_healed":0,"gold_gain":0,"player_choice":"Inject Mutagens","damage_taken":0,"relics_obtained":["MutagenicStrength"],"max_hp_gain":0,"max_hp_loss":0,"event_name":"Drug Dealer","floor":22,"gold_loss":0},{"damage_healed":0,"gold_gain":0,"player_choice":"Got Potions","damage_taken":0,"max_hp_gain":0,"max_hp_loss":0,"event_name":"Lab","floor":24,"gold_loss":0},{"damage_healed":0,"gold_gain":0,"player_choice":"Max HP","damage_taken":0,"max_hp_gain":0,"max_hp_loss":4,"event_name":"Winding Halls","floor":37,"gold_loss":0},{"damage_healed":0,"gold_gain":50,"player_choice":"Pray","damage_taken":0,"max_hp_gain":0,"max_hp_loss":0,"event_name":"Golden Shrine","floor":38,"gold_loss":0}],"is_beta":false,"boss_relics":[{"not_picked":["Coffee Dripper","Busted Crown"],"picked":"SacredBark"},{"not_picked":["SlaversCollar","Snecko Eye"],"picked":"Cursed Key"}],"items_purged_floors":[21,29],"is_endless":false,"potions_floor_spawned":[1,8,10,27,28,30,31,35,44,45,48],"ascension_level":20}}