{"host":"928gv66myv2vlnsd","time":1612028923,"event":{"mods":["BaseMod","Minty Spire (QoL Compilation)","StSLib"],"gold_per_floor":[360,360,370,520,31,31,61,61,61,84,109,134,143,192,201,301,391,409,119,134,134,134],"floor_reached":21,"language":"ENG","playtime":810,"items_purged":["Doubt","Parasite"],"score":346,"play_id":"2a451977-3599-4edf-8cdd-940539d71b6e","local_time":"20210130124843","is_ascension_mode":true,"campfire_choices":[{"floor":6,"key":"REST"},{"floor":13,"key":"REST"},{"floor":15,"key":"REST"}],"circlet_count":0,"master_deck":["AscendersBane","Survivor","Neutralize","Deadly Poison","Footwork","Terror","Envenom","Backflip","Deadly Poison","Adrenaline","Deadly Poison","Malaise","Footwork","Storm of Steel","Escape Plan","Grand Finale","Tactician","Calculated Gamble","Prepared","Unload","Predator","Wraith Form v2","Noxious Fumes"],"relics":["Ring of the Snake","Ancient Tea Set","PreservedInsect","TwistedFunnel","Dream Catcher","Golden Idol","White Beast Statue","CeramicFish","Smiling Mask","Pandora\u0027s Box","Art of War"],"acts_visited":["Exordium","TheCity"],"potions_floor_usage":[7,12,14,16],"damage_taken":[{"damage":3,"enemies":"2 Louse","floor":1,"turns":3},{"damage":4,"enemies":"Jaw Worm","floor":3,"turns":4},{"damage":23,"enemies":"Gremlin Nob","floor":7,"turns":4},{"damage":0,"enemies":"Cultist","floor":11,"turns":4},{"damage":18,"enemies":"Gremlin Gang","floor":12,"turns":7},{"damage":4,"enemies":"Lagavulin","floor":14,"turns":5},{"damage":31,"enemies":"Hexaghost","floor":16,"turns":8},{"damage":17,"enemies":"2 Thieves","floor":18,"turns":4},{"damage":26,"enemies":"3 Byrds","floor":20,"turns":4},{"damage":10,"enemies":"Shelled Parasite and Fungi","floor":21,"turns":1}],"seed_played":"946600653456897245","potions_obtained":[{"floor":1,"key":"DistilledChaos"},{"floor":3,"key":"ColorlessPotion"},{"floor":11,"key":"Poison Potion"},{"floor":12,"key":"BlessingOfTheForge"},{"floor":14,"key":"Dexterity Potion"},{"floor":16,"key":"SteroidPotion"},{"floor":18,"key":"CunningPotion"}],"is_trial":false,"path_per_floor":["M","?","M","?","$","R","E","?","T","T","M","M","R","E","R","B",null,"M","$","M","M"],"character_chosen":"THE_SILENT","items_purchased":["PreservedInsect","TwistedFunnel","Footwork","Noxious Fumes","Art of War"],"campfire_rested":3,"item_purchase_floors":[5,5,5,19,19],"current_hp_per_floor":[56,38,34,34,34,53,30,30,30,30,30,12,30,26,44,13,48,31,31,5,0,0],"gold":134,"neow_bonus":"TWO_FIFTY_GOLD","is_daily":false,"chose_seed":false,"campfire_upgraded":0,"win_rate":0.0,"timestamp":1612028923,"path_taken":["M","?","M","?","$","R","E","?","T","?","M","M","R","E","R","BOSS","M","$","M","M"],"items_purchased_type":["Relic","Relic","Card","Card","Relic"],"build_version":"2020-12-22","purchased_purges":2,"victory":false,"max_hp_per_floor":[66,66,66,66,66,66,66,60,60,60,60,60,60,60,60,60,60,60,57,57,57,57],"card_choices":[{"not_picked":["Backflip","Acrobatics"],"picked":"Deadly Poison","floor":1},{"not_picked":["Prepared","Bane","Sucker Punch"],"picked":"SKIP","floor":3},{"not_picked":["Acrobatics","Prepared"],"picked":"Terror","floor":7},{"not_picked":["Reflex","Skewer"],"picked":"Envenom","floor":11},{"not_picked":["Slice","Dodge and Roll"],"picked":"Backflip","floor":12},{"not_picked":["Cloak And Dagger","Poisoned Stab"],"picked":"Deadly Poison","floor":13},{"not_picked":["Tactician","Terror"],"picked":"Adrenaline","floor":14},{"not_picked":["Prepared","Outmaneuver"],"picked":"Deadly Poison","floor":15},{"not_picked":["Unload","Storm of Steel"],"picked":"Malaise","floor":16},{"not_picked":["Dagger Throw","Poisoned Stab+1","Dash"],"picked":"SKIP","floor":18},{"not_picked":["Quick Slash","PiercingWail","Slice"],"picked":"SKIP","floor":20}],"player_experience":1392455,"relics_obtained":[{"floor":7,"key":"Dream Catcher"},{"floor":9,"key":"White Beast Statue"},{"floor":10,"key":"CeramicFish"},{"floor":14,"key":"Smiling Mask"}],"event_choices":[{"damage_healed":0,"gold_gain":0,"player_choice":"Success","damage_taken":18,"relics_obtained":["Ancient Tea Set"],"max_hp_gain":0,"max_hp_loss":0,"event_name":"Scrap Ooze","floor":2,"gold_loss":0},{"damage_healed":0,"gold_gain":150,"player_choice":"AGREE","damage_taken":0,"max_hp_gain":0,"max_hp_loss":0,"event_name":"Liars Game","floor":4,"gold_loss":0,"cards_obtained":["Doubt"]},{"damage_healed":0,"gold_gain":0,"player_choice":"Lose Max HP","damage_taken":0,"relics_obtained":["Golden Idol"],"max_hp_gain":0,"max_hp_loss":6,"event_name":"Golden Idol","floor":8,"gold_loss":0}],"is_beta":false,"boss_relics":[{"not_picked":["Busted Crown","WristBlade"],"picked":"Pandora\u0027s Box"}],"items_purged_floors":[5,19],"is_endless":false,"potions_floor_spawned":[1,3,11,12,14,16,18,20],"killed_by":"Shelled Parasite and Fungi","ascension_level":17}}