{"host":"9kcqr6gvt9348rwr","time":1612018608,"event":{"mods":["Alarm Clock","BaseMod","Better Third Choice","BetterRewards","Colored Map","Colored Powertips","Conspire","Downfall","Ironclad Rager","Minty Spire (QoL Compilation)","Practice Mode","Rare Cards Sparkle","Relic Sorter","Replay The Spire","Shop Mod","Spicy Shops","StSLib","[功能]功能增强和修复MOD"],"gold_per_floor":[344,798,589,1016,1345,1345,1683,1683,1683,1683,2005,2510,2602,2602,2602,4552,4552,5061,5522,5454,5807,6269,6652,6652,7044,7044,7044,6861,7373,7400,7917,7917,9689,9689,10217,10748,10496,11006,11544,12050,11962,12001,12001,12001,12001,11873,11873,12245,12245,12279],"floor_reached":51,"language":"ZHS","playtime":5037,"items_purged":["hexamod:Haunted","Zap","Leap","Leap","Storm","Streamline","Chaos","BasicCrystalCard","Dualcast","Cold Snap","Ball Lightning","Leap","Leap","Beam Cell","Injury","All For One","Hello World+1","Gash+1","Go for the Eyes","Go for the Eyes","Crystallizer+1","ReplayTheSpireMod:Dual Polarity"],"score":747,"play_id":"a74f8dda-1c92-41c8-b217-0bac24efa299","local_time":"20210130225648","is_ascension_mode":false,"campfire_choices":[{"data":"Hello World","floor":6.0,"key":"SMITH"},{"data":"FIFO Queue","floor":8.0,"key":"SMITH"},{"data":"Crystallizer","floor":10.0,"key":"SMITH"},{"floor":15.0,"key":"REST"},{"data":"Double Energy","floor":24.0,"key":"SMITH"},{"floor":32.0,"key":"REST"},{"data":"Barrage","floor":44,"key":"SMITH"},{"data":"Apotheosis","floor":49,"key":"SMITH"}],"circlet_count":0,"master_deck":["Ball Lightning","Cold Snap+1","Double Energy+1","Melter+1","Electrodynamics","FIFO Queue+1","Buffer+1","Lockon","Redo","Redo","Buffer+1","Machine Learning+1","Mirror Shield","Genetic Algorithm+1","Loop","Stack+1","Genetic Algorithm+1","Double Energy","Defragment","Dark Shackles","Go for the Eyes+1","Cold Snap+1","Aggregate+1","Chaos+1","Ball Lightning+1","Stack+1","Defragment","Chill","Defragment","Redo+1","Seek+1","ReplayTheSpireMod:Omega Cannon","Self Repair+1","Melter+1","Conserve Battery+1","Redo+1","BootSequence+1","Barrage+1","Apotheosis+1","BasicCrystalCard","BasicCrystalCard","Parasite","Time Bomb+1"],"relics":["Cracked Core","ReplayTheSpireMod:Lightbulb","Sundial","Omamori","TheAbacus","Replay:Kaleidoscope","Gremlin Food","Bag of Preparation","Nuclear Battery","MerchantsRug","Replay:Bottled Eggs","Iron Hammer","Medical Kit","Blue Doll","Raider\u0027s Mask","Replay:Bandana","Regal Pillow","Whetstone","Bag of Marbles","Philosopher\u0027s Stone","OrangePellets","Guide Book","Gremlin Horn","Bird Faced Urn","Durian","conspire:IceCreamScoop","Solar Panel","HornCleat","Replay:Ringing Soul","Lantern","Letter Opener","Mummified Hand"],"acts_visited":["Exordium","TheCity","TheBeyond"],"potions_floor_usage":[50],"damage_taken":[{"damage":0.0,"enemies":"Small Slimes","floor":1.0,"turns":2.0},{"damage":0.0,"enemies":"conspire:RoseBush","floor":2.0,"turns":2.0},{"damage":0.0,"enemies":"Jaw Worm","floor":4.0,"turns":2.0},{"damage":3.0,"enemies":"conspire:2 RoseBushes","floor":5.0,"turns":4.0},{"damage":0.0,"enemies":"Lots of Slimes","floor":7.0,"turns":1.0},{"damage":16.0,"enemies":"Exordium Thugs","floor":11.0,"turns":5.0},{"damage":16.0,"enemies":"3 Louse","floor":12.0,"turns":2.0},{"damage":8.0,"enemies":"Fading Forest","floor":16.0,"turns":11.0},{"damage":1.0,"enemies":"Chosen","floor":18.0,"turns":4.0},{"damage":0.0,"enemies":"Spheric Guardian","floor":19.0,"turns":5.0},{"damage":7.0,"enemies":"Cultist and Chosen","floor":21.0,"turns":5.0},{"damage":7.0,"enemies":"Centurion and Healer","floor":22.0,"turns":4.0},{"damage":6.0,"enemies":"Shelled Parasite and Fungi","floor":23.0,"turns":5.0},{"damage":0.0,"enemies":"3 Cultists","floor":25.0,"turns":6.0},{"damage":0.0,"enemies":"Snake Plant","floor":29.0,"turns":5.0},{"damage":0.0,"enemies":"Slavers","floor":30.0,"turns":6.0},{"damage":10.0,"enemies":"Cultist and Chosen","floor":31.0,"turns":5.0},{"damage":25.0,"enemies":"Collector","floor":33.0,"turns":9.0},{"damage":1.0,"enemies":"Orb Walker","floor":35.0,"turns":3.0},{"damage":6.0,"enemies":"3 Darklings","floor":36.0,"turns":4.0},{"damage":4.0,"enemies":"Writhing Mass","floor":38.0,"turns":3.0},{"damage":0.0,"enemies":"Sphere and 2 Shapes","floor":39.0,"turns":4.0},{"damage":16.0,"enemies":"3 Darklings","floor":40.0,"turns":3.0},{"damage":0,"enemies":"Giant Head","floor":42,"turns":8},{"damage":0,"enemies":"Writhing Mass","floor":48,"turns":4},{"damage":0,"enemies":"Replay:Hell Engine","floor":50,"turns":10}],"seed_played":"-3256249473976545390","potions_obtained":[{"floor":1.0,"key":"PotionOfCapacity"},{"floor":1.0,"key":"AttackPotion"},{"floor":2.0,"key":"Cursed Concoction"},{"floor":7.0,"key":"Elixir"},{"floor":11.0,"key":"Fruit Juice"},{"floor":11.0,"key":"Reflective Coating"},{"floor":35.0,"key":"SneckoOil"},{"floor":38.0,"key":"FocusPotion"},{"floor":42,"key":"EssenceOfDarkness"},{"floor":47,"key":"Reflective Coating"},{"floor":47,"key":"champ:CounterPotion"}],"is_trial":false,"path_per_floor":["M","M","$","M","M","R","M","R","T","R","M","M","?","?","R","B",null,"M","M","$","M","M","M","R","M","T","?","$","M","E","M","R","B",null,"M","M","$","M","M","M","$","E","T","R","?","$","?","M","R_BF","B",null],"character_chosen":"DEFECT","items_purchased":["ReplayTheSpireMod:Lightbulb","Sundial","Lee\u0027s Waffle","Omamori","TheAbacus","Hello World","Melter","DollysMirror","MerchantsRug","Defragment","Dark Shackles","Iron Hammer","Medical Kit","Blue Doll","Raider\u0027s Mask","Defragment","Chill","OrangePellets","Guide Book","Gremlin Horn","Bird Faced Urn","Durian","Conserve Battery+1","conspire:IceCreamScoop","Solar Panel","Lantern","Letter Opener","Mummified Hand","BasicCrystalCard"],"campfire_rested":2,"item_purchase_floors":[3,3,3,3,3,3,3,20,20,20,20,28,28,28,28,28,28,37,37,37,37,37,37,41,41,46,46,46,46],"current_hp_per_floor":[50,50,75,75,72,72,72,72,72,72,61,45,45,45,69,72,80,79,79,79,72,65,59,59,59,59,59,59,59,59,49,73,48,80,79,80,85,85,85,77,77,85,85,85,88,91,91,94,94,94],"gold":12279,"neow_bonus":"DEFECT_STORMLORD","is_daily":false,"chose_seed":false,"campfire_upgraded":6,"win_rate":0.0,"timestamp":1612018608,"path_taken":["M","M","$","M","M","R","M","R","T","R","M","M","?","?","R","BOSS","M","M","$","M","M","M","R","M","T","?","$","M","E","M","R","BOSS","M","M","$","M","M","M","$","E","T","R","?","$","?","M","R_BF","BOSS"],"items_purchased_type":["Relic","Relic","Relic","Relic","Relic","Card","Card","Relic","Relic","Card","Card","Relic","Relic","Relic","Relic","Card","Card","Relic","Relic","Relic","Relic","Relic","Card","Relic","Relic","Relic","Relic","Relic","Card"],"build_version":"2020-12-22","purchased_purges":22,"victory":true,"max_hp_per_floor":[68,68,75,75,75,75,75,75,75,75,80,80,80,80,80,80,80,80,80,80,80,80,80,80,80,80,80,80,80,80,80,80,80,80,80,80,85,85,85,85,85,85,85,85,88,91,91,94,94,94],"card_choices":[{"not_picked":["Steam","Cold Snap"],"picked":"BasicCrystalCard","floor":1.0},{"not_picked":["ReplayTheSpireMod:Reroute Power","Skim"],"picked":"Streamline","floor":1.0},{"not_picked":["Force Field","FTL"],"picked":"Double Energy","floor":2.0},{"not_picked":["ReplayTheSpireMod:Reroute Power","Cold Snap"],"picked":"Gash","floor":2.0},{"not_picked":["Coolheaded","Sweeping Beam"],"picked":"Crystallizer","floor":4.0},{"not_picked":["Coolheaded","ReplayTheSpireMod:System Scan"],"picked":"Chaos","floor":4.0},{"not_picked":["Auto Shields","Panic Button"],"picked":"Electrodynamics","floor":5.0},{"not_picked":["Barrage","Beam Cell"],"picked":"Go for the Eyes","floor":5.0},{"not_picked":["Coolheaded","Hello World"],"picked":"Storm","floor":7.0},{"not_picked":["Panic Button","Static Discharge"],"picked":"FIFO Queue","floor":7.0},{"not_picked":["Streamline","ReplayGash"],"picked":"Buffer","floor":11.0},{"not_picked":["Consume","Compile Driver"],"picked":"Go for the Eyes","floor":11.0},{"not_picked":["Doom and Gloom","Leap"],"picked":"ReplayTheSpireMod:Dual Polarity","floor":12.0},{"not_picked":["Tempest","Hologram"],"picked":"Lockon","floor":12.0},{"not_picked":["Sweeping Beam","Barrage"],"picked":"Redo","floor":13.0},{"not_picked":["Ball Lightning","Sweeping Beam"],"picked":"Redo","floor":13.0},{"not_picked":["Cold Snap","ReplayTheSpireMod:Calculation Training"],"picked":"Beam Cell","floor":13.0},{"not_picked":["ReplayRNGCard","Thunder Strike"],"picked":"Buffer","floor":16.0},{"not_picked":["Mirror Shield","Creative AI"],"picked":"Machine Learning","floor":16.0},{"not_picked":["Amplify","Electrodynamics"],"picked":"Mirror Shield","floor":16.0},{"not_picked":["Thunder Strike","Rainbow"],"picked":"All For One","floor":16.0},{"not_picked":["Doom and Gloom","Redo"],"picked":"Genetic Algorithm+1","floor":18.0},{"not_picked":["Scrape","Go for the Eyes"],"picked":"Loop","floor":18.0},{"not_picked":["Hologram","Go for the Eyes"],"picked":"Stack+1","floor":19.0},{"not_picked":["Barrage","BasicCrystalCard"],"picked":"Genetic Algorithm+1","floor":19.0},{"not_picked":["Conserve Battery","BootSequence"],"picked":"Go for the Eyes+1","floor":21.0},{"not_picked":["Amplify","Hologram"],"picked":"Cold Snap+1","floor":21.0},{"not_picked":["Stack+1","Melter"],"picked":"Aggregate+1","floor":22.0},{"not_picked":["Melter","Machine Learning"],"picked":"Chaos+1","floor":22.0},{"not_picked":["Coolheaded","BasicCrystalCard+1"],"picked":"Ball Lightning+1","floor":23.0},{"not_picked":["Go for the Eyes","Redo","Ball Lightning"],"picked":"SKIP","floor":23.0},{"not_picked":["Beam Cell","Cold Snap"],"picked":"Stack+1","floor":25.0},{"not_picked":["Coolheaded+1","Gash","Go for the Eyes"],"picked":"SKIP","floor":25.0},{"not_picked":["Blizzard+1","Crystallizer"],"picked":"Defragment","floor":29.0},{"not_picked":["ICR:FrostFall+1","Darkness","All For One"],"picked":"SKIP","floor":29.0},{"not_picked":["ReplaySort","Gash","Compile Driver"],"picked":"SKIP","floor":30.0},{"not_picked":["Beam Cell","Sweeping Beam"],"picked":"Redo+1","floor":31.0},{"not_picked":["Ball Lightning","Double Energy","Coolheaded"],"picked":"SKIP","floor":31.0},{"not_picked":["Mirror Shield","All For One"],"picked":"Seek","floor":33.0},{"not_picked":["Mirror Shield","ICR:Cyclone"],"picked":"ReplayTheSpireMod:Omega Cannon","floor":33.0},{"not_picked":["Conserve Battery","Beam Cell"],"picked":"Self Repair+1","floor":35.0},{"not_picked":["Sweeping Beam","Reinforced Body","BasicCrystalCard"],"picked":"SKIP","floor":35.0},{"not_picked":["Conserve Battery+1","Thunder Strike"],"picked":"Melter+1","floor":36.0},{"not_picked":["Steam Power+1","Stack","Compile Driver+1"],"picked":"SKIP","floor":36.0},{"not_picked":["BasicCrystalCard","Panic Button+1"],"picked":"Redo+1","floor":38.0},{"not_picked":["Go for the Eyes+1","ReplayTheSpireMod:Calculation Training"],"picked":"BootSequence+1","floor":39.0},{"not_picked":["Go for the Eyes","Steam","BasicCrystalCard"],"picked":"SKIP","floor":39.0},{"not_picked":["Hologram","Leap+1","Capacitor"],"picked":"SKIP","floor":40},{"not_picked":["Force Field+1","FIFO Queue"],"picked":"Barrage","floor":42},{"not_picked":["Blind","Enlightenment"],"picked":"Apotheosis","floor":45},{"not_picked":["Barrage","Steam+1"],"picked":"Time Bomb+1","floor":48},{"not_picked":["Stack","Compile Driver","Coolheaded"],"picked":"SKIP","floor":48}],"player_experience":20985,"relics_obtained":[{"floor":9.0,"key":"Replay:Kaleidoscope"},{"floor":16.0,"key":"Smiling Mask"},{"floor":16.0,"key":"Gremlin Food"},{"floor":16.0,"key":"Bag of Preparation"},{"floor":26.0,"key":"Replay:Bottled Eggs"},{"floor":30.0,"key":"Replay:Bandana"},{"floor":33.0,"key":"Regal Pillow"},{"floor":33.0,"key":"Whetstone"},{"floor":33.0,"key":"Bag of Marbles"},{"floor":42,"key":"HornCleat"},{"floor":43,"key":"Replay:Ringing Soul"}],"event_choices":[{"damage_healed":0.0,"max_hp_gain":0.0,"max_hp_loss":0.0,"gold_gain":0.0,"event_name":"betterThird:BetterScrap","player_choice":"LEAVE","floor":14.0,"gold_loss":0.0,"damage_taken":0.0,"cards_obtained":["Collect"]},{"damage_healed":0,"gold_gain":0,"player_choice":"Memory 1","damage_taken":0,"max_hp_gain":0,"max_hp_loss":0,"event_name":"SensoryStone","floor":45,"gold_loss":0},{"damage_healed":0,"gold_gain":0,"player_choice":"Got Potions","damage_taken":0,"max_hp_gain":0,"max_hp_loss":0,"event_name":"Lab","floor":47,"gold_loss":0}],"is_beta":false,"boss_relics":[{"not_picked":["ReplayTheSpireMod:DimensionalGlitch","Coffee Dripper"],"picked":"Nuclear Battery"},{"not_picked":["Ring of Chaos","conspire:SeveredTorchhead"],"picked":"Philosopher\u0027s Stone"}],"items_purged_floors":[3,3,20,20,20,20,20,20,28,28,37,37,37,41,41,41,41,41,41,41,41,46],"is_endless":false,"potions_floor_spawned":[1,1,2,2,2,4,5,5,7,7,11,11,12,12,18,18,19,19,21,21,22,22,23,25,25,25,29,29,30,30,31,31,35,36,36,38,38,39,39,40,40,42,42,48],"ascension_level":0}}