{"host":"2ixd8xwebcm7gar8","time":1612035592,"event":{"mods":["AchievementEnabler","Act Like it!","Arknights","BaseMod","Beaked The Cultist","Conspire","Defuse TimeMaze Blight","Downfall","Googly Eyes","Hallownest","Hermit","Hubris","Infinite Spire","Minty Spire (QoL Compilation)","Replay The Spire","Robot Space Explorer","Shop Mod","StSLib","The Bug Knight","The Cursed","The Marked","Waifu the Spire"],"gold_per_floor":[134,351,117,149,149,149,149,198,198,198,38,38,111,180,180,180,180],"floor_reached":16,"language":"ENG","playtime":659,"items_purged":[],"score":118,"play_id":"48e16fc0-7e86-407f-93b0-0a5eacc4b26a","local_time":"20210130113952","daily_mods":["Draft","Heirloom","Time Dilation","Flight","Elite Swarm"],"is_ascension_mode":true,"campfire_choices":[{"floor":6,"key":"REST"},{"floor":7,"key":"REST"},{"data":"ats:Composite Medical Shells","floor":10,"key":"SMITH"},{"floor":15,"key":"REST"}],"circlet_count":0,"master_deck":["ats:Defend Order","ats:Hammer On","ats:Mental Burst","ats:Leaping Hammer","ats:Assault Order","ats:Sunburst","ats:Mental Burst","ats:Healing Strengthening","ats:Hammer On","ats:Hammer On","ats:Leaping Hammer","ats:Composite Medical Shells+1","ats:Support Order","ats:Apocalypse","ats:Ignite","ats:Song Of Battle","ats:Assault Order","ats:Burning Ground","ats:Healing Strengthening","ats:Dogmatic Field","ats:Nebulous Foxfire","ats:Rat Pack"],"relics":["ats:Sanity","ats:Gyao","Tiny Chest","Hallownest:SalubrasBlessingRelic","ats:Originium","Blue Candle","CeramicFish","hubris:FunFungus","hubris:ToyBattleship"],"acts_visited":["Hallownest:Greenpath"],"potions_floor_usage":[13],"damage_taken":[{"damage":6,"enemies":"Hallownest:2_MossCreeps","floor":1,"turns":3},{"damage":7,"enemies":"Hallownest:monsterHuskGuard","floor":4,"turns":2},{"damage":30,"enemies":"Hallownest:eliteCrystalGuardian","floor":8,"turns":5},{"damage":16,"enemies":"Hallownest:eliteMossKnight","floor":13,"turns":4},{"damage":42,"enemies":"Hallownest:eliteVengeflyKing","floor":14,"turns":7},{"damage":47,"enemies":"Hallownest:BossHornet","floor":16,"turns":2}],"seed_played":"-689627665401243477","potions_obtained":[{"floor":8,"key":"AttackPotion"}],"is_trial":true,"path_per_floor":["M","?","$","M","?","R","R","E","T","R","$","T","E","E","R","B"],"character_chosen":"DOCTOR_CLASS","items_purchased":["ats:Burning Ground","Tiny Chest","ats:Dogmatic Field"],"campfire_rested":3,"item_purchase_floors":[3,3,11],"current_hp_per_floor":[70,42,42,35,35,58,76,46,46,46,46,46,35,17,41,0,0],"gold":180,"neow_bonus":"","is_daily":false,"chose_seed":false,"campfire_upgraded":1,"win_rate":0.0,"timestamp":1612035592,"path_taken":["M","?","$","?","?","R","R","E","T","R","?","?","E","E","R","BOSS"],"items_purchased_type":["Card","Relic","Card"],"build_version":"2020-12-22","purchased_purges":0,"victory":false,"max_hp_per_floor":[72,72,72,72,72,74,76,76,76,76,76,76,76,76,78,78,78],"card_choices":[{"not_picked":["ats:Collapsing Strike","ats:Powerful Strike"],"picked":"ats:Defend Order","floor":0},{"not_picked":["ats:Spore Proliferation","ats:Explosion Area Strengthen"],"picked":"ats:Hammer On","floor":0},{"not_picked":["ats:Very Hot Blade","ats:Beaten Up"],"picked":"ats:Mental Burst","floor":0},{"not_picked":["ats:Flame Of Heaven","ats:Very Hot Blade"],"picked":"ats:Leaping Hammer","floor":0},{"not_picked":["ats:Powerful Strike","ats:Magnetic Hammer"],"picked":"ats:Assault Order","floor":0},{"not_picked":["ats:Flexible Camouflage","ats:Very Hot Blade"],"picked":"ats:Sunburst","floor":0},{"not_picked":["ats:Flexible Camouflage","ats:Curse Doll"],"picked":"ats:Mental Burst","floor":0},{"not_picked":["ats:Serious Mode","ats:Explosion Area Strengthen"],"picked":"ats:Healing Strengthening","floor":0},{"not_picked":["ats:Very Hot Blade","ats:Poison Spread"],"picked":"ats:Hammer On","floor":0},{"not_picked":["ats:Guardian Obelisk","ats:Blood Oath"],"picked":"ats:Hammer On","floor":0},{"not_picked":["ats:Explosion Area Strengthen","ats:Poison Spread"],"picked":"ats:Leaping Hammer","floor":0},{"not_picked":["ats:Shell Defense","ats:Sashimi Platter"],"picked":"ats:Composite Medical Shells","floor":0},{"not_picked":["ats:Explosion Area Strengthen","ats:Very Hot Blade"],"picked":"ats:Support Order","floor":0},{"not_picked":["ats:Flame Of Heaven","ats:Soul Absorption"],"picked":"ats:Apocalypse","floor":0},{"not_picked":["ats:Thermite Blade","ats:Explosion Area Strengthen"],"picked":"ats:Ignite","floor":0},{"not_picked":["ats:Collapsing Strike","ats:Leaping Hammer"],"picked":"ats:Song Of Battle","floor":1},{"not_picked":["ats:Poison Spread","ats:LN2 Cannon"],"picked":"ats:Assault Order","floor":2},{"not_picked":["ats:Hammer On","ats:Closed Bolt Burst Fire"],"picked":"ats:Healing Strengthening","floor":4},{"not_picked":["ats:Disruption Kick","ats:Fractured Body","ats:Durian"],"picked":"SKIP","floor":8},{"not_picked":["ats:Shadow Assault","ats:Dogmatic Field"],"picked":"ats:Nebulous Foxfire","floor":13},{"not_picked":["ats:True Silver Slash","ats:Disruption Kick"],"picked":"ats:Rat Pack","floor":14}],"player_experience":640184,"relics_obtained":[{"floor":8,"key":"ats:Originium"},{"floor":9,"key":"Blue Candle"},{"floor":12,"key":"CeramicFish"},{"floor":13,"key":"ats:Originium"},{"floor":13,"key":"hubris:FunFungus"},{"floor":14,"key":"ats:Originium"},{"floor":14,"key":"hubris:ToyBattleship"}],"event_choices":[],"is_beta":false,"boss_relics":[],"items_purged_floors":[],"is_endless":false,"potions_floor_spawned":[8],"killed_by":"Hallownest:BossHornet","ascension_level":1}}