{"host":"farxtl2u8hmkbdo2","time":1612024287,"event":{"mods":["A Magickal Journey","BaseMod","Better Altar","Better Note","Better Sensory Stone","Better Skull","Better Third Choice","Challenge The Spire","Colored Map","Colored Powertips","Current Relic Mod","Energized Spire","Fox Events","Gremlin Mod","Hermit","Hubris","Mimic Mod","Minty Spire (QoL Compilation)","Quick Restart","READ ME - Guardian Mod","READ ME - Snecko Mod","Rare Cards Sparkle","StSLib","The Bladedancer","The Bug Knight","The Cursed","The Disciple","The Hierophant","The Marked","The Necromancer","The Runesmith","Transform Curses"],"gold_per_floor":[111,114,111,110,73,45,56,36,36],"floor_reached":8,"language":"SPA","playtime":464,"items_purged":[],"score":93,"play_id":"b0fb95f9-d577-4f36-af8a-17cf69c00b01","local_time":"20210130133127","is_ascension_mode":true,"campfire_choices":[],"circlet_count":0,"master_deck":["hierophant:Strike_Hierophant","hierophant:Strike_Hierophant","hierophant:Strike_Hierophant","hierophant:Strike_Hierophant","hierophant:Punish","hierophant:Defend_Hierophant","hierophant:Defend_Hierophant","hierophant:Defend_Hierophant","hierophant:Defend_Hierophant","hierophant:ChurchCoffers","hierophant:Bribe","hierophant:SolarFlare","hierophant:EyeForCoin","hierophant:Doubloon","hierophant:RepressedViolence","hierophant:Doubloon+1","hierophant:HolyVerse","hierophant:Doubloon","hierophant:WrathOfGod","hierophant:Doubloon","hierophant:Doubloon","hierophant:ConvertCurrency","hierophant:Doubloon"],"relics":["hierophant:PropheticMaskRelic","Dream Catcher"],"acts_visited":["Exordium"],"potions_floor_usage":[5,6,6],"damage_taken":[{"damage":12,"enemies":"Small Slimes","floor":1,"turns":3},{"damage":8,"enemies":"Cultist","floor":2,"turns":5},{"damage":0,"enemies":"2 Louse","floor":3,"turns":2},{"damage":0,"enemies":"Blue Slaver","floor":4,"turns":9},{"damage":13,"enemies":"Exordium Thugs","floor":5,"turns":4},{"damage":36,"enemies":"Lagavulin","floor":6,"turns":9},{"damage":12,"enemies":"3 Louse","floor":7,"turns":4},{"damage":13,"enemies":"Gremlin Nob","floor":8,"turns":2}],"seed_played":"-7488290739426638894","potions_obtained":[{"floor":2,"key":"FearPotion"},{"floor":3,"key":"SpeedPotion"},{"floor":4,"key":"BlessingOfTheForge"},{"floor":6,"key":"LiquidBronze"}],"is_trial":false,"path_per_floor":["M","M","M","M","M","E","M","E"],"character_chosen":"HIEROPHANT","items_purchased":[],"campfire_rested":0,"item_purchase_floors":[],"current_hp_per_floor":[70,62,62,62,49,13,1,0,0],"gold":36,"neow_bonus":"TEN_PERCENT_HP_BONUS","is_daily":false,"chose_seed":false,"campfire_upgraded":0,"win_rate":0.0,"timestamp":1612024287,"path_taken":["M","M","M","M","M","E","M","E"],"items_purchased_type":[],"build_version":"2020-12-22","purchased_purges":0,"victory":false,"max_hp_per_floor":[82,82,82,82,82,82,82,82,82],"card_choices":[{"not_picked":["hierophant:Zeal","hierophant:Repentance"],"picked":"hierophant:Bribe","floor":1},{"not_picked":["hierophant:Blessing","hierophant:SealAway"],"picked":"hierophant:SolarFlare","floor":2},{"not_picked":["hierophant:CoinFling","hierophant:MirrorShield"],"picked":"hierophant:EyeForCoin","floor":3},{"not_picked":["hierophant:Purify","hierophant:PassingBell"],"picked":"hierophant:RepressedViolence","floor":4},{"not_picked":["hierophant:RustyCrate","hierophant:Dazzle"],"picked":"hierophant:HolyVerse","floor":5},{"not_picked":["hierophant:CursedGold","hierophant:Zeal"],"picked":"hierophant:WrathOfGod","floor":6},{"not_picked":["hierophant:Shelter","hierophant:HammerAndAnvil"],"picked":"hierophant:ConvertCurrency","floor":7}],"player_experience":1962558,"relics_obtained":[{"floor":6,"key":"Dream Catcher"}],"event_choices":[],"is_beta":false,"boss_relics":[],"items_purged_floors":[],"is_endless":false,"potions_floor_spawned":[2,3,4,6],"killed_by":"Gremlin Nob","ascension_level":2}}