{"host":"iph0xvuia0glosgr","time":1612029147,"event":{"mods":["AchievementEnabler","BaseMod","Minty Spire (QoL Compilation)"],"gold_per_floor":[209,229,85,138,155,155,181,181,205,230,296,311,311,322,322,426,476,495,545,619,619,639,669,285,285,285,298,317,292,35,102,102,102,102],"floor_reached":33,"language":"ENG","playtime":2272,"items_purged":[],"score":293,"play_id":"8c5efdb9-5d28-4b44-9d49-1263dda4d3d7","local_time":"20210130175227","is_ascension_mode":true,"campfire_choices":[{"floor":6,"key":"RECALL"},{"floor":13,"key":"REST"},{"floor":15,"key":"REST"},{"floor":25,"key":"REST"},{"floor":32,"key":"REST"}],"circlet_count":0,"master_deck":["Strike_G","Strike_G","Strike_G","Strike_G+1","Defend_G","Defend_G","Defend_G","Defend_G","Defend_G","Survivor","Neutralize","Blade Dance","Backstab","Accuracy","Slice","Quick Slash","PiercingWail","Flying Knee","Deflect","Choke","Deflect","Die Die Die","PiercingWail","Endless Agony","Backstab","Finisher","Distraction+1","Slice"],"relics":["Ring of the Snake","Strawberry","SsserpentHead","Ninja Scroll","Tiny House","MutagenicStrength","Akabeko","Anchor","Nunchaku","Bag of Marbles","WingedGreaves","Ornamental Fan"],"acts_visited":["Exordium","TheCity"],"potions_floor_usage":[7,14,16,21,23,23,27,33,33],"damage_taken":[{"damage":2,"enemies":"Jaw Worm","floor":1,"turns":5},{"damage":0,"enemies":"Cultist","floor":2,"turns":4},{"damage":0,"enemies":"Small Slimes","floor":5,"turns":2},{"damage":14,"enemies":"3 Sentries","floor":7,"turns":5},{"damage":21,"enemies":"Gremlin Nob","floor":10,"turns":4},{"damage":7,"enemies":"Exordium Wildlife","floor":11,"turns":2},{"damage":0,"enemies":"3 Louse","floor":12,"turns":2},{"damage":0,"enemies":"Blue Slaver","floor":14,"turns":1},{"damage":36,"enemies":"Hexaghost","floor":16,"turns":11},{"damage":12,"enemies":"2 Thieves","floor":18,"turns":5},{"damage":0,"enemies":"3 Byrds","floor":21,"turns":1},{"damage":12,"enemies":"3 Cultists","floor":22,"turns":4},{"damage":34,"enemies":"Gremlin Leader","floor":23,"turns":6},{"damage":0,"enemies":"Centurion and Healer","floor":27,"turns":1},{"damage":0,"enemies":"Snake Plant","floor":28,"turns":1},{"damage":0,"enemies":"Shelled Parasite and Fungi","floor":31,"turns":1},{"damage":72,"enemies":"Champ","floor":33,"turns":11}],"seed_played":"4556015376920359026","potions_obtained":[{"floor":2,"key":"AttackPotion"},{"floor":7,"key":"PowerPotion"},{"floor":12,"key":"BlessingOfTheForge"},{"floor":16,"key":"FearPotion"},{"floor":17,"key":"SmokeBomb"},{"floor":22,"key":"LiquidBronze"},{"floor":28,"key":"Energy Potion"},{"floor":31,"key":"SpeedPotion"}],"is_trial":false,"path_per_floor":["M","M","$","?","M","R","E","?","T","E","M","M","R","M","R","B",null,"M","?","T","M","M","E","$","R","T","M","M","?","$","M","R","B"],"character_chosen":"THE_SILENT","items_purchased":["Accuracy","Slice","Quick Slash","Nunchaku","CunningPotion","Bag of Marbles","Ornamental Fan"],"campfire_rested":4,"item_purchase_floors":[3,3,3,24,24,24,30],"current_hp_per_floor":[68,68,68,68,68,68,61,61,61,40,33,33,56,56,77,41,82,70,70,70,70,58,24,24,48,48,48,48,48,48,48,72,0,0],"gold":102,"neow_bonus":"HUNDRED_GOLD","is_daily":false,"chose_seed":false,"campfire_upgraded":0,"win_rate":0.0,"timestamp":1612029147,"path_taken":["M","M","$","?","M","R","E","?","T","E","?","M","R","M","R","BOSS","M","?","?","M","M","E","$","R","T","M","M","?","$","?","R","BOSS"],"items_purchased_type":["Card","Card","Card","Relic","Potion","Relic","Relic"],"build_version":"2020-12-22","purchased_purges":0,"victory":false,"max_hp_per_floor":[70,70,70,70,70,70,77,77,77,77,77,77,77,77,77,77,82,82,82,82,82,82,82,82,82,82,82,82,82,82,82,82,82,82],"card_choices":[{"not_picked":["PiercingWail","Leg Sweep"],"picked":"Blade Dance","floor":1},{"not_picked":["Calculated Gamble","Bane"],"picked":"Backstab","floor":2},{"not_picked":["Skewer","Dagger Throw"],"picked":"PiercingWail","floor":5},{"not_picked":["Backflip","Venomology"],"picked":"Flying Knee","floor":7},{"not_picked":["Reflex","Acrobatics"],"picked":"Deflect","floor":10},{"not_picked":["Concentrate","Footwork","Deadly Poison"],"picked":"SKIP","floor":11},{"not_picked":["Dodge and Roll","Dagger Spray"],"picked":"Choke","floor":12},{"not_picked":["Flying Knee","Quick Slash"],"picked":"Deflect","floor":14},{"not_picked":["Bullet Time","Corpse Explosion"],"picked":"Die Die Die","floor":16},{"not_picked":["Deadly Poison","Backflip"],"picked":"PiercingWail","floor":17},{"not_picked":["Prepared","Acrobatics+1"],"picked":"Endless Agony","floor":18},{"not_picked":["Poisoned Stab","Dagger Spray"],"picked":"Backstab","floor":22},{"not_picked":["PiercingWail+1","Skewer"],"picked":"Finisher","floor":23},{"not_picked":["Leg Sweep","Poisoned Stab"],"picked":"Distraction+1","floor":27},{"not_picked":["Footwork","Crippling Poison"],"picked":"Slice","floor":28},{"not_picked":["Blur","Bullet Time","All Out Attack"],"picked":"SKIP","floor":31}],"player_experience":310939,"relics_obtained":[{"floor":7,"key":"Strawberry"},{"floor":10,"key":"Ninja Scroll"},{"floor":20,"key":"Akabeko"},{"floor":23,"key":"Anchor"},{"floor":26,"key":"WingedGreaves"}],"event_choices":[{"damage_healed":0,"gold_gain":53,"player_choice":"Gained Gold","damage_taken":0,"max_hp_gain":0,"max_hp_loss":0,"event_name":"Golden Wing","floor":4,"gold_loss":0},{"damage_healed":0,"gold_gain":0,"player_choice":"Trade","damage_taken":0,"relics_obtained":["SsserpentHead"],"max_hp_gain":0,"max_hp_loss":0,"event_name":"FaceTrader","floor":8,"gold_loss":0},{"damage_healed":0,"gold_gain":0,"player_choice":"Inject Mutagens","damage_taken":0,"relics_obtained":["MutagenicStrength"],"max_hp_gain":0,"max_hp_loss":0,"event_name":"Drug Dealer","floor":19,"gold_loss":0},{"cards_removed":["Strike_G"],"damage_healed":0,"gold_gain":0,"player_choice":"Gave Gold","damage_taken":0,"max_hp_gain":0,"max_hp_loss":0,"event_name":"Beggar","floor":29,"gold_loss":75}],"is_beta":false,"boss_relics":[{"not_picked":["Ectoplasm","Empty Cage"],"picked":"Tiny House"}],"items_purged_floors":[],"is_endless":false,"potions_floor_spawned":[2,7,12,16,22,28,31],"killed_by":"Champ","ascension_level":1}}