{"host":"rhi1xaphgh1gkral","time":1612050326,"event":{"mods":["Aspiration","BaseMod","Conspire","Downfall","Energized Spire","GifTheSpireLib","Halation","Hubris","Infinite Spire","Jedi Mod","Minty Spire (QoL Compilation)","Replay The Spire","StSLib","Stuff the Spire"],"gold_per_floor":[99,99,99,99,111,111,111,111,122,13,48,65,76,76,88,192,192,192,206,35,114,126,126,126,38,38,138,155,170,170,200,211,310,260,260,274,286,311,581,598,598,608,151,164,164,182,217,17,37,37],"floor_reached":51,"language":"ENG","playtime":5789,"items_purged":["Guardian:Strike_Guardian"],"score":699,"play_id":"501b2604-1208-48fd-a1c3-028476c8430c","local_time":"20210130204526","is_ascension_mode":false,"campfire_choices":[{"data":"Guardian:BronzeOrb","floor":8,"key":"SMITH"},{"data":"Guardian:TimeBomb","floor":18,"key":"SMITH"},{"floor":30,"key":"REST"},{"data":"Guardian:GatlingBeam","floor":35,"key":"SMITH"},{"floor":48,"key":"RECALL"}],"circlet_count":0,"master_deck":["Guardian:Strike_Guardian","Guardian:Strike_Guardian","Guardian:Strike_Guardian","Guardian:Defend_Guardian","Guardian:Defend_Guardian","Guardian:Defend_Guardian","Guardian:CurlUp","Guardian:TwinSlam","Guardian:BronzeOrb+1","Guardian:PrimingBeam","Guardian:TemporalStrike","Guardian:FloatingOrbs+1","Guardian:PiercingHide","Guardian:Reroute","Guardian:TemporalStrike","Guardian:Preprogram","Guardian:Suspension","Guardian:TimeBomb+1","Guardian:HyperBeam_Guardian+1","Guardian:Incinerate","Guardian:ShieldSpikes","Guardian:PolyBeam","Guardian:RollAttack+1","Guardian:Harden","Guardian:PiercingHide","Guardian:SphericShield","Guardian:SentryBeam","Guardian:CrystalBeam","Guardian:MultiBeam","Guardian:PiercingHide+1","Guardian:GatlingBeam+1","Guardian:Strike_Guardian","Guardian:HyperBeam_Guardian","Guardian:TimeBomb+1","Guardian:BronzeArmor","Guardian:EvasiveProtocol+1","Guardian:ShieldCharger","Guardian:DecasProtection+1","Guardian:Emergency","Guardian:SpikerProtocol","Guardian:Clone","Guardian:SentryBeam+1","Guardian:StasisStrike","Guardian:Gem_Fragmented"],"relics":["StuffTheSpire:OccultApparatus","downfall:HeartsMalice","Snack Pack","Gremlin Horn","SlaversCollar","Guide Book","Orrery","hubris:TinFlute","aspiration:RitualStick","White Beast Statue","Unceasing Top","energizedSpire:HugeHouse","infinitespire:Joker Card","Sling","jedi:crownofsimplicity","jedi:arcanewood","downfall:HeartBlessingBlue","downfall:HeartBlessingGreen"],"acts_visited":["Exordium","TheCity","TheBeyond"],"potions_floor_usage":[10,10,11,16,20,20,22,25,28,29,31,32,32,33,33,33,39,39,44,46,47,47,50,50,50],"damage_taken":[{"damage":0,"enemies":"2 Louse","floor":2,"turns":1},{"damage":0,"enemies":"conspire:RoseBush","floor":3,"turns":1},{"damage":0,"enemies":"Cultist","floor":4,"turns":1},{"damage":2,"enemies":"3 Louse","floor":5,"turns":3},{"damage":10,"enemies":"Gremlin Gang","floor":9,"turns":5},{"damage":0,"enemies":"downfall:FleeingMerchant","floor":10,"turns":4},{"damage":6,"enemies":"Replay:BlueRogue","floor":11,"turns":4},{"damage":3,"enemies":"Red Slaver","floor":12,"turns":4},{"damage":3,"enemies":"Lots of Slimes","floor":13,"turns":3},{"damage":0,"enemies":"2 Fungi Beasts","floor":15,"turns":3},{"damage":34,"enemies":"IC_STATUS_ARCHETYPE","floor":16,"turns":8},{"damage":17,"enemies":"Chosen","floor":19,"turns":5},{"damage":8,"enemies":"downfall:FleeingMerchant","floor":20,"turns":4},{"damage":0,"enemies":"3 Byrds","floor":22,"turns":3},{"damage":8,"enemies":"downfall:FleeingMerchant","floor":25,"turns":4},{"damage":18,"enemies":"downfall:LadyInBlue","floor":27,"turns":8},{"damage":0,"enemies":"Snake Plant","floor":28,"turns":5},{"damage":18,"enemies":"Centurion and Healer","floor":29,"turns":3},{"damage":17,"enemies":"Book of Stabbing","floor":31,"turns":6},{"damage":5,"enemies":"Snecko","floor":32,"turns":5},{"damage":3,"enemies":"WA_ARCHETYPE_CALM","floor":33,"turns":8},{"damage":12,"enemies":"3 Shapes","floor":36,"turns":4},{"damage":0,"enemies":"Orb Walker","floor":37,"turns":3},{"damage":0,"enemies":"downfall:FleeingMerchant","floor":39,"turns":4},{"damage":8,"enemies":"Transient","floor":40,"turns":5},{"damage":3,"enemies":"Maw","floor":42,"turns":8},{"damage":9,"enemies":"3 Darklings","floor":44,"turns":2},{"damage":10,"enemies":"4 Shapes","floor":46,"turns":2},{"damage":13,"enemies":"Giant Head","floor":47,"turns":6},{"damage":56,"enemies":"Transient","floor":49,"turns":5},{"damage":56,"enemies":"DF_ARCHETYPE_ORBS","floor":50,"turns":10}],"seed_played":"7528952050402108584","potions_obtained":[{"floor":1,"key":"Guardian:AcceleratePotion"},{"floor":1,"key":"ColorlessPotion"},{"floor":5,"key":"Adrenaline Potion"},{"floor":9,"key":"EssenceOfSteel"},{"floor":13,"key":"BlessingOfTheForge"},{"floor":15,"key":"Fire Potion"},{"floor":16,"key":"Swift Potion"},{"floor":21,"key":"Toxic Potion"},{"floor":21,"key":"Elixir"},{"floor":21,"key":"FearPotion"},{"floor":27,"key":"EntropicBrew"},{"floor":27,"key":"jedi:holywater"},{"floor":27,"key":"Block Potion"},{"floor":28,"key":"PowerPotion"},{"floor":29,"key":"LifebloodPotion"},{"floor":31,"key":"Weak Potion"},{"floor":32,"key":"jedi:wingpotion"},{"floor":36,"key":"Adrenaline Potion"},{"floor":37,"key":"Fire Potion"},{"floor":39,"key":"Regen Potion"},{"floor":40,"key":"Energy Potion"},{"floor":42,"key":"Guardian:AcceleratePotion"},{"floor":44,"key":"SkillPotion"},{"floor":46,"key":"Explosive Potion"},{"floor":47,"key":"champ:CounterPotion"},{"floor":49,"key":"jedi:mysterypotion"}],"is_trial":false,"path_per_floor":["R","M","M","M","M","?","T","R","M","$","E","M","M","?","M","B",null,"R","M","$","?","M","AVR","T","$","?","?","M","M","R","E","M","B",null,"R","M","M","T","$","M","T","M","$","M","?","M","E","R","M","B",null],"character_chosen":"GUARDIAN","items_purchased":["Guardian:Reroute","Guardian:TemporalStrike","Guide Book","Guardian:SentryBeam","Guardian:Emergency","Guardian:SpikerProtocol","Sling","jedi:crownofsimplicity"],"campfire_rested":1,"item_purchase_floors":[10,10,20,25,43,43,43,43],"current_hp_per_floor":[80,80,80,80,78,78,78,78,74,80,78,79,77,77,80,57,80,80,67,63,63,63,63,63,61,45,43,47,29,53,46,45,54,75,75,63,65,65,73,73,73,74,74,66,66,58,57,67,21,4],"gold":37,"neow_bonus":"THREE_ENEMY_KILL","is_daily":false,"chose_seed":false,"campfire_upgraded":3,"win_rate":0.0,"timestamp":1612050326,"path_taken":["R","M","M","M","M","?","T","R","M","$","E","M","M","?","M","BOSS","R","M","$","?","?","AVR","T","$","?","?","?","M","R","E","M","BOSS","R","M","M","?","$","M","T","M","$","?","?","?","E","R","M","BOSS"],"items_purchased_type":["Card","Card","Relic","Card","Card","Card","Relic","Relic"],"build_version":"2020-12-22","purchased_purges":1,"victory":true,"max_hp_per_floor":[80,80,80,80,80,80,80,80,80,80,80,80,80,80,80,80,80,80,80,80,80,80,80,80,80,80,80,80,80,80,80,80,80,75,75,75,75,75,75,75,75,75,75,75,75,75,75,85,85,85],"card_choices":[{"not_picked":["Guardian:RollAttack","Guardian:TimeBomb"],"picked":"Guardian:BronzeOrb","floor":2},{"not_picked":["Guardian:Reroute","Guardian:PrimingBeam"],"picked":"Guardian:Gem_Crimson","floor":3},{"not_picked":["Guardian:Clone","Guardian:TimeBomb"],"picked":"Guardian:PrimingBeam","floor":4},{"not_picked":["Guardian:Gem_Lightblue","Guardian:DecasProtection"],"picked":"Guardian:TemporalStrike","floor":5},{"not_picked":["Guardian:Gem_Fragmented","Guardian:Planning"],"picked":"Guardian:FloatingOrbs","floor":9},{"not_picked":["Guardian:Gem_Cyan","Guardian:TemporalShield"],"picked":"Guardian:PiercingHide","floor":10},{"not_picked":["Guardian:RollAttack","Guardian:MultiBeam"],"picked":"Guardian:Preprogram","floor":11},{"not_picked":["Guardian:TemporalShield","Guardian:ArmoredProtocol"],"picked":"Guardian:Gem_Fragmented","floor":12},{"not_picked":["Guardian:TemporalShield","Guardian:Gem_Fragmented"],"picked":"Guardian:Suspension","floor":13},{"not_picked":["Guardian:Gem_Blue","Guardian:MultiBeam"],"picked":"Guardian:TimeBomb","floor":15},{"not_picked":["Guardian:TimeSifter","Guardian:GemFire"],"picked":"Guardian:HyperBeam_Guardian","floor":16},{"not_picked":["Guardian:EvasiveProtocol","Guardian:WalkerClaw"],"picked":"Guardian:Incinerate","floor":19},{"not_picked":["Guardian:Reroute","Guardian:PolyBeam"],"picked":"Guardian:ShieldSpikes","floor":20},{"not_picked":["Guardian:Planning","Guardian:BodySlam"],"picked":"Guardian:PolyBeam","floor":21},{"not_picked":["Guardian:WalkerClaw+1","Guardian:GuardianWhirl+1"],"picked":"Guardian:RollAttack+1","floor":22},{"not_picked":["Guardian:TemporalShield+1","Guardian:Gem_Cyan"],"picked":"Guardian:Recover","floor":23},{"not_picked":["Guardian:Gem_Green","Guardian:VentSteam"],"picked":"Guardian:Gem_Red","floor":23},{"not_picked":["Guardian:Planning","Guardian:BodySlam"],"picked":"Guardian:Harden","floor":23},{"not_picked":["Guardian:Gem_Red","Guardian:Reroute+1"],"picked":"Guardian:Gem_Fragmented","floor":23},{"not_picked":["Guardian:Planning","Guardian:Recover+1"],"picked":"Guardian:PiercingHide","floor":23},{"not_picked":["Guardian:GuardianWhirl","Guardian:RevengeProtocol"],"picked":"Guardian:SphericShield","floor":25},{"not_picked":["Guardian:Gem_White","Guardian:ChargeCore"],"picked":"Guardian:CrystalBeam","floor":27},{"not_picked":["Guardian:Clone","Guardian:SentryBeam"],"picked":"Guardian:MultiBeam","floor":28},{"not_picked":["Guardian:MultiBeam","Guardian:Gem_Green"],"picked":"Guardian:PiercingHide+1","floor":29},{"not_picked":["Guardian:PiercingHide","Guardian:Gem_Cyan"],"picked":"Guardian:Gem_Crimson","floor":31},{"not_picked":["Guardian:ShieldSpikes","Guardian:WalkerClaw"],"picked":"Guardian:Gem_Lightblue","floor":32},{"not_picked":["Guardian:FastForward","Guardian:GemFire"],"picked":"Guardian:GatlingBeam","floor":33},{"not_picked":["Guardian:Harden","Guardian:Reroute"],"picked":"Guardian:TimeBomb+1","floor":36},{"not_picked":["Guardian:Reroute","Guardian:Clone"],"picked":"Guardian:BronzeArmor","floor":37},{"not_picked":["Guardian:PrismaticBarrier+1","Guardian:TimeCapacitor"],"picked":"Guardian:EvasiveProtocol+1","floor":39},{"not_picked":["Guardian:PiercingHide","Guardian:PolyBeam+1"],"picked":"Guardian:ShieldCharger","floor":40},{"not_picked":["Guardian:Incinerate","Guardian:ShieldCharger"],"picked":"Guardian:DecasProtection+1","floor":42},{"not_picked":["Guardian:CrystalBeam","Guardian:Reroute"],"picked":"Guardian:Gem_Cyan","floor":44},{"not_picked":["Guardian:TimeCapacitor+1","Guardian:VentSteam"],"picked":"Guardian:SentryBeam+1","floor":46},{"not_picked":["Guardian:Suspension+1","Guardian:WalkerClaw+1"],"picked":"Guardian:StasisStrike","floor":47},{"not_picked":["Guardian:ShieldCharger+1","Guardian:Suspension+1"],"picked":"Guardian:Gem_Fragmented","floor":49}],"player_experience":137490,"relics_obtained":[{"floor":7,"key":"Snack Pack"},{"floor":11,"key":"Gremlin Horn"},{"floor":24,"key":"hubris:TinFlute"},{"floor":27,"key":"White Beast Statue"},{"floor":31,"key":"Unceasing Top"},{"floor":41,"key":"infinitespire:Joker Card"},{"floor":47,"key":"jedi:arcanewood"}],"event_choices":[],"is_beta":false,"boss_relics":[{"not_picked":["ReplayTheSpireMod:DimensionalGlitch","hubris:CrackedHourglass"],"picked":"SlaversCollar"},{"not_picked":["halation:Risk","energizedSpire:MagnifyingGlass"],"picked":"energizedSpire:HugeHouse"}],"items_purged_floors":[39],"is_endless":false,"potions_floor_spawned":[5,9,13,15,16,28,29,31,32,33,36,37,39,40,42,44,46,47,49],"ascension_level":0}}