{"host":"gf8hyl7jhl0is674","time":1612044455,"event":{"mods":["2.2 Compatiblity","Act Like it!","Aspiration","BaseMod","Chen","Colored Map","Gensokyo","KinomotoSakuraMod(????)","Koishi","Marisa????????","Minty Spire (QoL Compilation)","Onozuka Komachi Mod","Permanent Neow","StSLib","The Administrix","The Blue Laboratory","The Servant 0.9.4","Waifu the Spire"],"gold_per_floor":[115,115,125,125,142,142,154,154,178,191,226,226,226,251,251,251,251],"floor_reached":16,"language":"ENG","playtime":2306,"items_purged":[],"score":110,"play_id":"c5dfdfa5-fabb-418e-9e5e-0b39d89f793d","local_time":"20210130150735","is_ascension_mode":false,"campfire_choices":[{"floor":6,"key":"RECALL"},{"data":"Komachi:TasteDeath","floor":8,"key":"SMITH"},{"floor":12,"key":"REST"},{"data":"Komachi:ReaperScythe","floor":15,"key":"SMITH"}],"circlet_count":0,"master_deck":["Komachi:Strike","Komachi:Strike","Komachi:Defend","Komachi:Defend","Komachi:Defend","Komachi:Bound","Komachi:ReaperScythe+1","Komachi:Behead","Blur+1","Endless Agony","Flying Knee","Komachi:TasteDeath+1","Komachi:WanderingSpirits","Komachi:RepentantSoul"],"relics":["Komachi:Relic:FerryingBoat","aspiration:DSix","Du-Vu Doll","Centennial Puzzle"],"acts_visited":["Gensokyo:Gensokyo"],"potions_floor_usage":[11,11,16],"damage_taken":[{"damage":8,"enemies":"Gensokyo:3_Fairies","floor":1,"turns":7},{"damage":1,"enemies":"Gensokyo:2_Kodama","floor":3,"turns":3},{"damage":0,"enemies":"Gensokyo:Gryphon","floor":5,"turns":3},{"damage":6,"enemies":"Gensokyo:Python_and_Kodama","floor":7,"turns":4},{"damage":4,"enemies":"Gensokyo:2_Rabbits","floor":10,"turns":3},{"damage":24,"enemies":"Gensokyo:Cirno","floor":11,"turns":5},{"damage":7,"enemies":"Gensokyo:Mamizou","floor":14,"turns":8},{"damage":109,"enemies":"Gensokyo:Reimu","floor":16,"turns":16}],"seed_played":"-5391549471205203700","potions_obtained":[{"floor":1,"key":"blueLaboratory:EmptyBottle"},{"floor":5,"key":"Explosive Potion"},{"floor":7,"key":"FairyPotion"},{"floor":14,"key":"blueLaboratory:FruitPreserves"}],"is_trial":false,"path_per_floor":["M","?","M","T","M","R","M","R","T","M","E","R","?","E","R","B"],"character_chosen":"KOMACHI_CLASS","items_purchased":[],"campfire_rested":1,"item_purchase_floors":[],"current_hp_per_floor":[67,67,66,66,66,66,60,60,60,56,32,54,54,47,47,0,0],"gold":251,"neow_bonus":"DSIX","is_daily":false,"chose_seed":false,"campfire_upgraded":2,"win_rate":0.0,"timestamp":1612044455,"path_taken":["M","?","?","?","M","R","M","R","T","M","E","R","?","E","R","BOSS"],"items_purchased_type":[],"build_version":"2020-12-22","purchased_purges":0,"victory":false,"max_hp_per_floor":[75,75,75,75,75,75,75,75,75,75,75,75,75,75,75,75,75],"card_choices":[{"not_picked":["Komachi:HumanSpirit","Komachi:BoatSanzu"],"picked":"Komachi:Behead","floor":1},{"not_picked":["Komachi:VengefulSpirit","Komachi:Memento"],"picked":"Komachi:TasteDeath","floor":3},{"not_picked":["Komachi:Drowning","Komachi:BoatSanzu","Komachi:DestroyHope"],"picked":"SKIP","floor":5},{"not_picked":["Komachi:ConfinesAvichi","Komachi:SpiritualEnergy","Komachi:EndlessWay"],"picked":"SKIP","floor":7},{"not_picked":["Komachi:SinnerSpirit","Komachi:FellowTraveler"],"picked":"Komachi:WanderingSpirits","floor":10},{"not_picked":["Komachi:TrueMeditation","Komachi:WanderingSpirits"],"picked":"Komachi:RepentantSoul","floor":11},{"not_picked":["Komachi:CollectTip","Komachi:RiverMist","Komachi:EaseRest"],"picked":"SKIP","floor":14}],"player_experience":349084,"relics_obtained":[{"floor":11,"key":"Du-Vu Doll"},{"floor":14,"key":"Centennial Puzzle"}],"event_choices":[],"is_beta":false,"boss_relics":[],"items_purged_floors":[],"is_endless":false,"potions_floor_spawned":[1,5,7,14],"killed_by":"Gensokyo:Reimu","ascension_level":0}}