{"host":"farxtl2u8hmkbdo2","time":1612030181,"event":{"mods":["A Magickal Journey","BaseMod","Better Altar","Better Note","Better Sensory Stone","Better Skull","Better Third Choice","Challenge The Spire","Colored Map","Colored Powertips","Current Relic Mod","Energized Spire","Fox Events","Gremlin Mod","Hermit","Hubris","Mimic Mod","Minty Spire (QoL Compilation)","Quick Restart","READ ME - Guardian Mod","READ ME - Snecko Mod","Rare Cards Sparkle","StSLib","The Bladedancer","The Bug Knight","The Cursed","The Disciple","The Hierophant","The Marked","The Necromancer","The Runesmith","Transform Curses"],"gold_per_floor":[111,86,86,86,124,127,127,132,132,186,186,207,199,230,230,224,224,347,428,428,516,587,690,683,683,708,708,67,152,230,352,352,530,530,628,815,1071,621,621,732,732,837,837,306,534,826,826,1038,1038,814],"floor_reached":51,"language":"SPA","playtime":3290,"items_purged":[],"score":1535,"play_id":"dfe1d823-6c72-4517-9eb2-434cb78fbce4","local_time":"20210130150941","is_ascension_mode":true,"campfire_choices":[{"data":"hierophant:Determination","floor":7.0,"key":"SMITH"},{"data":"hierophant:ChurchCoffers","floor":11.0,"key":"SMITH"},{"data":"hierophant:Punish","floor":15.0,"key":"SMITH"},{"data":"hierophant:Charity","floor":27,"key":"SMITH"},{"data":"hierophant:BulkyChest","floor":32,"key":"SMITH"},{"data":"hierophant:Invocation","floor":49,"key":"SMITH"}],"circlet_count":0,"master_deck":["hierophant:Punish+1","hierophant:ChurchCoffers+1","hierophant:Determination+1","hierophant:OrnateBuckler","hierophant:RustyCrate","hierophant:Doubloon+1","hierophant:Doubloon+1","Impervious+1","hierophant:RepressedViolence","hierophant:Doubloon","hierophant:Charity+1","hierophant:MorningPrayer","hierophant:Doubloon","hierophant:ConvertCurrency","hierophant:WrathOfGod","hierophant:SecretStash","hierophant:RustyCrate","hierophant:Doubloon+1","hierophant:Doubloon","hierophant:Invocation+1","hierophant:BulkyChest+1","hierophant:Encroach","hierophant:Smite","hierophant:ArchangelShield","hierophant:ThreeLashes","hierophant:Upheaval","hierophant:Invocation","hierophant:WrathOfGod","hierophant:AuricShield+1","hierophant:RustyCrate","hierophant:Doubloon","hierophant:Doubloon","hierophant:Doubloon","hierophant:RecallFunds+1","hierophant:Doubloon","hierophant:Remorse+1","hierophant:OrnateBuckler+1","hierophant:Alms","hierophant:Doubloon","hierophant:CoinFling+1","hierophant:Doubloon+1","hierophant:Dazzle","hierophant:BulkyChest","hierophant:RustyCrate","hierophant:Doubloon","hierophant:Doubloon","hierophant:AuricBeam+1","Flash of Steel","Enlightenment","hierophant:AuricBeam+1","hierophant:Doubloon","hierophant:ConvertCurrency+1","hierophant:Mercenaries","hierophant:CursedGold","hierophant:Doubloon+1","Enlightenment","hierophant:Invocation"],"relics":["hierophant:PropheticMaskRelic","hubris:Towel","Centennial Puzzle","hubris:SphereOfDissonance","Art of War","Lizard Tail","Mummified Hand","Pandora\u0027s Box","Blood Vial","Red Mask","Torii","hubris:BottledHeart","Nunchaku","Unceasing Top","Chemical X","Mango","Orichalcum","energizedSpire:MagnifyingGlass","ClockworkSouvenir","Lantern","Vajra","hubris:DeckOfHolding","hubris:Icosahedron","Juzu Bracelet","Ornamental Fan","Dead Branch","InkBottle","hubris:CrystalStatue"],"acts_visited":["Exordium","TheCity","TheBeyond"],"potions_floor_usage":[22,22,13022,22,23,29,29,40,46],"damage_taken":[{"damage":1.0,"enemies":"Cultist","floor":1.0,"turns":4.0},{"damage":0.0,"enemies":"Small Slimes","floor":5.0,"turns":4.0},{"damage":22.0,"enemies":"3 Sentries","floor":6.0,"turns":13.0},{"damage":5.0,"enemies":"Gremlin Nob","floor":8.0,"turns":4.0},{"damage":2.0,"enemies":"2 Louse","floor":10.0,"turns":4.0},{"damage":1.0,"enemies":"Large Slime","floor":12.0,"turns":5.0},{"damage":5.0,"enemies":"Lagavulin","floor":13.0,"turns":5.0},{"damage":1.0,"enemies":"Blue Slaver","floor":14.0,"turns":2.0},{"damage":56,"enemies":"The Guardian","floor":16,"turns":13},{"damage":20,"enemies":"Chosen","floor":18,"turns":3},{"damage":4,"enemies":"3 Byrds","floor":19,"turns":3},{"damage":0,"enemies":"Snake Plant","floor":21,"turns":2},{"damage":13,"enemies":"Masked Bandits","floor":22,"turns":3},{"damage":3,"enemies":"Slavers","floor":23,"turns":1},{"damage":1,"enemies":"Cultist and Chosen","floor":24,"turns":3},{"damage":0,"enemies":"Gremlin Leader","floor":29,"turns":4},{"damage":0,"enemies":"Chosen and Byrds","floor":30,"turns":3},{"damage":0,"enemies":"Book of Stabbing","floor":31,"turns":2},{"damage":0,"enemies":"Collector","floor":33,"turns":4},{"damage":0,"enemies":"3 Darklings","floor":35,"turns":2},{"damage":0,"enemies":"3 Shapes","floor":36,"turns":3},{"damage":0,"enemies":"Jaw Worm Horde","floor":37,"turns":3},{"damage":0,"enemies":"Nemesis","floor":40,"turns":5},{"damage":0,"enemies":"Reptomancer","floor":42,"turns":4},{"damage":0,"enemies":"4 Shapes","floor":45,"turns":3},{"damage":0,"enemies":"Giant Head","floor":46,"turns":4},{"damage":0,"enemies":"Nemesis","floor":48,"turns":3},{"damage":0,"enemies":"Awakened One","floor":50,"turns":5}],"seed_played":"231488634472997014","potions_obtained":[{"floor":5.0,"key":"Weak Potion"},{"floor":6.0,"key":"AttackPotion"},{"floor":16,"key":"GamblersBrew"},{"floor":21,"key":"Fruit Juice"},{"floor":22,"key":"Swift Potion"},{"floor":23,"key":"ColorlessPotion"},{"floor":31,"key":"FairyPotion"},{"floor":33,"key":"DuplicationPotion"},{"floor":36,"key":"BlessingOfTheForge"},{"floor":40,"key":"Explosive Potion"}],"is_trial":false,"path_per_floor":["M","$","?","?","M","E","R","E","T","M","R","M","E","M","R","B",null,"M","M","?","M","?","E","M","?","T","R","$","E","M","E","R","B",null,"M","M","M","$","?","E","?","E","T","$","M","E","?","E","R","B",null],"character_chosen":"HIEROPHANT","items_purchased":["hierophant:RustyCrate","Unceasing Top","Chemical X","Fruit Juice","hierophant:Alms","ClockworkSouvenir","Lantern","Vajra","Dead Branch","hierophant:Mercenaries","hierophant:CursedGold","Enlightenment"],"campfire_rested":0,"item_purchase_floors":[2,28,28,28,28,38,38,38,44,44,44,44],"current_hp_per_floor":[74,74,74,69,69,49,49,44,44,42,42,49,44,43,43,27,75,55,51,13,15,30,29,30,1,1,1,1,1,1,1,1,1,1,1,1,1,1,1,1,1,1,1,1,1,1,1,1,1,1],"gold":814,"neow_bonus":"ONE_RANDOM_RARE_CARD","is_daily":false,"chose_seed":false,"campfire_upgraded":6,"win_rate":0.0,"timestamp":1612030181,"path_taken":["M","?","?","?","M","E","R","E","T","M","R","M","E","M","R","BOSS","M","M","?","M","?","E","M","?","T","R","?","E","?","E","R","BOSS","M","M","M","$","?","E","?","E","T","$","M","E","?","E","R","BOSS"],"items_purchased_type":["Card","Relic","Relic","Potion","Card","Relic","Relic","Relic","Relic","Card","Card","Card"],"build_version":"2020-12-22","purchased_purges":0,"victory":true,"max_hp_per_floor":[75,75,75,75,75,75,75,75,75,75,75,75,75,75,75,75,75,75,75,75,75,80,80,80,1,1,1,1,1,1,1,1,1,1,1,1,1,1,1,1,1,1,1,1,1,1,1,1,1,1],"card_choices":[{"not_picked":["hierophant:Encroach","hierophant:Shelter"],"picked":"hierophant:OrnateBuckler","floor":1.0},{"not_picked":["hierophant:Mercenaries","hierophant:Encroach"],"picked":"hierophant:RepressedViolence","floor":5.0},{"not_picked":["hierophant:ThreeLashes","hierophant:PassingBell"],"picked":"hierophant:Charity","floor":6.0},{"not_picked":["hierophant:FieryStrike","hierophant:Encroach"],"picked":"hierophant:MorningPrayer","floor":8.0},{"not_picked":["hierophant:Remorse","hierophant:PassingBell"],"picked":"hierophant:ConvertCurrency","floor":10.0},{"not_picked":["hierophant:Alms","hierophant:PassingBell"],"picked":"hierophant:WrathOfGod","floor":12.0},{"not_picked":["hierophant:Exaltation","hierophant:AuricBeam"],"picked":"hierophant:SecretStash","floor":13.0},{"not_picked":["hierophant:PassingBell","hierophant:OrnateBuckler"],"picked":"hierophant:RustyCrate","floor":14.0},{"not_picked":["hierophant:LocustPlague","hierophant:Anathema"],"picked":"hierophant:Invocation","floor":16},{"not_picked":["hierophant:WrathOfGod","hierophant:Blessing"],"picked":"hierophant:AuricShield+1","floor":18},{"not_picked":["hierophant:Shelter","hierophant:Sermon","hierophant:HammerAndAnvil"],"picked":"SKIP","floor":19},{"not_picked":["hierophant:OrnateJavelin","hierophant:Purify"],"picked":"hierophant:RustyCrate","floor":21},{"not_picked":["hierophant:SecretStash+1","hierophant:Community+1"],"picked":"hierophant:RecallFunds+1","floor":22},{"not_picked":["hierophant:Invocation","hierophant:Community"],"picked":"hierophant:Remorse+1","floor":23},{"not_picked":["hierophant:PassingBell+1","hierophant:Encroach"],"picked":"hierophant:OrnateBuckler+1","floor":24},{"not_picked":["hierophant:SolarFlare","hierophant:Doubloon"],"picked":"hierophant:CoinFling+1","floor":29},{"not_picked":["hierophant:Encroach","hierophant:AuricForm"],"picked":"hierophant:Dazzle","floor":30},{"not_picked":["hierophant:OrnateJavelin","hierophant:FlamingChariot","hierophant:DisplayOfPower"],"picked":"SKIP","floor":31},{"not_picked":["hierophant:AuricForm","hierophant:Kindle"],"picked":"hierophant:BulkyChest","floor":33},{"not_picked":["hierophant:PassingBell","hierophant:EyeForCoin","hierophant:FlamingChariot+1"],"picked":"SKIP","floor":35},{"not_picked":["hierophant:Sermon","hierophant:SecretStash"],"picked":"hierophant:RustyCrate","floor":36},{"not_picked":["hierophant:Shelter","hierophant:Purify+1"],"picked":"hierophant:AuricBeam+1","floor":37},{"not_picked":["Chrysalis","Swift Strike"],"picked":"Flash of Steel","floor":39},{"not_picked":["Mind Blast","Transmutation"],"picked":"Enlightenment","floor":39},{"not_picked":["hierophant:AuricForm","hierophant:Remorse+1"],"picked":"hierophant:AuricBeam+1","floor":40},{"not_picked":["hierophant:PassingBell+1","hierophant:Determination"],"picked":"hierophant:ConvertCurrency+1","floor":42},{"not_picked":["hierophant:Chorus","hierophant:Refuge","hierophant:RepressedViolence+1"],"picked":"SKIP","floor":45},{"not_picked":["hierophant:HolyVerse","hierophant:WrathOfGod","hierophant:DeathKnell"],"picked":"SKIP","floor":46},{"not_picked":["hierophant:Flagellation","hierophant:Smite"],"picked":"hierophant:Invocation","floor":48}],"player_experience":1969136,"relics_obtained":[{"floor":6.0,"key":"hubris:SphereOfDissonance"},{"floor":8.0,"key":"Art of War"},{"floor":9.0,"key":"Lizard Tail"},{"floor":13.0,"key":"Mummified Hand"},{"floor":22,"key":"Red Mask"},{"floor":23,"key":"Torii"},{"floor":26,"key":"Nunchaku"},{"floor":29,"key":"Mango"},{"floor":31,"key":"Orichalcum"},{"floor":40,"key":"hubris:DeckOfHolding"},{"floor":42,"key":"Juzu Bracelet"},{"floor":43,"key":"Ornamental Fan"},{"floor":46,"key":"InkBottle"},{"floor":48,"key":"hubris:CrystalStatue"}],"event_choices":[{"damage_healed":0,"gold_gain":0,"player_choice":" Potion Vial ","damage_taken":38,"relics_obtained":["Blood Vial"],"max_hp_gain":51,"max_hp_loss":13,"event_name":"betterAltar:BetterAltar","floor":20,"potions_obtained":["betterAltar:AltarPotion"],"relics_lost":[],"gold_loss":0},{"damage_healed":0,"gold_gain":0,"player_choice":"Fought Bandits","damage_taken":0,"max_hp_gain":0,"max_hp_loss":0,"event_name":"Masked Bandits","floor":22,"gold_loss":0},{"damage_healed":0,"gold_gain":3,"player_choice":"1","damage_taken":0,"max_hp_gain":0,"max_hp_loss":0,"event_name":"betterStone:BetterStone","floor":39,"gold_loss":0}],"is_beta":false,"boss_relics":[{"not_picked":["SacredBark","hubris:RunicObelisk"],"picked":"Pandora\u0027s Box"},{"not_picked":["Runesmith:UraniumAnvil","Fusion Hammer"],"picked":"energizedSpire:MagnifyingGlass"}],"items_purged_floors":[],"is_endless":false,"potions_floor_spawned":[5,6,16,21,22,23,31,33,36,40],"ascension_level":2}}