{"host":"dn6kke80v5f7isus","time":1612035082,"event":{"mods":["AchievementEnabler","Act Like it!","BaseMod","Colored Powertips","Custom Start","Defuse TimeMaze Blight","Gremlin Skip","Highlight Path","Hubris","Infinite Spire","Marisa????????","Minty Spire (QoL Compilation)","Rare Cards Sparkle","Replay The Spire","StSLib","The Servant 0.9.4","Uncapped","Unceasing Turn Reminder"],"gold_per_floor":[118,118,136,86,86,86,120,45,45,59,59,94,113,113,113,239,239,274,83,8,8,8,47,47,47],"floor_reached":24,"language":"ENG","playtime":623,"items_purged":["Strike_MRS","infinitespire:TheBestDefense"],"score":231,"play_id":"b94d6d37-fa7b-4c25-aca5-a6ceced23dfb","local_time":"20210130143122","is_ascension_mode":true,"campfire_choices":[{"data":"FairyDestructionRay","floor":6.0,"key":"SMITH"},{"data":"AsteroidBelt","floor":11.0,"key":"SMITH"},{"floor":15.0,"key":"REST"}],"circlet_count":0,"master_deck":["Defend_MRS","Defend_MRS","MasterSpark","UpSweep","FairyDestructionRay+1","EnergyRecoil","AsteroidBelt+1","ShootingEcho","SuperPerseids","SuperNova","WitchLeyline","WitchLeyline","DoubleSpark+1"],"relics":["BewitchedHakkero","Iron Hammer","ReplayTheSpireMod:TigerMarble","Sundial","Snack Pack","Golden Idol","infinitespire:PuzzleCube","DollysMirror","hubris:Backtick","Darkstone Periapt","Omamori"],"acts_visited":["Exordium","TheCity"],"potions_floor_usage":[18],"damage_taken":[{"damage":1.0,"enemies":"2 Louse","floor":1.0,"turns":2.0},{"damage":0.0,"enemies":"Jaw Worm","floor":3.0,"turns":3.0},{"damage":14.0,"enemies":"Gremlin Nob","floor":7.0,"turns":3.0},{"damage":0.0,"enemies":"Cultist","floor":10.0,"turns":2.0},{"damage":13.0,"enemies":"3 Sentries","floor":12.0,"turns":5.0},{"damage":0.0,"enemies":"Large Slime","floor":13.0,"turns":2.0},{"damage":3.0,"enemies":"Hexaghost","floor":16.0,"turns":6.0},{"damage":12,"enemies":"Shell Parasite","floor":18,"turns":3},{"damage":31,"enemies":"Book of Stabbing","floor":23,"turns":4},{"damage":0,"enemies":"2 Thieves","floor":24,"turns":1}],"seed_played":"-4828604309438204825","potions_obtained":[{"floor":3.0,"key":"Venom Potion"},{"floor":12.0,"key":"ColorlessPotion"},{"floor":13.0,"key":"PowerPotion"},{"floor":16.0,"key":"ColorlessPotion"},{"floor":23,"key":"Venom Potion"}],"is_trial":false,"path_per_floor":["M","?","M","?","?","R","E","$","T","M","R","E","M","?","R","B",null,"M","$","?","?","AVR","E","M"],"character_chosen":"MARISA","items_purchased":["WitchLeyline","infinitespire:PuzzleCube"],"campfire_rested":1,"item_purchase_floors":[19,19],"current_hp_per_floor":[67,67,67,67,67,67,53,53,53,53,53,40,42,25,45,50,68,58,58,58,58,58,31,31,31],"gold":47,"neow_bonus":"REMOVE_TWO","is_daily":false,"chose_seed":false,"campfire_upgraded":2,"win_rate":0.0,"timestamp":1612035082,"path_taken":["M","?","M","?","?","R","E","?","T","?","R","E","M","?","R","BOSS","M","$","?","?","AVR","E","M"],"items_purchased_type":["Card","Relic"],"build_version":"2020-12-22","purchased_purges":2,"victory":false,"max_hp_per_floor":[68,68,68,68,68,68,68,68,68,68,68,68,68,68,68,68,68,68,68,68,68,68,68,68,68],"card_choices":[{"not_picked":["DC","GalacticHalo","WitchOfGreed"],"picked":"SKIP","floor":1.0},{"not_picked":["SporeBomb","LuminesStrike"],"picked":"FairyDestructionRay","floor":3.0},{"not_picked":["DeepEcoloBomb","BlazeAway"],"picked":"EnergyRecoil","floor":7.0},{"not_picked":["NonDirectionalLaser","DarkSpark"],"picked":"AsteroidBelt","floor":10.0},{"not_picked":["MilkyWay","DarkSpark"],"picked":"ShootingEcho","floor":12.0},{"not_picked":["WitchOfGreed","GravityBeat"],"picked":"SuperPerseids","floor":13.0},{"not_picked":["BlazingStar","BinaryStars"],"picked":"SuperNova","floor":16.0},{"not_picked":["Robbery","MilkyWay","ManaConvection"],"picked":"SKIP","floor":18},{"not_picked":["EnergyRecoil+1","DarkSpark"],"picked":"DoubleSpark+1","floor":23}],"player_experience":405136,"relics_obtained":[{"floor":2.0,"key":"Iron Hammer"},{"floor":7.0,"key":"ReplayTheSpireMod:TigerMarble"},{"floor":9.0,"key":"Sundial"},{"floor":12.0,"key":"Snack Pack"},{"floor":23,"key":"Omamori"}],"event_choices":[{"cards_removed":["Strike_MRS"],"damage_healed":0.0,"max_hp_gain":0.0,"max_hp_loss":0.0,"gold_gain":0.0,"event_name":"The Cleric","player_choice":"Card Removal","floor":4.0,"gold_loss":50.0,"damage_taken":0.0},{"cards_removed":["Defend_MRS"],"damage_healed":0.0,"max_hp_gain":0.0,"max_hp_loss":0.0,"gold_gain":0.0,"event_name":"Living Wall","player_choice":"Forget","floor":5.0,"gold_loss":0.0,"damage_taken":0.0},{"damage_healed":0.0,"max_hp_gain":0.0,"max_hp_loss":0.0,"gold_gain":0.0,"event_name":"Golden Idol","player_choice":"Take Damage","floor":14.0,"gold_loss":0.0,"damage_taken":17.0,"relics_obtained":["Golden Idol"]},{"cards_removed":["Strike_MRS"],"damage_healed":0,"gold_gain":0,"player_choice":"Gave Gold","damage_taken":0,"max_hp_gain":0,"max_hp_loss":0,"event_name":"Beggar","floor":20,"gold_loss":75},{"damage_healed":0,"gold_gain":0,"player_choice":"Ignored","damage_taken":0,"max_hp_gain":0,"max_hp_loss":0,"event_name":"N\u0027loth","floor":21,"gold_loss":0}],"is_beta":false,"boss_relics":[{"not_picked":["Replay:Wanted Poster","Coffee Dripper"],"picked":"BewitchedHakkero"}],"items_purged_floors":[8,22],"is_endless":false,"potions_floor_spawned":[3,12,13,16,23],"killed_by":"2 Thieves","ascension_level":1}}