{"host":"lv7etzzgwahaenh9","time":1612032655,"event":{"mods":["AchievementEnabler","BaseMod","Colored Map","Colored Powertips","Highlight Path","Minty Spire (QoL Compilation)","Permanent Neow","Quick Restart","Random Character Button","StSLib"],"gold_per_floor":[118,131,151,163,163,192,192,212,267,283,283,283,283,283,283,383,383,400,410,38,57,70,102,102,136,136,94,94,123,151,151,151],"floor_reached":31,"language":"ENG","playtime":1628,"items_purged":["Strike_R"],"score":405,"play_id":"68e50d5a-2ff6-4124-acfc-281234683096","local_time":"20210130105055","is_ascension_mode":true,"campfire_choices":[{"data":"Rampage","floor":7.0,"key":"SMITH"},{"data":"Iron Wave","floor":11.0,"key":"SMITH"},{"data":"Pommel Strike","floor":13.0,"key":"SMITH"},{"floor":15.0,"key":"REST"},{"floor":24,"key":"REST"},{"floor":28,"key":"REST"}],"circlet_count":0,"master_deck":["Strike_R","Strike_R","Defend_R","Defend_R","Defend_R","Defend_R","Bash","Iron Wave+1","Rampage+1","Impervious","Cleave","Flame Barrier+1","Pommel Strike+1","Sentinel+1","Bloodletting+1","Barricade","True Grit+1","Shockwave+1","True Grit+1","Spot Weakness+1","Armaments+1","Body Slam","Sentinel+1","Bludgeon"],"relics":["Runic Cube","Toxic Egg 2","Akabeko","Runic Pyramid","Gambling Chip","White Beast Statue","CeramicFish","CaptainsWheel"],"acts_visited":["Exordium","TheCity"],"potions_floor_usage":[23,29],"damage_taken":[{"damage":10.0,"enemies":"Jaw Worm","floor":1.0,"turns":6.0},{"damage":0.0,"enemies":"Small Slimes","floor":2.0,"turns":3.0},{"damage":1.0,"enemies":"Cultist","floor":3.0,"turns":3.0},{"damage":0.0,"enemies":"2 Fungi Beasts","floor":4.0,"turns":5.0},{"damage":44.0,"enemies":"Lagavulin","floor":6.0,"turns":7.0},{"damage":0.0,"enemies":"Red Slaver","floor":8.0,"turns":5.0},{"damage":0.0,"enemies":"Gremlin Gang","floor":10.0,"turns":1.0},{"damage":19.0,"enemies":"The Guardian","floor":16.0,"turns":14.0},{"damage":4.0,"enemies":"Chosen","floor":18.0,"turns":8.0},{"damage":3.0,"enemies":"Spheric Guardian","floor":19.0,"turns":4.0},{"damage":0.0,"enemies":"Snecko","floor":21.0,"turns":6.0},{"damage":3.0,"enemies":"Centurion and Healer","floor":22.0,"turns":8.0},{"damage":41,"enemies":"Slavers","floor":23,"turns":8},{"damage":36,"enemies":"Gremlin Leader","floor":25,"turns":10},{"damage":13,"enemies":"Snake Plant","floor":29,"turns":5},{"damage":0,"enemies":"Cultist and Chosen","floor":30,"turns":6},{"damage":0,"enemies":"Colosseum Slavers","floor":31,"turns":1}],"seed_played":"4535816311803835087","potions_obtained":[{"floor":1.0,"key":"ColorlessPotion"},{"floor":4.0,"key":"Explosive Potion"},{"floor":10.0,"key":"Swift Potion"},{"floor":21.0,"key":"Dexterity Potion"},{"floor":22.0,"key":"SteroidPotion"},{"floor":25,"key":"Swift Potion"},{"floor":29,"key":"AttackPotion"},{"floor":30,"key":"AttackPotion"}],"is_trial":false,"path_per_floor":["M","M","M","M","?","E","R","M","T","M","R","?","R","?","R","B",null,"M","M","$","M","M","E","R","E","T","$","R","M","M","?"],"character_chosen":"IRONCLAD","items_purchased":["Gambling Chip","Body Slam"],"campfire_rested":3,"item_purchase_floors":[20,27],"current_hp_per_floor":[62,62,61,61,61,17,17,17,17,17,17,10,10,10,34,15,64,60,57,57,57,54,13,37,1,1,1,25,12,12,12,12],"gold":151,"neow_bonus":"BOSS_RELIC","is_daily":false,"chose_seed":false,"campfire_upgraded":3,"win_rate":0.0,"timestamp":1612032655,"path_taken":["M","M","M","M","?","E","R","M","T","M","R","?","R","?","R","BOSS","M","M","$","M","M","E","R","E","T","$","R","M","M","?"],"items_purchased_type":["Relic","Card"],"build_version":"2020-12-22","purchased_purges":1,"victory":false,"max_hp_per_floor":[80,80,80,80,80,80,80,80,80,80,80,80,80,80,80,80,80,80,80,80,80,80,80,80,80,80,80,80,80,80,80,80],"card_choices":[{"not_picked":["Spot Weakness","Havoc"],"picked":"Iron Wave","floor":1.0},{"not_picked":["Thunderclap","Havoc"],"picked":"Rampage","floor":2.0},{"not_picked":["Wild Strike","Clothesline"],"picked":"Impervious","floor":3.0},{"not_picked":["Dropkick","Rupture"],"picked":"Cleave","floor":4.0},{"not_picked":["Sentinel+1","Evolve"],"picked":"Flame Barrier+1","floor":6.0},{"not_picked":["Twin Strike","Clothesline"],"picked":"Pommel Strike","floor":8.0},{"not_picked":["Carnage","Headbutt"],"picked":"Sentinel+1","floor":10.0},{"not_picked":["Demon Form","Immolate"],"picked":"Barricade","floor":16.0},{"not_picked":["Twin Strike","Intimidate+1"],"picked":"True Grit+1","floor":18.0},{"not_picked":["Spot Weakness+1","Shrug It Off+1"],"picked":"Shockwave+1","floor":19.0},{"not_picked":["Cleave","Wild Strike"],"picked":"True Grit+1","floor":21.0},{"not_picked":["Sword Boomerang","Combust+1"],"picked":"Spot Weakness+1","floor":22.0},{"not_picked":["Offering+1","Perfected Strike"],"picked":"Armaments+1","floor":23},{"not_picked":["Thunderclap","Battle Trance+1","Perfected Strike"],"picked":"SKIP","floor":25},{"not_picked":["Cleave","True Grit+1"],"picked":"Sentinel+1","floor":29},{"not_picked":["Wild Strike","Bloodletting+1"],"picked":"Bludgeon","floor":30}],"player_experience":321528,"relics_obtained":[{"floor":6.0,"key":"Toxic Egg 2"},{"floor":9.0,"key":"Akabeko"},{"floor":23,"key":"White Beast Statue"},{"floor":25,"key":"CeramicFish"},{"floor":26,"key":"CaptainsWheel"}],"event_choices":[{"cards_removed":["Strike_R"],"damage_healed":0.0,"max_hp_gain":0.0,"max_hp_loss":0.0,"gold_gain":0.0,"event_name":"Living Wall","player_choice":"Forget","floor":5.0,"gold_loss":0.0,"damage_taken":0.0},{"cards_removed":["Strike_R"],"damage_healed":0.0,"max_hp_gain":0.0,"max_hp_loss":0.0,"gold_gain":0.0,"event_name":"Golden Wing","player_choice":"Card Removal","floor":12.0,"gold_loss":0.0,"damage_taken":7.0},{"damage_healed":0.0,"max_hp_gain":0.0,"max_hp_loss":0.0,"gold_gain":0.0,"event_name":"Match and Keep!","player_choice":"1 cards matched","floor":14.0,"gold_loss":0.0,"damage_taken":0.0,"cards_obtained":["Bloodletting"]},{"damage_healed":0,"gold_gain":0,"player_choice":"Fight","damage_taken":0,"max_hp_gain":0,"max_hp_loss":0,"event_name":"Colosseum","floor":31,"gold_loss":0}],"is_beta":false,"boss_relics":[{"not_picked":["Coffee Dripper","Fusion Hammer"],"picked":"Runic Pyramid"}],"items_purged_floors":[20],"is_endless":false,"potions_floor_spawned":[1,4,10,21,22,25,29,30],"killed_by":"Colosseum Slavers","ascension_level":9}}