{"host":"0b7urydaxuefbgpn","time":1612017816,"event":{"mods":["Bard","BaseMod","Colored Powertips","Dio Mod","Downfall","Hermit","Jorbs\u0027s Wanderer Trilogy","Marisa????????","Minty Spire (QoL Compilation)","StSLib","The Bladedancer","The Cursed","The Disciple","The Poker Player","The Servant 0.9.4"],"gold_per_floor":[99,112,123,142,162,172,198,230,230,241,259,269,269,288,305,410,410,410,428,428,443,543,256,256,256,331,55,55,55,73,86,103,203,203,203,223,223,223,223,223],"floor_reached":38,"language":"RUS","playtime":2452,"items_purged":[],"score":407,"play_id":"97e9820c-a603-4fd6-b01b-df221220d581","local_time":"20210130174336","is_ascension_mode":false,"campfire_choices":[{"data":"Slimebound:Split","floor":1,"key":"SMITH"},{"data":"Slimebound:Schlurp","floor":13,"key":"SMITH"},{"data":"Slimebound:Overexert","floor":18,"key":"SMITH"},{"floor":25,"key":"REST"},{"floor":28,"key":"REST"},{"data":"Slimebound:DuplicatedForm","floor":35,"key":"SMITH"}],"circlet_count":0,"master_deck":["Slimebound:Strike_Slimebound","Slimebound:Tackle","Slimebound:Defend_Slimebound","Slimebound:Defend_Slimebound","Slimebound:Defend_Slimebound","Slimebound:Defend_Slimebound","Slimebound:Split+1","Slimebound:CorrosiveSpit","Slimebound:LeechEnergy","Slimebound:GoopSpray","Slimebound:ProtectTheBoss","Slimebound:RejuvenatingLick","Slimebound:SpikyOuterGoop","Slimebound:ForwardTackle","Slimebound:ItLooksTasty","Slimebound:Schlurp+1","Slimebound:SplitBruiser","Slimebound:RollThrough","Slimebound:LeechingTouch","Slimebound:Overexert+1","Slimebound:Repurpose","Slimebound:TongueLash","Slimebound:SplitMire+1","Slimebound:SpikyOuterGoop","Slimebound:Grow","J.A.X.","Slimebound:TongueLash","Slimebound:Gluttony","Slimebound:SplitBruiser","Slimebound:MegaLick","Slimebound:SlimeSlap","expansioncontent:QuickStudy","expansioncontent:Chronoboost","Slimebound:ComboTackle","Slimebound:SlimeSpikes","Slimebound:SpikyOuterGoop","Slimebound:Prepare","Slimebound:DuplicatedForm+1","Slimebound:Dissolve","expansioncontent:LastStand","expansioncontent:LastStand","expansioncontent:LastStand"],"relics":["Slimebound:AbsorbEndCombat","Bag of Marbles","Dream Catcher","Philosopher\u0027s Stone","MutagenicStrength","Ancient Tea Set","Lizard Tail","Bottled Lightning","bronze:MakeshiftBattery"],"acts_visited":["Exordium","TheCity","TheBeyond"],"potions_floor_usage":[],"damage_taken":[{"damage":5,"enemies":"Cultist","floor":2,"turns":5},{"damage":2,"enemies":"2 Louse","floor":3,"turns":2},{"damage":6,"enemies":"Jaw Worm","floor":4,"turns":3},{"damage":0,"enemies":"Blue Slaver","floor":5,"turns":4},{"damage":0,"enemies":"Large Slime","floor":6,"turns":4},{"damage":23,"enemies":"3 Sentries","floor":8,"turns":4},{"damage":0,"enemies":"3 Louse","floor":10,"turns":3},{"damage":3,"enemies":"2 Fungi Beasts","floor":11,"turns":2},{"damage":3,"enemies":"Red Slaver","floor":12,"turns":3},{"damage":15,"enemies":"Lots of Slimes","floor":14,"turns":4},{"damage":1,"enemies":"Blue Slaver","floor":15,"turns":2},{"damage":30,"enemies":"DF_ARCHETYPE_STREAMLINE","floor":16,"turns":12},{"damage":16,"enemies":"Spheric Guardian","floor":19,"turns":4},{"damage":26,"enemies":"Centurion and Healer","floor":21,"turns":4},{"damage":29,"enemies":"downfall:Augmenter","floor":22,"turns":6},{"damage":13,"enemies":"downfall:FleeingMerchant","floor":23,"turns":4},{"damage":3,"enemies":"downfall:FleeingMerchant","floor":27,"turns":4},{"damage":7,"enemies":"Cultist and Chosen","floor":30,"turns":4},{"damage":25,"enemies":"Snake Plant","floor":31,"turns":4},{"damage":10,"enemies":"Snecko","floor":32,"turns":4},{"damage":58,"enemies":"SI_MIRROR_ARCHETYPE","floor":33,"turns":10},{"damage":17,"enemies":"3 Shapes","floor":36,"turns":4},{"damage":12,"enemies":"3 Darklings","floor":38,"turns":2}],"seed_played":"4884238055804488316","potions_obtained":[{"floor":2,"key":"Weak Potion"},{"floor":5,"key":"Weak Potion"},{"floor":8,"key":"Slimebound:SlimyTonguePotion"}],"is_trial":false,"path_per_floor":["R","M","M","M","M","M","T","E","?","M","M","M","R","M","M","B",null,"R","M","?","M","?","$","T","R","T","$","R","?","M","M","M","B",null,"R","M","?","M"],"character_chosen":"SLIMEBOUND","items_purchased":["Slimebound:Gluttony","Slimebound:SplitBruiser","Ancient Tea Set","expansioncontent:QuickStudy","expansioncontent:Chronoboost"],"campfire_rested":2,"item_purchase_floors":[23,23,23,27,27],"current_hp_per_floor":[71,67,67,67,71,71,71,54,54,62,63,66,66,59,62,40,71,71,58,58,40,19,12,12,33,33,38,59,59,58,41,39,25,71,71,60,50,40,40,40],"gold":223,"neow_bonus":"TEN_PERCENT_HP_BONUS","is_daily":false,"chose_seed":false,"campfire_upgraded":4,"win_rate":0.0,"timestamp":1612017816,"path_taken":["R","M","M","M","M","M","T","E","?","M","M","M","R","?","M","BOSS","R","M","?","M","?","$","T","R","?","$","R","?","M","M","M","BOSS","R","M","?","M"],"items_purchased_type":["Card","Card","Relic","Card","Card"],"build_version":"2020-12-13","purchased_purges":0,"victory":false,"max_hp_per_floor":[71,71,71,71,71,71,71,71,71,71,71,71,71,71,71,71,71,71,71,71,71,71,71,71,71,71,71,71,71,71,71,71,71,71,71,71,71,71,71,71],"card_choices":[{"not_picked":["Slimebound:TongueLash","Slimebound:GoopTackle"],"picked":"Slimebound:LeechEnergy","floor":2},{"not_picked":["Slimebound:PressTheAttack","Slimebound:FinishingTackle"],"picked":"Slimebound:GoopSpray","floor":3},{"not_picked":["Slimebound:LivingWall","Slimebound:FlameTackle"],"picked":"Slimebound:ProtectTheBoss","floor":4},{"not_picked":["Slimebound:ItLooksTasty","Slimebound:GoopSpray"],"picked":"Slimebound:RejuvenatingLick","floor":5},{"not_picked":["Slimebound:DisruptingSlam","Slimebound:SlimeSpikes"],"picked":"Slimebound:SpikyOuterGoop","floor":6},{"not_picked":["Slimebound:PrepareCrush","Slimebound:LeechingTouch"],"picked":"Slimebound:ForwardTackle","floor":8},{"not_picked":["Slimebound:ComboTackle","Slimebound:LeechingTouch"],"picked":"Slimebound:ItLooksTasty","floor":10},{"not_picked":["Slimebound:ComboTackle","Slimebound:SlimeSpikes"],"picked":"Slimebound:Schlurp","floor":11},{"not_picked":["Slimebound:TongueLash","Slimebound:PressTheAttack"],"picked":"Slimebound:SplitBruiser","floor":12},{"not_picked":["Slimebound:Prepare","Slimebound:WasteNot"],"picked":"Slimebound:RollThrough","floor":14},{"not_picked":["Slimebound:LivingWall","Slimebound:RollThrough"],"picked":"Slimebound:LeechingTouch","floor":15},{"not_picked":["Slimebound:OozeBath","Slimebound:MinionMaster"],"picked":"Slimebound:Overexert","floor":16},{"not_picked":["Slimebound:SplitAcid","Slimebound:Dissolve"],"picked":"Slimebound:Repurpose","floor":19},{"not_picked":["Slimebound:ItLooksTasty","Slimebound:SlimeSpikes+1"],"picked":"Slimebound:TongueLash","floor":21},{"not_picked":["Slimebound:FinishingTackle","Slimebound:SplitAcid+1"],"picked":"Slimebound:SplitMire+1","floor":22},{"not_picked":[],"picked":"J.A.X.","floor":22},{"not_picked":["Slimebound:PressTheAttack","Slimebound:Schlurp"],"picked":"Slimebound:TongueLash","floor":23},{"not_picked":["Slimebound:BestDefense+1","Slimebound:Chomp+1"],"picked":"Slimebound:MegaLick","floor":25},{"not_picked":["Slimebound:RollThrough","Slimebound:SplitLeeching"],"picked":"Slimebound:SlimeSlap","floor":27},{"not_picked":["Slimebound:SplitBruiser","Slimebound:SamplingLick"],"picked":"Slimebound:ComboTackle","floor":28},{"not_picked":["Slimebound:ViciousTackle","Slimebound:SplitBruiser"],"picked":"Slimebound:SlimeSpikes","floor":30},{"not_picked":["Slimebound:HauntingLick","Slimebound:SlimeSpikes"],"picked":"Slimebound:SpikyOuterGoop","floor":31},{"not_picked":["Slimebound:SamplingLick+1","Slimebound:TongueLash"],"picked":"Slimebound:Prepare","floor":32},{"not_picked":["Slimebound:RallyTheTroops","Slimebound:OneTwoCombo"],"picked":"Slimebound:DuplicatedForm","floor":33},{"not_picked":["Slimebound:HauntingLick","Slimebound:Chomp"],"picked":"Slimebound:Dissolve","floor":36},{"not_picked":["expansioncontent:Chronoboost","expansioncontent:Hexaburn"],"picked":"expansioncontent:LastStand","floor":37},{"not_picked":["expansioncontent:HyperBeam","expansioncontent:InvincibleStrength"],"picked":"expansioncontent:LastStand","floor":37},{"not_picked":["expansioncontent:PolyBeam","expansioncontent:Chronoboost"],"picked":"expansioncontent:LastStand","floor":37}],"player_experience":6956,"relics_obtained":[{"floor":7,"key":"Bag of Marbles"},{"floor":8,"key":"Dream Catcher"},{"floor":22,"key":"MutagenicStrength"},{"floor":24,"key":"Lizard Tail"},{"floor":26,"key":"Bottled Lightning"}],"event_choices":[],"is_beta":false,"boss_relics":[{"not_picked":["Coffee Dripper","Black Star"],"picked":"Philosopher\u0027s Stone"},{"not_picked":["Runic Pyramid","Astrolabe"],"picked":"bronze:MakeshiftBattery"}],"items_purged_floors":[],"is_endless":false,"potions_floor_spawned":[2,5,8,11,14,15,16,22,31,32,33],"killed_by":"3 Darklings","ascension_level":0}}