{"host":"y9jgkjnf95sujozk","time":1612010425,"event":{"mods":["2.2 Compatiblity","AchievementEnabler","Act Like it!","BaseMod","BetterRewards","Block Reminder","Colored Map","Colored Powertips","Friendly Minions","Gensokyo","GifTheSpireLib","Hallownest","Hermit","Highlight Path","HololiveMod","Hubris","Infinite Spire","Jorbs\u0027s Wanderer Trilogy","Koishi","Marisa（霧雨　魔理沙）","Minty Spire (QoL Compilation)","Quick Restart","Random Character Button","Rare Cards Sparkle","Reimu（博??梦）","Remilia（蕾米莉?）","Replay The Spire","Shop Mod","StSLib","SuperFastMode","The Bug Knight","The Cursed","The Disciple","The Hierophant","The Jungle","The Poker Player","The Runesmith","The Senshi","The Servant 0.9.4"],"gold_per_floor":[112,129,148,165,38,38,63,82,154,53,53,53,53,58,58,151,151,146,146,144,144,163,163,170,170,195,199,225,55,35,35],"floor_reached":30,"language":"ENG","playtime":956,"items_purged":[],"score":302,"play_id":"1a0730cf-e092-4c0b-990f-d32c3c3a7667","local_time":"20210130134025","is_ascension_mode":false,"campfire_choices":[{"floor":6,"key":"REST"},{"floor":13,"key":"REST"},{"floor":15,"key":"REST"},{"floor":23,"key":"REST"},{"floor":25,"key":"REST"}],"circlet_count":0,"master_deck":["Strike_Br","Strike_Br","Strike_Br","Strike_Br","Defend_Br","Defend_Br","Defend_Br","Defend_Br","SecondHand","PatternShift","LockedMedicine","HandsUpB","LockedTornado","LockedTornado","FormalWear","LockedMedicine","Allegro","LockedMawBank","CrunchTime","LockedMedicine","Poor:ReiMu","LockedWhetstone","LockedBell","LockedAnchor","Echoward+1","LockedBlood","LockedFlame","PrimeTime","LockedMercury","FormalWear","Facsimile","LockedAnchor"],"relics":["Chronometer","hubris:CuriousFeather","hubris:SphereOfDissonance","YidongShenshe:ReiMu","Hand?","hubris:VirtuousBlindfold","Runesmith:AutoHammer","Potion Belt","Toy Ornithopter"],"acts_visited":["Exordium","Exordium"],"potions_floor_usage":[7,7,7,16,28,28,28],"damage_taken":[{"damage":2,"enemies":"Cultist","floor":1,"turns":5},{"damage":3,"enemies":"Jaw Worm","floor":2,"turns":7},{"damage":8,"enemies":"Small Slimes","floor":3,"turns":6},{"damage":12,"enemies":"3 Louse","floor":4,"turns":7},{"damage":27,"enemies":"Lagavulin","floor":7,"turns":6},{"damage":6,"enemies":"Blue Slaver","floor":8,"turns":5},{"damage":0,"enemies":"Looter","floor":14,"turns":2},{"damage":3,"enemies":"Hexaghost","floor":16,"turns":7},{"damage":15,"enemies":"theJungle:Flameango_and_Byrd","floor":18,"turns":5},{"damage":14,"enemies":"theJungle:5_Spyders","floor":20,"turns":9},{"damage":0,"enemies":"Snake Plant","floor":22,"turns":3},{"damage":28,"enemies":"theJungle:Lyon","floor":24,"turns":5},{"damage":38,"enemies":"theJungle:JungleHuntersEncounter","floor":27,"turns":9},{"damage":0,"enemies":"theJungle:2_Phrogs","floor":28,"turns":3},{"damage":21,"enemies":"theJungle:MamaSnecko","floor":30,"turns":4}],"seed_played":"-310982545476011701","potions_obtained":[{"floor":1,"key":"Fire Potion"},{"floor":2,"key":"Strength Potion"},{"floor":4,"key":"FearPotion"},{"floor":14,"key":"LiquidBronze"},{"floor":18,"key":"infinitespire:BlackPotion"},{"floor":27,"key":"PowerPotion"}],"is_trial":false,"path_per_floor":["M","M","M","M","$","R","E","M","T","$","?","?","R","M","R","B",null,"M","?","M","?","M","R","M","R","T","M","E","$","E"],"character_chosen":"CHRONO_CLASS","items_purchased":["FormalWear","LockedMedicine","CrunchTime","LockedMedicine","FormalWear","Facsimile","LockedAnchor"],"campfire_rested":5,"item_purchase_floors":[5,5,10,10,29,29,29],"current_hp_per_floor":[63,60,52,40,40,59,32,26,26,26,26,26,45,45,64,61,65,50,42,28,28,28,47,25,44,44,12,18,18,0,0],"gold":35,"neow_bonus":"","is_daily":false,"chose_seed":false,"campfire_upgraded":0,"win_rate":0.0,"timestamp":1612010425,"path_taken":["M","?","M","M","?","R","E","M","T","$","?","?","R","M","R","BOSS","M","?","M","?","M","R","M","R","T","?","E","$","E"],"items_purchased_type":["Card","Card","Card","Card","Card","Card","Card"],"build_version":"2020-12-22","purchased_purges":0,"victory":false,"max_hp_per_floor":[65,65,65,65,65,65,65,65,65,65,65,65,65,65,65,65,65,65,65,65,65,65,65,65,65,65,65,65,65,65,65],"card_choices":[{"not_picked":["BlueShift","Engulf"],"picked":"LockedMedicine","floor":1},{"not_picked":["Engulf","Echoward"],"picked":"HandsUpB","floor":2},{"not_picked":["LockedThread","LockedFlame"],"picked":"LockedTornado","floor":3},{"not_picked":["HandsUpB","CrunchTime"],"picked":"LockedTornado","floor":4},{"not_picked":["BiteCommand","Pendulum"],"picked":"Tempo","floor":7},{"not_picked":["BiteCommand","TickedOff"],"picked":"LockedMawBank","floor":8},{"not_picked":["CrunchTime","ExoVibe"],"picked":"LockedWhetstone","floor":14},{"not_picked":["OverTime","MasterKey"],"picked":"LockedBell","floor":16},{"not_picked":["Tempo","HandsUpC"],"picked":"LockedAnchor","floor":18},{"not_picked":["AlternateTimeline","Engulf"],"picked":"Echoward+1","floor":20},{"not_picked":["DaylightSavings","BeatsPerMinute"],"picked":"LockedBlood","floor":22},{"not_picked":["PrimeTime","WatchCommand+1"],"picked":"LockedFlame","floor":24},{"not_picked":["Parity","TiringSlam+1"],"picked":"PrimeTime","floor":27},{"not_picked":["Echoward","ReapSow+1"],"picked":"LockedMercury","floor":28}],"player_experience":121470,"relics_obtained":[{"floor":7,"key":"hubris:CuriousFeather"},{"floor":9,"key":"hubris:SphereOfDissonance"},{"floor":26,"key":"Potion Belt"},{"floor":28,"key":"Toy Ornithopter"}],"event_choices":[{"damage_healed":0,"gold_gain":0,"player_choice":"Take Tiny Shrine away","damage_taken":0,"relics_obtained":["YidongShenshe:ReiMu"],"max_hp_gain":0,"max_hp_loss":0,"event_name":"yidonshenshe","floor":11,"gold_loss":0,"cards_obtained":["Poor:ReiMu"]},{"damage_healed":0,"gold_gain":0,"player_choice":"Gave Potion","damage_taken":0,"relics_obtained":["Runesmith:AutoHammer"],"max_hp_gain":0,"max_hp_loss":0,"event_name":"WeMeetAgain","floor":21,"gold_loss":0}],"is_beta":false,"boss_relics":[{"not_picked":["Pandora\u0027s Box","hubris:ScarierMask"],"picked":"hubris:VirtuousBlindfold"}],"items_purged_floors":[],"is_endless":false,"potions_floor_spawned":[1,2,4,14,18,27],"killed_by":"theJungle:MamaSnecko","ascension_level":0}}