{"host":"0rxdudjy6rylha1k","time":1612023909,"event":{"mods":["Aspiration","BaseMod","Colored Map","Colored Powertips","Downfall","Highlight Path","Hubris","Minty Spire (QoL Compilation)","StSLib"],"gold_per_floor":[99,114,134,134,10,110,110,137,137,148,164,164,194,212,226,328,328,328,343,393,413,463,463,509,524,559,609,639,709,609,318,336,434,434,434,450,463,528,547,566,566,566,566,566],"floor_reached":42,"language":"ENG","playtime":3639,"items_purged":["Injury"],"score":703,"play_id":"0112df62-7707-4c45-8e1a-87d0fb8b445e","local_time":"20210130092509","is_ascension_mode":true,"campfire_choices":[{"data":"Guardian:TwinSlam","floor":1.0,"key":"SMITH"},{"floor":9.0,"key":"REST"},{"floor":12.0,"key":"REST"},{"data":"Guardian:Orbwalk","floor":18.0,"key":"SMITH"},{"floor":23.0,"key":"REST"},{"floor":30,"key":"REST"},{"data":"Guardian:DecasProtection","floor":35,"key":"SMITH"}],"circlet_count":0,"master_deck":["AscendersBane","Guardian:Strike_Guardian","Guardian:Strike_Guardian","Guardian:Strike_Guardian","Guardian:Strike_Guardian","Guardian:Defend_Guardian","Guardian:Defend_Guardian","Guardian:Defend_Guardian","Guardian:Defend_Guardian","Guardian:CurlUp","Guardian:TwinSlam+1","Guardian:TimeCapacitor","Guardian:Orbwalk+1","Guardian:Recover","Guardian:SentryBeam","Guardian:TimeSifter+1","Guardian:VentSteam","Guardian:EvasiveProtocol+1","Guardian:ConstructionForm+1","Guardian:BronzeOrb","Guardian:GemFinder+1","Guardian:PiercingHide","Guardian:StasisStrike","Guardian:Orbwalk+1","Guardian:PrimingBeam","Guardian:DecasProtection+1","Guardian:TemporalStrike+1","Guardian:BronzeArmor","Guardian:SentryBeam","Guardian:StasisStrike","Guardian:Gem_Synthetic","Guardian:SpikerProtocol+1","Guardian:Harden"],"relics":["hubris:CrackedHourglass","Frozen Egg 2","downfall:CloakOfManyFaces","CultistMask","FaceOfCleric","NlothsMask","GremlinMask","SsserpentHead","Vajra","hubris:SlimyHat","aspiration:PoetsPen_weak","hubris:Towel","Bag of Marbles","Mummified Hand","downfall:HeartBlessingGreen","Lee\u0027s Waffle","SlaversCollar","Blue Candle"],"acts_visited":["Exordium","TheCity","TheBeyond"],"potions_floor_usage":[32,33,36,37,38,42],"damage_taken":[{"damage":1.0,"enemies":"Cultist","floor":2.0,"turns":4.0},{"damage":2.0,"enemies":"Jaw Worm","floor":3.0,"turns":2.0},{"damage":5.0,"enemies":"downfall:FleeingMerchant","floor":5.0,"turns":4.0},{"damage":21.0,"enemies":"downfall:FaceTrader","floor":6.0,"turns":10.0},{"damage":15.0,"enemies":"Lagavulin","floor":8.0,"turns":7.0},{"damage":3.0,"enemies":"2 Louse","floor":10.0,"turns":3.0},{"damage":13.0,"enemies":"Exordium Thugs","floor":11.0,"turns":6.0},{"damage":36.0,"enemies":"Gremlin Nob","floor":13.0,"turns":5.0},{"damage":10.0,"enemies":"3 Louse","floor":14.0,"turns":4.0},{"damage":5.0,"enemies":"Gremlin Gang","floor":15.0,"turns":6.0},{"damage":14.0,"enemies":"DF_ARCHETYPE_STREAMLINE","floor":16.0,"turns":8.0},{"damage":19.0,"enemies":"3 Byrds","floor":19.0,"turns":5.0},{"damage":2.0,"enemies":"Chosen","floor":21.0,"turns":6.0},{"damage":19.0,"enemies":"Snake Plant","floor":25.0,"turns":6.0},{"damage":22.0,"enemies":"Gremlin Leader","floor":26.0,"turns":4.0},{"damage":14.0,"enemies":"Book of Stabbing","floor":28.0,"turns":4.0},{"damage":9,"enemies":"Shelled Parasite and Fungi","floor":29,"turns":5},{"damage":0,"enemies":"downfall:FleeingMerchant","floor":31,"turns":4},{"damage":11,"enemies":"Cultist and Chosen","floor":32,"turns":7},{"damage":9,"enemies":"SI_MIRROR_ARCHETYPE","floor":33,"turns":7},{"damage":2,"enemies":"3 Shapes","floor":36,"turns":6},{"damage":9,"enemies":"Orb Walker","floor":37,"turns":3},{"damage":15,"enemies":"Writhing Mass","floor":38,"turns":6},{"damage":31,"enemies":"3 Darklings","floor":39,"turns":5},{"damage":39,"enemies":"4 Shapes","floor":40,"turns":7},{"damage":9,"enemies":"Nemesis","floor":42,"turns":2}],"seed_played":"7905110079625238840","potions_obtained":[{"floor":2.0,"key":"Fire Potion"},{"floor":11.0,"key":"Swift Potion"},{"floor":13.0,"key":"SkillPotion"},{"floor":15.0,"key":"PowerPotion"},{"floor":25.0,"key":"DuplicationPotion"},{"floor":26.0,"key":"AttackPotion"},{"floor":29,"key":"Explosive Potion"},{"floor":32,"key":"champ:CounterPotion"},{"floor":33,"key":"GamblersBrew"},{"floor":37,"key":"Slimebound:ThreeZeroPotion"},{"floor":40,"key":"sneckomod:MuddlingPotion"}],"is_trial":false,"path_per_floor":["R","M","M","?","$","?","T","E","R","M","M","R","E","M","M","B",null,"R","M","?","M","?","R","T","M","E","?","E","M","R","$","M","B",null,"R","M","M","M","M","M","T","E"],"character_chosen":"GUARDIAN","items_purchased":["Guardian:SentryBeam","Lee\u0027s Waffle","Guardian:BronzeArmor","Block Potion"],"campfire_rested":4,"item_purchase_floors":[5,31,31,31],"current_hp_per_floor":[72,71,69,69,64,43,43,29,53,51,39,63,28,19,15,2,66,66,48,48,47,47,73,73,55,34,34,21,13,40,101,91,83,98,98,97,89,75,45,7,7,0,0,0],"gold":566,"neow_bonus":"BOSS_RELIC","is_daily":false,"chose_seed":false,"campfire_upgraded":3,"win_rate":0.0,"timestamp":1612023909,"path_taken":["R","?","M","?","$","?","T","E","R","M","M","R","E","M","M","BOSS","R","M","?","M","?","R","T","M","E","?","E","?","R","$","M","BOSS","R","M","M","?","M","M","T","E"],"items_purchased_type":["Card","Relic","Card","Potion"],"build_version":"2020-12-22","purchased_purges":1,"victory":false,"max_hp_per_floor":[80,80,80,80,80,80,80,81,81,82,83,83,84,85,86,87,87,87,88,88,89,89,89,89,90,91,91,92,93,93,101,102,103,103,103,104,105,106,107,108,108,108,108,108],"card_choices":[{"not_picked":["Guardian:Gem_Green","Guardian:Gem_Cyan"],"picked":"Guardian:TimeCapacitor","floor":2.0},{"not_picked":["Guardian:Repulse","Guardian:MultiBeam"],"picked":"Guardian:Orbwalk","floor":3.0},{"not_picked":["Guardian:Incinerate","Guardian:Gem_Cyan"],"picked":"Guardian:Recover","floor":5.0},{"not_picked":["Guardian:Preprogram","Guardian:WalkerClaw"],"picked":"Guardian:Gem_White","floor":6.0},{"not_picked":["Guardian:Gem_Red","Guardian:SpikerProtocol+1"],"picked":"Guardian:TimeSifter+1","floor":8.0},{"not_picked":["Guardian:TemporalShield","Guardian:MultiBeam"],"picked":"Guardian:VentSteam","floor":10.0},{"not_picked":["Guardian:PrimingBeam","Guardian:CrystalBeam"],"picked":"Guardian:EvasiveProtocol+1","floor":11.0},{"not_picked":["Guardian:Gem_White","Guardian:Gem_Lightblue","Guardian:TemporalShield"],"picked":"SKIP","floor":13.0},{"not_picked":["Guardian:PrimingBeam","Guardian:Reroute"],"picked":"Guardian:ConstructionForm+1","floor":14.0},{"not_picked":["Guardian:Gem_White","Guardian:TemporalShield"],"picked":"Guardian:BronzeOrb","floor":15.0},{"not_picked":["Guardian:SphericShield","Guardian:ExploitGems"],"picked":"Guardian:GemFinder+1","floor":16.0},{"not_picked":["Guardian:Gem_Purple","Guardian:PrimingBeam+1"],"picked":"Guardian:PiercingHide","floor":19.0},{"not_picked":["Guardian:Gem_Red","Guardian:Gem_Green"],"picked":"Guardian:Gem_Lightblue","floor":19.0},{"not_picked":["Guardian:PrimingBeam","Guardian:Preprogram"],"picked":"Guardian:Gem_Lightblue","floor":21.0},{"not_picked":["Guardian:Gem_Red","Guardian:Gem_Lightblue"],"picked":"Guardian:Gem_Cyan","floor":21.0},{"not_picked":["Guardian:CrystalBeam+1","Guardian:Gem_White"],"picked":"Guardian:StasisStrike","floor":25.0},{"not_picked":["Guardian:Gem_Lightblue","Guardian:Gem_Green"],"picked":"Guardian:Gem_Cyan","floor":25.0},{"not_picked":["Guardian:ShieldCharger","Guardian:WalkerClaw"],"picked":"Guardian:Orbwalk+1","floor":26.0},{"not_picked":["Guardian:Suspension","Guardian:TimeSifter+1"],"picked":"Guardian:PrimingBeam","floor":28.0},{"not_picked":["Guardian:Gem_Lightblue","Guardian:Gem_Green"],"picked":"Guardian:Gem_Cyan","floor":28.0},{"not_picked":["Guardian:Gem_Yellow","Guardian:GuardianWhirl"],"picked":"Guardian:DecasProtection","floor":29},{"not_picked":["Guardian:Gem_Red","Guardian:Gem_Green"],"picked":"Guardian:Gem_Lightblue","floor":29},{"not_picked":["Guardian:PrismaticBarrier","Guardian:TimeCapacitor+1"],"picked":"Guardian:TemporalStrike+1","floor":31},{"not_picked":["Guardian:TemporalShield","Guardian:TimeCapacitor+1"],"picked":"Guardian:SentryBeam","floor":32},{"not_picked":["Guardian:SphericShield","Guardian:HyperBeam_Guardian"],"picked":"Guardian:StasisStrike","floor":33},{"not_picked":["Guardian:PrimingBeam","Guardian:PolyBeam"],"picked":"Guardian:Gem_Synthetic","floor":36},{"not_picked":["Guardian:ChargeCore+1","Guardian:ChargeUp","Guardian:CrystalBeam"],"picked":"SKIP","floor":37},{"not_picked":["Guardian:Preprogram","Guardian:ShieldCharger","Guardian:ShieldSpikes"],"picked":"SKIP","floor":38},{"not_picked":["Guardian:Gem_Fragmented","Guardian:ChargeCore"],"picked":"Guardian:SpikerProtocol+1","floor":39},{"not_picked":["Guardian:ChargeCore","Guardian:CrystalBeam"],"picked":"Guardian:Harden","floor":40}],"player_experience":2739126,"relics_obtained":[{"floor":6.0,"key":"downfall:CloakOfManyFaces"},{"floor":8.0,"key":"Vajra"},{"floor":13.0,"key":"hubris:SlimyHat"},{"floor":24.0,"key":"Bag of Marbles"},{"floor":28.0,"key":"Mummified Hand"},{"floor":41,"key":"Blue Candle"}],"event_choices":[],"is_beta":false,"boss_relics":[{"not_picked":["Calling Bell","Astrolabe"],"picked":"aspiration:PoetsPen_weak"},{"not_picked":["Tiny House","aspiration:WatcherSkillbook"],"picked":"SlaversCollar"}],"items_purged_floors":[5],"is_endless":false,"potions_floor_spawned":[2,11,13,15,25,26,29,32,33,37,40],"killed_by":"Nemesis","ascension_level":10}}