{"host":"takgv9cv6xf64vhq","time":1612043587,"event":{"mods":["BaseMod","Colored Powertips","Conspire","Decade(王小明)","Downfall","Energized Spire","Hermit","Hubris","LagranYue(拉格朗・月)","Marisa（F雨　魔理沙）","Minty Spire (QoL Compilation)","Replay The Spire","StSLib","The Cursed","The Hierophant","The Jungle","The Servant 0.9.4","TheHeartMod"],"gold_per_floor":[113,113,113,130,143,175,27,57,57,57,87,16,51,1,1,24,24],"floor_reached":16,"language":"ZHS","playtime":578,"items_purged":[],"score":189,"play_id":"2992bc52-37ec-42d1-92c9-6a48b7d323b6","local_time":"20210131055307","is_ascension_mode":true,"campfire_choices":[{"data":"Footwork","floor":10.0,"key":"SMITH"},{"data":"Strike_G","floor":15.0,"key":"PURGE"}],"circlet_count":0,"master_deck":["Strike_G","Strike_G","Strike_G","Strike_G","Defend_G","Defend_G","Defend_G","Defend_G","Defend_G","Survivor+1","Neutralize","Deflect+1","Masterful Stab","Dodge and Roll","hubris:Sniper","Footwork+1","Glass Knife","ReplayTheSpireMod:Scrap Shanks","ReplayTheSpireMod:Speed Training","conspire:SpireCoStock"],"relics":["Ring of the Snake","NeowsBlessing","hubris:TinFlute","PreservedInsect","Replay:Accelerometer","conspire:DeflatedDodgeball","Gremlin Food","Bird Faced Urn"],"acts_visited":["Exordium"],"potions_floor_usage":[16],"damage_taken":[{"damage":0.0,"enemies":"Small Slimes","floor":1.0,"turns":1.0},{"damage":0.0,"enemies":"2 Louse","floor":4.0,"turns":1.0},{"damage":0.0,"enemies":"Cultist","floor":5.0,"turns":1.0},{"damage":24.0,"enemies":"Gremlin Nob","floor":6.0,"turns":4.0},{"damage":6.0,"enemies":"3 Sentries","floor":8.0,"turns":8.0},{"damage":0.0,"enemies":"Gremlin Nob","floor":11.0,"turns":5.0},{"damage":10.0,"enemies":"3 Sentries","floor":13.0,"turns":7.0},{"damage":22,"enemies":"Slime Boss","floor":16,"turns":3}],"seed_played":"-2960142839230061151","potions_obtained":[{"floor":3.0,"key":"SmokeBomb"},{"floor":3.0,"key":"Doom Potion"},{"floor":3.0,"key":"LifebloodPotion"},{"floor":5.0,"key":"AttackPotion"},{"floor":6.0,"key":"SteroidPotion"},{"floor":13.0,"key":"Energy Potion"}],"is_trial":false,"path_per_floor":["M","?","?","M","M","E","$","E","T","R","E","$","E","?","R","B"],"character_chosen":"THE_SILENT","items_purchased":["PreservedInsect","ReplayTheSpireMod:Scrap Shanks"],"campfire_rested":0,"item_purchase_floors":[7,12],"current_hp_per_floor":[70,56,56,56,56,32,32,26,26,26,26,26,16,16,16,0,0],"gold":24,"neow_bonus":"THREE_ENEMY_KILL","is_daily":false,"chose_seed":false,"campfire_upgraded":1,"win_rate":0.0,"timestamp":1612043587,"path_taken":["M","?","?","?","M","E","$","E","T","R","E","$","E","?","R","BOSS"],"items_purchased_type":["Relic","Card"],"build_version":"2020-12-22","purchased_purges":0,"victory":false,"max_hp_per_floor":[70,70,70,70,70,70,70,70,70,70,70,70,70,70,70,70,70],"card_choices":[{"not_picked":["Backflip","Sucker Punch"],"picked":"Deflect","floor":1.0},{"not_picked":["Finisher","Skewer"],"picked":"Masterful Stab","floor":4.0},{"not_picked":["Dagger Spray","Flying Knee"],"picked":"Dodge and Roll","floor":5.0},{"not_picked":["Fluid Movement","Dagger Spray"],"picked":"hubris:Sniper","floor":6.0},{"not_picked":["Predator","PiercingWail"],"picked":"Footwork","floor":8.0},{"not_picked":["Sucker Punch","Predator"],"picked":"Glass Knife","floor":11.0},{"not_picked":["Flying Knee","Corpse Explosion"],"picked":"ReplayTheSpireMod:Speed Training","floor":13.0}],"player_experience":250380,"relics_obtained":[{"floor":6.0,"key":"hubris:TinFlute"},{"floor":8.0,"key":"Replay:Accelerometer"},{"floor":9.0,"key":"conspire:DeflatedDodgeball"},{"floor":11.0,"key":"Gremlin Food"},{"floor":13.0,"key":"Bird Faced Urn"}],"event_choices":[{"damage_healed":0.0,"max_hp_gain":0.0,"max_hp_loss":0.0,"gold_gain":0.0,"event_name":"Shining Light","player_choice":"Entered Light","floor":2.0,"gold_loss":0.0,"damage_taken":14.0,"cards_upgraded":["Survivor","Deflect"]},{"damage_healed":0.0,"max_hp_gain":0.0,"max_hp_loss":0.0,"gold_gain":0.0,"event_name":"Lab","player_choice":"Got Potions","floor":3.0,"gold_loss":0.0,"damage_taken":0.0},{"damage_healed":0.0,"max_hp_gain":0.0,"max_hp_loss":0.0,"gold_gain":0.0,"event_name":"conspire:Investor","player_choice":"Invest 1","floor":14.0,"gold_loss":0.0,"damage_taken":0.0}],"is_beta":false,"boss_relics":[],"items_purged_floors":[],"is_endless":false,"potions_floor_spawned":[5,6,13],"killed_by":"Slime Boss","ascension_level":5}}