{"host":"yqveedbda5h7irme","time":1612043465,"event":{"mods":["AchievementEnabler","Aspiration","BaseMod","BetterRewards","Colored Powertips","Conspire","Downfall","GifTheSpireLib","Hermit","Hubris","Infinite Spire","Marked Mod","Minty Spire (QoL Compilation)","Replay The Spire","StSLib","Stuff the Spire","The Jungle","The Necromancer","The Servant 0.9.4"],"gold_per_floor":[99,111,129,139,139,164,164,174,193,193,193,193],"floor_reached":10,"language":"ENG","playtime":977,"items_purged":[],"score":70,"play_id":"e17bdaba-03d5-4148-adf9-5e067c05e6f1","local_time":"20210130225105","is_ascension_mode":false,"campfire_choices":[{"floor":1,"key":"RECALL"}],"circlet_count":0,"master_deck":["champ:Strike","champ:Strike","champ:Strike","champ:Strike","champ:Defend","champ:Defend","champ:Defend","champ:Defend","champ:Execute","champ:Taunt","champ:Circumvent","champ:Shatter","champ:RapidStrikes","champ:Taunt","champ:RapidStrikes","conspire:NecroticWound","champ:FanOfKnives","champ:TornadoPunch","champ:GutPunch"],"relics":["champ:ChampionCrown","aspiration:ChemicalBlood"],"acts_visited":["Exordium"],"potions_floor_usage":[6],"damage_taken":[{"damage":10,"enemies":"Cultist","floor":2,"turns":3},{"damage":10,"enemies":"conspire:RoseBush","floor":3,"turns":3},{"damage":22,"enemies":"Jaw Worm","floor":4,"turns":5},{"damage":78,"enemies":"Lagavulin","floor":6,"turns":12},{"damage":26,"enemies":"Large Slime","floor":8,"turns":6},{"damage":0,"enemies":"Exordium Thugs","floor":9,"turns":3},{"damage":21,"enemies":"Gremlin Nob","floor":10,"turns":2}],"seed_played":"5063689516281768724","potions_obtained":[{"floor":3,"key":"champ:UltimateStancePotion"},{"floor":4,"key":"Elixir"}],"is_trial":false,"path_per_floor":["R","M","M","M","?","E","T","M","M","E"],"character_chosen":"THE_CHAMP","items_purchased":[],"campfire_rested":0,"item_purchase_floors":[],"current_hp_per_floor":[99,99,89,77,77,24,24,8,8,0,0,0],"gold":193,"neow_bonus":"TEN_PERCENT_HP_BONUS","is_daily":false,"chose_seed":false,"campfire_upgraded":0,"win_rate":0.0,"timestamp":1612043465,"path_taken":["R","M","M","?","?","E","T","M","M","E"],"items_purchased_type":[],"build_version":"2020-12-22","purchased_purges":0,"victory":false,"max_hp_per_floor":[99,99,99,99,99,99,99,99,99,99,99,99],"card_choices":[{"not_picked":["champ:FancyFootwork","champ:AdrenalArmor"],"picked":"champ:Circumvent","floor":2},{"not_picked":["champ:EnGarde","champ:AdrenalArmor"],"picked":"champ:Shatter","floor":3},{"not_picked":["champ:ShieldSlam","champ:FocusedDefense"],"picked":"champ:RapidStrikes","floor":4},{"not_picked":["champ:ArenaPreparation","champ:MurderStrike"],"picked":"champ:FanOfKnives","floor":6},{"not_picked":["champ:FocusedDefense","champ:BladeFlurry"],"picked":"champ:TornadoPunch","floor":8},{"not_picked":["champ:ArenaPreparation","champ:Haymaker"],"picked":"champ:GutPunch","floor":9}],"player_experience":150870,"relics_obtained":[{"floor":6,"key":"aspiration:ChemicalBlood"}],"event_choices":[],"is_beta":false,"boss_relics":[],"items_purged_floors":[],"is_endless":false,"potions_floor_spawned":[3,4],"killed_by":"Gremlin Nob","ascension_level":0}}