{"host":"3rixevx6n8b56xaj","time":1612014701,"event":{"mods":["2.2 Compatiblity","AchievementEnabler","Arknights The Spire","BaseMod","Colored Map","DeckTracker","Friendly Minions","Minty Spire (QoL Compilation)","Poor People Problems","StSLib","SuperFastMode"],"gold_per_floor":[113,42,42,53,131,165,175,175,175,186,203,219,252,67,67,172,172,188,203,203,118,136,165,165,165,165],"floor_reached":25,"language":"KOR","playtime":644,"items_purged":["Strike_P"],"score":308,"play_id":"37e0e902-0215-408f-b110-4465015af946","local_time":"20210130225141","is_ascension_mode":false,"campfire_choices":[{"data":"Eruption","floor":8.0,"key":"SMITH"},{"data":"Tantrum","floor":15,"key":"SMITH"},{"data":"InnerPeace","floor":24,"key":"SMITH"}],"circlet_count":0,"master_deck":["Strike_P","Strike_P+1","Strike_P+1","Defend_P+1","Defend_P+1","Defend_P","Defend_P","Eruption+1","Vigilance+1","FollowUp","Tantrum+1","FollowUp+1","EmptyFist+1","EmptyBody","LessonLearned+1","Wallop+1","InnerPeace+1","Brilliance+1","Pray+1"],"relics":["PureWater","NeowsBlessing","Molten Egg 2","Centennial Puzzle","Pen Nib","Potion Belt","SacredBark","Nilry\u0027s Codex","Strawberry","Bottled Lightning"],"acts_visited":["Exordium","TheCity"],"potions_floor_usage":[13,18,22,23,25],"damage_taken":[{"damage":0.0,"enemies":"Cultist","floor":1.0,"turns":1.0},{"damage":0.0,"enemies":"Jaw Worm","floor":4.0,"turns":1.0},{"damage":0.0,"enemies":"Gremlin Nob","floor":6.0,"turns":1.0},{"damage":0.0,"enemies":"Small Slimes","floor":7.0,"turns":2.0},{"damage":8.0,"enemies":"Exordium Wildlife","floor":10.0,"turns":2.0},{"damage":0.0,"enemies":"Red Slaver","floor":11.0,"turns":1.0},{"damage":0.0,"enemies":"3 Louse","floor":12.0,"turns":1.0},{"damage":0,"enemies":"Lagavulin","floor":13,"turns":3},{"damage":7,"enemies":"Hexaghost","floor":16,"turns":7},{"damage":0,"enemies":"3 Byrds","floor":18,"turns":3},{"damage":0,"enemies":"Spheric Guardian","floor":19,"turns":3},{"damage":0,"enemies":"Snake Plant","floor":22,"turns":2},{"damage":0,"enemies":"Slavers","floor":23,"turns":3},{"damage":65,"enemies":"Gremlin Leader","floor":25,"turns":5}],"seed_played":"4871217011190417208","potions_obtained":[{"floor":10.0,"key":"Strength Potion"},{"floor":11.0,"key":"Strength Potion"},{"floor":12.0,"key":"Fire Potion"},{"floor":13,"key":"FearPotion"},{"floor":16,"key":"EssenceOfSteel"},{"floor":18,"key":"DistilledChaos"},{"floor":23,"key":"FearPotion"}],"is_trial":false,"path_per_floor":["M","$","$","M","T","E","M","R","T","M","M","M","E","$","R","B",null,"M","M","?","?","M","E","R","E"],"character_chosen":"WATCHER","items_purchased":["Tantrum","Wallop+1","InnerPeace"],"campfire_rested":0,"item_purchase_floors":[2,14,14],"current_hp_per_floor":[72,72,72,72,72,72,72,72,72,64,64,64,64,64,64,57,72,72,72,56,63,63,63,63,0,0],"gold":165,"neow_bonus":"THREE_ENEMY_KILL","is_daily":false,"chose_seed":false,"campfire_upgraded":3,"win_rate":0.0,"timestamp":1612014701,"path_taken":["M","?","$","M","?","E","M","R","T","M","?","M","E","$","R","BOSS","M","M","?","?","M","E","R","E"],"items_purchased_type":["Card","Card","Card"],"build_version":"2020-12-22","purchased_purges":1,"victory":false,"max_hp_per_floor":[72,72,72,72,72,72,72,72,72,72,72,72,72,72,72,72,72,72,72,72,79,79,79,79,79,79],"card_choices":[{"not_picked":["JustLucky","BowlingBash"],"picked":"FollowUp","floor":1.0},{"not_picked":["ReachHeaven","Perseverance","Omniscience"],"picked":"SKIP","floor":4.0},{"not_picked":["Crescendo","Study"],"picked":"FollowUp+1","floor":6.0},{"not_picked":["ClearTheMind","ThirdEye","Wireheading"],"picked":"SKIP","floor":7.0},{"not_picked":["SashWhip+1","BowlingBash+1"],"picked":"EmptyFist+1","floor":10.0},{"not_picked":["SandsOfTime+1","Crescendo","ThirdEye"],"picked":"SKIP","floor":11.0},{"not_picked":["Prostrate","FlyingSleeves+1"],"picked":"EmptyBody","floor":12.0},{"not_picked":["Conclude+1","Crescendo"],"picked":"LessonLearned+1","floor":13},{"not_picked":["Alpha","ConjureBlade"],"picked":"Brilliance+1","floor":16},{"not_picked":["Evaluate","SignatureMove+1","FollowUp+1"],"picked":"SKIP","floor":18},{"not_picked":["EmptyFist+1","SashWhip+1","CutThroughFate+1"],"picked":"SKIP","floor":19},{"not_picked":["InnerPeace","SpiritShield"],"picked":"Pray+1","floor":22},{"not_picked":["Protect","Tantrum+1","Consecrate+1"],"picked":"SKIP","floor":23}],"player_experience":629547,"relics_obtained":[{"floor":5.0,"key":"Molten Egg 2"},{"floor":6.0,"key":"Centennial Puzzle"},{"floor":9.0,"key":"Pen Nib"},{"floor":13,"key":"Potion Belt"},{"floor":20,"key":"Nilry\u0027s Codex"},{"floor":23,"key":"Bottled Lightning"}],"event_choices":[{"damage_healed":0,"gold_gain":0,"player_choice":"Obtained Book","damage_taken":16,"max_hp_gain":0,"max_hp_loss":0,"event_name":"Cursed Tome","floor":20,"gold_loss":0},{"damage_healed":0,"gold_gain":0,"player_choice":"Obtained Relic","damage_taken":0,"relics_obtained":["Strawberry"],"max_hp_gain":0,"max_hp_loss":0,"event_name":"Addict","floor":21,"gold_loss":85}],"is_beta":false,"boss_relics":[{"not_picked":["Astrolabe","Pandora\u0027s Box"],"picked":"SacredBark"}],"items_purged_floors":[14],"is_endless":false,"potions_floor_spawned":[10,11,12,13,16,18,23],"killed_by":"Gremlin Leader","ascension_level":0}}