{"host":"0rxdudjy6rylha1k","time":1612030240,"event":{"mods":["Aspiration","BaseMod","Colored Map","Colored Powertips","Downfall","Highlight Path","Hubris","Minty Spire (QoL Compilation)","StSLib"],"gold_per_floor":[99,99,99,99,99,99,99,99,131,131,131,131,131,163,180,275,275,275,292,306,306,306,322,346,346,346,379,379,289,25,25,41,138,138,138,161,179,229,229,270,318,218,126,26,52,69,165,177,188,188],"floor_reached":51,"language":"ENG","playtime":5757,"items_purged":["Regret","hexamod:Strike"],"score":1000,"play_id":"5e012a1d-49d0-4eef-96e8-d628a18a112c","local_time":"20210130111040","is_ascension_mode":true,"campfire_choices":[{"data":"hexamod:Float","floor":1,"key":"SMITH"},{"data":"hexamod:Firestarter","floor":6,"key":"SMITH"},{"data":"hexamod:Sear","floor":10,"key":"SMITH"},{"data":"hexamod:RecurringNightmare","floor":12,"key":"SMITH"},{"floor":18,"key":"DIG"},{"floor":25,"key":"DIG"},{"floor":28,"key":"REST"},{"floor":35,"key":"DIG"},{"floor":42,"key":"DIG"}],"circlet_count":0,"master_deck":["hexamod:Strike+1","hexamod:Strike+1","hexamod:Strike+1","hexamod:Defend+1","hexamod:Defend","hexamod:Defend+1","hexamod:Defend","hexamod:Sear+1","hexamod:Float+1","hexamod:FirstSeal","hexamod:NightmareGuise+1","hexamod:Toasty+1","hexamod:FirstSeal","hexamod:ThermalTransfer+1","hexamod:BurningTouch+1","hexamod:SwordOfDarkness","hexamod:ShieldOfDarkness+1","hexamod:ThermalTransfer+1","hexamod:HeatMetal+1","hexamod:SixthSeal","hexamod:AdvancingGuard+1","hexamod:GhostflameBarrier+1","hexamod:WildfireWeapon","hexamod:ThermalTransfer+1"],"relics":["hexamod:SpiritBrand","downfall:HeartsMalice","Mercury Hourglass","HornCleat","hexamod:BolsterEngine","champ:DuelingGlove","hubris:OldNail","hubris:Backtick","Shovel","Boot","Gremlin Horn","aspiration:HatOfInfinitePower","aspiration:StickyExplosives_weak","aspiration:RitualStick","Astrolabe","Toy Ornithopter","TungstenRod","Red Mask","downfall:RedIOUUpgrade","Bronze Scales","downfall:HeartBlessingBlue","Pen Nib","hexamod:TheBrokenSeal","ClockworkSouvenir"],"acts_visited":["Exordium","TheCity","TheBeyond"],"potions_floor_usage":[15,19,20,29,38,40,40,50,50],"damage_taken":[{"damage":0,"enemies":"2 Louse","floor":3,"turns":1},{"damage":0,"enemies":"Jaw Worm","floor":8,"turns":1},{"damage":0,"enemies":"3 Sentries","floor":9,"turns":1},{"damage":0,"enemies":"Cultist","floor":13,"turns":1},{"damage":12,"enemies":"Gremlin Nob","floor":14,"turns":4},{"damage":5,"enemies":"Large Slime","floor":15,"turns":4},{"damage":61,"enemies":"DF_ARCHETYPE_STREAMLINE","floor":16,"turns":13},{"damage":13,"enemies":"Chosen","floor":19,"turns":5},{"damage":6,"enemies":"Centurion and Healer","floor":20,"turns":4},{"damage":15,"enemies":"Snake Plant","floor":23,"turns":4},{"damage":42,"enemies":"Book of Stabbing","floor":27,"turns":6},{"damage":2,"enemies":"downfall:FleeingMerchant","floor":29,"turns":4},{"damage":0,"enemies":"downfall:FleeingMerchant","floor":30,"turns":4},{"damage":26,"enemies":"Sentry and Sphere","floor":32,"turns":8},{"damage":37,"enemies":"SI_MIRROR_ARCHETYPE","floor":33,"turns":9},{"damage":7,"enemies":"3 Shapes","floor":36,"turns":4},{"damage":17,"enemies":"Orb Walker","floor":37,"turns":4},{"damage":2,"enemies":"Orb Walker","floor":38,"turns":7},{"damage":37,"enemies":"Nemesis","floor":40,"turns":9},{"damage":0,"enemies":"downfall:FleeingMerchant","floor":43,"turns":4},{"damage":31,"enemies":"3 Darklings","floor":45,"turns":6},{"damage":0,"enemies":"Maw","floor":46,"turns":5},{"damage":0,"enemies":"downfall:FleeingMerchant","floor":47,"turns":1},{"damage":0,"enemies":"Jaw Worm Horde","floor":48,"turns":3},{"damage":0,"enemies":"Sphere and 2 Shapes","floor":49,"turns":3},{"damage":0,"enemies":"WA_ARCHETYPE_DIVINITY","floor":50,"turns":5}],"seed_played":"1939260438737501671","potions_obtained":[{"floor":9,"key":"EssenceOfSteel"},{"floor":14,"key":"Explosive Potion"},{"floor":19,"key":"Dexterity Potion"},{"floor":27,"key":"FearPotion"},{"floor":33,"key":"BlessingOfTheForge"},{"floor":36,"key":"AttackPotion"},{"floor":38,"key":"Energy Potion"},{"floor":45,"key":"SteroidPotion"},{"floor":48,"key":"Explosive Potion"},{"floor":49,"key":"SteroidPotion"}],"is_trial":false,"path_per_floor":["R","?","M","?","T","R","T","M","E","R","?","R","M","E","M","B",null,"R","M","M","?","?","M","T","R","?","E","R","$","$","?","M","B",null,"R","M","M","?","?","E","T","R","$","NS","M","M","$","M","M","B",null],"character_chosen":"THE_SPIRIT","items_purchased":["aspiration:StickyExplosives_weak","hexamod:FourthSeal","ClockworkSouvenir"],"campfire_rested":1,"item_purchase_floors":[30,43,47],"current_hp_per_floor":[63,63,63,63,63,63,63,63,63,63,63,63,63,65,70,16,57,57,58,70,70,70,70,70,70,70,35,56,70,70,56,51,28,60,60,70,53,70,70,47,47,57,71,71,90,90,90,90,90,90],"gold":188,"neow_bonus":"THREE_ENEMY_KILL","is_daily":false,"chose_seed":false,"campfire_upgraded":4,"win_rate":0.0,"timestamp":1612030240,"path_taken":["R","?","M","?","?","R","T","M","E","R","?","R","M","E","M","BOSS","R","M","M","?","?","M","T","R","?","E","R","?","$","?","M","BOSS","R","M","M","?","?","E","T","R","$","NS","M","M","$","?","M","BOSS"],"items_purchased_type":["Relic","Card","Relic"],"build_version":"2020-12-22","purchased_purges":2,"victory":true,"max_hp_per_floor":[70,70,70,70,70,70,70,70,70,70,70,70,70,70,70,70,70,70,70,70,70,70,70,70,70,70,70,70,70,70,70,70,70,70,70,70,70,70,70,70,70,80,80,80,90,90,90,90,90,90],"card_choices":[{"not_picked":["hexamod:ThermalTransfer","hexamod:PhantomCloak"],"picked":"hexamod:Firestarter","floor":3},{"not_picked":["hexamod:GhostLash","hexamod:FastForward"],"picked":"hexamod:RecurringNightmare","floor":8},{"not_picked":["hexamod:DynamicBlow","hexamod:NightmareStrike"],"picked":"hexamod:FirstSeal","floor":9},{"not_picked":["hexamod:Haunt","hexamod:AdvancingGuard"],"picked":"hexamod:NightmareGuise","floor":13},{"not_picked":["hexamod:BurningTouch","hexamod:NightmareGuise"],"picked":"hexamod:GiftsFromTheDead","floor":14},{"not_picked":["hexamod:EtherealExpedition","hexamod:Firestarter"],"picked":"hexamod:FlamesFromBeyond","floor":15},{"not_picked":["hexamod:GhostflameInferno","hexamod:TurnItUp"],"picked":"hexamod:Toasty","floor":16},{"not_picked":["hexamod:FastForward+1","hexamod:HeatCrush"],"picked":"hexamod:FirstSeal","floor":19},{"not_picked":["hexamod:SkipABeat","hexamod:ThirdSeal"],"picked":"hexamod:ThermalTransfer","floor":20},{"not_picked":["hexamod:SwordOfDarkness","hexamod:Hexaguard"],"picked":"hexamod:BurningTouch+1","floor":23},{"not_picked":["hexamod:NecessarySacrifice","hexamod:SpectralAdrenaline+1"],"picked":"hexamod:SwordOfDarkness","floor":27},{"not_picked":["hexamod:SecondSeal","hexamod:Hexaguard+1"],"picked":"hexamod:ShieldOfDarkness","floor":29},{"not_picked":["hexamod:NecessarySacrifice+1","hexamod:GhostOfSpirePresent"],"picked":"hexamod:SixthSeal","floor":30},{"not_picked":["hexamod:FirstSeal","hexamod:SpectersWail"],"picked":"hexamod:ThermalTransfer","floor":32},{"not_picked":["hexamod:ParanormalForm","hexamod:SearingWound"],"picked":"hexamod:FifthSeal","floor":33},{"not_picked":["hexamod:RecurringNightmare","hexamod:PowerFromBeyond"],"picked":"hexamod:HeatMetal","floor":36},{"not_picked":["hexamod:FirstSeal","hexamod:SecondSeal"],"picked":"hexamod:SixthSeal","floor":36},{"not_picked":["hexamod:GhostOfSpireFuture+1","hexamod:Hexaguard+1"],"picked":"hexamod:AdvancingGuard+1","floor":37},{"not_picked":["hexamod:SixthSeal","hexamod:SecondSeal"],"picked":"hexamod:ThirdSeal","floor":38},{"not_picked":["hexamod:NecessarySacrifice","hexamod:RadiantFlame","hexamod:BurningTouch"],"picked":"SKIP","floor":40},{"not_picked":["hexamod:BurningTouch+1","hexamod:NightmareStrike","hexamod:SixthSeal"],"picked":"SKIP","floor":40},{"not_picked":["hexamod:ThermalTransfer+1","hexamod:SpectersWail"],"picked":"hexamod:GhostflameBarrier+1","floor":43},{"not_picked":["hexamod:BacktrackSmack","hexamod:FastForward+1","hexamod:FlamesFromBeyond"],"picked":"SKIP","floor":43},{"not_picked":["hexamod:NecessarySacrifice+1","hexamod:HauntingEcho","hexamod:EtherealExpedition+1"],"picked":"SKIP","floor":45},{"not_picked":["hexamod:BacktrackSmack","hexamod:Firestarter","hexamod:PowerFromBeyond"],"picked":"SKIP","floor":45},{"not_picked":["hexamod:Firestarter","hexamod:HeatCrush+1"],"picked":"hexamod:WildfireWeapon","floor":46},{"not_picked":["hexamod:NightmareStrike+1","hexamod:HeatCrush+1","hexamod:ApocalypseNow"],"picked":"SKIP","floor":47},{"not_picked":["hexamod:ChargedBarrage","hexamod:InspiringFlames+1"],"picked":"hexamod:ThermalTransfer+1","floor":48},{"not_picked":["hexamod:GhostShield","hexamod:BacktrackSmack","hexamod:ChargedBarrage+1"],"picked":"SKIP","floor":49}],"player_experience":2743264,"relics_obtained":[{"floor":5,"key":"Mercury Hourglass"},{"floor":7,"key":"HornCleat"},{"floor":9,"key":"hexamod:BolsterEngine"},{"floor":14,"key":"hubris:OldNail"},{"floor":18,"key":"Orichalcum"},{"floor":24,"key":"Boot"},{"floor":25,"key":"Gremlin Horn"},{"floor":27,"key":"aspiration:HatOfInfinitePower"},{"floor":35,"key":"Toy Ornithopter"},{"floor":38,"key":"TungstenRod"},{"floor":40,"key":"Bronze Scales"},{"floor":42,"key":"Pen Nib"}],"event_choices":[{"damage_healed":0,"gold_gain":0,"player_choice":"Box","damage_taken":0,"relics_obtained":["champ:DuelingGlove"],"max_hp_gain":0,"max_hp_loss":0,"event_name":"Big Fish","floor":11,"gold_loss":0,"cards_obtained":["Regret"]}],"is_beta":false,"boss_relics":[{"not_picked":["Sozu","aspiration:SecretTechniqueScroll"],"picked":"hubris:Backtick"},{"not_picked":["hubris:RunicObelisk","Snecko Eye"],"picked":"Astrolabe"}],"items_purged_floors":[29,47],"is_endless":false,"potions_floor_spawned":[9,14,19,27,33,36,38,45,48,49],"ascension_level":7}}