{"host":"oeddu058k4r8wzo0","time":1612001964,"event":{"mods":["BaseMod","Colored Map","Colored Powertips","Highlight Path","Minty Spire (QoL Compilation)","Quick Restart","StSLib","Wandering Minibosses"],"gold_per_floor":[114,114,128,147,147,188,238,269,269,300,343,343,343,28,28,130,130,155,155,176,176,176,216,216,130,155,203,203,239,275,290,290,290,290],"floor_reached":33,"language":"ENG","playtime":2502,"items_purged":[],"score":914,"play_id":"7bb72042-4abf-4931-b9f8-e92c946a8fae","local_time":"20210130021924","daily_mods":["Insanity","Flight","Night Terrors"],"is_ascension_mode":true,"campfire_choices":[{"data":"Limit Break","floor":13,"key":"SMITH"},{"data":"Enlightenment","floor":15,"key":"SMITH"},{"data":"Dark Embrace","floor":28,"key":"SMITH"},{"data":"Armaments","floor":32,"key":"SMITH"}],"circlet_count":0,"master_deck":["AscendersBane","Perfected Strike","Anger","Burning Pact","Perfected Strike","Entrench","Combust","Cleave","Wild Strike","Cleave","True Grit","True Grit","True Grit","Searing Blow+1","Ghostly Armor","Infernal Blade","Thunderclap","Cleave","Warcry","Heavy Blade","Pummel","Disarm","Pommel Strike","True Grit","Wild Strike","Headbutt","Pommel Strike","Wild Strike","Searing Blow","Havoc","Clash","Second Wind","Second Wind","True Grit","Searing Blow","Ghostly Armor","Fire Breathing","Fire Breathing","Ghostly Armor","Dark Embrace+1","Battle Trance","Inflame","Warcry","Armaments+1","Whirlwind","Flex","Perfected Strike","Bloodletting","Metallicize","Wild Strike","Headbutt","Warcry","Limit Break+1","Feel No Pain","Enlightenment+1","Shockwave","Battle Trance"],"relics":["Burning Blood","Golden Idol","MealTicket","CeramicFish","Thread and Needle","Eternal Feather","Nunchaku","InkBottle","Strange Spoon","Busted Crown","Letter Opener","Blood Vial","Bottled Tornado","Vajra","Toy Ornithopter"],"acts_visited":["Exordium","TheCity"],"potions_floor_usage":[7,11,16,16,20,29,29],"damage_taken":[{"damage":0,"enemies":"2 Louse","floor":1,"turns":1},{"damage":0,"enemies":"Cultist","floor":3,"turns":2},{"damage":12,"enemies":"Jaw Worm","floor":4,"turns":2},{"damage":3,"enemies":"Gremlin Nob","floor":6,"turns":2},{"damage":34,"enemies":"Lagavulin","floor":7,"turns":5},{"damage":30,"enemies":"3 Sentries","floor":8,"turns":5},{"damage":19,"enemies":"Gremlin Nob","floor":10,"turns":4},{"damage":3,"enemies":"Lagavulin","floor":11,"turns":3},{"damage":33,"enemies":"Hexaghost","floor":16,"turns":8},{"damage":0,"enemies":"Chosen","floor":18,"turns":4},{"damage":15,"enemies":"Shell Parasite","floor":20,"turns":2},{"damage":19,"enemies":"Gremlin Leader","floor":23,"turns":7},{"damage":74,"enemies":"Slavers","floor":27,"turns":6},{"damage":10,"enemies":"Gremlin Leader","floor":29,"turns":6},{"damage":15,"enemies":"Slavers","floor":30,"turns":4},{"damage":29,"enemies":"Snake Plant","floor":31,"turns":6},{"damage":60,"enemies":"Collector","floor":33,"turns":8}],"seed_played":"-8680833436856270532","potions_obtained":[{"floor":3,"key":"BloodPotion"},{"floor":4,"key":"Ancient Potion"},{"floor":8,"key":"ColorlessPotion"},{"floor":11,"key":"SteroidPotion"},{"floor":16,"key":"Dexterity Potion"},{"floor":18,"key":"DistilledChaos"},{"floor":30,"key":"Ancient Potion"}],"is_trial":true,"path_per_floor":["M","?","M","M","?","E","E","E","T","E","E","$","R","$","R","B",null,"M","?","M","$","?","E","$","$","T","E","R","E","E","M","R","B"],"character_chosen":"IRONCLAD","items_purchased":["Strange Spoon","Feel No Pain","Enlightenment","ElixirPotion"],"campfire_rested":0,"item_purchase_floors":[14,14,14,25],"current_hp_per_floor":[74,74,75,69,68,68,53,29,29,16,19,34,64,68,68,41,61,67,67,58,68,78,65,78,78,78,10,43,41,34,13,46,0,0],"gold":290,"neow_bonus":"","is_daily":false,"chose_seed":false,"campfire_upgraded":4,"win_rate":0.0,"timestamp":1612001964,"path_taken":["M","?","M","?","?","E","E","E","T","E","E","$","R","$","R","BOSS","M","?","M","$","?","E","$","$","T","E","R","E","E","?","R","BOSS"],"items_purchased_type":["Relic","Card","Card","Potion"],"build_version":"2020-12-22","purchased_purges":0,"victory":false,"max_hp_per_floor":[75,75,75,75,68,68,68,68,68,68,68,68,68,68,68,68,68,68,68,68,68,78,78,78,78,78,78,78,78,78,78,78,78,78],"card_choices":[{"not_picked":["Hemokinesis","Cleave","Clash"],"picked":"SKIP","floor":1},{"not_picked":["Cleave","Flame Barrier"],"picked":"Warcry","floor":3},{"not_picked":["Clash","Metallicize","Heavy Blade"],"picked":"SKIP","floor":4},{"not_picked":["Wild Strike","True Grit","Clothesline"],"picked":"SKIP","floor":6},{"not_picked":["Headbutt","Dropkick"],"picked":"Limit Break","floor":7},{"not_picked":["Rage","Uppercut","Thunderclap"],"picked":"SKIP","floor":8},{"not_picked":["Cleave","Iron Wave","Rage"],"picked":"SKIP","floor":10},{"not_picked":["Pommel Strike","Wild Strike","Combust"],"picked":"SKIP","floor":11},{"not_picked":["Exhume","Immolate"],"picked":"Offering","floor":16},{"not_picked":["Wild Strike"],"picked":"SKIP","floor":18},{"not_picked":["Anger"],"picked":"SKIP","floor":20},{"not_picked":[],"picked":"Shockwave","floor":23},{"not_picked":[],"picked":"Battle Trance","floor":27},{"not_picked":["Combust"],"picked":"SKIP","floor":29},{"not_picked":["Iron Wave"],"picked":"SKIP","floor":30},{"not_picked":["Armaments"],"picked":"SKIP","floor":31}],"player_experience":1352761,"relics_obtained":[{"floor":6,"key":"MealTicket"},{"floor":7,"key":"CeramicFish"},{"floor":8,"key":"Thread and Needle"},{"floor":9,"key":"Eternal Feather"},{"floor":10,"key":"Nunchaku"},{"floor":11,"key":"InkBottle"},{"floor":23,"key":"Letter Opener"},{"floor":26,"key":"Blood Vial"},{"floor":27,"key":"Bottled Tornado"},{"floor":29,"key":"Vajra"},{"floor":30,"key":"Toy Ornithopter"}],"event_choices":[{"damage_healed":0,"gold_gain":0,"player_choice":"Upgraded","damage_taken":0,"max_hp_gain":0,"max_hp_loss":0,"event_name":"Upgrade Shrine","floor":2,"gold_loss":0,"cards_upgraded":["Searing Blow"]},{"damage_healed":0,"gold_gain":0,"player_choice":"Lose Max HP","damage_taken":0,"relics_obtained":["Golden Idol"],"max_hp_gain":0,"max_hp_loss":7,"event_name":"Golden Idol","floor":5,"gold_loss":0},{"damage_healed":0,"gold_gain":0,"player_choice":"Ignored","damage_taken":0,"max_hp_gain":0,"max_hp_loss":0,"event_name":"Vampires","floor":19,"gold_loss":0},{"cards_removed":["Offering"],"damage_healed":0,"gold_gain":0,"player_choice":"Offered Rare","damage_taken":0,"max_hp_gain":10,"max_hp_loss":0,"event_name":"Bonfire Elementals","floor":22,"gold_loss":0}],"is_beta":false,"boss_relics":[{"not_picked":["Empty Cage","Calling Bell"],"picked":"Busted Crown"}],"items_purged_floors":[],"is_endless":false,"potions_floor_spawned":[3,4,8,11,16,18,30],"killed_by":"Collector","ascension_level":20}}