{"host":"8is2j71l4wmybkoi","time":1612006825,"event":{"mods":["AchievementEnabler","BaseMod","Colored Map","Minty Spire (QoL Compilation)","Rare Cards Sparkle","StSLib","SuperFastMode"],"gold_per_floor":[111,122,139,151,326,326,3,3,27,57,67,67,142,142,154,166,166],"floor_reached":16,"language":"KOR","playtime":436,"items_purged":["Doubt"],"score":150,"play_id":"8c3df3ab-792f-4db8-858c-1a3b4066e240","local_time":"20210130204025","is_ascension_mode":true,"campfire_choices":[{"data":"Zap","floor":6,"key":"SMITH"},{"data":"Dualcast","floor":8,"key":"SMITH"},{"data":"Recycle","floor":12,"key":"SMITH"},{"floor":15,"key":"REST"}],"circlet_count":0,"master_deck":["AscendersBane","Strike_B","Strike_B","Defend_B","Defend_B","Defend_B","Defend_B","Zap+1","Dualcast+1","Coolheaded","Sweeping Beam","Gash","Turbo","Chill","Compile Driver","Self Repair","Recycle+1"],"relics":["Cracked Core","Question Card","Omamori","Regal Pillow","MawBank"],"acts_visited":["Exordium"],"potions_floor_usage":[10,16],"damage_taken":[{"damage":2,"enemies":"2 Louse","floor":1,"turns":3},{"damage":2,"enemies":"Small Slimes","floor":2,"turns":3},{"damage":0,"enemies":"Cultist","floor":3,"turns":3},{"damage":1,"enemies":"2 Fungi Beasts","floor":4,"turns":4},{"damage":31,"enemies":"Gremlin Nob","floor":10,"turns":4},{"damage":0,"enemies":"Exordium Wildlife","floor":11,"turns":4},{"damage":46,"enemies":"Hexaghost","floor":16,"turns":10}],"seed_played":"3243648488898570681","potions_obtained":[{"floor":2,"key":"FearPotion"},{"floor":3,"key":"PotionOfCapacity"},{"floor":10,"key":"SneckoOil"}],"is_trial":false,"path_per_floor":["M","M","M","M","?","R","$","R","T","E","M","R","?","?","R","B"],"character_chosen":"DEFECT","items_purchased":["Question Card"],"campfire_rested":1,"item_purchase_floors":[7],"current_hp_per_floor":[48,46,46,45,45,45,45,45,45,14,21,21,10,3,40,0,0],"gold":166,"neow_bonus":"TRANSFORM_TWO_CARDS","is_daily":false,"chose_seed":false,"campfire_upgraded":3,"win_rate":0.0,"timestamp":1612006825,"path_taken":["M","M","M","M","?","R","$","R","T","E","M","R","?","?","R","BOSS"],"items_purchased_type":["Relic"],"build_version":"2020-12-22","purchased_purges":1,"victory":false,"max_hp_per_floor":[75,75,75,75,75,75,75,75,75,75,75,75,75,75,75,75,75],"card_choices":[{"not_picked":["Redo","Darkness"],"picked":"Gash","floor":1},{"not_picked":["Doom and Gloom","Static Discharge"],"picked":"Turbo","floor":2},{"not_picked":["Gash","Chaos"],"picked":"Chill","floor":3},{"not_picked":["Beam Cell","Coolheaded"],"picked":"Compile Driver","floor":4},{"not_picked":["Capacitor","Turbo","Beam Cell"],"picked":"Self Repair","floor":10},{"not_picked":["Darkness","Sweeping Beam","Redo"],"picked":"Recycle","floor":11}],"player_experience":848600,"relics_obtained":[{"floor":9,"key":"Omamori"},{"floor":10,"key":"Regal Pillow"}],"event_choices":[{"damage_healed":0,"gold_gain":175,"player_choice":"AGREE","damage_taken":0,"max_hp_gain":0,"max_hp_loss":0,"event_name":"Liars Game","floor":5,"gold_loss":0,"cards_obtained":["Doubt"]},{"damage_healed":0,"gold_gain":75,"player_choice":"Gather Gold","damage_taken":11,"max_hp_gain":0,"max_hp_loss":0,"event_name":"World of Goop","floor":13,"gold_loss":0},{"damage_healed":0,"gold_gain":0,"player_choice":"Success","damage_taken":7,"relics_obtained":["MawBank"],"max_hp_gain":0,"max_hp_loss":0,"event_name":"Scrap Ooze","floor":14,"gold_loss":0}],"is_beta":false,"boss_relics":[],"items_purged_floors":[7],"is_endless":false,"potions_floor_spawned":[2,3,10],"killed_by":"Hexaghost","ascension_level":10}}