{"host":"1ewexarttg8tjb6w","time":1612011511,"event":{"mods":["ATMod(°¢èªMod)","Act Like it!","Arknights The Spire","Aspiration","BaseMod","Colored Powertips","Downfall","Gensokyo","Marisa£¨ìFÓê¡¡Ä§ÀíÉ³£©","Minty Spire (QoL Compilation)","SIMod","StSLib","The Bug Knight","The Construct","The Jungle","The Servant 0.9.4"],"gold_per_floor":[109,109,109,160,178,210,210,239,239,74,24,56,67,87,87,191,191,207,207,224,224,238,266,266,292,292,292,304,320,340,419,419,516,516,536,555,555,555,555],"floor_reached":38,"language":"ZHS","playtime":2011,"items_purged":["Normality"],"score":734,"play_id":"b9f2f4b6-2f05-4f74-ba11-8600e9d078cd","local_time":"20210130205831","is_ascension_mode":false,"campfire_choices":[{"data":"AT_EmpoweredMortalDraw","floor":7,"key":"SMITH"},{"data":"HollowMod:SoulEater","floor":15,"key":"SMITH"},{"data":"HollowMod:WraithStrike","floor":24,"key":"SMITH"},{"floor":27,"key":"REST"},{"data":"HollowMod:AwokenDreamNail","floor":32,"key":"SMITH"}],"circlet_count":0,"master_deck":["HollowMod:NailStrikeStart","HollowMod:NailStrikeStart","HollowMod:NailStrikeStart","HollowMod:NailStrikeStart","HollowMod:QuickDashStart","HollowMod:QuickDashStart","HollowMod:QuickDashStart","HollowMod:FocusHealStart","HollowMod:PogoStrike","AT_EmpoweredMortalDraw+1","HollowMod:PureNailStrike","HollowMod:CycloneSlash","HollowMod:ChannelNail","HollowMod:SoulEater+1","Decay","PanicButton","HollowMod:HowlingWraiths","HollowMod:HowlingWraiths","HollowMod:QuirrelsAssistance","HollowMod:AwokenDreamNail+1","HollowMod:LifebloodCocoon+1","HollowMod:CornifersMapStart","downfall:Haunted","Pain","HollowMod:DashSlash","HollowMod:WraithStrike+1","HollowMod:CycloneSlash+1","Injury","Parasite","HollowMod:HuntersJournal","HollowMod:SoulSplash+1","HollowMod:DescendingDark+1","downfall:Bewildered","Doubt","HollowMod:LifebloodCore","HollowMod:HuntersJournal","HollowMod:BaldurShell+1","Madness","Madness"],"relics":["HollowMod:VesselMask","AT_ATBox","NeowsBlessing","downfall:ExtraCursedKey","HornCleat","Potion Belt","Ice Cream","Oddly Smooth Stone","White Beast Statue","AT_GoldPhoenixTree","Velvet Choker","Vajra","aspiration:HiddenCompartment","AT_LudenTempest","Darkstone Periapt","SacredBark"],"acts_visited":["Exordium","TheCity","TheBeyond"],"potions_floor_usage":[12,16,16,25,25,33,33,33,35],"damage_taken":[{"damage":0,"enemies":"Small Slimes","floor":1,"turns":1},{"damage":0,"enemies":"Jaw Worm","floor":5,"turns":1},{"damage":0,"enemies":"3 Sentries","floor":6,"turns":1},{"damage":0,"enemies":"Gremlin Nob","floor":8,"turns":3},{"damage":2,"enemies":"Lagavulin","floor":12,"turns":4},{"damage":0,"enemies":"2 Louse","floor":13,"turns":1},{"damage":0,"enemies":"Exordium Thugs","floor":14,"turns":2},{"damage":55,"enemies":"The Guardian","floor":16,"turns":8},{"damage":19,"enemies":"3 Byrds","floor":18,"turns":2},{"damage":3,"enemies":"Chosen","floor":20,"turns":4},{"damage":10,"enemies":"Centurion and Healer","floor":22,"turns":3},{"damage":9,"enemies":"Gremlin Leader","floor":23,"turns":4},{"damage":3,"enemies":"HollowMod:Nosk","floor":25,"turns":5},{"damage":5,"enemies":"Snake Plant","floor":28,"turns":3},{"damage":6,"enemies":"3 Cultists","floor":29,"turns":2},{"damage":0,"enemies":"Centurion and Healer","floor":30,"turns":4},{"damage":15,"enemies":"Automaton","floor":33,"turns":7},{"damage":27,"enemies":"3 Shapes","floor":35,"turns":3},{"damage":12,"enemies":"3 Darklings","floor":36,"turns":4},{"damage":36,"enemies":"HollowMod:SlobberingHusk","floor":38,"turns":3}],"seed_played":"-3421742108923166344","potions_obtained":[{"floor":6,"key":"champ:CounterPotion"},{"floor":8,"key":"Fire Potion"},{"floor":12,"key":"Energy Potion"},{"floor":13,"key":"EssenceOfSteel"},{"floor":14,"key":"champ:CounterPotion"},{"floor":16,"key":"Strength Potion"},{"floor":18,"key":"AttackPotion"},{"floor":20,"key":"Fire Potion"},{"floor":22,"key":"EssenceOfSteel"},{"floor":25,"key":"construct:ShiftPotion"},{"floor":28,"key":"Guardian:BlockOnCardUsePotion"},{"floor":30,"key":"Block Potion"},{"floor":33,"key":"SpeedPotion"},{"floor":35,"key":"Fire Potion"},{"floor":36,"key":"champ:CounterPotion"}],"is_trial":false,"path_per_floor":["M","?","?","T","M","E","R","E","T","$","?","E","M","M","R","B",null,"M","?","M","?","M","E","R","E","T","R","M","M","M","T","R","B",null,"M","M","?","M"],"character_chosen":"THE_BUGKNIGHT","items_purchased":["PanicButton"],"campfire_rested":1,"item_purchase_floors":[10],"current_hp_per_floor":[75,75,63,63,63,63,63,63,63,63,63,61,61,61,61,6,75,56,56,59,59,49,46,46,43,43,65,60,54,54,66,66,51,87,60,48,35,0,0],"gold":555,"neow_bonus":"THREE_ENEMY_KILL","is_daily":false,"chose_seed":false,"campfire_upgraded":4,"win_rate":0.0,"timestamp":1612011511,"path_taken":["M","?","?","?","M","E","R","E","T","$","?","E","?","M","R","BOSS","M","?","?","?","M","E","R","E","T","R","M","M","M","?","R","BOSS","M","M","?","M"],"items_purchased_type":["Card"],"build_version":"2020-12-22","purchased_purges":1,"victory":false,"max_hp_per_floor":[75,75,75,75,75,75,75,75,75,75,75,75,75,75,75,75,75,75,75,75,75,75,75,75,75,75,75,75,75,75,87,87,87,87,87,87,87,87,87],"card_choices":[{"not_picked":["HollowMod:ShadowDash","HollowMod:SiblingsShadow"],"picked":"HollowMod:PureNailStrike","floor":1},{"not_picked":["HollowMod:SoulSplash","HollowMod:MawleksShell"],"picked":"HollowMod:CycloneSlash","floor":5},{"not_picked":["HollowMod:DescendingDark","HollowMod:MawleksShell"],"picked":"HollowMod:ChannelNail","floor":6},{"not_picked":["HollowMod:GoodIntentions","HollowMod:ShadowDash"],"picked":"HollowMod:SoulEater","floor":8},{"not_picked":["HollowMod:DreamGate","HollowMod:InfectedCysts"],"picked":"HollowMod:HowlingWraiths","floor":12},{"not_picked":["HollowMod:CornifersMapStart","HollowMod:ShadowDash"],"picked":"HollowMod:HowlingWraiths","floor":13},{"not_picked":["HollowMod:CornifersMapStart","HollowMod:SoulStrike"],"picked":"HollowMod:QuirrelsAssistance","floor":14},{"not_picked":["HollowMod:Hiveblood","HollowMod:VoidDash"],"picked":"HollowMod:AwokenDreamNail","floor":16},{"not_picked":["HollowMod:ChannelNail+1","HollowMod:HeavyBlow"],"picked":"HollowMod:LifebloodCocoon","floor":18},{"not_picked":["HollowMod:BlackTendrils","HollowMod:SoulSplash+1"],"picked":"HollowMod:CornifersMapStart","floor":20},{"not_picked":["HollowMod:NewLittleFool","HollowMod:InfectedCysts"],"picked":"HollowMod:DashSlash","floor":22},{"not_picked":["HollowMod:CycloneSlash","HollowMod:NewLittleFool"],"picked":"HollowMod:WraithStrike","floor":23},{"not_picked":["HollowMod:AbyssShriek","HollowMod:NewInfectedGuardian"],"picked":"HollowMod:CycloneSlash+1","floor":25},{"not_picked":["HollowMod:HeavyBlow","HollowMod:NewGlowingWomb+1"],"picked":"HollowMod:HuntersJournal","floor":28},{"not_picked":["HollowMod:QuirrelsAssistance","HollowMod:NewJinnsSoul"],"picked":"HollowMod:SoulSplash+1","floor":29},{"not_picked":["HollowMod:DungDefenderAura","HollowMod:DoubleDash"],"picked":"HollowMod:DescendingDark+1","floor":30},{"not_picked":["HollowMod:ElderbugsWisdom","HollowMod:AwokenDreamNail"],"picked":"HollowMod:LifebloodCore","floor":33},{"not_picked":["HollowMod:MothsMistake+1","HollowMod:TaintedHusks"],"picked":"HollowMod:HuntersJournal","floor":35},{"not_picked":["HollowMod:SoulStrike+1","HollowMod:HeavyBlow"],"picked":"HollowMod:BaldurShell+1","floor":36}],"player_experience":76505,"relics_obtained":[{"floor":4,"key":"Potion Belt"},{"floor":6,"key":"Ice Cream"},{"floor":8,"key":"Oddly Smooth Stone"},{"floor":9,"key":"White Beast Statue"},{"floor":12,"key":"AT_GoldPhoenixTree"},{"floor":23,"key":"Vajra"},{"floor":25,"key":"aspiration:HiddenCompartment"},{"floor":26,"key":"AT_LudenTempest"},{"floor":31,"key":"Darkstone Periapt"}],"event_choices":[{"damage_healed":0,"gold_gain":0,"player_choice":"Success","damage_taken":12,"relics_obtained":["HornCleat"],"max_hp_gain":0,"max_hp_loss":0,"event_name":"Scrap Ooze","floor":3,"gold_loss":0},{"cards_removed":["HollowMod:QuickDashStart"],"damage_healed":0,"gold_gain":0,"player_choice":"Card Removal","damage_taken":0,"max_hp_gain":0,"max_hp_loss":0,"event_name":"The Cleric","floor":11,"gold_loss":50},{"damage_healed":0,"gold_gain":0,"player_choice":"Upgraded","damage_taken":0,"max_hp_gain":0,"max_hp_loss":0,"event_name":"Upgrade Shrine","floor":19,"gold_loss":0,"cards_upgraded":["HollowMod:LifebloodCocoon"]},{"damage_healed":0,"gold_gain":0,"cards_transformed":["Regret","Injury"],"player_choice":"Became Test Subject","damage_taken":0,"max_hp_gain":0,"max_hp_loss":0,"event_name":"Drug Dealer","floor":21,"gold_loss":0,"cards_obtained":["downfall:Haunted","Pain"]},{"damage_healed":0,"gold_gain":0,"player_choice":"Embrace Madness","damage_taken":11,"max_hp_gain":0,"max_hp_loss":0,"event_name":"Winding Halls","floor":37,"gold_loss":0,"cards_obtained":["Madness","Madness"]}],"is_beta":false,"boss_relics":[{"not_picked":["Calling Bell","Coffee Dripper"],"picked":"Velvet Choker"},{"not_picked":["aspiration:RitualDagger","Fusion Hammer"],"picked":"SacredBark"}],"items_purged_floors":[10],"is_endless":false,"potions_floor_spawned":[6,8,12,13,14,16,18,20,22,23,25,28,29,30,33,35,36],"killed_by":"HollowMod:SlobberingHusk","ascension_level":0}}