{"host":"eqvoimh73njwfgdh","time":1612008631,"event":{"mods":["AchievementEnabler","BaseMod","Better Altar","Better Match","Better Note","Better Sensory Stone","Better Skull","Better Third Choice","BetterRewards","Colored Powertips","Conspire","Energized Spire","Halation","Hubris","Infinite Spire","Minty Spire (QoL Compilation)","Permanent Neow","Rare Cards Sparkle","Relic Stats","Reliquary","Replay The Spire","Spicy Shops","StSLib","The Animator","The Blue Laboratory"],"gold_per_floor":[127,143,143,143,91,91,91],"floor_reached":6,"language":"ENG","playtime":286,"items_purged":[],"score":44,"play_id":"75890300-5928-487b-a049-be64fe667924","local_time":"20210130131031","is_ascension_mode":true,"campfire_choices":[],"circlet_count":0,"master_deck":["animator:Strike_OwariNoSeraph","animator:Defend_OwariNoSeraph","animator:Strike","animator:Strike","animator:Strike","animator:Defend","animator:Defend","animator:Defend","animator:Shinoa","animator:Mikaela","animator:Pride","animator:Mitsuba","animator:Yoichi","Injury","Burn","animator:Azekura"],"relics":["animator:LivingPicture","animator:TheMissingPiece","Golden Idol"],"acts_visited":["Exordium"],"potions_floor_usage":[6],"damage_taken":[{"damage":2,"enemies":"Jaw Worm","floor":1,"turns":4},{"damage":0,"enemies":"Small Slimes","floor":2,"turns":4},{"damage":60,"enemies":"Gremlin Nob","floor":6,"turns":5}],"seed_played":"1138257109850451250","potions_obtained":[{"floor":1,"key":"EssenceOfSteel"},{"floor":2,"key":"blueLaboratory:RememoryPotion"}],"is_trial":false,"path_per_floor":["M","M","?","?","$","E"],"character_chosen":"THE_ANIMATOR","items_purchased":["animator:Azekura"],"campfire_rested":0,"item_purchase_floors":[5],"current_hp_per_floor":[57,58,58,58,58,0,0],"gold":91,"neow_bonus":"THREE_CARDS","is_daily":false,"chose_seed":false,"campfire_upgraded":0,"win_rate":0.0,"timestamp":1612008631,"path_taken":["M","M","?","?","$","E"],"items_purchased_type":["Card"],"build_version":"2020-12-22","purchased_purges":0,"victory":false,"max_hp_per_floor":[66,67,67,67,67,67,67],"relic_stats":{"counters":[3,13],"Golden Idol":0,"obtain_stats":[{"Golden Idol":3,"animator:TheMissingPiece":0,"animator:LivingPicture":0},{"Golden Idol":2,"animator:TheMissingPiece":0,"animator:LivingPicture":0},{"Golden Idol":8,"animator:TheMissingPiece":0,"animator:LivingPicture":0}]},"card_choices":[{"not_picked":["animator:ElricEdward","animator:Witch"],"picked":"animator:Pride","floor":0},{"not_picked":["animator:KrulTepes","animator:DolaCouronne"],"picked":"animator:Mitsuba","floor":1},{"not_picked":["animator:Guy","animator:Konayuki"],"picked":"animator:Yoichi","floor":2}],"player_experience":156433,"relics_obtained":[],"event_choices":[{"damage_healed":0,"gold_gain":0,"player_choice":"Take Wound","damage_taken":0,"relics_obtained":["Golden Idol"],"max_hp_gain":0,"max_hp_loss":0,"event_name":"Golden Idol","floor":3,"gold_loss":0,"cards_obtained":["Injury"]},{"damage_healed":58,"gold_gain":0,"player_choice":"Embrace Burn","damage_taken":0,"max_hp_gain":0,"max_hp_loss":67,"event_name":"betterThird:BetterShining","floor":4,"gold_loss":0}],"is_beta":false,"boss_relics":[],"items_purged_floors":[],"is_endless":false,"potions_floor_spawned":[1,2],"killed_by":"Gremlin Nob","ascension_level":6}}