{"host":"1pkwkj8mkn7raipg","time":1612021701,"event":{"mods":["BaseMod","LagranYue(拉格朗・月)","Minty Spire (QoL Compilation)","Replay The Spire","StSLib","TestMod","The Animator","The Hierophant","The Saiyan"],"gold_per_floor":[110,124,124,44,54,93,93,93,147,147,186,111,141,157,157,250,250,279,279,313,213,241,285,285,334,334,358,385,92,492,200,200,305,305,324,324,130,168,168,209,41,88,115,140,168,213,284,330,330,370,370,370,104,151,202],"floor_reached":56,"language":"ZHS","playtime":1934,"items_purged":["Strike_R","Strike_R","Strike_R","Strike_R","Voices","Perfected Strike"],"score":2939,"play_id":"297f5b48-d2a0-4400-8db5-f12e45d48d98","local_time":"20210130234821","is_ascension_mode":true,"campfire_choices":[{"data":"Blood for Blood","floor":8.0,"key":"SMITH"},{"data":"Demonic Infusion","floor":10.0,"key":"SMITH"},{"data":"Warcry","floor":15.0,"key":"SMITH"},{"data":"Offering","floor":24.0,"key":"SMITH"},{"floor":32.0,"key":"RECALL"},{"data":"Exhume","floor":49,"key":"SMITH"},{"data":"Massacre","floor":52,"key":"SMITH"}],"circlet_count":0,"master_deck":["AscendersBane","Defend_R","Defend_R","Defend_R","Defend_R+1","Bash","Reckless Charge","Rage","Blood for Blood+1","Demonic Infusion+1","Warcry+1","Replay:Undeath\u0027s Touch","Offering+1","Heavy Blade","Searing Blow+1","Whirlwind","Flex+1","Demon Form+1","Flame Barrier","Exhume+1","Whirlwind","Replay:Undeath\u0027s Touch","Replay:Undeath\u0027s Touch","Shockwave","Heavy Blade","Offering","Bloodletting","Massacre+1","Bludgeon","Blood for Blood"],"relics":["Burning Blood","LagranYue:RandomDrawCardRelic","testmod-DeterminationOfClimber","NeowsBlessing","Bronze Scales","ReplayTheSpireMod:Lightbulb","Frozen Egg 2","Odd Mushroom","testmod-CardMagician","King of Hearts","Centennial Puzzle","testmod-TurbochargingSystem","Membership Card","ChewingGum","ReplayTheSpireMod:Ring of Exchange","ReplayTheSpireMod:Ring of Addiction","White Beast Statue","Potion Belt","Shuriken","Bottled Flame","War Paint","Replay:Baseball","Ice Cream","Replay:Accelerometer","testmod-Maize","testmod-ArcanaOfDestiny"],"acts_visited":["Exordium","TheCity","TheBeyond","TheEnding"],"potions_floor_usage":[40,42,44,45,48,50,55,55],"damage_taken":[{"damage":0.0,"enemies":"2 Louse","floor":1.0,"turns":1.0},{"damage":0.0,"enemies":"Jaw Worm","floor":2.0,"turns":1.0},{"damage":0.0,"enemies":"Small Slimes","floor":5.0,"turns":1.0},{"damage":20.0,"enemies":"Gremlin Nob","floor":6.0,"turns":4.0},{"damage":5.0,"enemies":"3 Sentries","floor":11.0,"turns":4.0},{"damage":0.0,"enemies":"The Mushroom Lair","floor":13.0,"turns":3.0},{"damage":0.0,"enemies":"3 Louse","floor":14.0,"turns":2.0},{"damage":0.0,"enemies":"The Guardian","floor":16.0,"turns":1.0},{"damage":6.0,"enemies":"Spheric Guardian","floor":18.0,"turns":1.0},{"damage":6.0,"enemies":"3 Byrds","floor":20.0,"turns":1.0},{"damage":6.0,"enemies":"Snake Plant","floor":22.0,"turns":1.0},{"damage":6.0,"enemies":"Gremlin Leader","floor":23.0,"turns":1.0},{"damage":10.0,"enemies":"Book of Stabbing","floor":25.0,"turns":2.0},{"damage":0.0,"enemies":"Sentry and Sphere","floor":27.0,"turns":2.0},{"damage":6.0,"enemies":"Chosen and Byrds","floor":28.0,"turns":1.0},{"damage":6.0,"enemies":"Champ","floor":33.0,"turns":3.0},{"damage":0,"enemies":"3 Shapes","floor":35,"turns":1},{"damage":6,"enemies":"Nemesis","floor":40,"turns":1},{"damage":6,"enemies":"Reptomancer","floor":42,"turns":1},{"damage":0,"enemies":"Orb Walker","floor":44,"turns":1},{"damage":6,"enemies":"Jaw Worm Horde","floor":45,"turns":1},{"damage":9,"enemies":"R_Hoarder","floor":46,"turns":1},{"damage":15,"enemies":"Transient","floor":47,"turns":1},{"damage":6,"enemies":"Reptomancer","floor":48,"turns":1},{"damage":9,"enemies":"Awakened One","floor":50,"turns":2},{"damage":6,"enemies":"Shield and Spear","floor":54,"turns":1},{"damage":11,"enemies":"The Heart","floor":55,"turns":2}],"seed_played":"-144441038358606281","potions_obtained":[{"floor":1.0,"key":"Swift Potion"},{"floor":2.0,"key":"ColorlessPotion"},{"floor":11.0,"key":"PowerPotion"},{"floor":20.0,"key":"Ancient Potion"},{"floor":23.0,"key":"BloodPotion"},{"floor":27.0,"key":"Venom Potion"},{"floor":28.0,"key":"Block Potion"},{"floor":36,"key":"AttackPotion"},{"floor":36,"key":"Languid Potion"},{"floor":36,"key":"testmod-TimePotion"},{"floor":40,"key":"BloodPotion"},{"floor":42,"key":"Explosive Potion"},{"floor":44,"key":"BloodPotion"},{"floor":45,"key":"CultistPotion"},{"floor":47,"key":"Energy Potion"},{"floor":48,"key":"BloodPotion"},{"floor":54,"key":"Block Potion"}],"is_trial":false,"path_per_floor":["M","M","?","$","M","E","?","R","T","R","E","$","?","M","R","B",null,"M","?","M","$","M","E","R","E","T","M","M","$","?","$","R","B",null,"M","?","$","?","?","E","$","E","T","M","M","E","M","E","R","B",null,"R","$","E","B",null],"character_chosen":"IRONCLAD","items_purchased":["Blood for Blood","Demon Form+1","Membership Card","Flame Barrier","Shuriken","Replay:Undeath\u0027s Touch","Shockwave","War Paint","testmod-Maize"],"campfire_rested":0,"item_purchase_floors":[4,29,31,31,37,37,37,41,53],"current_hp_per_floor":[75,75,68,68,74,63,63,63,63,63,70,70,75,75,75,75,75,75,75,75,75,75,75,75,75,75,75,75,75,75,75,75,75,75,75,75,75,51,51,65,65,73,73,73,73,73,73,73,73,73,73,73,73,71,71],"gold":202,"neow_bonus":"THREE_ENEMY_KILL","is_daily":false,"chose_seed":false,"campfire_upgraded":6,"win_rate":0.0,"timestamp":1612021701,"path_taken":["M","M","?","$","M","E","?","R","T","R","E","?","?","M","R","BOSS","M","?","M","$","M","E","R","E","T","M","M","$","?","$","R","BOSS","BOSS","M","?","$","?","?","E","$","E","T","?","M","E","M","E","R","BOSS","R","$","E","BOSS"],"items_purchased_type":["Card","Card","Relic","Card","Relic","Card","Card","Relic","Relic"],"build_version":"2020-12-22","purchased_purges":6,"victory":true,"max_hp_per_floor":[75,75,75,75,75,75,75,75,75,75,75,75,75,75,75,75,75,75,75,75,75,75,75,75,75,75,75,75,75,75,75,75,75,75,75,75,75,75,75,73,73,73,73,73,73,73,73,73,73,73,73,73,73,71,71],"card_choices":[{"not_picked":["Searing Blow","Twin Strike"],"picked":"Reckless Charge","floor":1.0},{"not_picked":["Life Link","Run Through"],"picked":"Rage","floor":2.0},{"not_picked":["Thunderclap","Wild Strike","Iron Wave"],"picked":"SKIP","floor":5.0},{"not_picked":["Evolve","ReplayTheSpireMod:Muscle Training"],"picked":"Demonic Infusion","floor":6.0},{"not_picked":["Seeing Red","Second Wind"],"picked":"Warcry","floor":11.0},{"not_picked":["Pommel Strike","Twin Strike"],"picked":"Replay:Undeath\u0027s Touch","floor":13.0},{"not_picked":["Replay:Undeath\u0027s Touch","Sword Boomerang"],"picked":"Perfected Strike","floor":14.0},{"not_picked":["Fiend Fire","Immolate"],"picked":"Offering","floor":16.0},{"not_picked":["Headbutt","Blood for Blood"],"picked":"Heavy Blade","floor":18.0},{"not_picked":["Run Through","Clash"],"picked":"Searing Blow+1","floor":20.0},{"not_picked":["Havoc","Fire Breathing+1","Sword Boomerang+1"],"picked":"SKIP","floor":22.0},{"not_picked":["Twin Strike+1","Searing Blow","Juggernaut+1"],"picked":"SKIP","floor":23.0},{"not_picked":["Headbutt","Power Through","Cleave"],"picked":"SKIP","floor":25.0},{"not_picked":["Iron Wave","Shrug It Off+1"],"picked":"Whirlwind","floor":27.0},{"not_picked":["Armaments","Heavy Blade"],"picked":"Flex","floor":28.0},{"not_picked":["Berserk+1","Double Tap"],"picked":"Exhume","floor":33},{"not_picked":["Perfected Strike","Blood for Blood"],"picked":"Whirlwind","floor":35},{"not_picked":["ReplayTheSpireMod:Strike From Hell","Burning Pact"],"picked":"Heavy Blade","floor":38},{"not_picked":["Burning Pact","Sword Boomerang","Infernal Blade"],"picked":"SKIP","floor":40},{"not_picked":["Burning Pact","Sword Boomerang","Infernal Blade"],"picked":"SKIP","floor":40},{"not_picked":["Battle Trance+1","Double Tap","Life Link+1"],"picked":"SKIP","floor":42},{"not_picked":["Warcry+1","Sword Boomerang+1"],"picked":"Bloodletting","floor":44},{"not_picked":["Inflame+1","Iron Wave+1","Heavy Blade"],"picked":"SKIP","floor":45},{"not_picked":["Disarm","ReplayTheSpireMod:Stacked","Iron Wave"],"picked":"SKIP","floor":46},{"not_picked":["Hemokinesis","Iron Wave"],"picked":"Massacre","floor":47},{"not_picked":["Body Slam+1","Armaments"],"picked":"Bludgeon","floor":48},{"not_picked":["Run Through","Spot Weakness"],"picked":"Blood for Blood","floor":54}],"player_experience":389924,"relics_obtained":[{"floor":6.0,"key":"Bronze Scales"},{"floor":9.0,"key":"ReplayTheSpireMod:Lightbulb"},{"floor":11.0,"key":"Frozen Egg 2"},{"floor":13.0,"key":"Odd Mushroom"},{"floor":23.0,"key":"King of Hearts"},{"floor":25.0,"key":"Centennial Puzzle"},{"floor":26.0,"key":"testmod-TurbochargingSystem"},{"floor":36,"key":"ReplayTheSpireMod:Ring of Exchange"},{"floor":36,"key":"ReplayTheSpireMod:Ring of Addiction"},{"floor":36,"key":"White Beast Statue"},{"floor":36,"key":"Potion Belt"},{"floor":40,"key":"Bottled Flame"},{"floor":42,"key":"Replay:Baseball"},{"floor":46,"key":"Ice Cream"},{"floor":48,"key":"Replay:Accelerometer"},{"floor":54,"key":"testmod-ArcanaOfDestiny"}],"event_choices":[{"cards_removed":["Strike_R"],"damage_healed":0.0,"max_hp_gain":0.0,"max_hp_loss":0.0,"gold_gain":0.0,"event_name":"Golden Wing","player_choice":"Card Removal","floor":3.0,"gold_loss":0.0,"damage_taken":7.0},{"damage_healed":0.0,"max_hp_gain":0.0,"max_hp_loss":0.0,"gold_gain":0.0,"event_name":"Liars Game","player_choice":"Ignored","floor":7.0,"gold_loss":0.0,"damage_taken":0.0},{"damage_healed":0.0,"max_hp_gain":0.0,"max_hp_loss":0.0,"gold_gain":0.0,"event_name":"Mushrooms","player_choice":"Fought Mushrooms","floor":13.0,"gold_loss":0.0,"damage_taken":0.0},{"damage_healed":0.0,"max_hp_gain":0.0,"max_hp_loss":0.0,"gold_gain":0.0,"event_name":"Vampires","player_choice":"Ignored","floor":19.0,"gold_loss":0.0,"damage_taken":0.0},{"damage_healed":0.0,"max_hp_gain":0.0,"max_hp_loss":0.0,"gold_gain":400.0,"event_name":"恩洛斯的盘子","player_choice":"Sell","floor":30.0,"relics_lost":["testmod-TestBox"],"gold_loss":0.0,"damage_taken":0.0},{"damage_healed":0,"gold_gain":0,"player_choice":"1 cards matched","damage_taken":0,"max_hp_gain":0,"max_hp_loss":0,"event_name":"Match and Keep!","floor":39,"gold_loss":0,"cards_obtained":["Offering"]}],"is_beta":false,"boss_relics":[{"not_picked":["testmod-BloodSacrificeSpiritualization","testmod-StringDisintegrator"],"picked":"testmod-CardMagician"},{"not_picked":["Painkiller Herb","Runic Pyramid"],"picked":"ChewingGum"}],"items_purged_floors":[12,21,29,31,41,53],"is_endless":false,"potions_floor_spawned":[1,2,11,20,23,27,28,40,42,44,45,46,47,48,54],"ascension_level":17}}