{"host":"3qkmyeoym75lj4wn","time":1612041389,"event":{"mods":["2.2 Compatiblity","BaseMod","Block Reminder","Colored Powertips","Highlight Path","Minty Spire (QoL Compilation)","Permanent Neow","Potion Indicator Mod","Rare Cards Sparkle","Relic Stats","StSLib","Unceasing Turn Reminder"],"gold_per_floor":[114,37,37,51,51,79,79,79,79,111,111,130,169,195,195,283,283,298,316,241,253,274,274,153,153,153],"floor_reached":25,"language":"ENG","playtime":1125,"items_purged":["Strike_B"],"score":442,"play_id":"a3e6e584-da8e-47e1-b516-73e98acac44d","local_time":"20210130211629","is_ascension_mode":true,"campfire_choices":[{"data":"Defragment","floor":7.0,"key":"SMITH"},{"data":"Defragment","floor":11.0,"key":"SMITH"},{"data":"Loop","floor":15.0,"key":"SMITH"},{"floor":23.0,"key":"REST"}],"circlet_count":0,"master_deck":["AscendersBane","Strike_B","Defend_B","Defend_B+1","Defend_B","Defend_B","Zap+1","Dualcast","Cold Snap","Glacier","Defragment+1","Defragment+1","Loop+1","Self Repair","Ball Lightning","Conserve Battery","Cold Snap","Echo Form","Chill","Gash"],"relics":["Cracked Core","TungstenRod","CultistMask","War Paint","Blue Candle","CeramicFish","Black Star"],"acts_visited":["Exordium","TheCity"],"potions_floor_usage":[],"damage_taken":[{"damage":2.0,"enemies":"Jaw Worm","floor":1.0,"turns":4.0},{"damage":0.0,"enemies":"Cultist","floor":4.0,"turns":4.0},{"damage":5.0,"enemies":"Lagavulin","floor":6.0,"turns":12.0},{"damage":11.0,"enemies":"Gremlin Nob","floor":10.0,"turns":6.0},{"damage":0.0,"enemies":"2 Louse","floor":12.0,"turns":3.0},{"damage":4.0,"enemies":"Lagavulin","floor":13.0,"turns":6.0},{"damage":0.0,"enemies":"Exordium Thugs","floor":14.0,"turns":5.0},{"damage":7.0,"enemies":"Slime Boss","floor":16.0,"turns":6.0},{"damage":0.0,"enemies":"Spheric Guardian","floor":18.0,"turns":6.0},{"damage":0.0,"enemies":"3 Byrds","floor":19.0,"turns":5.0},{"damage":23.0,"enemies":"Centurion and Healer","floor":21.0,"turns":8.0},{"damage":22.0,"enemies":"3 Cultists","floor":22.0,"turns":5.0},{"damage":63,"enemies":"Gremlin Leader","floor":25,"turns":8}],"seed_played":"-7826128863252529186","potions_obtained":[{"floor":1.0,"key":"Block Potion"},{"floor":4.0,"key":"SkillPotion"},{"floor":16.0,"key":"SpeedPotion"},{"floor":19.0,"key":"Fire Potion"}],"is_trial":false,"path_per_floor":["M","$","?","M","?","E","R","?","T","E","R","M","E","M","R","B",null,"M","M","?","M","M","R","$","E"],"character_chosen":"DEFECT","items_purchased":["Defragment","Gash"],"campfire_rested":1,"item_purchase_floors":[2,24],"current_hp_per_floor":[62,62,62,62,62,57,57,57,57,46,46,53,56,63,63,63,69,71,71,71,62,40,61,61,0,0],"gold":153,"neow_bonus":"THREE_CARDS","is_daily":false,"chose_seed":false,"campfire_upgraded":3,"win_rate":0.0,"timestamp":1612041389,"path_taken":["M","$","?","?","?","E","R","?","T","E","R","M","E","?","R","BOSS","M","?","?","M","M","R","$","E"],"items_purchased_type":["Card","Card"],"build_version":"2020-12-22","purchased_purges":1,"victory":false,"max_hp_per_floor":[71,71,71,71,71,71,71,71,71,71,71,71,71,71,71,71,71,71,71,71,71,71,71,71,71,71],"relic_stats":{"counters":[13,78],"Blue Candle":[0],"CeramicFish":45,"Black Star":0,"War Paint":["Defend_B","Zap"],"obtain_stats":[{"Blue Candle":10,"CeramicFish":13,"CultistMask":8,"Black Star":17,"War Paint":9,"Cracked Core":0,"TungstenRod":6},{"Blue Candle":4,"CeramicFish":6,"CultistMask":3,"Black Star":8,"War Paint":3,"Cracked Core":0,"TungstenRod":3},{"Blue Candle":26,"CeramicFish":35,"CultistMask":20,"Black Star":46,"War Paint":20,"Cracked Core":0,"TungstenRod":20}],"TungstenRod":32},"card_choices":[{"not_picked":["Reinforced Body","Streamline"],"picked":"Cold Snap","floor":0.0},{"not_picked":["Genetic Algorithm","Turbo"],"picked":"Glacier","floor":1.0},{"not_picked":["Darkness","Loop"],"picked":"Defragment","floor":4.0},{"not_picked":["Rebound","Fusion"],"picked":"Loop","floor":6.0},{"not_picked":["Skim","Steam"],"picked":"Self Repair","floor":10.0},{"not_picked":["Darkness","Beam Cell"],"picked":"Ball Lightning","floor":12.0},{"not_picked":["Barrage","Streamline"],"picked":"Conserve Battery","floor":13.0},{"not_picked":["Leap","Hologram"],"picked":"Cold Snap","floor":14.0},{"not_picked":["Meteor Strike","Thunder Strike"],"picked":"Echo Form","floor":16.0},{"not_picked":["Auto Shields","Stack","Beam Cell"],"picked":"SKIP","floor":18.0},{"not_picked":["Streamline","Conserve Battery","Beam Cell"],"picked":"SKIP","floor":19.0},{"not_picked":["Compile Driver","Glacier","Leap"],"picked":"SKIP","floor":21.0},{"not_picked":["Force Field","Rip and Tear"],"picked":"Chill","floor":22.0}],"player_experience":1715814,"relics_obtained":[{"floor":6.0,"key":"TungstenRod"},{"floor":9.0,"key":"War Paint"},{"floor":10.0,"key":"Blue Candle"},{"floor":13.0,"key":"CeramicFish"}],"event_choices":[{"cards_removed":["Strike_B"],"damage_healed":0.0,"max_hp_gain":0.0,"max_hp_loss":0.0,"gold_gain":0.0,"event_name":"Purifier","player_choice":"Purged","floor":3.0,"gold_loss":0.0,"damage_taken":0.0},{"damage_healed":0.0,"max_hp_gain":0.0,"max_hp_loss":0.0,"gold_gain":0.0,"event_name":"Shining Light","player_choice":"Ignored","floor":5.0,"gold_loss":0.0,"damage_taken":0.0},{"damage_healed":0.0,"max_hp_gain":0.0,"max_hp_loss":0.0,"gold_gain":0.0,"event_name":"FaceTrader","player_choice":"Trade","floor":8.0,"gold_loss":0.0,"damage_taken":0.0,"relics_obtained":["CultistMask"]},{"cards_removed":["Strike_B"],"damage_healed":0.0,"max_hp_gain":0.0,"max_hp_loss":0.0,"gold_gain":0.0,"event_name":"Beggar","player_choice":"Gave Gold","floor":20.0,"gold_loss":75.0,"damage_taken":0.0}],"is_beta":false,"boss_relics":[{"not_picked":["Sozu","SacredBark"],"picked":"Black Star"}],"items_purged_floors":[24],"is_endless":false,"potions_floor_spawned":[1,4,12,16,19],"killed_by":"Gremlin Leader","ascension_level":20}}