{"host":"lktusdb9orijgc6z","time":1612021132,"event":{"mods":["BaseMod","Bestiary","Colored Map","Colored Powertips","Minty Spire (QoL Compilation)","Permanent Neow","Quick Restart","Relic Stats","StSLib","everything is the same but u backflip on backflip","slay the spire mod where everything is the same but ironclad has a cowboy hat"],"gold_per_floor":[366,366,40,50,61,61,86,86,86,86,86,86,86],"floor_reached":12,"language":"ENG","playtime":221,"items_purged":[],"score":152,"play_id":"323d826d-5229-4a47-b8dd-1bbe79fee21d","local_time":"20210130163852","is_ascension_mode":true,"campfire_choices":[{"data":"Go for the Eyes","floor":6.0,"key":"SMITH"},{"floor":10,"key":"REST"}],"circlet_count":0,"master_deck":["AscendersBane","Strike_B","Strike_B","Strike_B","Defend_B","Defend_B","Defend_B","Defend_B","Zap","Dualcast","White Noise","Self Repair","Rebound","Go for the Eyes+1","Loop"],"relics":["Cracked Core","Cables","Shovel","Toxic Egg 2","Golden Idol"],"acts_visited":["Exordium"],"potions_floor_usage":[],"damage_taken":[{"damage":0.0,"enemies":"2 Louse","floor":1.0,"turns":2.0},{"damage":0.0,"enemies":"Small Slimes","floor":4.0,"turns":2.0},{"damage":1.0,"enemies":"Cultist","floor":5.0,"turns":3.0},{"damage":21,"enemies":"Gremlin Nob","floor":7,"turns":4},{"damage":35,"enemies":"3 Sentries","floor":12,"turns":4}],"seed_played":"7747555549688182276","potions_obtained":[{"floor":7,"key":"SpeedPotion"}],"is_trial":false,"path_per_floor":["M","?","$","M","M","R","E","?","T","R","?","E"],"character_chosen":"DEFECT","items_purchased":["Cables","Self Repair"],"campfire_rested":1,"item_purchase_floors":[3,3],"current_hp_per_floor":[46,39,39,39,45,45,31,13,13,34,34,0,0],"gold":86,"neow_bonus":"TWO_FIFTY_GOLD","is_daily":false,"chose_seed":false,"campfire_upgraded":1,"win_rate":0.0,"timestamp":1612021132,"path_taken":["M","?","$","M","M","R","E","?","T","R","?","E"],"items_purchased_type":["Relic","Card"],"build_version":"2020-12-22","purchased_purges":0,"victory":false,"max_hp_per_floor":[71,71,71,71,71,71,71,71,71,71,64,64,64],"relic_stats":{"Shovel":0,"counters":[5,15],"Golden Idol":0,"obtain_stats":[{"Shovel":7,"Golden Idol":11,"Toxic Egg 2":9,"Cracked Core":0,"Cables":3},{"Shovel":4,"Golden Idol":4,"Toxic Egg 2":4,"Cracked Core":0,"Cables":1},{"Shovel":11,"Golden Idol":11,"Toxic Egg 2":11,"Cracked Core":0,"Cables":2}],"Cables":[12,12,0,0,0]},"card_choices":[{"not_picked":["Hologram","Skim"],"picked":"White Noise","floor":1.0},{"not_picked":["Steam","Turbo"],"picked":"Rebound","floor":4.0},{"not_picked":["Heatsinks","Leap"],"picked":"Go for the Eyes","floor":5.0},{"not_picked":["Rebound","Gash"],"picked":"Loop","floor":7}],"player_experience":719041,"relics_obtained":[{"floor":7,"key":"Shovel"},{"floor":9,"key":"Toxic Egg 2"}],"event_choices":[{"cards_removed":["Strike_B"],"damage_healed":0.0,"max_hp_gain":0.0,"max_hp_loss":0.0,"gold_gain":0.0,"event_name":"Golden Wing","player_choice":"Card Removal","floor":2.0,"gold_loss":0.0,"damage_taken":7.0},{"damage_healed":0,"gold_gain":0,"player_choice":"Fled","damage_taken":18,"max_hp_gain":0,"max_hp_loss":0,"event_name":"Scrap Ooze","floor":8,"gold_loss":0},{"damage_healed":0,"gold_gain":0,"player_choice":"Lose Max HP","damage_taken":0,"relics_obtained":["Golden Idol"],"max_hp_gain":0,"max_hp_loss":7,"event_name":"Golden Idol","floor":11,"gold_loss":0}],"is_beta":false,"boss_relics":[],"items_purged_floors":[],"is_endless":false,"potions_floor_spawned":[7],"killed_by":"3 Sentries","ascension_level":20}}