{"host":"w36evy4uyf1bcavi","time":1612041137,"event":{"mods":["100% Spire Juice","Act Like it!","Aspiration","BaseMod","Conspire","Jedi Mod","Minty Spire (QoL Compilation)","Replay The Spire","Spicy Shops","StSLib","The Blackbeard","The Hierophant"],"gold_per_floor":[118,145,157,157,167,194,211,211,211,227,227,227,259,270,270,370,370,388,46,46,46,60,94,369,387,387,422,62,78,92,112,112,208,88,101,119,132,152,162,191,191,191,216,227,227,227,242,272,272,272],"floor_reached":51,"language":"ZHS","playtime":4968,"items_purged":[],"score":838,"play_id":"e88bdd3d-082f-4969-b33b-abb785619af4","local_time":"20210131051217","is_ascension_mode":false,"campfire_choices":[{"floor":8,"key":"REST"},{"floor":11,"key":"REST"},{"data":"Moonworks:ImmovableObject","floor":15,"key":"SMITH"},{"data":"Fire Breathing","floor":28,"key":"SMITH"},{"data":"Sadistic Nature","floor":32,"key":"SMITH"},{"data":"Specialist","floor":42,"key":"SMITH"},{"data":"Moonworks:MetallicMonocoque","floor":46,"key":"SMITH"},{"data":"Berserk","floor":49,"key":"SMITH"}],"circlet_count":0,"master_deck":["Moonworks:Strike","Moonworks:Strike","Moonworks:Strike","Moonworks:Strike","Moonworks:Defend","Moonworks:Defend","Moonworks:Defend","Moonworks:Defend","Moonworks:Ambush","Moonworks:LongDistanceShot","Moonworks:BigBangBell","Moonworks:CookingTime","Moonworks:BigBangBell","Moonworks:FullSpeedAlicianrone","Moonworks:CookingTime","Moonworks:ImmovableObject+1","Injury","Moonworks:UnluckyCharm+1","Moonworks:ScrambledEve+1","Moonworks:ShieldCounter+1","Armaments+1","Sadistic Nature+1","Fire Breathing+1","Parasite","Moonworks:LulusLuckyEgg+1","Armaments+1","Moonworks:BigBangBell+1","True Grit+1","Defy Death+1","Moonworks:MetallicMonocoque+1","Moonworks:BigMagnum+1","Inflame+1","Moonworks:SweetBattle+1","Moonworks:NicePresent+1","Moonworks:LuckyCharm+1","Berserk+1","Specialist+1","jedi:thedog","Moonworks:LulusLuckyEgg+1","Madness+1","Madness+1","Moonworks:UnluckyCharm+1"],"relics":["Moonworks:BrokenBomb","Moonworks:Homemark","NeowsBlessing","Lizard Tail","Regal Pillow","Pen Nib","aspiration:StickyExplosives_weak","Toxic Egg 2","Pet Ghost","Replay:Grab Bag","Philosopher\u0027s Stone","Cursed Key","aspiration:IroncladSkillbook","aspiration:AnachronicSnailShell","jedi:zontanonomicon","aspiration:FetidBarrel","The Courier","Ancient Tea Set","Replay:Drink Me","Eternal Feather","ReplayFunnel","Onion Ring"],"acts_visited":["Exordium","TheCity","TheBeyond"],"potions_floor_usage":[6,27,33,33,33,50,50,50,50,50,50],"damage_taken":[{"damage":0,"enemies":"Jaw Worm","floor":1,"turns":1},{"damage":0,"enemies":"conspire:MimicChest","floor":2,"turns":1},{"damage":2,"enemies":"conspire:RoseBush","floor":3,"turns":3},{"damage":2,"enemies":"Cultist","floor":5,"turns":3},{"damage":15,"enemies":"Replay:BlueRogue","floor":6,"turns":5},{"damage":21,"enemies":"3 Louse","floor":7,"turns":4},{"damage":22,"enemies":"Exordium Thugs","floor":10,"turns":4},{"damage":16,"enemies":"3 Sentries","floor":13,"turns":8},{"damage":3,"enemies":"Blue Slaver","floor":14,"turns":4},{"damage":40,"enemies":"Hexaghost","floor":16,"turns":10},{"damage":2,"enemies":"conspire:FuzzyDice","floor":18,"turns":6},{"damage":0,"enemies":"Chosen","floor":22,"turns":5},{"damage":10,"enemies":"conspire:Head Lice","floor":23,"turns":8},{"damage":13,"enemies":"Snecko","floor":25,"turns":4},{"damage":14,"enemies":"Book of Stabbing","floor":27,"turns":5},{"damage":11,"enemies":"Shelled Parasite and Fungi","floor":29,"turns":4},{"damage":7,"enemies":"Centurion and Healer","floor":30,"turns":5},{"damage":19,"enemies":"conspire:HollyBat","floor":31,"turns":11},{"damage":11,"enemies":"Champ","floor":33,"turns":7},{"damage":0,"enemies":"3 Darklings","floor":35,"turns":3},{"damage":4,"enemies":"Orb Walker","floor":36,"turns":3},{"damage":6,"enemies":"3 Darklings","floor":37,"turns":5},{"damage":11,"enemies":"Maw","floor":38,"turns":7},{"damage":5,"enemies":"Sphere and 2 Shapes","floor":39,"turns":4},{"damage":8,"enemies":"Nemesis","floor":40,"turns":5},{"damage":0,"enemies":"Transient","floor":44,"turns":5},{"damage":0,"enemies":"Writhing Mass","floor":47,"turns":3},{"damage":12,"enemies":"Giant Head","floor":48,"turns":6},{"damage":3,"enemies":"conspire:OrnateMirror","floor":50,"turns":5}],"seed_played":"6543485185173879822","potions_obtained":[{"floor":1,"key":"FearPotion"},{"floor":5,"key":"Cursed Concoction"},{"floor":22,"key":"Fire Potion"},{"floor":23,"key":"Weak Potion"},{"floor":29,"key":"jedi:holywater"},{"floor":36,"key":"Elixir"},{"floor":37,"key":"SteroidPotion"},{"floor":39,"key":"Energy Potion"},{"floor":40,"key":"EntropicBrew"},{"floor":47,"key":"BlessingOfTheForge"}],"is_trial":false,"path_per_floor":["M","?","M","?","M","E","M","R","T","M","R","?","E","M","R","B",null,"M","$","?","?","M","E","?","M","T","E","R","M","M","M","R","B",null,"M","M","M","M","M","E","?","R","T","M","?","R","M","E","R","B",null],"character_chosen":"THE_STARBREAKER","items_purchased":["Sadistic Nature","Fire Breathing","aspiration:AnachronicSnailShell"],"campfire_rested":2,"item_purchase_floors":[19,19,19],"current_hp_per_floor":[60,60,58,58,56,44,23,56,56,37,60,60,47,47,47,13,60,60,60,50,34,44,44,44,41,41,36,36,34,42,33,33,39,49,49,49,49,45,49,49,49,49,49,49,43,49,49,47,49,49],"gold":272,"neow_bonus":"THREE_ENEMY_KILL","is_daily":false,"chose_seed":false,"campfire_upgraded":6,"win_rate":0.0,"timestamp":1612041137,"path_taken":["M","?","?","?","?","E","M","R","T","M","R","?","E","M","R","BOSS","M","$","?","?","M","E","?","M","T","E","R","M","M","M","R","BOSS","M","?","M","M","M","E","?","R","T","M","?","R","M","E","R","BOSS"],"items_purchased_type":["Card","Card","Relic"],"build_version":"2020-12-22","purchased_purges":0,"victory":true,"max_hp_per_floor":[60,60,60,60,60,60,60,60,60,60,60,60,60,60,60,60,60,60,60,65,65,65,65,65,65,65,65,65,65,65,65,65,65,49,49,49,49,49,49,49,49,49,49,49,49,49,49,49,49,49],"card_choices":[{"not_picked":["Moonworks:ScrambledEve","Moonworks:LulusLuckyEgg"],"picked":"Moonworks:BigBangBell","floor":1},{"not_picked":["Moonworks:NicePresent","Moonworks:JonathanRush"],"picked":"Moonworks:CookingTime","floor":2},{"not_picked":["Moonworks:SakisCookie","Moonworks:BigMagnum","Moonworks:DeployBits"],"picked":"SKIP","floor":3},{"not_picked":["Moonworks:EvilSpyWorkPreparation","Moonworks:SakisCookie"],"picked":"Moonworks:BigBangBell","floor":5},{"not_picked":["Moonworks:CloudOfSeagulls","Moonworks:JonathanRush"],"picked":"Moonworks:FullSpeedAlicianrone","floor":6},{"not_picked":["Moonworks:IndiscriminateFireSupport","Moonworks:Heat300Percent"],"picked":"Moonworks:CookingTime","floor":7},{"not_picked":["Moonworks:BigMagnum","Moonworks:CloudOfSeagulls"],"picked":"Moonworks:ImmovableObject","floor":10},{"not_picked":["Moonworks:DevilHand","Moonworks:ImOnFire+1"],"picked":"Moonworks:UnluckyCharm+1","floor":13},{"not_picked":["Moonworks:CloudOfSeagulls","Moonworks:BigMagnum+1"],"picked":"Moonworks:ScrambledEve+1","floor":14},{"not_picked":["Moonworks:Gamble","Moonworks:MeltingMemories"],"picked":"Moonworks:ShieldCounter+1","floor":16},{"not_picked":["Wild Strike+1","Moonworks:JonathanRush","Blood for Blood"],"picked":"Armaments+1","floor":18},{"not_picked":["Iron Wave+1","ReplayTheSpireMod:Strike From Hell","Moonworks:MixPhenomenon+1"],"picked":"Moonworks:LulusLuckyEgg+1","floor":22},{"not_picked":["Moonworks:DeployBits+1","jedi:collectorstrike","Shockwave+1"],"picked":"Armaments+1","floor":23},{"not_picked":["ReplayTheSpireMod:Strike From Hell","ReplayTheSpireMod:Corrosion Curse+1","Heavy Blade"],"picked":"Moonworks:BigBangBell+1","floor":25},{"not_picked":["Sword Boomerang","Rupture","Moonworks:ScrambledEve+1"],"picked":"True Grit+1","floor":27},{"not_picked":["Inflame","jedi:hate","Cleave","Iron Wave"],"picked":"SKIP","floor":29},{"not_picked":["Blood for Blood","Armaments+1","Headbutt"],"picked":"Defy Death+1","floor":30},{"not_picked":["Dark Embrace+1","Moonworks:JonathanRush","jedi:fear+1","Cleave+1"],"picked":"SKIP","floor":31},{"not_picked":["Replay:Many Hands+1","Offering+1","conspire:HitWhereItHurts"],"picked":"Moonworks:MetallicMonocoque","floor":33},{"not_picked":["Clash","Shrug It Off+1","Moonworks:Bloodlust+1"],"picked":"Moonworks:BigMagnum+1","floor":35},{"not_picked":["jedi:fear+1","jedi:suffering","ReplayTheSpireMod:LeadingStrike"],"picked":"Inflame+1","floor":36},{"not_picked":["Moonworks:JonathanRush+1","Moonworks:MiracleWalker+1","Heavy Blade"],"picked":"Moonworks:SweetBattle+1","floor":37},{"not_picked":["Body Slam","Shrug It Off+1","Moonworks:WindyEnchantment+1"],"picked":"Moonworks:NicePresent+1","floor":38},{"not_picked":["Rage+1","Twin Strike","Clothesline+1"],"picked":"Moonworks:LuckyCharm+1","floor":39},{"not_picked":["Pummel+1","Moonworks:BigBangBell+1","Moonworks:SelfDestruct"],"picked":"Berserk","floor":40},{"not_picked":["Trip+1","Bandage Up+1","Replay:Sssssssssstrike"],"picked":"Specialist","floor":41},{"not_picked":["Moonworks:BigMagnum+1","Clothesline","Hemokinesis"],"picked":"Moonworks:LulusLuckyEgg+1","floor":44},{"not_picked":["Reckless Charge+1","Moonworks:CompletionReward+1","Sword Boomerang+1"],"picked":"Moonworks:UnluckyCharm+1","floor":47},{"not_picked":["Abandon+1","Thunderclap","Iron Wave+1","Perfected Strike"],"picked":"SKIP","floor":48}],"player_experience":358976,"relics_obtained":[{"floor":2,"key":"Lizard Tail"},{"floor":6,"key":"Pen Nib"},{"floor":9,"key":"aspiration:StickyExplosives_weak"},{"floor":13,"key":"Pet Ghost"},{"floor":21,"key":"jedi:zontanonomicon"},{"floor":23,"key":"aspiration:FetidBarrel"},{"floor":26,"key":"The Courier"},{"floor":27,"key":"Ancient Tea Set"},{"floor":40,"key":"Eternal Feather"},{"floor":43,"key":"ReplayFunnel"},{"floor":48,"key":"Onion Ring"}],"event_choices":[{"damage_healed":0,"gold_gain":0,"player_choice":"Box","damage_taken":0,"relics_obtained":["Regal Pillow"],"max_hp_gain":0,"max_hp_loss":0,"event_name":"Big Fish","floor":4,"gold_loss":0,"cards_obtained":["Regret"]},{"damage_healed":0,"gold_gain":0,"player_choice":"Shed Blood","damage_taken":15,"max_hp_gain":5,"max_hp_loss":0,"event_name":"Forgotten Altar","floor":20,"gold_loss":0},{"damage_healed":0,"gold_gain":0,"player_choice":"Obtained Book","damage_taken":16,"max_hp_gain":0,"max_hp_loss":0,"event_name":"Cursed Tome","floor":21,"gold_loss":0},{"damage_healed":0,"gold_gain":275,"player_choice":"Desecrate","damage_taken":0,"max_hp_gain":0,"max_hp_loss":0,"event_name":"Golden Shrine","floor":24,"gold_loss":0,"cards_obtained":["Regret"]},{"damage_healed":0,"gold_gain":0,"player_choice":"Memory 1","damage_taken":0,"max_hp_gain":0,"max_hp_loss":0,"event_name":"SensoryStone","floor":41,"gold_loss":0},{"damage_healed":0,"gold_gain":0,"player_choice":"Embrace Madness","damage_taken":6,"max_hp_gain":0,"max_hp_loss":0,"event_name":"Winding Halls","floor":45,"gold_loss":0,"cards_obtained":["Madness","Madness"]}],"is_beta":false,"boss_relics":[{"not_picked":["Abe\u0027s Treasure","ReplayTheSpireMod:DimensionalGlitch"],"picked":"Replay:Grab Bag"},{"not_picked":["ChewingGum","Coffee Dripper"],"picked":"Philosopher\u0027s Stone"},{"not_picked":["Runic Dome","Fusion Hammer"],"picked":"Cursed Key"},{"not_picked":["Snecko Eye","Runic Pyramid"],"picked":"aspiration:IroncladSkillbook"},{"not_picked":["Painkiller Herb","conspire:SeveredTorchhead"],"picked":"Replay:Drink Me"}],"items_purged_floors":[],"is_endless":false,"potions_floor_spawned":[1,5,22,23,29,36,37,39,40,47,48],"ascension_level":0}}