{"host":"vex7walpoxzv48nx","time":1612046819,"event":{"mods":["AchievementEnabler","BaseMod","Bestiary","Minty Spire (QoL Compilation)","Permanent Neow","Quick Restart","Relic Stats","UnlockEverythingMod"],"gold_per_floor":[116,116,116,50,64,92,92,120,145,164,164,197,197,217,217,295,295,312,331,331,331],"floor_reached":20,"language":"ENG","playtime":1578,"items_purged":[],"score":484,"play_id":"630ef532-de10-4365-9d58-4c2a64fa611d","local_time":"20210130234659","is_ascension_mode":true,"campfire_choices":[{"data":"Blade Dance","floor":7.0,"key":"SMITH"},{"data":"Neutralize","floor":11.0,"key":"SMITH"},{"data":"Infinite Blades","floor":15.0,"key":"SMITH"}],"circlet_count":0,"master_deck":["AscendersBane","Strike_G","Strike_G","Strike_G","Strike_G","Defend_G","Defend_G","Defend_G","Defend_G","Defend_G","Survivor","Neutralize+1","Dash","Quick Slash","Blade Dance+1","Grand Finale","Poisoned Stab","Dagger Spray","Infinite Blades+1","A Thousand Cuts","Dagger Throw","Blade Dance"],"relics":["Ring of the Serpent","NeowsBlessing","Happy Flower","Pear","Boot","MealTicket","Pen Nib","Vajra"],"acts_visited":["Exordium","TheCity"],"potions_floor_usage":[20],"damage_taken":[{"damage":0.0,"enemies":"Jaw Worm","floor":1.0,"turns":1.0},{"damage":0.0,"enemies":"Small Slimes","floor":5.0,"turns":1.0},{"damage":0.0,"enemies":"Gremlin Nob","floor":6.0,"turns":1.0},{"damage":7.0,"enemies":"3 Sentries","floor":8.0,"turns":10.0},{"damage":1.0,"enemies":"Cultist","floor":10.0,"turns":4.0},{"damage":0.0,"enemies":"Gremlin Nob","floor":12.0,"turns":3.0},{"damage":0.0,"enemies":"Large Slime","floor":14.0,"turns":3.0},{"damage":1.0,"enemies":"Slime Boss","floor":16.0,"turns":9.0},{"damage":30.0,"enemies":"Shell Parasite","floor":18.0,"turns":4.0},{"damage":34.0,"enemies":"2 Thieves","floor":19.0,"turns":3.0},{"damage":6,"enemies":"Snake Plant","floor":20,"turns":3}],"seed_played":"-393195190849965924","potions_obtained":[{"floor":1.0,"key":"Block Potion"},{"floor":6.0,"key":"Block Potion"},{"floor":10.0,"key":"BlessingOfTheForge"},{"floor":14.0,"key":"Fire Potion"},{"floor":18.0,"key":"Poison Potion"},{"floor":19.0,"key":"ColorlessPotion"}],"is_trial":false,"path_per_floor":["M","?","?","?","M","E","R","E","T","M","R","E","?","M","R","B",null,"M","M","M"],"character_chosen":"THE_SILENT","items_purchased":[],"campfire_rested":0,"item_purchase_floors":[],"current_hp_per_floor":[59,64,53,63,63,63,63,56,56,55,55,55,55,55,55,54,74,44,10,4,4],"gold":331,"neow_bonus":"THREE_ENEMY_KILL","is_daily":false,"chose_seed":false,"campfire_upgraded":3,"win_rate":0.0,"timestamp":1612046819,"path_taken":["M","?","?","?","?","E","R","E","T","M","R","E","?","M","R","BOSS","M","M","?"],"items_purchased_type":[],"build_version":"2020-12-22","purchased_purges":0,"victory":false,"max_hp_per_floor":[66,71,71,81,81,81,81,81,81,81,81,81,81,81,81,81,81,81,81,81,81],"relic_stats":{"Happy Flower":[13],"counters":[11,42],"MealTicket":0,"Pen Nib":[9],"Boot":[50],"obtain_stats":[{"Pear":4,"NeowsBlessing":0,"Happy Flower":3,"Vajra":12,"MealTicket":8,"Pen Nib":9,"Boot":6,"Ring of the Serpent":17,"Ring of the Snake":0},{"Pear":1,"NeowsBlessing":0,"Happy Flower":1,"Vajra":6,"MealTicket":4,"Pen Nib":4,"Boot":3,"Ring of the Serpent":8,"Ring of the Snake":0},{"Pear":1,"NeowsBlessing":0,"Happy Flower":1,"Vajra":20,"MealTicket":13,"Pen Nib":13,"Boot":3,"Ring of the Serpent":32,"Ring of the Snake":0}]},"card_choices":[{"not_picked":["Expertise","Outmaneuver"],"picked":"Dash","floor":1.0},{"not_picked":["Acrobatics","Sucker Punch"],"picked":"Quick Slash","floor":5.0},{"not_picked":["Well Laid Plans","Heel Hook"],"picked":"Blade Dance","floor":6.0},{"not_picked":["Flying Knee","Dash"],"picked":"Grand Finale","floor":8.0},{"not_picked":["Prepared","PiercingWail"],"picked":"Poisoned Stab","floor":10.0},{"not_picked":["Burst","Deflect"],"picked":"Dagger Spray","floor":12.0},{"not_picked":["Dodge and Roll","Concentrate"],"picked":"Infinite Blades","floor":14.0},{"not_picked":["Corpse Explosion","Unload"],"picked":"A Thousand Cuts","floor":16.0},{"not_picked":["Sucker Punch","Prepared"],"picked":"Dagger Throw","floor":18.0},{"not_picked":["Acrobatics","All Out Attack"],"picked":"Blade Dance","floor":19.0}],"player_experience":227197,"relics_obtained":[{"floor":6.0,"key":"Boot"},{"floor":8.0,"key":"MealTicket"},{"floor":9.0,"key":"Pen Nib"},{"floor":12.0,"key":"Vajra"}],"event_choices":[{"damage_healed":0.0,"max_hp_gain":5.0,"max_hp_loss":0.0,"gold_gain":0.0,"event_name":"Big Fish","player_choice":"Donut","floor":2.0,"gold_loss":0.0,"damage_taken":0.0},{"damage_healed":0.0,"max_hp_gain":0.0,"max_hp_loss":0.0,"gold_gain":0.0,"event_name":"Scrap Ooze","player_choice":"Success","floor":3.0,"gold_loss":0.0,"damage_taken":11.0,"relics_obtained":["Happy Flower"]},{"damage_healed":0.0,"max_hp_gain":0.0,"max_hp_loss":0.0,"gold_gain":0.0,"event_name":"WeMeetAgain","player_choice":"Paid Gold","floor":4.0,"gold_loss":66.0,"damage_taken":0.0,"relics_obtained":["Pear"]},{"cards_removed":["Strike_G"],"damage_healed":0.0,"max_hp_gain":0.0,"max_hp_loss":0.0,"gold_gain":0.0,"event_name":"Purifier","player_choice":"Purged","floor":13.0,"gold_loss":0.0,"damage_taken":0.0}],"is_beta":false,"boss_relics":[{"not_picked":["Fusion Hammer","SacredBark"],"picked":"Ring of the Serpent"}],"items_purged_floors":[],"is_endless":false,"potions_floor_spawned":[1,6,10,14,18,19],"killed_by":"Snake Plant","ascension_level":20}}