{"host":"c2vrdknshfutmcsq","time":1612013404,"event":{"mods":["BaseMod","Minty Spire (QoL Compilation)"],"gold_per_floor":[110,110,160,176,8,51,51,74,74,74,101,101,138,158,158,244,244,233,254,254,144,173,173,197,197,197,197,215,215,215],"floor_reached":29,"language":"ENG","playtime":2007,"items_purged":[],"score":494,"play_id":"1b85f8dc-b1a8-4e06-8cf1-27c59f4641e4","local_time":"20210130143004","is_ascension_mode":true,"campfire_choices":[{"data":"Dualcast","floor":7.0,"key":"SMITH"},{"data":"Fusion","floor":10.0,"key":"SMITH"},{"data":"Zap","floor":12.0,"key":"SMITH"},{"floor":15.0,"key":"REST"},{"floor":23,"key":"REST"},{"floor":25,"key":"REST"}],"circlet_count":0,"master_deck":["AscendersBane","Strike_B","Strike_B","Strike_B","Defend_B","Defend_B+1","Defend_B+1","Defend_B","Zap+1","Dualcast+1","Ball Lightning","Compile Driver","Fusion+1","Chill","Rebound","Compile Driver","BootSequence","Seek","Leap","Rebound+1","Auto Shields","Go for the Eyes"],"relics":["FrozenCore","NeowsBlessing","Sundial","CeramicFish","Tiny Chest","White Beast Statue","Symbiotic Virus","Nilry\u0027s Codex","Shuriken","War Paint"],"acts_visited":["Exordium","TheCity"],"potions_floor_usage":[22,24,29,29],"damage_taken":[{"damage":0.0,"enemies":"Jaw Worm","floor":1.0,"turns":1.0},{"damage":0.0,"enemies":"Small Slimes","floor":4.0,"turns":1.0},{"damage":0.0,"enemies":"3 Sentries","floor":6.0,"turns":1.0},{"damage":0.0,"enemies":"Cultist","floor":8.0,"turns":2.0},{"damage":8.0,"enemies":"Lots of Slimes","floor":11.0,"turns":4.0},{"damage":15.0,"enemies":"Lagavulin","floor":13.0,"turns":5.0},{"damage":4.0,"enemies":"Exordium Wildlife","floor":14.0,"turns":3.0},{"damage":43.0,"enemies":"The Guardian","floor":16.0,"turns":10.0},{"damage":10,"enemies":"2 Thieves","floor":18,"turns":4},{"damage":17,"enemies":"Spheric Guardian","floor":19,"turns":4},{"damage":15,"enemies":"Snake Plant","floor":22,"turns":7},{"damage":6,"enemies":"Sentry and Sphere","floor":24,"turns":8},{"damage":6,"enemies":"Shelled Parasite and Fungi","floor":28,"turns":7},{"damage":29,"enemies":"Slavers","floor":29,"turns":5}],"seed_played":"6391873196473553070","potions_obtained":[{"floor":6.0,"key":"Regen Potion"},{"floor":11.0,"key":"SneckoOil"},{"floor":13.0,"key":"Block Potion"},{"floor":16.0,"key":"Weak Potion"},{"floor":22,"key":"Block Potion"},{"floor":24,"key":"FocusPotion"}],"is_trial":false,"path_per_floor":["M","?","?","M","$","E","R","M","T","R","M","R","E","M","R","B",null,"M","M","?","?","M","R","M","R","T","T","M","E"],"character_chosen":"DEFECT","items_purchased":["CeramicFish"],"campfire_rested":3,"item_purchase_floors":[5],"current_hp_per_floor":[64,59,52,52,52,52,52,52,52,52,44,44,29,25,46,3,54,44,27,6,6,6,27,21,42,42,42,36,7,7],"gold":215,"neow_bonus":"THREE_ENEMY_KILL","is_daily":false,"chose_seed":false,"campfire_upgraded":3,"win_rate":0.0,"timestamp":1612013404,"path_taken":["M","?","?","?","?","E","R","M","T","R","?","R","E","M","R","BOSS","M","M","?","?","M","R","M","R","T","?","M","E"],"items_purchased_type":["Relic"],"build_version":"2020-12-22","purchased_purges":0,"victory":false,"max_hp_per_floor":[71,71,71,71,71,71,71,71,71,71,71,71,71,71,71,71,71,71,71,71,71,71,71,71,71,71,71,71,71,71],"card_choices":[{"not_picked":["Compile Driver","Beam Cell"],"picked":"Ball Lightning","floor":1.0},{"not_picked":["Tempest","Coolheaded"],"picked":"Compile Driver","floor":4.0},{"not_picked":["Static Discharge","Amplify"],"picked":"Fusion","floor":6.0},{"not_picked":["Rebound","Coolheaded"],"picked":"Chill","floor":8.0},{"not_picked":["Streamline","Storm"],"picked":"Rebound","floor":11.0},{"not_picked":["Heatsinks","Self Repair"],"picked":"Compile Driver","floor":13.0},{"not_picked":["Leap","Beam Cell"],"picked":"BootSequence","floor":14.0},{"not_picked":["Multi-Cast","Meteor Strike"],"picked":"Seek","floor":16.0},{"not_picked":["Rebound+1","Cold Snap"],"picked":"Leap","floor":18},{"not_picked":["Steam","Cold Snap"],"picked":"Rebound","floor":19},{"not_picked":["Ball Lightning","Redo"],"picked":"Auto Shields","floor":22},{"not_picked":["Steam","Self Repair"],"picked":"Go for the Eyes","floor":24},{"not_picked":["Recycle","Coolheaded","Force Field"],"picked":"SKIP","floor":28}],"player_experience":1310649,"relics_obtained":[{"floor":6.0,"key":"Tiny Chest"},{"floor":9.0,"key":"White Beast Statue"},{"floor":13.0,"key":"Symbiotic Virus"},{"floor":20,"key":"Nilry\u0027s Codex"},{"floor":26,"key":"Shuriken"},{"floor":27,"key":"War Paint"}],"event_choices":[{"damage_healed":0.0,"max_hp_gain":0.0,"max_hp_loss":0.0,"gold_gain":0.0,"event_name":"Scrap Ooze","player_choice":"Success","floor":2.0,"gold_loss":0.0,"damage_taken":5.0,"relics_obtained":["Sundial"]},{"damage_healed":0.0,"max_hp_gain":0.0,"max_hp_loss":0.0,"gold_gain":50.0,"event_name":"FaceTrader","player_choice":"Touch","floor":3.0,"gold_loss":0.0,"damage_taken":7.0},{"damage_healed":0,"gold_gain":0,"player_choice":"Obtained Book","damage_taken":21,"max_hp_gain":0,"max_hp_loss":0,"event_name":"Cursed Tome","floor":20,"gold_loss":0},{"cards_removed":["Strike_B"],"damage_healed":0,"gold_gain":0,"player_choice":"Upgrade and Remove","damage_taken":0,"max_hp_gain":0,"max_hp_loss":0,"event_name":"Designer","floor":21,"gold_loss":110,"cards_upgraded":["Rebound"]}],"is_beta":false,"boss_relics":[{"not_picked":["Ectoplasm","Sozu"],"picked":"FrozenCore"}],"items_purged_floors":[],"is_endless":false,"potions_floor_spawned":[6,11,13,14,16,18,19,22,24,28],"killed_by":"Slavers","ascension_level":18}}