{"host":"6qo42zgaknezulyg","time":1612005712,"event":{"mods":["2.2 Compatiblity","BaseMod","Faster Ascension Climbing","Keyboard Shortcuts","Minty Spire (QoL Compilation)","Permanent Neow","Quick Restart","Shade Mod","StSLib","SuperFastMode"],"gold_per_floor":[18,35,52,64,64,64,80,100,149,182,182,198,223,235,235,333,333,348,22,35,55,73,73,101,101,101],"floor_reached":25,"language":"ENG","playtime":1207,"items_purged":["Shade:Strike_Shade"],"score":289,"play_id":"9646b972-8c5f-4028-a53a-f19605bc004b","local_time":"20210130202152","is_ascension_mode":false,"campfire_choices":[{"data":"Shade:OfferingToTheBeyond","floor":6.0,"key":"SMITH"},{"data":"Shade:CallWraith","floor":15.0,"key":"SMITH"},{"floor":23.0,"key":"REST"}],"circlet_count":0,"master_deck":["Shade:Strike_Shade","Shade:Strike_Shade","Shade:Defend_Shade","Shade:Defend_Shade","Shade:Defend_Shade","Shade:Defend_Shade","Shade:AnimateDead","Shade:CarefulCut","Shade:OfferingToTheBeyond+1","Shade:DangerousRitual","Shade:PotionOfRestlessness","Shade:RitualOffering","Shade:FleshLikeOak","Shade:SanguineRitual","Shade:FuneraryJewels","Shade:PoundOfFlesh","Shade:Frenzy","Shade:CallWraith+1","Shade:SpontaneousRitual","Shade:TouchOfTheGrave","Shade:Consume","Shade:Bite_Shade+1","Shade:ScuttlingHand+1"],"relics":["Shade:YorickPolishedSkull","Toy Ornithopter","Vajra","Bottled Tornado","Matryoshka","Bag of Marbles"],"acts_visited":[],"potions_floor_usage":[],"damage_taken":[{"damage":0.0,"enemies":"Jaw Worm","floor":1.0,"turns":3.0},{"damage":4.0,"enemies":"Cultist","floor":2.0,"turns":4.0},{"damage":0.0,"enemies":"2 Louse","floor":3.0,"turns":3.0},{"damage":12.0,"enemies":"Red Slaver","floor":4.0,"turns":5.0},{"damage":2.0,"enemies":"2 Fungi Beasts","floor":7.0,"turns":3.0},{"damage":0.0,"enemies":"Blue Slaver","floor":8.0,"turns":3.0},{"damage":9.0,"enemies":"3 Sentries","floor":10.0,"turns":5.0},{"damage":2.0,"enemies":"Gremlin Gang","floor":12.0,"turns":3.0},{"damage":20.0,"enemies":"Lagavulin","floor":13.0,"turns":6.0},{"damage":2.0,"enemies":"Large Slime","floor":14.0,"turns":5.0},{"damage":7.0,"enemies":"Slime Boss","floor":16.0,"turns":6.0},{"damage":6.0,"enemies":"Shell Parasite","floor":18.0,"turns":3.0},{"damage":7.0,"enemies":"Chosen","floor":20.0,"turns":4.0},{"damage":6.0,"enemies":"Snecko","floor":21.0,"turns":4.0},{"damage":19.0,"enemies":"Cultist and Chosen","floor":22.0,"turns":6.0},{"damage":22.0,"enemies":"Slavers","floor":24.0,"turns":3.0},{"damage":0,"enemies":"Sentry and Sphere","floor":25,"turns":1}],"seed_played":"13280110248280179","potions_obtained":[{"floor":1.0,"key":"SteroidPotion"},{"floor":2.0,"key":"LiquidBronze"},{"floor":4.0,"key":"AttackPotion"},{"floor":8.0,"key":"SneckoOil"},{"floor":14.0,"key":"Explosive Potion"},{"floor":16.0,"key":"sneckomod:MuddlingPotion"},{"floor":24.0,"key":"Explosive Potion"}],"is_trial":false,"path_per_floor":["M","M","M","M","$","R","M","M","T","E","?","M","E","M","R","B",null,"M","$","M","M","M","R","E","M"],"character_chosen":"SHADE","items_purchased":["Matryoshka"],"campfire_rested":1,"item_purchase_floors":[19],"current_hp_per_floor":[65,61,61,49,49,49,47,47,47,43,43,41,21,19,19,12,65,59,59,52,49,33,52,43,43,43],"gold":101,"neow_bonus":"THREE_RARE_CARDS","is_daily":false,"chose_seed":false,"campfire_upgraded":2,"win_rate":0.0,"timestamp":1612005712,"path_taken":["M","M","M","M","$","R","M","M","T","E","?","M","E","M","R","BOSS","M","$","M","M","?","R","E","?"],"items_purchased_type":["Relic"],"build_version":"2020-12-22","purchased_purges":1,"victory":false,"max_hp_per_floor":[65,65,65,65,65,65,65,65,65,65,65,65,65,65,65,65,65,65,65,65,65,65,65,65,65,65],"card_choices":[{"not_picked":["Shade:LastGasp","Shade:OminousRitual"],"picked":"Shade:OfferingToTheBeyond","floor":0.0},{"not_picked":["Shade:CoffinDance","Shade:GraveStillness"],"picked":"Shade:DangerousRitual","floor":1.0},{"not_picked":["Shade:SanguineRitual","Shade:FreshBones"],"picked":"Shade:PotionOfRestlessness","floor":2.0},{"not_picked":["Shade:WallOfFlesh","Shade:AuraOfUnlife"],"picked":"Shade:RitualOffering","floor":3.0},{"not_picked":["Shade:CoffinDance","Shade:AblativeArmor"],"picked":"Shade:FleshLikeOak","floor":4.0},{"not_picked":["Shade:ClawBack","Shade:CoffinDance"],"picked":"Shade:SanguineRitual","floor":7.0},{"not_picked":["Shade:Patience","Shade:FeralStrike"],"picked":"Shade:FuneraryJewels","floor":8.0},{"not_picked":["Shade:Haruspicy","Shade:Brains"],"picked":"Shade:PoundOfFlesh","floor":10.0},{"not_picked":["Shade:ScuttlingHand","Shade:GoDigging"],"picked":"Shade:CallWraith","floor":12.0},{"not_picked":["Shade:FreshBones","Shade:ClawBack"],"picked":"Shade:SpontaneousRitual","floor":13.0},{"not_picked":["Shade:CloudOfShrapnel","Shade:FingerOfDeath"],"picked":"Shade:TouchOfTheGrave","floor":14.0},{"not_picked":["Shade:LastGasp","Shade:Tombstone"],"picked":"Shade:Consume","floor":16.0},{"not_picked":["Shade:SkeletonHug","Shade:FreshBones+1","Shade:GreyBargain"],"picked":"SKIP","floor":18.0},{"not_picked":["Shade:GreyBargain","Shade:FeralStrike"],"picked":"Shade:Bite_Shade+1","floor":20.0},{"not_picked":["Shade:GraveStillness","Shade:ExtraLimbs","Shade:Brains"],"picked":"SKIP","floor":21.0},{"not_picked":["Shade:GoDigging","Shade:PotionOfRestlessness","Shade:FeralStrike"],"picked":"SKIP","floor":22.0},{"not_picked":["Shade:Brains+1","Shade:ExtraLimbs+1"],"picked":"Shade:ScuttlingHand+1","floor":24.0}],"player_experience":729297,"relics_obtained":[{"floor":9.0,"key":"Toy Ornithopter"},{"floor":10.0,"key":"Vajra"},{"floor":13.0,"key":"Bottled Tornado"},{"floor":24.0,"key":"Bag of Marbles"}],"event_choices":[{"damage_healed":0.0,"max_hp_gain":0.0,"max_hp_loss":0.0,"gold_gain":0.0,"cards_transformed":["Shade:Strike_Shade"],"event_name":"Transmorgrifier","player_choice":"Transformed","floor":11.0,"gold_loss":0.0,"damage_taken":0.0,"cards_obtained":["Shade:Frenzy"]}],"is_beta":false,"boss_relics":[{"not_picked":["Cursed Key","Runic Pyramid"],"picked":"Shade:YorickPolishedSkull"}],"items_purged_floors":[19],"is_endless":false,"potions_floor_spawned":[1,2,4,8,14,16,18,22,24],"killed_by":"Sentry and Sphere","ascension_level":0}}