{"host":"91tsl82bt69efn37","time":1612037557,"event":{"mods":["2.2 Compatiblity","BaseMod","Colored Map","DeckTracker","Highlight Path","Keyboard Shortcuts","Minty Spire (QoL Compilation)","Permanent Neow","Quick Restart","SuperFastMode","everything is the same but u backflip on backflip"],"gold_per_floor":[119,119,132,194,194,194,244,86,109,159,174,185,249,269,269,373,373,386,436,501,466,366,366,416,416,416],"floor_reached":25,"language":"KOR","playtime":765,"items_purged":["Defend_R","Decay"],"score":203,"play_id":"640eb12f-1eb9-4722-a0e5-b9d371971ccd","local_time":"20210131051237","is_ascension_mode":true,"campfire_choices":[{"data":"Heavy Blade","floor":6.0,"key":"SMITH"},{"data":"Flex","floor":15.0,"key":"SMITH"},{"data":"Limit Break","floor":23.0,"key":"SMITH"}],"circlet_count":0,"master_deck":["Strike_R","Strike_R","Defend_R+1","Defend_R","Defend_R","Bash+1","Heavy Blade+1","Warcry","Bandage Up","Warcry","Flex+1","Limit Break+1","Flex+1"],"relics":["Burning Blood","SsserpentHead","Vajra","Black Star","Shovel"],"acts_visited":["Exordium","TheCity"],"potions_floor_usage":[25,25],"damage_taken":[{"damage":1.0,"enemies":"Jaw Worm","floor":1.0,"turns":5.0},{"damage":10.0,"enemies":"Cultist","floor":3.0,"turns":4.0},{"damage":5.0,"enemies":"Small Slimes","floor":4.0,"turns":3.0},{"damage":15.0,"enemies":"Red Slaver","floor":11.0,"turns":5.0},{"damage":13.0,"enemies":"Blue Slaver","floor":12.0,"turns":4.0},{"damage":10.0,"enemies":"2 Fungi Beasts","floor":13.0,"turns":3.0},{"damage":10.0,"enemies":"Looter","floor":14.0,"turns":4.0},{"damage":61.0,"enemies":"Slime Boss","floor":16.0,"turns":15.0},{"damage":14.0,"enemies":"Shell Parasite","floor":18.0,"turns":4.0},{"damage":47.0,"enemies":"Chosen","floor":20.0,"turns":8.0},{"damage":35,"enemies":"Gremlin Leader","floor":25,"turns":6}],"seed_played":"-6017711479915299666","potions_obtained":[{"floor":3.0,"key":"Regen Potion"},{"floor":4.0,"key":"CultistPotion"},{"floor":11.0,"key":"SkillPotion"},{"floor":13.0,"key":"BlessingOfTheForge"},{"floor":20.0,"key":"EntropicBrew"}],"is_trial":false,"path_per_floor":["M","?","M","M","?","R","?","$","T","?","M","M","M","M","R","B",null,"M","?","M","?","$","R","?","E"],"character_chosen":"IRONCLAD","items_purchased":["Bandage Up"],"campfire_rested":0,"item_purchase_floors":[8],"current_hp_per_floor":[80,80,76,77,77,77,61,61,61,61,70,67,67,67,67,16,80,72,72,35,35,35,35,35,4,4],"gold":416,"neow_bonus":"REMOVE_CARD","is_daily":false,"chose_seed":false,"campfire_upgraded":3,"win_rate":0.0,"timestamp":1612037557,"path_taken":["M","?","M","?","?","R","?","$","T","?","M","M","?","M","R","BOSS","M","?","?","?","$","R","?","E"],"items_purchased_type":["Card"],"build_version":"2020-12-22","purchased_purges":2,"victory":false,"max_hp_per_floor":[80,80,80,80,80,80,80,80,80,80,80,80,80,80,80,80,80,80,80,80,80,80,80,80,80,80],"card_choices":[{"not_picked":["Clash","Sword Boomerang"],"picked":"Heavy Blade","floor":1.0},{"not_picked":["Sentinel","Perfected Strike"],"picked":"Warcry","floor":3.0},{"not_picked":["Reckless Charge","Twin Strike","Iron Wave"],"picked":"SKIP","floor":4.0},{"not_picked":["Combust","Dropkick"],"picked":"Warcry","floor":11.0},{"not_picked":["Body Slam","Second Wind"],"picked":"Flex","floor":12.0},{"not_picked":["Headbutt","Blood for Blood","Searing Blow"],"picked":"SKIP","floor":13.0},{"not_picked":["Bloodletting","Sword Boomerang","Anger"],"picked":"SKIP","floor":14.0},{"not_picked":["Berserk","Offering"],"picked":"Limit Break","floor":16.0},{"not_picked":["Burning Pact","Rage","Perfected Strike"],"picked":"SKIP","floor":18.0},{"not_picked":["Blood for Blood","Combust"],"picked":"Flex+1","floor":20.0}],"player_experience":74300,"relics_obtained":[{"floor":9.0,"key":"Vajra"}],"event_choices":[{"damage_healed":0.0,"max_hp_gain":0.0,"max_hp_loss":0.0,"gold_gain":0.0,"event_name":"FaceTrader","player_choice":"Trade","floor":2.0,"gold_loss":0.0,"damage_taken":0.0,"relics_obtained":["SsserpentHead"]},{"cards_removed":["Strike_R"],"damage_healed":0.0,"max_hp_gain":0.0,"max_hp_loss":0.0,"gold_gain":0.0,"event_name":"The Cleric","player_choice":"Card Removal","floor":5.0,"gold_loss":50.0,"damage_taken":0.0},{"damage_healed":0.0,"max_hp_gain":0.0,"max_hp_loss":0.0,"gold_gain":0.0,"event_name":"Shining Light","player_choice":"Entered Light","floor":7.0,"gold_loss":0.0,"damage_taken":16.0,"cards_upgraded":["Defend_R","Bash"]},{"damage_healed":0.0,"max_hp_gain":0.0,"max_hp_loss":0.0,"gold_gain":0.0,"event_name":"Wheel of Change","player_choice":"Cursed","floor":10.0,"gold_loss":0.0,"damage_taken":0.0,"cards_obtained":["Decay"]},{"cards_removed":["Strike_R"],"damage_healed":0.0,"max_hp_gain":0.0,"max_hp_loss":0.0,"gold_gain":0.0,"event_name":"Purifier","player_choice":"Purged","floor":19.0,"gold_loss":0.0,"damage_taken":0.0},{"damage_healed":0.0,"max_hp_gain":0.0,"max_hp_loss":0.0,"gold_gain":0.0,"event_name":"Addict","player_choice":"Obtained Relic","floor":21.0,"gold_loss":85.0,"damage_taken":0.0,"relics_obtained":["Shovel"]},{"damage_healed":0.0,"max_hp_gain":0.0,"max_hp_loss":0.0,"gold_gain":0.0,"event_name":"Ghosts","player_choice":"Ignored","floor":24.0,"gold_loss":0.0,"damage_taken":0.0}],"is_beta":false,"boss_relics":[{"not_picked":["Philosopher\u0027s Stone","Snecko Eye"],"picked":"Black Star"}],"items_purged_floors":[8,22],"is_endless":false,"potions_floor_spawned":[3,4,11,13,20],"killed_by":"Gremlin Leader","ascension_level":1}}