{"host":"15dd7v8o90xso62x","time":1612020674,"event":{"mods":["BaseMod","Minty Spire (QoL Compilation)","Quick Restart","StSLib","SuperFastMode"],"gold_per_floor":[118,268,283,283,283,316,316,330,330,356,356,388,406,441,441,519,519,499,518,443,457,457,457],"floor_reached":22,"language":"KOR","playtime":580,"items_purged":["Strike_G"],"score":458,"play_id":"e0c277a6-ce3c-4d11-a1e3-c3bfbe57d96e","local_time":"20210131003114","is_ascension_mode":true,"campfire_choices":[{"data":"Dagger Spray","floor":11.0,"key":"SMITH"},{"floor":15.0,"key":"REST"}],"circlet_count":0,"master_deck":["AscendersBane","Strike_G","Strike_G","Strike_G","Strike_G","Defend_G","Defend_G+1","Defend_G+1","Defend_G","Defend_G","Survivor","Neutralize","Dagger Spray+1","Dagger Throw","Acrobatics","Heel Hook","Grand Finale"],"relics":["Ring of the Snake","NeowsBlessing","Ornamental Fan","Potion Belt","Mercury Hourglass","Pen Nib","Dream Catcher","Bag of Preparation","SacredBark"],"acts_visited":["Exordium","TheCity"],"potions_floor_usage":[],"damage_taken":[{"damage":0.0,"enemies":"2 Louse","floor":1.0,"turns":1.0},{"damage":0.0,"enemies":"Small Slimes","floor":3.0,"turns":1.0},{"damage":0.0,"enemies":"Gremlin Nob","floor":6.0,"turns":1.0},{"damage":0.0,"enemies":"Cultist","floor":8.0,"turns":3.0},{"damage":7.0,"enemies":"3 Sentries","floor":12.0,"turns":7.0},{"damage":2.0,"enemies":"Lots of Slimes","floor":13.0,"turns":2.0},{"damage":10.0,"enemies":"Lagavulin","floor":14.0,"turns":6.0},{"damage":31.0,"enemies":"Slime Boss","floor":16.0,"turns":8.0},{"damage":17.0,"enemies":"2 Thieves","floor":18.0,"turns":4.0},{"damage":0.0,"enemies":"3 Byrds","floor":19.0,"turns":2.0},{"damage":2.0,"enemies":"Snake Plant","floor":21.0,"turns":2.0},{"damage":25,"enemies":"Cultist and Chosen","floor":22,"turns":5}],"seed_played":"3806052408211154192","potions_obtained":[{"floor":3.0,"key":"CultistPotion"},{"floor":8.0,"key":"Weak Potion"},{"floor":14.0,"key":"Strength Potion"},{"floor":18.0,"key":"LiquidBronze"}],"is_trial":false,"path_per_floor":["M","?","M","?","?","E","?","M","T","T","R","E","M","E","R","B",null,"M","M","$","M","M"],"character_chosen":"THE_SILENT","items_purchased":[],"campfire_rested":1,"item_purchase_floors":[],"current_hp_per_floor":[59,59,59,52,32,32,32,32,32,32,32,25,23,13,32,1,50,33,33,33,31,6,6],"gold":457,"neow_bonus":"THREE_ENEMY_KILL","is_daily":false,"chose_seed":false,"campfire_upgraded":1,"win_rate":0.0,"timestamp":1612020674,"path_taken":["M","?","M","?","?","E","?","M","T","?","R","E","?","E","R","BOSS","M","M","$","M","M"],"items_purchased_type":[],"build_version":"2020-12-22","purchased_purges":1,"victory":false,"max_hp_per_floor":[66,66,66,66,66,66,66,66,66,66,66,66,66,66,66,66,66,66,66,66,66,66,66],"card_choices":[{"not_picked":["Prepared","Deadly Poison"],"picked":"Dagger Spray","floor":1.0},{"not_picked":["Unload","Eviscerate","Dagger Spray"],"picked":"SKIP","floor":3.0},{"not_picked":["Dagger Spray","Underhanded Strike"],"picked":"Dagger Throw","floor":6.0},{"not_picked":["Poisoned Stab","Quick Slash","Backflip"],"picked":"SKIP","floor":8.0},{"not_picked":["Accuracy","Slice"],"picked":"Acrobatics","floor":12.0},{"not_picked":["Terror","Acrobatics"],"picked":"Heel Hook","floor":13.0},{"not_picked":["Prepared","Heel Hook","Doppelganger"],"picked":"SKIP","floor":14.0},{"not_picked":["Malaise","After Image"],"picked":"Grand Finale","floor":16.0},{"not_picked":["Deadly Poison","PiercingWail","Poisoned Stab"],"picked":"SKIP","floor":18.0},{"not_picked":["Heel Hook","Dagger Spray","Deadly Poison"],"picked":"SKIP","floor":19.0},{"not_picked":["Die Die Die","Slice","Cloak And Dagger"],"picked":"SKIP","floor":21.0}],"player_experience":904491,"relics_obtained":[{"floor":6.0,"key":"Ornamental Fan"},{"floor":9.0,"key":"Mercury Hourglass"},{"floor":10.0,"key":"Pen Nib"},{"floor":12.0,"key":"Dream Catcher"},{"floor":14.0,"key":"Bag of Preparation"}],"event_choices":[{"damage_healed":0.0,"max_hp_gain":0.0,"max_hp_loss":0.0,"gold_gain":150.0,"event_name":"Liars Game","player_choice":"AGREE","floor":2.0,"gold_loss":0.0,"damage_taken":0.0,"cards_obtained":["Doubt"]},{"cards_removed":["Doubt"],"damage_healed":0.0,"max_hp_gain":0.0,"max_hp_loss":0.0,"gold_gain":0.0,"event_name":"Golden Wing","player_choice":"Card Removal","floor":4.0,"gold_loss":0.0,"damage_taken":7.0},{"damage_healed":0.0,"max_hp_gain":0.0,"max_hp_loss":0.0,"gold_gain":0.0,"event_name":"Shining Light","player_choice":"Entered Light","floor":5.0,"gold_loss":0.0,"damage_taken":20.0,"cards_upgraded":["Defend_G","Defend_G"]},{"damage_healed":0.0,"max_hp_gain":0.0,"max_hp_loss":0.0,"gold_gain":0.0,"event_name":"Dead Adventurer","player_choice":"Searched \u00271\u0027 times","floor":7.0,"gold_loss":0.0,"damage_taken":0.0,"relics_obtained":["Potion Belt"]}],"is_beta":false,"boss_relics":[{"not_picked":["Snecko Eye","Empty Cage"],"picked":"SacredBark"}],"items_purged_floors":[20],"is_endless":false,"potions_floor_spawned":[3,8,14,18],"killed_by":"Cultist and Chosen","ascension_level":20}}