{"host":"q9sqrn60n8lvmavn","time":1612039924,"event":{"mods":["AchievementEnabler","AlwaysNeverKeys","BaseMod","Better Third Choice","Better Vampires","Block Reminder","Colored Powertips","Curses Come First","DNKmod","Friendly Minions","Minty Spire (QoL Compilation)","Permanent Neow","Relic Filter Mod","StSLib","Weighted Paths"],"gold_per_floor":[1018,1018,1018,1033,535,568,568,593,593,613,624,624,639,152,152,250,250,270,270,259,271,271,296,296,327,350,375,393,428,428,445,445,549,549,569,186,96,112,128,128,155,0,0,33,49,149,149,165,165,165,165,165,15,45,45],"floor_reached":56,"language":"ENG","playtime":3235,"items_purged":["Defend_B","Defend_B","Defend_B","Turbo+1"],"score":1659,"play_id":"ea773254-b4f5-493f-8e29-86564d2708e7","local_time":"20210130125204","is_ascension_mode":true,"campfire_choices":[{"data":"Coolheaded","floor":7,"key":"SMITH"},{"data":"Creative AI","floor":12,"key":"SMITH"},{"data":"Turbo","floor":15,"key":"SMITH"},{"data":"Zap","floor":24,"key":"SMITH"},{"data":"Turbo","floor":32,"key":"SMITH"},{"data":"Bite","floor":40,"key":"SMITH"},{"data":"Echo Form","floor":47,"key":"SMITH"},{"data":"Conserve Battery","floor":49,"key":"SMITH"},{"data":"Core Surge","floor":52,"key":"SMITH"}],"circlet_count":0,"master_deck":["Zap+1","Cold Snap+1","Conserve Battery+1","Coolheaded+1","Creative AI+1","Turbo+1","Echo Form+1","Core Surge+1","Necronomicurse","Bite+1","Bite+1","Redo+1","Capacitor+1","Electrodynamics+1","White Noise+1","Defragment+1"],"relics":["FrozenCore","Akabeko","Lantern","Symbiotic Virus","Pantograph","Whetstone","Happy Flower","FossilizedHelix","Necronomicon","Frozen Egg 2","Bag of Marbles","Bag of Preparation","Ornamental Fan","Eternal Feather","Busted Crown","Mummified Hand","Bottled Flame","Red Mask","Shuriken","Cables","Unceasing Top"],"acts_visited":["Exordium","TheCity","TheBeyond","TheEnding"],"potions_floor_usage":[16,16,18,23,27,35,41,41,55],"damage_taken":[{"damage":0,"enemies":"Jaw Worm","floor":1,"turns":2},{"damage":0,"enemies":"Small Slimes","floor":4,"turns":2},{"damage":18,"enemies":"Gremlin Nob","floor":6,"turns":4},{"damage":1,"enemies":"3 Sentries","floor":8,"turns":7},{"damage":0,"enemies":"Cultist","floor":10,"turns":3},{"damage":8,"enemies":"Exordium Wildlife","floor":11,"turns":5},{"damage":0,"enemies":"Looter","floor":13,"turns":2},{"damage":10,"enemies":"Hexaghost","floor":16,"turns":10},{"damage":0,"enemies":"Spheric Guardian","floor":18,"turns":3},{"damage":7,"enemies":"2 Thieves","floor":20,"turns":4},{"damage":29,"enemies":"Cultist and Chosen","floor":21,"turns":6},{"damage":26,"enemies":"Book of Stabbing","floor":23,"turns":9},{"damage":0,"enemies":"Gremlin Leader","floor":25,"turns":7},{"damage":11,"enemies":"Slavers","floor":27,"turns":4},{"damage":8,"enemies":"Snake Plant","floor":28,"turns":4},{"damage":14,"enemies":"Gremlin Leader","floor":29,"turns":9},{"damage":8,"enemies":"Shelled Parasite and Fungi","floor":31,"turns":8},{"damage":0,"enemies":"Automaton","floor":33,"turns":8},{"damage":32,"enemies":"3 Darklings","floor":35,"turns":3},{"damage":16,"enemies":"3 Shapes","floor":38,"turns":3},{"damage":0,"enemies":"Spire Growth","floor":39,"turns":5},{"damage":14,"enemies":"Reptomancer","floor":41,"turns":5},{"damage":13,"enemies":"Nemesis","floor":44,"turns":5},{"damage":0,"enemies":"4 Shapes","floor":45,"turns":3},{"damage":0,"enemies":"Maw","floor":48,"turns":5},{"damage":55,"enemies":"Time Eater","floor":50,"turns":8},{"damage":26,"enemies":"Shield and Spear","floor":54,"turns":3},{"damage":86,"enemies":"The Heart","floor":55,"turns":7}],"seed_played":"2915583893032507819","potions_obtained":[{"floor":11,"key":"FearPotion"},{"floor":13,"key":"SneckoOil"},{"floor":16,"key":"AttackPotion"},{"floor":20,"key":"Dexterity Potion"},{"floor":25,"key":"SteroidPotion"},{"floor":27,"key":"SteroidPotion"},{"floor":33,"key":"Fruit Juice"},{"floor":38,"key":"FearPotion"},{"floor":41,"key":"SpeedPotion"},{"floor":45,"key":"FairyPotion"}],"is_trial":false,"path_per_floor":["M","?","?","M","$","E","R","E","T","M","M","R","M","$","R","B",null,"M","?","M","M","?","E","R","E","T","E","M","E","?","M","R","B",null,"M","$","?","M","M","R","E","?","T","E","M","?","R","M","R","B",null,"R","$","E","B",null],"character_chosen":"DEFECT","items_purchased":["Lantern","Coolheaded","Symbiotic Virus","Echo Form","FossilizedHelix","Mummified Hand"],"campfire_rested":0,"item_purchase_floors":[5,5,5,14,14,36],"current_hp_per_floor":[100,100,100,100,100,82,82,81,81,81,73,73,73,73,73,88,97,97,81,74,45,45,23,23,33,33,28,32,34,34,40,49,80,85,60,60,60,51,67,76,86,86,86,85,91,91,92,92,92,43,80,89,89,69,18],"gold":45,"neow_bonus":"RANDOM_COMMON_RELIC","is_daily":false,"chose_seed":false,"campfire_upgraded":9,"win_rate":0.0,"timestamp":1612039924,"path_taken":["M","?","?","M","$","E","R","E","T","?","M","R","M","$","R","BOSS","M","?","M","M","?","E","R","E","T","E","M","E","?","?","R","BOSS","M","$","?","M","?","R","E","?","T","E","M","?","R","?","R","BOSS","R","$","E","BOSS"],"items_purchased_type":["Relic","Card","Relic","Card","Relic","Relic"],"build_version":"2020-12-22","purchased_purges":4,"victory":true,"max_hp_per_floor":[100,100,100,100,100,100,100,100,100,100,100,100,100,100,100,100,100,100,100,100,100,87,87,87,87,87,87,87,87,87,87,87,87,87,92,92,92,92,92,92,92,92,92,92,92,92,92,92,92,92,92,92,92,92,92],"card_choices":[{"not_picked":["Reprogram","Leap"],"picked":"Cold Snap","floor":1},{"not_picked":["Beam Cell","Cold Snap"],"picked":"Conserve Battery","floor":4},{"not_picked":["Cold Snap","Consume","Hello World"],"picked":"SKIP","floor":6},{"not_picked":["Cold Snap","Leap"],"picked":"Creative AI","floor":8},{"not_picked":["Rebound","Ball Lightning","Cold Snap"],"picked":"SKIP","floor":10},{"not_picked":["Rebound","Fusion"],"picked":"Turbo","floor":11},{"not_picked":["Rip and Tear","Steam","Leap"],"picked":"SKIP","floor":13},{"not_picked":["Thunder Strike","Creative AI"],"picked":"Core Surge","floor":16},{"not_picked":["Turbo","Barrage","Capacitor"],"picked":"SKIP","floor":18},{"not_picked":["Cold Snap","Stack","Sunder"],"picked":"SKIP","floor":20},{"not_picked":["Tempest","Turbo","Go for the Eyes+1"],"picked":"SKIP","floor":21},{"not_picked":["Fusion","Thunder Strike","Darkness+1"],"picked":"SKIP","floor":23},{"not_picked":["Conserve Battery","Sunder"],"picked":"Redo+1","floor":25},{"not_picked":["All For One","Streamline","Go for the Eyes"],"picked":"SKIP","floor":27},{"not_picked":["Hologram","Double Energy"],"picked":"Capacitor+1","floor":28},{"not_picked":["Auto Shields","Reprogram+1","Beam Cell"],"picked":"SKIP","floor":29},{"not_picked":["Compile Driver","Rebound"],"picked":"Turbo","floor":31},{"not_picked":["Seek","Thunder Strike"],"picked":"Electrodynamics+1","floor":33},{"not_picked":["Stack+1"],"picked":"SKIP","floor":35},{"not_picked":[],"picked":"White Noise+1","floor":38},{"not_picked":["Hello World+1"],"picked":"SKIP","floor":39},{"not_picked":["Stack"],"picked":"SKIP","floor":41},{"not_picked":[],"picked":"Defragment+1","floor":44},{"not_picked":["Leap"],"picked":"SKIP","floor":45},{"not_picked":["Hologram+1"],"picked":"SKIP","floor":48},{"not_picked":["Streamline"],"picked":"SKIP","floor":54}],"player_experience":181844,"relics_obtained":[{"floor":6,"key":"Pantograph"},{"floor":8,"key":"Whetstone"},{"floor":9,"key":"Happy Flower"},{"floor":19,"key":"Necronomicon"},{"floor":23,"key":"Frozen Egg 2"},{"floor":25,"key":"Bag of Marbles"},{"floor":26,"key":"Bag of Preparation"},{"floor":27,"key":"Ornamental Fan"},{"floor":29,"key":"Eternal Feather"},{"floor":41,"key":"Bottled Flame"},{"floor":43,"key":"Shuriken"},{"floor":44,"key":"Cables"},{"floor":54,"key":"Unceasing Top"}],"event_choices":[{"cards_removed":["Strike_B"],"damage_healed":0,"gold_gain":0,"player_choice":"Forget","damage_taken":0,"max_hp_gain":0,"max_hp_loss":0,"event_name":"Living Wall","floor":2,"gold_loss":0},{"cards_removed":["Strike_B"],"damage_healed":0,"gold_gain":0,"player_choice":"Purged","damage_taken":0,"max_hp_gain":0,"max_hp_loss":0,"event_name":"Purifier","floor":3,"gold_loss":0},{"damage_healed":0,"gold_gain":0,"player_choice":"Obtained Book","damage_taken":16,"max_hp_gain":0,"max_hp_loss":0,"event_name":"Cursed Tome","floor":19,"gold_loss":0},{"damage_healed":0,"gold_gain":0,"player_choice":"Became a vampire","damage_taken":0,"max_hp_gain":0,"max_hp_loss":13,"event_name":"Vampires","floor":22,"gold_loss":0,"cards_obtained":["Bite","Bite"]},{"cards_removed":["Dualcast"],"damage_healed":0,"gold_gain":0,"player_choice":"Elegance","damage_taken":0,"max_hp_gain":0,"max_hp_loss":0,"event_name":"betterThird:BetterWriting","floor":30,"gold_loss":0},{"cards_removed":["Defend_B"],"damage_healed":0,"gold_gain":0,"player_choice":"Upgrade and Remove","damage_taken":0,"max_hp_gain":0,"max_hp_loss":0,"event_name":"Designer","floor":37,"gold_loss":90,"cards_upgraded":["Bite"]},{"damage_healed":0,"gold_gain":0,"player_choice":"Paid","damage_taken":0,"relics_obtained":["Red Mask"],"max_hp_gain":0,"max_hp_loss":0,"event_name":"Tomb of Lord Red Mask","floor":42,"gold_loss":155},{"damage_healed":0,"gold_gain":100,"player_choice":"Pray","damage_taken":0,"max_hp_gain":0,"max_hp_loss":0,"event_name":"Golden Shrine","floor":46,"gold_loss":0}],"is_beta":false,"boss_relics":[{"not_picked":["Philosopher\u0027s Stone","Runic Pyramid"],"picked":"FrozenCore"},{"not_picked":["Velvet Choker","Cursed Key"],"picked":"Busted Crown"}],"items_purged_floors":[5,14,36,53],"is_endless":false,"potions_floor_spawned":[11,13,16,20,25,27,33,38,41,45],"ascension_level":6}}