{"host":"6xsbn6ynqlzwllfm","time":1612006891,"event":{"mods":["2.2 Compatiblity","BaseMod","Bestiary","Colored Map","Colored Powertips","Curses Come First","Highlight Path","Keyboard Shortcuts","Minty Spire (QoL Compilation)","Relic Stats","Slay the Relics Exporter","StSLib","SuperFastMode"],"gold_per_floor":[115,127,137,137,148,173,173,173,173],"floor_reached":8,"language":"ENG","playtime":278,"items_purged":[],"score":116,"play_id":"8cf71e4d-9ef3-488f-a769-eb96eb70db87","local_time":"20210130064131","is_ascension_mode":true,"campfire_choices":[{"data":"LessonLearned","floor":7,"key":"SMITH"}],"circlet_count":0,"master_deck":["AscendersBane","Strike_P","Strike_P","Strike_P","Strike_P","Defend_P","Defend_P","Defend_P","Defend_P","Eruption","Vigilance","PathToVictory","PathToVictory","Protect","Collect","LessonLearned+1"],"relics":["PureWater","Juzu Bracelet"],"acts_visited":["Exordium"],"potions_floor_usage":[5,8],"damage_taken":[{"damage":13,"enemies":"Cultist","floor":1,"turns":4},{"damage":0,"enemies":"Small Slimes","floor":2,"turns":3},{"damage":2,"enemies":"2 Louse","floor":3,"turns":2},{"damage":6,"enemies":"Large Slime","floor":5,"turns":6},{"damage":13,"enemies":"Lagavulin","floor":6,"turns":5},{"damage":62,"enemies":"Gremlin Nob","floor":8,"turns":4}],"seed_played":"-6082434454207150294","potions_obtained":[{"floor":2,"key":"EssenceOfSteel"},{"floor":3,"key":"Strength Potion"}],"is_trial":false,"path_per_floor":["M","M","M","?","M","E","R","E"],"character_chosen":"WATCHER","items_purchased":[],"campfire_rested":0,"item_purchase_floors":[],"current_hp_per_floor":[54,54,52,52,46,33,33,0,0],"gold":173,"neow_bonus":"TEN_PERCENT_HP_BONUS","is_daily":false,"chose_seed":false,"campfire_upgraded":1,"win_rate":0.0,"timestamp":1612006891,"path_taken":["M","M","M","?","M","E","R","E"],"items_purchased_type":[],"build_version":"2020-12-22","purchased_purges":0,"victory":false,"max_hp_per_floor":[74,74,74,74,74,74,74,74,74],"relic_stats":{"counters":[6,24],"Juzu Bracelet":0,"obtain_stats":[{"Juzu Bracelet":6,"PureWater":0},{"Juzu Bracelet":5,"PureWater":0},{"Juzu Bracelet":20,"PureWater":0}]},"card_choices":[{"not_picked":["ClearTheMind","Swivel"],"picked":"PathToVictory","floor":1},{"not_picked":["FollowUp","TalkToTheHand"],"picked":"PathToVictory","floor":2},{"not_picked":["EmptyBody","SashWhip"],"picked":"Protect","floor":3},{"not_picked":["Study","Adaptation"],"picked":"Collect","floor":5},{"not_picked":["Collect","Indignation"],"picked":"LessonLearned","floor":6}],"player_experience":1274258,"relics_obtained":[{"floor":6,"key":"Juzu Bracelet"}],"event_choices":[{"damage_healed":0,"gold_gain":0,"player_choice":"0 cards matched","damage_taken":0,"max_hp_gain":0,"max_hp_loss":0,"event_name":"Match and Keep!","floor":4,"gold_loss":0,"cards_obtained":[]}],"is_beta":false,"boss_relics":[],"items_purged_floors":[],"is_endless":false,"potions_floor_spawned":[2,3],"killed_by":"Gremlin Nob","ascension_level":20}}