{"host":"i0avyit1s6jb1siw","time":1612034543,"event":{"mods":["BaseMod","DeckTracker","Dota2Spire","Highlight Path","Minty Spire (QoL Compilation)","Quick Restart","StSLib","SuperFastMode"],"gold_per_floor":[115,190,21,34,34,59,59,77,77,108,133,133,144,144,154,54,54,129,129,129,201,201,215,215,215,44,57,57,82,82,106,132,152,152,181,181,196,196,271,271,271,271,271],"floor_reached":42,"language":"ENG","playtime":825,"items_purged":["Strike_R","Strike_R"],"score":1176,"play_id":"d84ff05c-a8f2-40a2-b5d0-ac4734a75441","local_time":"20210130202223","is_ascension_mode":true,"campfire_choices":[{"data":"Cleave","floor":7,"key":"SMITH"},{"data":"Clothesline","floor":9,"key":"SMITH"},{"floor":14,"key":"REST"},{"data":"Shrug It Off","floor":17,"key":"SMITH"},{"floor":20,"key":"REST"},{"data":"Immolate","floor":28,"key":"SMITH"},{"data":"Demon Form","floor":30,"key":"SMITH"},{"data":"Dual Wield","floor":34,"key":"SMITH"},{"floor":36,"key":"REST"},{"data":"Sword Boomerang","floor":38,"key":"SMITH"},{"floor":41,"key":"REST"}],"circlet_count":0,"master_deck":["AscendersBane","Strike_R+1","Strike_R","Defend_R+1","Defend_R+1","Defend_R+1","Defend_R","Bash+1","Cleave+1","Fire Breathing+1","Shrug It Off","Shrug It Off","Clothesline+1","Shrug It Off+1","Demon Form+1","Immolate+1","Sword Boomerang+1","Dual Wield+1","Armaments+1","Impervious"],"relics":["Burning Blood","Potion Belt","Dota2Spire:ShadowBlade","Philosopher\u0027s Stone","Dota2Spire:Bloodstone","Toolbox","Bag of Marbles","Oddly Smooth Stone","War Paint","Strawberry","Black Star"],"acts_visited":["Exordium","TheCity"],"potions_floor_usage":[10,21,29,35,42],"damage_taken":[{"damage":1,"enemies":"2 Louse","floor":1,"turns":3},{"damage":4,"enemies":"Small Slimes","floor":4,"turns":4},{"damage":2,"enemies":"3 Sentries","floor":6,"turns":5},{"damage":4,"enemies":"Jaw Worm","floor":8,"turns":3},{"damage":38,"enemies":"Lagavulin","floor":10,"turns":8},{"damage":4,"enemies":"Exordium Wildlife","floor":13,"turns":3},{"damage":0,"enemies":"3 Louse","floor":15,"turns":3},{"damage":43,"enemies":"Hexaghost","floor":18,"turns":11},{"damage":25,"enemies":"Hexaghost","floor":21,"turns":8},{"damage":0,"enemies":"Chosen","floor":23,"turns":3},{"damage":21,"enemies":"Spheric Guardian","floor":27,"turns":4},{"damage":21,"enemies":"Slavers","floor":29,"turns":3},{"damage":13,"enemies":"Chosen and Byrds","floor":33,"turns":5},{"damage":16,"enemies":"Book of Stabbing","floor":35,"turns":4},{"damage":0,"enemies":"Centurion and Healer","floor":37,"turns":3},{"damage":41,"enemies":"Automaton","floor":39,"turns":8},{"damage":59,"enemies":"Automaton","floor":42,"turns":8}],"seed_played":"1172613570086745521","potions_obtained":[{"floor":1,"key":"Fire Potion"},{"floor":6,"key":"FearPotion"},{"floor":8,"key":"Explosive Potion"},{"floor":10,"key":"SneckoOil"},{"floor":18,"key":"PowerPotion"},{"floor":21,"key":"SkillPotion"},{"floor":33,"key":"Dexterity Potion"},{"floor":37,"key":"Explosive Potion"}],"is_trial":false,"path_per_floor":["M","?","$","M","?","E","R","M","R","E","T","?","M","R","M","$","R","B",null,"R","B",null,"M","?","?","$","M","R","E","R","T","T","M","R","E","R","M","R","B",null,"R","B"],"character_chosen":"IRONCLAD","items_purchased":["Fire Breathing","Shrug It Off","Toolbox"],"campfire_rested":4,"item_purchase_floors":[3,3,26],"current_hp_per_floor":[73,62,62,64,64,68,68,70,70,38,38,15,17,39,45,45,45,8,8,30,11,59,65,65,65,65,50,50,35,35,35,35,28,28,25,49,55,55,20,20,44,0,0],"gold":271,"neow_bonus":"UPGRADE_CARD","is_daily":false,"chose_seed":false,"campfire_upgraded":7,"win_rate":0.0,"timestamp":1612034543,"path_taken":["M","?","$","M","?","E","R","M","R","E","T","?","M","R","M","?","R","BOSS","R","BOSS","M","?","?","$","M","R","E","R","T","T","M","R","E","R","?","R","BOSS","R","BOSS"],"items_purchased_type":["Card","Card","Relic"],"build_version":"2020-12-22","purchased_purges":2,"victory":false,"max_hp_per_floor":[75,75,75,75,75,75,75,75,75,75,75,75,75,75,75,75,75,75,75,75,75,75,75,75,75,75,75,75,75,75,75,75,75,75,82,82,82,82,82,82,82,82,82],"card_choices":[{"not_picked":["Sever Soul","Pummel"],"picked":"Cleave","floor":1},{"not_picked":["Twin Strike","Fire Breathing"],"picked":"Shrug It Off","floor":4},{"not_picked":["Demon Form","Thunderclap","Double Tap"],"picked":"SKIP","floor":6},{"not_picked":["Dark Embrace","Anger"],"picked":"Clothesline","floor":8},{"not_picked":["Cleave","Intimidate","Pummel"],"picked":"SKIP","floor":10},{"not_picked":["Brutality","Rampage"],"picked":"Shrug It Off","floor":13},{"not_picked":["Perfected Strike","Havoc","Warcry"],"picked":"SKIP","floor":15},{"not_picked":["Corruption","Exhume"],"picked":"Demon Form","floor":18},{"not_picked":["Double Tap","Corruption"],"picked":"Immolate","floor":21},{"not_picked":["Flex","Body Slam","Havoc"],"picked":"SKIP","floor":23},{"not_picked":["Anger+1","Feel No Pain","Heavy Blade"],"picked":"SKIP","floor":27},{"not_picked":["Warcry","Searing Blow+1"],"picked":"Sword Boomerang","floor":29},{"not_picked":["Anger","Rage"],"picked":"Dual Wield","floor":33},{"not_picked":["Flex+1","Heavy Blade+1"],"picked":"Armaments+1","floor":35},{"not_picked":["Clothesline","Rupture","Clash+1"],"picked":"SKIP","floor":37},{"not_picked":["Offering","Juggernaut"],"picked":"Impervious","floor":39}],"player_experience":2383993,"relics_obtained":[{"floor":6,"key":"Potion Belt"},{"floor":10,"key":"Dota2Spire:ShadowBlade"},{"floor":29,"key":"Bag of Marbles"},{"floor":31,"key":"Oddly Smooth Stone"},{"floor":32,"key":"War Paint"},{"floor":35,"key":"Strawberry"}],"event_choices":[{"damage_healed":0,"gold_gain":75,"player_choice":"Gather Gold","damage_taken":11,"max_hp_gain":0,"max_hp_loss":0,"event_name":"World of Goop","floor":2,"gold_loss":0},{"damage_healed":0,"gold_gain":0,"player_choice":"Grow","damage_taken":0,"max_hp_gain":0,"max_hp_loss":0,"event_name":"Living Wall","floor":5,"gold_loss":0,"cards_upgraded":["Fire Breathing"]},{"damage_healed":0,"gold_gain":0,"player_choice":"Entered Light","damage_taken":23,"max_hp_gain":0,"max_hp_loss":0,"event_name":"Shining Light","floor":12,"gold_loss":0,"cards_upgraded":["Strike_R","Defend_R"]},{"damage_healed":0,"gold_gain":0,"player_choice":"Ignored","damage_taken":0,"max_hp_gain":0,"max_hp_loss":0,"event_name":"Ghosts","floor":24,"gold_loss":0},{"cards_removed":["Strike_R"],"damage_healed":0,"gold_gain":0,"player_choice":"Purged","damage_taken":0,"max_hp_gain":0,"max_hp_loss":0,"event_name":"Purifier","floor":25,"gold_loss":0}],"is_beta":false,"boss_relics":[{"not_picked":["Black Blood","Busted Crown"],"picked":"Philosopher\u0027s Stone"},{"not_picked":["Calling Bell","Tiny House"],"picked":"Dota2Spire:Bloodstone"},{"not_picked":["Fusion Hammer","Sozu"],"picked":"Black Star"}],"items_purged_floors":[3,16],"is_endless":false,"potions_floor_spawned":[1,6,8,10,18,21,33,37],"killed_by":"Automaton","ascension_level":20}}