{"host":"ysj15tgd1sneq0s0","time":1612003995,"event":{"mods":["AchievementEnabler","BaseMod","DeckTracker","Highlight Path","Minty Spire (QoL Compilation)","Permanent Neow","Quick Restart","StSLib","SuperFastMode","everything is the same but u backflip on backflip"],"gold_per_floor":[113,129,129,129,304,330,266,285,356,356,212,22,53,73,73,169,169,189,41,41,59,78,78,104,203,230,230,230],"floor_reached":27,"language":"KOR","playtime":2465,"items_purged":["Strike_G"],"score":251,"play_id":"53754c10-9217-408d-89d6-ae84588cb87a","local_time":"20210130195315","is_ascension_mode":true,"campfire_choices":[{"floor":15,"key":"REST"},{"floor":23,"key":"REST"}],"circlet_count":0,"master_deck":["Strike_G","Strike_G+1","Defend_G","Defend_G","Defend_G","Defend_G","Survivor","Neutralize+1","Poisoned Stab+1","Deadly Poison","Deflect","Infinite Blades","Infinite Blades","Finisher+1","Blade Dance","Envenom","Cloak And Dagger+1","Deflect"],"relics":["Ring of the Snake","Toy Ornithopter","Omamori","Eternal Feather","Lee\u0027s Waffle","Oddly Smooth Stone","Empty Cage","Snake Skull","Whetstone","Vajra"],"acts_visited":["Exordium","TheCity"],"potions_floor_usage":[16,18,22,22],"damage_taken":[{"damage":0,"enemies":"Jaw Worm","floor":1,"turns":6},{"damage":0,"enemies":"2 Louse","floor":2,"turns":2},{"damage":11,"enemies":"Lagavulin","floor":6,"turns":8},{"damage":0,"enemies":"Small Slimes","floor":8,"turns":3},{"damage":25,"enemies":"3 Sentries","floor":13,"turns":9},{"damage":13,"enemies":"2 Fungi Beasts","floor":14,"turns":4},{"damage":35,"enemies":"The Guardian","floor":16,"turns":8},{"damage":25,"enemies":"2 Thieves","floor":18,"turns":5},{"damage":12,"enemies":"Shell Parasite","floor":21,"turns":5},{"damage":15,"enemies":"Shelled Parasite and Fungi","floor":22,"turns":7},{"damage":29,"enemies":"Book of Stabbing","floor":24,"turns":5},{"damage":49,"enemies":"Slavers","floor":27,"turns":4}],"seed_played":"-4246037237607950941","potions_obtained":[{"floor":8,"key":"LiquidBronze"},{"floor":13,"key":"DistilledChaos"},{"floor":14,"key":"DuplicationPotion"},{"floor":18,"key":"Fruit Juice"},{"floor":24,"key":"Swift Potion"}],"is_trial":false,"path_per_floor":["M","M","?","?","?","E","?","M","T","?","$","$","E","M","R","B",null,"M","$","?","M","M","R","E","?","T","E"],"character_chosen":"THE_SILENT","items_purchased":["Infinite Blades","Lee\u0027s Waffle","Infinite Blades","Snake Skull"],"campfire_rested":2,"item_purchase_floors":[11,12,12,19],"current_hp_per_floor":[70,70,63,63,63,52,52,52,52,52,52,77,52,39,71,41,77,57,57,57,45,45,78,49,49,49,0,0],"gold":230,"neow_bonus":"UPGRADE_CARD","is_daily":false,"chose_seed":false,"campfire_upgraded":0,"win_rate":0.0,"timestamp":1612003995,"path_taken":["M","M","?","?","?","E","?","?","T","?","?","$","E","M","R","BOSS","M","$","?","M","M","R","E","?","T","E"],"items_purchased_type":["Card","Relic","Card","Relic"],"build_version":"2020-12-22","purchased_purges":1,"victory":false,"max_hp_per_floor":[70,70,70,70,70,70,70,70,70,70,70,77,77,77,77,77,77,77,77,77,77,82,82,82,82,82,82,82],"card_choices":[{"not_picked":["Outmaneuver","PiercingWail"],"picked":"Poisoned Stab","floor":1},{"not_picked":["Terror","Flying Knee","Masterful Stab"],"picked":"SKIP","floor":2},{"not_picked":["Blade Dance","Flechettes"],"picked":"Deadly Poison","floor":6},{"not_picked":["Dagger Throw","Dash"],"picked":"Deflect","floor":8},{"not_picked":["Night Terror","Heel Hook"],"picked":"Finisher","floor":13},{"not_picked":["Sucker Punch","Flying Knee"],"picked":"Blade Dance","floor":14},{"not_picked":["Unload","Wraith Form v2"],"picked":"Envenom","floor":16},{"not_picked":["Prepared+1","Outmaneuver"],"picked":"Cloak And Dagger+1","floor":18},{"not_picked":["Prepared","Dagger Throw"],"picked":"Deflect","floor":21},{"not_picked":["Backflip","Riddle With Holes","Sucker Punch+1"],"picked":"SKIP","floor":22},{"not_picked":["Infinite Blades","Acrobatics+1","Leg Sweep"],"picked":"SKIP","floor":24}],"player_experience":41100,"relics_obtained":[{"floor":6,"key":"Toy Ornithopter"},{"floor":9,"key":"Eternal Feather"},{"floor":13,"key":"Oddly Smooth Stone"},{"floor":24,"key":"Whetstone"},{"floor":26,"key":"Vajra"}],"event_choices":[{"cards_removed":["Strike_G"],"damage_healed":0,"gold_gain":0,"player_choice":"Card Removal","damage_taken":7,"max_hp_gain":0,"max_hp_loss":0,"event_name":"Golden Wing","floor":3,"gold_loss":0},{"damage_healed":0,"gold_gain":0,"player_choice":"Grow","damage_taken":0,"max_hp_gain":0,"max_hp_loss":0,"event_name":"Living Wall","floor":4,"gold_loss":0,"cards_upgraded":["Poisoned Stab"]},{"damage_healed":0,"gold_gain":175,"player_choice":"AGREE","damage_taken":0,"max_hp_gain":0,"max_hp_loss":0,"event_name":"Liars Game","floor":5,"gold_loss":0,"cards_obtained":["Doubt"]},{"damage_healed":0,"gold_gain":0,"player_choice":"Paid Gold","damage_taken":0,"relics_obtained":["Omamori"],"max_hp_gain":0,"max_hp_loss":0,"event_name":"WeMeetAgain","floor":7,"gold_loss":64},{"damage_healed":0,"gold_gain":0,"cards_transformed":["Doubt"],"player_choice":"Transformed","damage_taken":0,"max_hp_gain":0,"max_hp_loss":0,"event_name":"Transmorgrifier","floor":10,"gold_loss":0,"cards_obtained":["Writhe"]},{"damage_healed":0,"gold_gain":0,"player_choice":"Ignored","damage_taken":0,"max_hp_gain":0,"max_hp_loss":0,"event_name":"Vampires","floor":20,"gold_loss":0},{"damage_healed":0,"gold_gain":99,"player_choice":"Stole From Cult","damage_taken":0,"max_hp_gain":0,"max_hp_loss":0,"event_name":"Nest","floor":25,"gold_loss":0}],"is_beta":false,"boss_relics":[{"not_picked":["SacredBark","Coffee Dripper"],"picked":"Empty Cage"}],"items_purged_floors":[11],"is_endless":false,"potions_floor_spawned":[8,13,14,18,24],"killed_by":"Slavers","ascension_level":1}}