{"host":"j7koecyuyeg298fi","time":1612032097,"event":{"mods":["BaseMod","Minty Spire (QoL Compilation)"],"gold_per_floor":[111,111,130,55,55,55,75,93,118,153,165,165,179,189,189,289,339,354,354,98,98,110,110,110,121,121,48,48,48],"floor_reached":28,"language":"ENG","playtime":2311,"items_purged":["Strike_B","Strike_B"],"score":245,"play_id":"b97247d5-ca49-4e8e-8c01-4275f701ad41","local_time":"20210130204137","is_ascension_mode":false,"campfire_choices":[{"data":"Dualcast","floor":6,"key":"SMITH"},{"data":"Rainbow","floor":12,"key":"SMITH"},{"data":"Streamline","floor":15,"key":"SMITH"},{"data":"Streamline","floor":23,"key":"SMITH"}],"circlet_count":0,"master_deck":["Defend_B","Defend_B","Defend_B","Defend_B","Zap","Dualcast+1","Cold Snap","Redo","Rainbow+1","Defragment","Leap+1","Capacitor","Streamline+1","Streamline+1","Hologram","Bite","Bite","Bite","Bite","Bite","Streamline+1","Barrage","Chaos"],"relics":["Velvet Choker","Omamori","Matryoshka","Meat on the Bone","Pen Nib","Akabeko","Tiny House","Medical Kit","Eternal Feather","Anchor","Ancient Tea Set"],"acts_visited":["Exordium","TheCity"],"potions_floor_usage":[],"damage_taken":[{"damage":1,"enemies":"Jaw Worm","floor":1,"turns":3},{"damage":0,"enemies":"Cultist","floor":3,"turns":3},{"damage":2,"enemies":"2 Louse","floor":7,"turns":3},{"damage":0,"enemies":"2 Fungi Beasts","floor":8,"turns":3},{"damage":11,"enemies":"Lagavulin","floor":10,"turns":6},{"damage":7,"enemies":"Blue Slaver","floor":11,"turns":3},{"damage":21,"enemies":"Gremlin Gang","floor":13,"turns":4},{"damage":4,"enemies":"Lots of Slimes","floor":14,"turns":4},{"damage":7,"enemies":"Slime Boss","floor":16,"turns":9},{"damage":8,"enemies":"Shell Parasite","floor":18,"turns":4},{"damage":13,"enemies":"Spheric Guardian","floor":22,"turns":5},{"damage":8,"enemies":"Snecko","floor":25,"turns":3},{"damage":52,"enemies":"Slavers","floor":28,"turns":5}],"seed_played":"8963296089546057176","potions_obtained":[{"floor":1,"key":"GamblersBrew"},{"floor":13,"key":"DuplicationPotion"},{"floor":14,"key":"GamblersBrew"},{"floor":16,"key":"Regen Potion"},{"floor":17,"key":"LiquidBronze"}],"is_trial":false,"path_per_floor":["M","?","M","$","T","R","M","M","T","E","M","R","M","M","R","B",null,"M","?","$","?","M","R","?","M","T","$","E"],"character_chosen":"DEFECT","items_purchased":["Medical Kit","Chaos"],"campfire_rested":0,"item_purchase_floors":[20,27],"current_hp_per_floor":[74,74,74,74,74,74,72,72,72,61,54,54,45,41,41,46,80,72,72,72,56,45,45,45,43,43,43,0,0],"gold":48,"neow_bonus":"BOSS_RELIC","is_daily":false,"chose_seed":false,"campfire_upgraded":4,"win_rate":0.0,"timestamp":1612032097,"path_taken":["M","?","?","?","?","R","M","?","T","E","M","R","M","M","R","BOSS","M","?","$","?","M","R","?","M","T","?","E"],"items_purchased_type":["Relic","Card"],"build_version":"2020-12-22","purchased_purges":2,"victory":false,"max_hp_per_floor":[75,75,75,75,75,75,75,75,75,75,75,75,75,75,75,75,80,80,80,80,56,56,56,56,56,56,56,56,56],"card_choices":[{"not_picked":["Chaos","White Noise"],"picked":"Cold Snap","floor":1},{"not_picked":["Barrage","Turbo"],"picked":"Redo","floor":3},{"not_picked":["Beam Cell","Go for the Eyes"],"picked":"Rainbow","floor":7},{"not_picked":["Consume","Gash","Stack"],"picked":"SKIP","floor":8},{"not_picked":["Aggregate","Turbo"],"picked":"Defragment","floor":10},{"not_picked":["Aggregate","Reprogram"],"picked":"Leap","floor":11},{"not_picked":["Rebound","Compile Driver"],"picked":"Capacitor","floor":13},{"not_picked":["Rebound","Storm"],"picked":"Streamline","floor":14},{"not_picked":["Lockon","BootSequence"],"picked":"Streamline","floor":17},{"not_picked":["White Noise","Gash"],"picked":"Hologram","floor":18},{"not_picked":["Heatsinks","Capacitor"],"picked":"Streamline+1","floor":22},{"not_picked":["Redo","Rip and Tear"],"picked":"Barrage","floor":25}],"player_experience":180189,"relics_obtained":[{"floor":5,"key":"Matryoshka"},{"floor":9,"key":"Meat on the Bone"},{"floor":9,"key":"Pen Nib"},{"floor":10,"key":"Akabeko"},{"floor":26,"key":"Anchor"},{"floor":26,"key":"Ancient Tea Set"}],"event_choices":[{"damage_healed":0,"gold_gain":0,"player_choice":"Gave Potion","damage_taken":0,"relics_obtained":["Omamori"],"max_hp_gain":0,"max_hp_loss":0,"event_name":"WeMeetAgain","floor":2,"gold_loss":0},{"cards_removed":["Strike_B"],"damage_healed":0,"gold_gain":0,"player_choice":"Elegance","damage_taken":0,"max_hp_gain":0,"max_hp_loss":0,"event_name":"Back to Basics","floor":19,"gold_loss":0},{"damage_healed":0,"gold_gain":0,"player_choice":"Became a vampire","damage_taken":0,"max_hp_gain":0,"max_hp_loss":24,"event_name":"Vampires","floor":21,"gold_loss":0,"cards_obtained":["Bite","Bite","Bite","Bite","Bite"]},{"damage_healed":0,"gold_gain":0,"player_choice":"Opened","damage_taken":0,"relics_obtained":["Eternal Feather"],"max_hp_gain":0,"max_hp_loss":0,"event_name":"The Mausoleum","floor":24,"gold_loss":0,"cards_obtained":["Writhe"]}],"is_beta":false,"boss_relics":[{"not_picked":["Fusion Hammer","Busted Crown"],"picked":"Tiny House"}],"items_purged_floors":[4,20],"is_endless":false,"potions_floor_spawned":[1,13,14,16,25],"killed_by":"Slavers","ascension_level":0}}