{"host":"h78e02h09yhg9y5r","time":1612020375,"event":{"mods":["ATMod(阿瑾Mod)","AchievementEnabler","Act Like it!","Arknights The Spire","Aspiration","BaseMod","BetterRewards","Dota2Spire","Hermit","KinomotoSakuraMod(木之本樱)","Minty Spire (QoL Compilation)","MostiFishMod","Relic Filter Mod","RumiaBox-露米娅的神秘盒子","SIMod","Shop Mod","Spicy Shops","StSLib","The Blackbeard","The Runesmith","The Servant 0.9.4","【功能Mod】混沌之环修复补丁"],"gold_per_floor":[109,109,120,120,139,169,180,180,180,211,211,224,244,269,269,367,367,383,383,482,482,482,532,532,532,532,583,583,622,658,273,273,398,398,457,488,578,85,0,100,140,207,231,44,134,134,213,111,111,161],"floor_reached":51,"language":"ZHS","playtime":2789,"items_purged":["blackbeard:BlackbeardStrike","blackbeard:BlackbeardStrike","blackbeard:BlackbeardDefend","blackbeard:SmithingHammer","blackbeard:BlackbeardDefend"],"score":1063,"play_id":"f9e5141e-b7d1-418f-b93b-ca4419233940","local_time":"20210130232615","is_ascension_mode":false,"campfire_choices":[{"data":"blackbeard:GoldenStrike","floor":8,"key":"SMITH"},{"data":"blackbeard:CatONineTails","floor":11,"key":"SMITH"},{"data":"blackbeard:Salvager","floor":15,"key":"SMITH"},{"data":"blackbeard:ReapersScythe","floor":25,"key":"SMITH"},{"data":"blackbeard:Lifeboat","floor":28,"key":"SMITH"},{"data":"blackbeard:Cutlass","floor":32,"key":"SMITH"},{"data":"blackbeard:BlackbeardStrike","floor":46,"key":"SMITH"},{"data":"blackbeard:BlackbeardStrike","floor":49,"key":"SMITH"}],"circlet_count":0,"master_deck":["blackbeard:BlackbeardStrike+1","blackbeard:BlackbeardStrike+1","blackbeard:IntimidatingStrike+1","blackbeard:BlackbeardDefend","blackbeard:BlackbeardDefend","blackbeard:Cutlass+1","blackbeard:ChaoticDefense+1","blackbeard:GoldenCannonball+1","blackbeard:CatONineTails+1","blackbeard:GoldenStrike+1","blackbeard:Lifeboat+1","blackbeard:Salvager+1","blackbeard:ReapersScythe+1","blackbeard:BuriedTreasure+1","blackbeard:InfiniteBarrage+1","blackbeard:FinalBarrage+1","blackbeard:GoldenDefense+1"],"relics":["blackbeard:LoadTheCannons","DaveBox","AT_ATBox","blackbeard:PoorMathSkills","Dota2Spire:PowerTreads","SynthV:TestCard","Pyrelight","AT_EbonyIvory","blackbeard:HipFlask","SSSystem","Dota2Spire:RefresherOrb","HornCleat","AT_SilvercatRing","Omamori","Membership Card","MerchantsRug","EGODaCapo","GuanYuAspect","FossilizedHelix","Dota2Spire:HandOfMidas","ImprovedEquipment","blackbeard:MagicalCauldron","Anchor","Red Mask","StrikeDummy","Juzu Bracelet","blackbeard:CannonballsOfSteel","Dota2Spire:HeartOfTarrasque","aspiration:FetidBarrel","Vajra"],"acts_visited":["Exordium","TheCity","TheBeyond"],"potions_floor_usage":[10,12,23,27,27,27,33,40,42,45,47,50,50],"damage_taken":[{"damage":0,"enemies":"Cultist","floor":1,"turns":3},{"damage":0,"enemies":"Small Slimes","floor":3,"turns":3},{"damage":0,"enemies":"2 Louse","floor":5,"turns":2},{"damage":5,"enemies":"Gremlin Nob","floor":6,"turns":4},{"damage":0,"enemies":"Looter","floor":7,"turns":2},{"damage":8,"enemies":"Lagavulin","floor":10,"turns":5},{"damage":0,"enemies":"Large Slime","floor":12,"turns":1},{"damage":0,"enemies":"3 Louse","floor":13,"turns":2},{"damage":0,"enemies":"Gremlin Nob","floor":14,"turns":2},{"damage":4,"enemies":"Hexaghost","floor":16,"turns":9},{"damage":4,"enemies":"Shell Parasite","floor":18,"turns":5},{"damage":14,"enemies":"Slavers","floor":23,"turns":5},{"damage":12,"enemies":"Book of Stabbing","floor":27,"turns":5},{"damage":0,"enemies":"2 Thieves","floor":29,"turns":3},{"damage":0,"enemies":"3 Cultists","floor":30,"turns":3},{"damage":6,"enemies":"Automaton","floor":33,"turns":6},{"damage":0,"enemies":"3 Darklings","floor":35,"turns":3},{"damage":0,"enemies":"Orb Walker","floor":36,"turns":2},{"damage":1,"enemies":"2 Orb Walkers","floor":37,"turns":5},{"damage":0,"enemies":"Giant Head","floor":40,"turns":5},{"damage":0,"enemies":"Sphere and 2 Shapes","floor":41,"turns":3},{"damage":0,"enemies":"Spire Growth","floor":42,"turns":2},{"damage":0,"enemies":"3 Darklings","floor":45,"turns":5},{"damage":0,"enemies":"Nemesis","floor":47,"turns":5},{"damage":0,"enemies":"Donu and Deca","floor":50,"turns":5}],"seed_played":"-6118969512329293064","potions_obtained":[{"floor":2,"key":"Fire Potion"},{"floor":2,"key":"Regen Potion"},{"floor":2,"key":"SkillPotion"},{"floor":10,"key":"Fire Potion"},{"floor":23,"key":"EntropicBrew"},{"floor":29,"key":"Dota2Spire:HealingSalve"},{"floor":35,"key":"Dota2Spire:Clarity"},{"floor":37,"key":"PowerPotion"}],"is_trial":false,"path_per_floor":["M","?","M","?","M","E","M","R","T","E","R","M","M","E","R","B",null,"M","?","?","?","?","E","?","R","T","E","R","M","M","$","R","B",null,"M","M","?","$","?","E","M","M","T","$","M","R","E","?","R","B",null],"character_chosen":"BLACKBEARD_CLASS","items_purchased":["blackbeard:PoorMathSkills","Dota2Spire:PowerTreads","Membership Card","MerchantsRug","blackbeard:InfiniteBarrage+1","Dota2Spire:HandOfMidas","ImprovedEquipment","blackbeard:MagicalCauldron","Anchor","blackbeard:CannonballsOfSteel","Dota2Spire:HeartOfTarrasque"],"campfire_rested":0,"item_purchase_floors":[0,0,31,31,31,38,38,38,38,44,44],"current_hp_per_floor":[75,75,75,75,75,70,70,70,70,62,62,62,62,62,62,58,75,71,57,57,80,72,58,58,58,58,58,58,58,58,58,58,52,40,40,40,40,40,40,40,40,40,40,44,48,48,48,48,48,48],"gold":161,"neow_bonus":"","is_daily":false,"chose_seed":false,"campfire_upgraded":8,"win_rate":0.0,"timestamp":1612020375,"path_taken":["M","?","?","?","M","E","M","R","T","E","R","M","M","E","R","BOSS","M","?","?","?","?","E","?","R","T","E","R","M","M","$","R","BOSS","M","?","?","$","?","E","M","M","T","$","M","R","E","?","R","BOSS"],"items_purchased_type":["Relic","Relic","Relic","Relic","Card","Relic","Relic","Relic","Relic","Relic","Relic"],"build_version":"2020-12-22","purchased_purges":5,"victory":true,"max_hp_per_floor":[75,75,75,75,75,75,75,75,75,75,75,75,75,75,75,75,75,75,80,80,80,80,80,80,80,80,80,80,80,80,80,80,80,40,40,40,40,40,40,40,40,40,40,48,48,48,48,48,48,48],"card_choices":[{"not_picked":["blackbeard:Scrap","blackbeard:Toast"],"picked":"blackbeard:ChaoticDefense","floor":1},{"not_picked":["blackbeard:DoubleBottom","blackbeard:Shrapnel","blackbeard:CannonballSupply","blackbeard:CloakAndCannonball"],"picked":"blackbeard:SmithingHammer","floor":3},{"not_picked":["blackbeard:TerrorOfTheSeas","blackbeard:FieryDefense","blackbeard:WoodenLeg","blackbeard:PiratesWill"],"picked":"blackbeard:GoldenCannonball","floor":5},{"not_picked":["blackbeard:Shrapnel","blackbeard:JollyRoger","blackbeard:ArmorUp","blackbeard:Provisioning"],"picked":"blackbeard:CatONineTails","floor":6},{"not_picked":["blackbeard:FieryDefense","blackbeard:GoldenDefense","blackbeard:WiseDefense","blackbeard:Dagger"],"picked":"blackbeard:GoldenStrike","floor":7},{"not_picked":["blackbeard:GoldenStrike","blackbeard:TacticalRetreat","blackbeard:Sword","blackbeard:Dagger"],"picked":"blackbeard:Lifeboat","floor":10},{"not_picked":["blackbeard:Sharpening","blackbeard:BeatUp","blackbeard:CannonBarrage","blackbeard:GoldenStrike","blackbeard:Sword"],"picked":"SKIP","floor":12},{"not_picked":["blackbeard:WiseDefense","blackbeard:GhostInTheRum","blackbeard:VengefulSpirit","blackbeard:Dagger","blackbeard:FishingNets"],"picked":"SKIP","floor":13},{"not_picked":["blackbeard:WiseDefense","blackbeard:WeaponProficiency","blackbeard:BlindAttacks","blackbeard:Toast"],"picked":"blackbeard:Salvager","floor":14},{"not_picked":["blackbeard:Lifeboat","blackbeard:TheDrunkenSailor","blackbeard:Salvager","blackbeard:CaptainsHat"],"picked":"blackbeard:ReapersScythe","floor":16},{"not_picked":["blackbeard:Fencing","blackbeard:VengefulSpirit","blackbeard:Shrapnel","blackbeard:Sharpening+1"],"picked":"blackbeard:BuriedTreasure","floor":18},{"not_picked":["blackbeard:PiratesWill","blackbeard:Revenge","blackbeard:Provisioning+1","blackbeard:CaptainsCabin","blackbeard:ChaoticDefense"],"picked":"SKIP","floor":23},{"not_picked":["blackbeard:Bandana+1","blackbeard:Spear","blackbeard:Provisioning","blackbeard:PowerHungry","blackbeard:AgileStrike+1"],"picked":"SKIP","floor":27},{"not_picked":["blackbeard:Fencing","blackbeard:Spear","blackbeard:CaptainsCabin+1","blackbeard:Toast","blackbeard:RearmingStrike"],"picked":"SKIP","floor":29},{"not_picked":["blackbeard:Spear","blackbeard:Sharpening","blackbeard:BuriedTreasure","blackbeard:Dagger","blackbeard:TerrorOfTheSeas+1"],"picked":"SKIP","floor":30},{"not_picked":["blackbeard:CaptainsHat+1","blackbeard:HumongousCannonball","blackbeard:BountyHunter","blackbeard:Parrot+1"],"picked":"blackbeard:FinalBarrage","floor":33},{"not_picked":["blackbeard:CloakAndCannonball","blackbeard:AgileStrike","blackbeard:DeadlyArsenal","blackbeard:BrownPants+1","blackbeard:Bandana+1"],"picked":"SKIP","floor":35},{"not_picked":["blackbeard:SwordDance+1","blackbeard:BrownPants+1","blackbeard:GoldenStrike","blackbeard:DoubleCannonball+1","blackbeard:BlindAttacks"],"picked":"SKIP","floor":36},{"not_picked":["blackbeard:GhostInTheRum+1","blackbeard:DeadlyArsenal+1","blackbeard:DoubleBottom","blackbeard:BlindAttacks"],"picked":"blackbeard:GoldenDefense+1","floor":40},{"not_picked":["blackbeard:GoldenGuillotine","blackbeard:TerrorOfTheSeas+1","blackbeard:SmithingHammer+1","blackbeard:CannonballSupply","blackbeard:Spear+1"],"picked":"SKIP","floor":41},{"not_picked":["blackbeard:Shrapnel","blackbeard:Fencing+1","blackbeard:DoubleCannonball","blackbeard:DeadlyArsenal","blackbeard:CloakAndCannonball+1"],"picked":"SKIP","floor":42},{"not_picked":["blackbeard:Sharpening","blackbeard:PiratesWill","blackbeard:Spear+1","blackbeard:FieryDefense","blackbeard:Dagger+1"],"picked":"SKIP","floor":45},{"not_picked":["blackbeard:DeadlyArsenal","blackbeard:GoldenStrike+1","blackbeard:AgileStrike+1","blackbeard:FinalBarrage","blackbeard:WeaponProficiency"],"picked":"SKIP","floor":47}],"player_experience":529498,"relics_obtained":[{"floor":1,"key":"SynthV:TestCard"},{"floor":6,"key":"AT_EbonyIvory"},{"floor":9,"key":"blackbeard:HipFlask"},{"floor":10,"key":"SSSystem"},{"floor":14,"key":"Turnip"},{"floor":23,"key":"AT_SilvercatRing"},{"floor":26,"key":"Frozen Egg 2"},{"floor":27,"key":"Omamori"},{"floor":37,"key":"FossilizedHelix"},{"floor":40,"key":"StrikeDummy"},{"floor":43,"key":"Juzu Bracelet"},{"floor":47,"key":"aspiration:FetidBarrel"}],"event_choices":[{"damage_healed":0,"gold_gain":0,"player_choice":"Got Potions","damage_taken":0,"max_hp_gain":0,"max_hp_loss":0,"event_name":"Lab","floor":2,"gold_loss":0},{"damage_healed":0,"gold_gain":0,"player_choice":"Shed Blood","damage_taken":19,"max_hp_gain":5,"max_hp_loss":0,"event_name":"Forgotten Altar","floor":19,"gold_loss":0},{"damage_healed":0,"gold_gain":99,"player_choice":"Stole From Cult","damage_taken":0,"max_hp_gain":0,"max_hp_loss":0,"event_name":"Nest","floor":20,"gold_loss":0},{"damage_healed":26,"gold_gain":0,"player_choice":"Heal","damage_taken":0,"max_hp_gain":0,"max_hp_loss":0,"event_name":"The Library","floor":21,"gold_loss":0},{"damage_healed":0,"gold_gain":0,"player_choice":"HornCleat","damage_taken":0,"relics_obtained":["HornCleat"],"max_hp_gain":0,"max_hp_loss":0,"event_name":"blackbeard:ShipwreckEvent","floor":22,"gold_loss":0},{"damage_healed":0,"gold_gain":0,"player_choice":"Upgraded","damage_taken":0,"max_hp_gain":0,"max_hp_loss":0,"event_name":"Upgrade Shrine","floor":24,"gold_loss":0,"cards_upgraded":["blackbeard:BuriedTreasure"]},{"damage_healed":0,"gold_gain":0,"player_choice":"Fight","damage_taken":0,"max_hp_gain":0,"max_hp_loss":0,"event_name":"Mysterious Sphere","floor":37,"gold_loss":0},{"damage_healed":0,"gold_gain":0,"player_choice":"Paid","damage_taken":0,"relics_obtained":["Red Mask"],"max_hp_gain":0,"max_hp_loss":0,"event_name":"Tomb of Lord Red Mask","floor":39,"gold_loss":85},{"damage_healed":0,"gold_gain":0,"player_choice":"Paid Gold","damage_taken":0,"relics_obtained":["Vajra"],"max_hp_gain":0,"max_hp_loss":0,"event_name":"WeMeetAgain","floor":48,"gold_loss":102}],"is_beta":false,"boss_relics":[{"not_picked":["blackbeard:LoadTheGoldenCannons","Fusion Hammer"],"picked":"Dota2Spire:RefresherOrb"},{"not_picked":["Snecko Eye","aspiration:DefectSkillbook"],"picked":"GuanYuAspect"}],"items_purged_floors":[0,31,31,38,44],"is_endless":false,"potions_floor_spawned":[5,6,7,10,23,29,35,37,45],"ascension_level":0}}