{"host":"c3lc60y5x60jlt1y","time":1612026700,"event":{"mods":["AchievementEnabler","BaseMod","Bestiary","Colored Map","Minty Spire (QoL Compilation)","Quick Restart","StSLib","ojb\u0027s Info Mod"],"gold_per_floor":[119,138,213,14,26,26,39,39,39,39,4,23,23,34,34,129,129,139,139,139,63,73,73,83,100,100,100,118,128,128,142,142,244,244,258,258,258,60,79,79,91,91,91,105,105,105,105,121,121,121],"floor_reached":51,"language":"ENG","playtime":5388,"items_purged":["Strike_B","Defend_B"],"score":641,"play_id":"341b5df6-97e6-4638-9f53-9b6b41ad446f","local_time":"20210130191140","is_ascension_mode":false,"campfire_choices":[{"data":"Defragment","floor":6.0,"key":"SMITH"},{"data":"Sweeping Beam","floor":10.0,"key":"SMITH"},{"data":"Zap","floor":15.0,"key":"SMITH"},{"data":"Aggregate","floor":23.0,"key":"SMITH"},{"data":"Echo Form","floor":27.0,"key":"SMITH"},{"data":"Capacitor","floor":30.0,"key":"SMITH"},{"floor":32.0,"key":"REST"},{"floor":40.0,"key":"REST"},{"data":"Self Repair","floor":45.0,"key":"SMITH"},{"data":"Madness","floor":47.0,"key":"SMITH"},{"floor":49,"key":"REST"}],"circlet_count":0,"master_deck":["Strike_B","Strike_B","Defend_B","Defend_B","Defend_B","Zap+1","Dualcast","Defragment+1","Sweeping Beam+1","Loop","Hologram","Chill","Barrage","FTL","Aggregate+1","Echo Form+1","Darkness","Capacitor+1","Glacier","Self Repair+1","Compile Driver+1","Coolheaded","Skim+1","Glacier","Rainbow","Coolheaded+1","Madness","Madness+1","Enlightenment","Capacitor+1","Storm+1","Ball Lightning"],"relics":["Cracked Core"],"acts_visited":["Exordium","TheCity","TheBeyond"],"potions_floor_usage":[48,50],"damage_taken":[{"damage":10.0,"enemies":"Small Slimes","floor":1.0,"turns":3.0},{"damage":2.0,"enemies":"2 Louse","floor":2.0,"turns":2.0},{"damage":6.0,"enemies":"Jaw Worm","floor":5.0,"turns":4.0},{"damage":8.0,"enemies":"2 Fungi Beasts","floor":7.0,"turns":3.0},{"damage":5.0,"enemies":"Exordium Thugs","floor":12.0,"turns":4.0},{"damage":11.0,"enemies":"Large Slime","floor":14.0,"turns":4.0},{"damage":0.0,"enemies":"Slime Boss","floor":16.0,"turns":6.0},{"damage":17.0,"enemies":"2 Thieves","floor":18.0,"turns":4.0},{"damage":6.0,"enemies":"Shell Parasite","floor":22.0,"turns":8.0},{"damage":11.0,"enemies":"Centurion and Healer","floor":24.0,"turns":9.0},{"damage":14.0,"enemies":"Sentry and Sphere","floor":25.0,"turns":7.0},{"damage":3.0,"enemies":"Snecko","floor":28.0,"turns":6.0},{"damage":27.0,"enemies":"Centurion and Healer","floor":29.0,"turns":7.0},{"damage":13.0,"enemies":"3 Cultists","floor":31.0,"turns":7.0},{"damage":44.0,"enemies":"Automaton","floor":33.0,"turns":14.0},{"damage":15.0,"enemies":"Orb Walker","floor":35.0,"turns":6.0},{"damage":32.0,"enemies":"3 Darklings","floor":39.0,"turns":6.0},{"damage":22.0,"enemies":"Maw","floor":41.0,"turns":10.0},{"damage":23.0,"enemies":"Spire Growth","floor":44.0,"turns":7.0},{"damage":26,"enemies":"Jaw Worm Horde","floor":48,"turns":8},{"damage":37,"enemies":"Time Eater","floor":50,"turns":15}],"seed_played":"-1617532480074615048","potions_obtained":[{"floor":1.0,"key":"SkillPotion"},{"floor":5.0,"key":"GamblersBrew"},{"floor":14.0,"key":"ColorlessPotion"},{"floor":22.0,"key":"AttackPotion"},{"floor":29.0,"key":"SneckoOil"},{"floor":33.0,"key":"EssenceOfDarkness"},{"floor":35.0,"key":"EssenceOfSteel"},{"floor":39.0,"key":"SkillPotion"}],"is_trial":false,"path_per_floor":["M","M","?","$","M","R","M","?","T","R","?","M","T","M","R","B",null,"M","?","T","$","M","R","M","M","T","R","M","M","R","M","R","B",null,"M","?","?","$","M","R","M","T","T","M","R","?","R","M","R","B",null],"character_chosen":"DEFECT","items_purchased":["Loop","Hologram","Glacier","Enlightenment"],"campfire_rested":3,"item_purchase_floors":[4,4,21,38],"current_hp_per_floor":[72,70,59,59,53,53,45,45,45,45,65,60,60,49,49,49,82,65,65,65,65,59,59,55,48,48,48,52,32,32,26,50,13,82,74,74,64,64,39,63,55,55,55,46,46,46,46,30,54,27],"gold":121,"neow_bonus":"TEN_PERCENT_HP_BONUS","is_daily":false,"chose_seed":false,"campfire_upgraded":8,"win_rate":0.0,"timestamp":1612026700,"path_taken":["M","M","?","$","M","R","M","?","T","R","?","M","?","?","R","BOSS","M","?","?","$","M","R","M","M","T","R","M","M","R","M","R","BOSS","M","?","?","$","M","R","M","?","T","M","R","?","R","M","R","BOSS"],"items_purchased_type":["Card","Card","Card","Card"],"build_version":"2020-12-22","purchased_purges":2,"victory":true,"max_hp_per_floor":[82,82,82,82,82,82,82,82,82,82,82,82,82,82,82,82,82,82,82,82,82,82,82,82,82,82,82,82,82,82,82,82,82,82,82,82,82,82,82,82,82,82,82,82,82,82,82,82,82,82],"card_choices":[{"not_picked":["Barrage","Hologram"],"picked":"Defragment","floor":1.0},{"not_picked":["Cold Snap","Hologram"],"picked":"Sweeping Beam","floor":2.0},{"not_picked":["Genetic Algorithm","Barrage"],"picked":"Chill","floor":5.0},{"not_picked":["Go for the Eyes","Cold Snap"],"picked":"Barrage","floor":7.0},{"not_picked":["Steam","Heatsinks"],"picked":"FTL","floor":12.0},{"not_picked":["Ball Lightning","Chill"],"picked":"Aggregate","floor":14.0},{"not_picked":["All For One","Fission"],"picked":"Echo Form","floor":16.0},{"not_picked":["Conserve Battery","Barrage"],"picked":"Darkness","floor":18.0},{"not_picked":["Conserve Battery","Undo"],"picked":"Self Repair","floor":22.0},{"not_picked":["Darkness","FTL"],"picked":"Compile Driver+1","floor":24.0},{"not_picked":["Melter","Ball Lightning+1"],"picked":"Coolheaded","floor":25.0},{"not_picked":["Conserve Battery","Steam"],"picked":"Skim+1","floor":28.0},{"not_picked":["Sweeping Beam","Gash","Genetic Algorithm"],"picked":"SKIP","floor":29.0},{"not_picked":["Reinforced Body+1","Auto Shields"],"picked":"Glacier","floor":31.0},{"not_picked":["Biased Cognition","Thunder Strike"],"picked":"Rainbow","floor":33.0},{"not_picked":["Hello World","Compile Driver"],"picked":"Coolheaded+1","floor":35.0},{"not_picked":["Gash+1","Coolheaded","Auto Shields+1"],"picked":"SKIP","floor":39.0},{"not_picked":["Sunder","Force Field"],"picked":"Capacitor+1","floor":41.0},{"not_picked":["BootSequence","Scrape+1"],"picked":"Storm+1","floor":44.0},{"not_picked":["Meteor Strike","Sweeping Beam"],"picked":"Ball Lightning","floor":48}],"player_experience":8836734,"relics_obtained":[],"event_choices":[{"damage_healed":0.0,"max_hp_gain":0.0,"max_hp_loss":0.0,"gold_gain":75.0,"event_name":"World of Goop","player_choice":"Gather Gold","floor":3.0,"gold_loss":0.0,"damage_taken":11.0},{"damage_healed":0.0,"max_hp_gain":0.0,"max_hp_loss":0.0,"gold_gain":0.0,"event_name":"Liars Game","player_choice":"Ignored","floor":8.0,"gold_loss":0.0,"damage_taken":0.0},{"damage_healed":20.0,"max_hp_gain":0.0,"max_hp_loss":0.0,"gold_gain":0.0,"event_name":"The Cleric","player_choice":"Healed","floor":11.0,"gold_loss":35.0,"damage_taken":0.0},{"damage_healed":0.0,"max_hp_gain":0.0,"max_hp_loss":0.0,"gold_gain":0.0,"event_name":"The Library","player_choice":"Read","floor":19.0,"gold_loss":0.0,"damage_taken":0.0,"cards_obtained":["Capacitor"]},{"cards_removed":["Strike_B"],"damage_healed":0.0,"max_hp_gain":0.0,"max_hp_loss":0.0,"gold_gain":0.0,"event_name":"Falling","player_choice":"Removed Attack","floor":36.0,"gold_loss":0.0,"damage_taken":0.0},{"damage_healed":0.0,"max_hp_gain":0.0,"max_hp_loss":0.0,"gold_gain":0.0,"event_name":"Winding Halls","player_choice":"Embrace Madness","floor":37.0,"gold_loss":0.0,"damage_taken":10.0,"cards_obtained":["Madness","Madness"]},{"damage_healed":0.0,"max_hp_gain":0.0,"max_hp_loss":0.0,"gold_gain":0.0,"event_name":"Mysterious Sphere","player_choice":"Ignored","floor":46.0,"gold_loss":0.0,"damage_taken":0.0}],"is_beta":false,"boss_relics":[{"not_picked":["SlaversCollar","Empty Cage","Busted Crown"]},{"not_picked":["SlaversCollar","Empty Cage","Busted Crown"]}],"items_purged_floors":[4,38],"is_endless":false,"potions_floor_spawned":[1,5,14,22,29,33,35,39],"ascension_level":0}}