{"host":"syozzdlzcqop4jia","time":1612048297,"event":{"mods":["BaseMod","Colored Map","Colored Powertips","Minty Spire (QoL Compilation)","Quick Restart"],"gold_per_floor":[115,128,128,9,21,21,39,39,63,88,88,38,73,90,90,193,193,211,224,323,338,338,363,363,363],"floor_reached":24,"language":"ENG","playtime":2215,"items_purged":[],"score":260,"play_id":"7e90864b-3b2c-4d3e-b7ea-65364ec28bbe","local_time":"20210131001137","is_ascension_mode":true,"campfire_choices":[{"data":"Seeing Red","floor":6,"key":"SMITH"},{"data":"Flame Barrier","floor":8,"key":"SMITH"},{"data":"Anger","floor":11,"key":"SMITH"},{"data":"Flex","floor":15,"key":"SMITH"}],"circlet_count":0,"master_deck":["Strike_R","Strike_R","Strike_R+1","Strike_R","Defend_R","Defend_R","Defend_R","Defend_R","Bash","Ghostly Armor+1","Seeing Red+1","Battle Trance","Flex+1","Flame Barrier+1","Twin Strike","Anger+1","Intimidate","Anger","Double Tap","Anger","Armaments+1","Battle Trance","Searing Blow"],"relics":["Burning Blood","Regal Pillow","Anchor","Vajra","Black Star","The Courier","StoneCalendar","Shuriken"],"acts_visited":["Exordium","TheCity"],"potions_floor_usage":[14,16,21],"damage_taken":[{"damage":0,"enemies":"Small Slimes","floor":1,"turns":3},{"damage":8,"enemies":"Jaw Worm","floor":2,"turns":5},{"damage":1,"enemies":"Cultist","floor":5,"turns":4},{"damage":5,"enemies":"3 Louse","floor":7,"turns":3},{"damage":7,"enemies":"Lagavulin","floor":10,"turns":10},{"damage":40,"enemies":"Gremlin Nob","floor":13,"turns":5},{"damage":0,"enemies":"Blue Slaver","floor":14,"turns":3},{"damage":53,"enemies":"Hexaghost","floor":16,"turns":6},{"damage":0,"enemies":"3 Byrds","floor":18,"turns":3},{"damage":32,"enemies":"Spheric Guardian","floor":19,"turns":6},{"damage":56,"enemies":"Snecko","floor":21,"turns":8},{"damage":50,"enemies":"Book of Stabbing","floor":23,"turns":6},{"damage":13,"enemies":"Centurion and Healer","floor":24,"turns":1}],"seed_played":"-6870527033423371541","potions_obtained":[{"floor":2,"key":"SkillPotion"},{"floor":5,"key":"FairyPotion"},{"floor":7,"key":"Strength Potion"},{"floor":14,"key":"BloodPotion"},{"floor":16,"key":"BloodPotion"}],"is_trial":false,"path_per_floor":["M","M","?","$","M","R","M","R","T","E","R","?","E","M","R","B",null,"M","M","?","M","T","E","M"],"character_chosen":"IRONCLAD","items_purchased":["Battle Trance","Flex"],"campfire_rested":0,"item_purchase_floors":[4,4],"current_hp_per_floor":[88,86,68,68,73,73,74,74,74,73,73,73,39,62,62,15,88,88,62,62,29,29,11,0,0],"gold":363,"neow_bonus":"TEN_PERCENT_HP_BONUS","is_daily":false,"chose_seed":false,"campfire_upgraded":4,"win_rate":0.0,"timestamp":1612048297,"path_taken":["M","M","?","$","M","R","M","R","T","E","R","?","E","M","R","BOSS","M","M","?","M","?","E","?"],"items_purchased_type":["Card","Card"],"build_version":"2020-12-22","purchased_purges":0,"victory":false,"max_hp_per_floor":[88,88,88,88,88,88,88,88,88,88,88,88,88,88,88,88,88,88,88,88,88,88,88,88,88],"card_choices":[{"not_picked":["Cleave","Whirlwind"],"picked":"Ghostly Armor","floor":1},{"not_picked":["Second Wind","Clash"],"picked":"Seeing Red","floor":2},{"not_picked":["Clothesline","Havoc"],"picked":"Flame Barrier","floor":5},{"not_picked":["Disarm","Body Slam"],"picked":"Twin Strike","floor":7},{"not_picked":["Headbutt","Flex"],"picked":"Anger","floor":10},{"not_picked":["Evolve","Iron Wave"],"picked":"Intimidate","floor":13},{"not_picked":["Searing Blow","Havoc"],"picked":"Anger","floor":14},{"not_picked":["Corruption","Berserk"],"picked":"Double Tap","floor":16},{"not_picked":["True Grit","Rampage"],"picked":"Anger","floor":18},{"not_picked":["Dual Wield+1","Feel No Pain"],"picked":"Armaments+1","floor":19},{"not_picked":["Hemokinesis","Sentinel"],"picked":"Battle Trance","floor":21},{"not_picked":["Bloodletting","Brutality"],"picked":"Searing Blow","floor":23}],"player_experience":455929,"relics_obtained":[{"floor":9,"key":"Regal Pillow"},{"floor":10,"key":"Anchor"},{"floor":13,"key":"Vajra"},{"floor":22,"key":"The Courier"},{"floor":23,"key":"StoneCalendar"},{"floor":23,"key":"Shuriken"}],"event_choices":[{"damage_healed":0,"gold_gain":0,"player_choice":"Entered Light","damage_taken":18,"max_hp_gain":0,"max_hp_loss":0,"event_name":"Shining Light","floor":3,"gold_loss":0,"cards_upgraded":["Strike_R","Ghostly Armor"]},{"cards_removed":["Strike_R"],"damage_healed":0,"gold_gain":0,"player_choice":"Card Removal","damage_taken":0,"max_hp_gain":0,"max_hp_loss":0,"event_name":"The Cleric","floor":12,"gold_loss":50},{"damage_healed":0,"gold_gain":99,"player_choice":"Stole From Cult","damage_taken":0,"max_hp_gain":0,"max_hp_loss":0,"event_name":"Nest","floor":20,"gold_loss":0}],"is_beta":false,"boss_relics":[{"not_picked":["Runic Cube","Empty Cage"],"picked":"Black Star"}],"items_purged_floors":[],"is_endless":false,"potions_floor_spawned":[2,5,7,14,16],"killed_by":"Centurion and Healer","ascension_level":3}}