{"host":"8is2j71l4wmybkoi","time":1612013308,"event":{"mods":["AchievementEnabler","BaseMod","Colored Map","Minty Spire (QoL Compilation)","Rare Cards Sparkle","StSLib","SuperFastMode"],"gold_per_floor":[118,16,16,16,16,49,65,95,95,95,105,121,121,133,133,234,234,245,245,258,277,277,304,304,323,323,342,342,342],"floor_reached":28,"language":"KOR","playtime":870,"items_purged":["Strike_G"],"score":413,"play_id":"50693104-1f3e-4d68-ac46-8217721d6908","local_time":"20210130222828","is_ascension_mode":true,"campfire_choices":[{"data":"Dagger Spray","floor":10.0,"key":"SMITH"},{"data":"Blade Dance","floor":13.0,"key":"SMITH"},{"data":"Caltrops","floor":15.0,"key":"SMITH"},{"floor":24,"key":"REST"}],"circlet_count":0,"master_deck":["AscendersBane","Strike_G","Strike_G","Strike_G+1","Strike_G","Defend_G","Defend_G","Defend_G","Defend_G","Survivor","Neutralize","Backstab+1","Poisoned Stab","Dagger Spray+1","Eviscerate","Blade Dance+1","Caltrops+1","Noxious Fumes","After Image","Acrobatics","Reflex","Catalyst+1","Quick Slash+1","Finisher+1","Catalyst+1"],"relics":["Ring of the Snake","NeowsBlessing","Mummified Hand","Happy Flower","Anchor","Black Star","Molten Egg 2","Paper Crane","Prayer Wheel"],"acts_visited":["Exordium","TheCity"],"potions_floor_usage":[23,23,27,28],"damage_taken":[{"damage":0.0,"enemies":"Jaw Worm","floor":1.0,"turns":1.0},{"damage":0.0,"enemies":"Lagavulin","floor":6.0,"turns":1.0},{"damage":0.0,"enemies":"Small Slimes","floor":7.0,"turns":1.0},{"damage":8.0,"enemies":"Gremlin Nob","floor":8.0,"turns":3.0},{"damage":0.0,"enemies":"2 Louse","floor":11.0,"turns":1.0},{"damage":0.0,"enemies":"Blue Slaver","floor":12.0,"turns":3.0},{"damage":0.0,"enemies":"2 Fungi Beasts","floor":14.0,"turns":1.0},{"damage":15.0,"enemies":"Slime Boss","floor":16.0,"turns":8.0},{"damage":0.0,"enemies":"Shell Parasite","floor":18.0,"turns":3.0},{"damage":9.0,"enemies":"2 Thieves","floor":20.0,"turns":3.0},{"damage":1.0,"enemies":"Cultist and Chosen","floor":21.0,"turns":4.0},{"damage":26,"enemies":"Book of Stabbing","floor":23,"turns":4},{"damage":4,"enemies":"Centurion and Healer","floor":25,"turns":7},{"damage":15,"enemies":"Chosen and Byrds","floor":27,"turns":5},{"damage":33,"enemies":"Gremlin Leader","floor":28,"turns":4}],"seed_played":"3794845527740241751","potions_obtained":[{"floor":1.0,"key":"Energy Potion"},{"floor":6.0,"key":"GamblersBrew"},{"floor":8.0,"key":"Ancient Potion"},{"floor":12.0,"key":"GhostInAJar"},{"floor":16.0,"key":"EntropicBrew"},{"floor":21.0,"key":"Strength Potion"},{"floor":23,"key":"ColorlessPotion"},{"floor":27,"key":"SpeedPotion"}],"is_trial":false,"path_per_floor":["M","$","?","?","?","E","M","E","T","R","M","M","R","M","R","B",null,"M","?","M","M","?","E","R","M","T","M","E"],"character_chosen":"THE_SILENT","items_purchased":["Poisoned Stab"],"campfire_rested":1,"item_purchase_floors":[2],"current_hp_per_floor":[63,63,63,49,42,42,42,34,34,34,34,34,34,34,34,19,57,57,57,48,47,47,21,42,38,38,23,0,0],"gold":342,"neow_bonus":"THREE_ENEMY_KILL","is_daily":false,"chose_seed":false,"campfire_upgraded":3,"win_rate":0.0,"timestamp":1612013308,"path_taken":["M","$","?","?","?","E","M","E","T","R","?","M","R","M","R","BOSS","M","?","M","M","?","E","R","M","T","M","E"],"items_purchased_type":["Card"],"build_version":"2020-12-22","purchased_purges":1,"victory":false,"max_hp_per_floor":[70,70,70,70,70,70,70,70,70,70,70,70,70,70,70,70,70,70,70,70,70,70,70,70,70,70,70,70,70],"card_choices":[{"not_picked":["Setup","Deadly Poison"],"picked":"Backstab","floor":1.0},{"not_picked":["Poisoned Stab","Masterful Stab"],"picked":"Dagger Spray","floor":6.0},{"not_picked":["Dagger Throw","Well Laid Plans"],"picked":"Eviscerate","floor":7.0},{"not_picked":["Predator","PiercingWail","Dagger Spray"],"picked":"SKIP","floor":8.0},{"not_picked":["Dash","Outmaneuver"],"picked":"Blade Dance","floor":11.0},{"not_picked":["Deflect","Setup"],"picked":"Caltrops","floor":12.0},{"not_picked":["Heel Hook","Caltrops"],"picked":"Noxious Fumes","floor":14.0},{"not_picked":["Adrenaline","Tools of the Trade"],"picked":"After Image","floor":16.0},{"not_picked":["Distraction","Deflect+1","Blur"],"picked":"SKIP","floor":18.0},{"not_picked":["Setup","PiercingWail","Deflect+1"],"picked":"SKIP","floor":20.0},{"not_picked":["Underhanded Strike","Blade Dance"],"picked":"Reflex","floor":21.0},{"not_picked":["All Out Attack+1","Quick Slash+1"],"picked":"Catalyst+1","floor":23},{"not_picked":["PiercingWail","Expertise"],"picked":"Quick Slash+1","floor":25},{"not_picked":["Dodge and Roll","Doppelganger"],"picked":"Finisher+1","floor":27},{"not_picked":["Quick Slash+1","Bane+1"],"picked":"Catalyst+1","floor":27}],"player_experience":852750,"relics_obtained":[{"floor":6.0,"key":"Mummified Hand"},{"floor":8.0,"key":"Happy Flower"},{"floor":9.0,"key":"Anchor"},{"floor":23,"key":"Molten Egg 2"},{"floor":23,"key":"Paper Crane"},{"floor":26,"key":"Prayer Wheel"}],"event_choices":[{"damage_healed":0.0,"max_hp_gain":0.0,"max_hp_loss":0.0,"gold_gain":0.0,"event_name":"Liars Game","player_choice":"Ignored","floor":3.0,"gold_loss":0.0,"damage_taken":0.0},{"damage_healed":0.0,"max_hp_gain":0.0,"max_hp_loss":0.0,"gold_gain":0.0,"event_name":"Shining Light","player_choice":"Entered Light","floor":4.0,"gold_loss":0.0,"damage_taken":14.0,"cards_upgraded":["Strike_G","Backstab"]},{"cards_removed":["Defend_G"],"damage_healed":0.0,"max_hp_gain":0.0,"max_hp_loss":0.0,"gold_gain":0.0,"event_name":"Golden Wing","player_choice":"Card Removal","floor":5.0,"gold_loss":0.0,"damage_taken":7.0},{"damage_healed":0.0,"max_hp_gain":0.0,"max_hp_loss":0.0,"gold_gain":0.0,"event_name":"The Library","player_choice":"Read","floor":19.0,"gold_loss":0.0,"damage_taken":0.0,"cards_obtained":["Acrobatics"]},{"damage_healed":0.0,"max_hp_gain":0.0,"max_hp_loss":0.0,"gold_gain":0.0,"event_name":"Ghosts","player_choice":"Ignored","floor":22.0,"gold_loss":0.0,"damage_taken":0.0}],"is_beta":false,"boss_relics":[{"not_picked":["Philosopher\u0027s Stone","SacredBark"],"picked":"Black Star"}],"items_purged_floors":[2],"is_endless":false,"potions_floor_spawned":[1,6,8,12,16,21,23,27],"killed_by":"Gremlin Leader","ascension_level":10}}