{"host":"q6r63elxu27obe7v","time":1612024803,"event":{"mods":["BaseMod","DeckTracker","Keyboard Shortcuts","Marisa£¨Ùöéë¡¡Øª×âÞÞ£©","Minty Spire (QoL Compilation)","Permanent Neow","Quick Restart","StSLib","SuperFastMode","Swap Starting Deck Mod"],"gold_per_floor":[115,115,133,133,164,164,164,232,232,237,237],"floor_reached":10,"language":"KOR","playtime":457,"items_purged":[],"score":76,"play_id":"d897c5aa-c827-4997-84c0-d4b8385d8286","local_time":"20210131014003","is_ascension_mode":false,"campfire_choices":[{"floor":6,"key":"RECALL"}],"circlet_count":0,"master_deck":["Strike_MRS","Strike_MRS","Strike_MRS","Defend_MRS","Defend_MRS","Defend_MRS","Defend_MRS","MasterSpark","UpSweep","PowerUp","Regret","Robbery","WitchOfGreed","EarthLightRay"],"relics":["SlaversCollar","TungstenRod","Letter Opener","MealTicket"],"acts_visited":["Exordium"],"potions_floor_usage":[10],"damage_taken":[{"damage":1,"enemies":"Jaw Worm","floor":1,"turns":3},{"damage":0,"enemies":"Small Slimes","floor":3,"turns":3},{"damage":12,"enemies":"2 Louse","floor":5,"turns":3},{"damage":33,"enemies":"Gremlin Nob","floor":8,"turns":5},{"damage":14,"enemies":"Lagavulin","floor":10,"turns":5},{"damage":0,"enemies":"Lagavulin","floor":10,"turns":1}],"seed_played":"-7585803411212461120","potions_obtained":[{"floor":8,"key":"ColorlessPotion"},{"floor":8,"key":"ShroomBrew"}],"is_trial":false,"path_per_floor":["M","?","M","?","M","R","?","E","T","E"],"character_chosen":"MARISA","items_purchased":[],"campfire_rested":0,"item_purchase_floors":[],"current_hp_per_floor":[74,74,74,72,60,60,60,27,27,17,17],"gold":237,"neow_bonus":"BOSS_RELIC","is_daily":false,"chose_seed":false,"campfire_upgraded":0,"win_rate":0.0,"timestamp":1612024803,"path_taken":["M","?","M","?","M","R","?","E","T","E"],"items_purchased_type":[],"build_version":"2020-12-22","purchased_purges":0,"victory":false,"max_hp_per_floor":[75,75,75,75,75,75,75,75,75,75,75],"card_choices":[{"not_picked":["DoubleSpark","GrandCross"],"picked":"PowerUp","floor":1},{"not_picked":["GravityBeat","ManaConvection"],"picked":"Robbery","floor":3},{"not_picked":["Orbital","DarkMatter"],"picked":"WitchOfGreed","floor":5},{"not_picked":["AsteroidBelt","DoubleSpark"],"picked":"EarthLightRay","floor":8}],"player_experience":55499,"relics_obtained":[{"floor":8,"key":"MealTicket"}],"event_choices":[{"damage_healed":0,"gold_gain":0,"player_choice":"Box","damage_taken":0,"relics_obtained":["TungstenRod"],"max_hp_gain":0,"max_hp_loss":0,"event_name":"Big Fish","floor":2,"gold_loss":0,"cards_obtained":["Regret"]},{"damage_healed":0,"gold_gain":0,"player_choice":"Success","damage_taken":3,"relics_obtained":["Letter Opener"],"max_hp_gain":0,"max_hp_loss":0,"event_name":"Scrap Ooze","floor":4,"gold_loss":0},{"cards_removed":["Strike_MRS"],"damage_healed":0,"gold_gain":0,"player_choice":"Forget","damage_taken":0,"max_hp_gain":0,"max_hp_loss":0,"event_name":"Living Wall","floor":7,"gold_loss":0}],"is_beta":false,"boss_relics":[],"items_purged_floors":[],"is_endless":false,"potions_floor_spawned":[8,10],"killed_by":"Lagavulin","ascension_level":0}}