{"host":"v711dtdb46xe9u7l","time":1612007949,"event":{"mods":["BaseMod","Highlight Path","Minty Spire (QoL Compilation)","Quick Restart","StSLib"],"gold_per_floor":[119,134,153,153,173,173,173,205,205,205,225,243,193,205,205,305,305,323,238,271,290,290,290,317,242,242,259,271,287,299,325,325,424,424,440,453,4,4,4,36,48,48,48,48,65,77,77,77,77,77,77,77,30,55,55,55],"floor_reached":55,"language":"ENG","playtime":2571,"items_purged":[],"score":1110,"play_id":"c4954dba-aa2a-4ee4-8468-f71a4a73f91f","local_time":"20210130115909","is_ascension_mode":true,"campfire_choices":[{"data":"Flex","floor":6,"key":"SMITH"},{"data":"Pummel","floor":10,"key":"SMITH"},{"data":"Uppercut","floor":15,"key":"SMITH"},{"data":"Double Tap","floor":23,"key":"SMITH"},{"data":"Heavy Blade","floor":32,"key":"SMITH"},{"floor":42,"key":"RECALL"},{"data":"Sword Boomerang","floor":44,"key":"SMITH"},{"data":"Shockwave","floor":47,"key":"SMITH"},{"data":"Twin Strike","floor":49,"key":"SMITH"},{"data":"Disarm","floor":52,"key":"SMITH"}],"circlet_count":0,"master_deck":["AscendersBane","Strike_R","Strike_R","Defend_R","Defend_R","Defend_R","Defend_R","Bash","Spot Weakness+1","Pummel+1","Twin Strike+1","Flex+1","Reaper","Uppercut+1","Double Tap+1","Pommel Strike+1","Sword Boomerang+1","Ghostly Armor+1","Disarm+1","Shockwave+1","Flex+1","Heavy Blade+1","Offering","Iron Wave+1","Shrug It Off+1","Warcry+1","Shrug It Off+1","Battle Trance+1","Headbutt+1"],"relics":["Burning Blood","NeowsBlessing","Question Card","Mercury Hourglass","Philosopher\u0027s Stone","Matryoshka","Red Mask","Enchiridion","Vajra","Orichalcum","Torii","Singing Bowl","Velvet Choker","Sling","Pear","PreservedInsect","Bag of Preparation","Molten Egg 2","Pen Nib"],"acts_visited":["Exordium","TheCity","TheBeyond","TheEnding"],"potions_floor_usage":[5,8,16,18,21,31,33,33,35,50,54],"damage_taken":[{"damage":0,"enemies":"Small Slimes","floor":1,"turns":1},{"damage":0,"enemies":"Jaw Worm","floor":2,"turns":1},{"damage":0,"enemies":"Cultist","floor":3,"turns":1},{"damage":10,"enemies":"Looter","floor":5,"turns":3},{"damage":30,"enemies":"3 Sentries","floor":8,"turns":7},{"damage":5,"enemies":"Gremlin Gang","floor":11,"turns":3},{"damage":8,"enemies":"Blue Slaver","floor":12,"turns":2},{"damage":13,"enemies":"Exordium Thugs","floor":14,"turns":3},{"damage":45,"enemies":"The Guardian","floor":16,"turns":11},{"damage":22,"enemies":"3 Byrds","floor":18,"turns":5},{"damage":8,"enemies":"Masked Bandits","floor":20,"turns":3},{"damage":0,"enemies":"Spheric Guardian","floor":21,"turns":2},{"damage":20,"enemies":"Book of Stabbing","floor":24,"turns":4},{"damage":9,"enemies":"Snecko","floor":27,"turns":3},{"damage":3,"enemies":"Snake Plant","floor":28,"turns":3},{"damage":0,"enemies":"Centurion and Healer","floor":29,"turns":4},{"damage":15,"enemies":"Shelled Parasite and Fungi","floor":30,"turns":4},{"damage":13,"enemies":"Slavers","floor":31,"turns":2},{"damage":19,"enemies":"Automaton","floor":33,"turns":6},{"damage":35,"enemies":"3 Shapes","floor":35,"turns":6},{"damage":17,"enemies":"3 Darklings","floor":36,"turns":3},{"damage":36,"enemies":"Giant Head","floor":40,"turns":7},{"damage":22,"enemies":"4 Shapes","floor":41,"turns":5},{"damage":17,"enemies":"Jaw Worm Horde","floor":45,"turns":3},{"damage":6,"enemies":"3 Darklings","floor":46,"turns":5},{"damage":27,"enemies":"Donu and Deca","floor":50,"turns":5},{"damage":8,"enemies":"Shield and Spear","floor":54,"turns":2},{"damage":121,"enemies":"The Heart","floor":55,"turns":8}],"seed_played":"618207495879396961","potions_obtained":[{"floor":1,"key":"Regen Potion"},{"floor":3,"key":"SkillPotion"},{"floor":11,"key":"SpeedPotion"},{"floor":14,"key":"DistilledChaos"},{"floor":20,"key":"SteroidPotion"},{"floor":24,"key":"FearPotion"},{"floor":29,"key":"Block Potion"},{"floor":31,"key":"Explosive Potion"},{"floor":33,"key":"SpeedPotion"},{"floor":35,"key":"Swift Potion"},{"floor":45,"key":"Block Potion"}],"is_trial":false,"path_per_floor":["M","M","M","?","M","R","?","E","T","R","M","M","?","M","R","B",null,"M","?","?","M","?","R","E","?","T","M","M","M","M","E","R","B",null,"M","M","$","T","?","E","M","R","T","R","M","M","R","?","R","B",null,"R","$","E","B"],"character_chosen":"IRONCLAD","items_purchased":["Sling","Pear","Block Potion","Headbutt+1"],"campfire_rested":0,"item_purchase_floors":[37,37,37,53],"current_hp_per_floor":[78,80,80,73,69,69,69,60,60,60,61,59,59,55,55,34,69,63,63,61,67,51,51,49,49,49,56,59,75,71,80,80,67,77,53,48,58,58,58,41,41,41,41,41,48,92,92,92,92,92,92,92,92,92,0,0],"gold":55,"neow_bonus":"THREE_ENEMY_KILL","is_daily":false,"chose_seed":false,"campfire_upgraded":9,"win_rate":0.0,"timestamp":1612007949,"path_taken":["M","M","M","?","M","R","?","E","T","R","M","M","?","M","R","BOSS","M","?","?","M","?","R","E","?","T","M","M","M","?","E","R","BOSS","M","M","$","?","?","E","M","R","T","R","M","M","R","?","R","BOSS","R","$","E","BOSS"],"items_purchased_type":["Relic","Relic","Potion","Card"],"build_version":"2020-12-22","purchased_purges":0,"victory":false,"max_hp_per_floor":[80,80,80,80,80,80,80,80,80,80,80,80,80,80,80,80,80,80,80,80,80,80,80,80,80,80,80,80,80,80,80,80,80,80,80,80,90,90,90,90,92,92,92,92,92,92,92,92,92,92,92,92,92,94,94,94],"card_choices":[{"not_picked":["Rage","Fire Breathing"],"picked":"Spot Weakness","floor":1},{"not_picked":["Sword Boomerang","Havoc"],"picked":"Pummel","floor":2},{"not_picked":["Body Slam","Wild Strike"],"picked":"Twin Strike","floor":3},{"not_picked":["Perfected Strike","Fire Breathing"],"picked":"Flex","floor":5},{"not_picked":["Dropkick","Wild Strike","Clash"],"picked":"SKIP","floor":8},{"not_picked":["Headbutt","Perfected Strike","Pommel Strike"],"picked":"Reaper","floor":11},{"not_picked":["Armaments","Perfected Strike","Second Wind","Sentinel"],"picked":"SKIP","floor":12},{"not_picked":["Havoc","Inflame","Fire Breathing"],"picked":"Uppercut","floor":14},{"not_picked":["Demon Form","Juggernaut","Reaper"],"picked":"Double Tap","floor":16},{"not_picked":["Seeing Red+1","Cleave+1","Flex+1"],"picked":"Pommel Strike+1","floor":18},{"not_picked":["Havoc","Clothesline","Sever Soul"],"picked":"Sword Boomerang","floor":20},{"not_picked":["Carnage","Pommel Strike","Second Wind"],"picked":"Ghostly Armor+1","floor":21},{"not_picked":["Sentinel","Juggernaut","Combust","Sword Boomerang"],"picked":"SKIP","floor":24},{"not_picked":["Pommel Strike","Body Slam","Twin Strike+1"],"picked":"Disarm","floor":27},{"not_picked":["Warcry","Infernal Blade","Sever Soul+1"],"picked":"True Grit","floor":28},{"not_picked":["Spot Weakness","Sword Boomerang","Dropkick"],"picked":"Shockwave","floor":29},{"not_picked":["Wild Strike","Iron Wave","Offering"],"picked":"Flex+1","floor":30},{"not_picked":["Pommel Strike","Shockwave","Reckless Charge+1"],"picked":"Heavy Blade","floor":31},{"not_picked":["Berserk","Fiend Fire","Demon Form"],"picked":"Offering","floor":33},{"not_picked":["Wild Strike+1","Seeing Red+1","Headbutt"],"picked":"Iron Wave+1","floor":35},{"not_picked":["Twin Strike","Uppercut","Iron Wave+1"],"picked":"Shrug It Off+1","floor":36},{"not_picked":["Dropkick+1","Iron Wave","Pommel Strike"],"picked":"Warcry+1","floor":40},{"not_picked":["Brutality","Second Wind","Perfected Strike+1","Twin Strike+1"],"picked":"Singing Bowl","floor":41},{"not_picked":["Perfected Strike+1","Pommel Strike+1","Headbutt+1"],"picked":"Shrug It Off+1","floor":45},{"not_picked":["Rage","Evolve+1","Burning Pact+1"],"picked":"Battle Trance+1","floor":46},{"not_picked":["Flex","Rampage+1","Wild Strike+1","Hemokinesis+1"],"picked":"Singing Bowl","floor":54}],"player_experience":416026,"relics_obtained":[{"floor":8,"key":"Question Card"},{"floor":9,"key":"Mercury Hourglass"},{"floor":20,"key":"Red Mask"},{"floor":22,"key":"Enchiridion"},{"floor":24,"key":"Vajra"},{"floor":26,"key":"Orichalcum"},{"floor":26,"key":"Torii"},{"floor":31,"key":"Singing Bowl"},{"floor":38,"key":"PreservedInsect"},{"floor":40,"key":"Bag of Preparation"},{"floor":43,"key":"Molten Egg 2"},{"floor":54,"key":"Pen Nib"}],"event_choices":[{"cards_removed":["Strike_R"],"damage_healed":0,"gold_gain":0,"player_choice":"Card Removal","damage_taken":7,"max_hp_gain":0,"max_hp_loss":0,"event_name":"Golden Wing","floor":4,"gold_loss":0},{"damage_healed":0,"gold_gain":0,"player_choice":"Grow","damage_taken":0,"max_hp_gain":0,"max_hp_loss":0,"event_name":"Living Wall","floor":7,"gold_loss":0,"cards_upgraded":["Spot Weakness"]},{"cards_removed":["Strike_R"],"damage_healed":0,"gold_gain":0,"player_choice":"Card Removal","damage_taken":0,"max_hp_gain":0,"max_hp_loss":0,"event_name":"The Cleric","floor":13,"gold_loss":50},{"damage_healed":0,"gold_gain":0,"player_choice":"Obtained Relic","damage_taken":0,"relics_obtained":["Matryoshka"],"max_hp_gain":0,"max_hp_loss":0,"event_name":"Addict","floor":19,"gold_loss":85},{"damage_healed":0,"gold_gain":0,"player_choice":"Fought Bandits","damage_taken":0,"max_hp_gain":0,"max_hp_loss":0,"event_name":"Masked Bandits","floor":20,"gold_loss":0},{"damage_healed":0,"gold_gain":0,"player_choice":"Obtained Book","damage_taken":16,"max_hp_gain":0,"max_hp_loss":0,"event_name":"Cursed Tome","floor":22,"gold_loss":0},{"cards_removed":["Strike_R"],"damage_healed":0,"gold_gain":0,"player_choice":"Gave Gold","damage_taken":0,"max_hp_gain":0,"max_hp_loss":0,"event_name":"Beggar","floor":25,"gold_loss":75},{"cards_removed":["True Grit"],"damage_healed":0,"gold_gain":0,"player_choice":"Removed Skill","damage_taken":0,"max_hp_gain":0,"max_hp_loss":0,"event_name":"Falling","floor":39,"gold_loss":0},{"damage_healed":0,"gold_gain":0,"player_choice":"0 cards matched","damage_taken":0,"max_hp_gain":0,"max_hp_loss":0,"event_name":"Match and Keep!","floor":48,"gold_loss":0,"cards_obtained":[]}],"is_beta":false,"boss_relics":[{"not_picked":["SacredBark","Runic Dome"],"picked":"Philosopher\u0027s Stone"},{"not_picked":["Tiny House","Coffee Dripper"],"picked":"Velvet Choker"}],"items_purged_floors":[],"is_endless":false,"potions_floor_spawned":[1,3,11,14,20,24,29,31,33,35,45,46],"killed_by":"The Heart","ascension_level":11}}