{"host":"ELF","time":1612039945,"event":{"mods":["BaseMod","Bestiary","Minty Spire (QoL Compilation)","Relic Stats","Slay the Relics Exporter"],"gold_per_floor":[111,111,111,61,79,79,79,94,94,41,69,69,102,114,114,186,186,198,198,123,146,335,335,335,335],"floor_reached":24,"language":"ENG","playtime":785,"items_purged":[],"score":390,"play_id":"d10941c7-38f2-462c-82c7-a2e26c237bbc","local_time":"20210130145225","is_ascension_mode":true,"campfire_choices":[{"data":"Armaments","floor":6,"key":"SMITH"},{"data":"True Grit","floor":12,"key":"SMITH"},{"data":"Pommel Strike","floor":15,"key":"SMITH"},{"floor":23,"key":"REST"}],"circlet_count":0,"master_deck":["AscendersBane","Strike_R","Strike_R","Strike_R","Defend_R","Bash","Body Slam+1","True Grit+1","Armaments+1","Shrug It Off","Shrug It Off","Burning Pact","Twin Strike","Pommel Strike+1","Juggernaut","Sever Soul","Trip"],"relics":["Burning Blood","NeowsBlessing","Red Skull","Art of War","StrikeDummy","Empty Cage","CeramicFish"],"acts_visited":["Exordium","TheCity"],"potions_floor_usage":[11,13,13],"damage_taken":[{"damage":0,"enemies":"2 Louse","floor":1,"turns":1},{"damage":0,"enemies":"Cultist","floor":5,"turns":1},{"damage":0,"enemies":"Small Slimes","floor":8,"turns":1},{"damage":13,"enemies":"Lagavulin","floor":11,"turns":8},{"damage":5,"enemies":"3 Sentries","floor":13,"turns":10},{"damage":7,"enemies":"Exordium Wildlife","floor":14,"turns":3},{"damage":24,"enemies":"The Guardian","floor":16,"turns":12},{"damage":13,"enemies":"Spheric Guardian","floor":18,"turns":4},{"damage":55,"enemies":"Slavers","floor":24,"turns":3}],"seed_played":"-8185541659031427015","potions_obtained":[{"floor":5,"key":"LiquidBronze"},{"floor":8,"key":"DistilledChaos"},{"floor":11,"key":"AttackPotion"},{"floor":16,"key":"BlessingOfTheForge"}],"is_trial":false,"path_per_floor":["M","?","?","$","M","R","?","M","T","$","E","R","E","M","R","B",null,"M","?","?","T","?","R","E"],"character_chosen":"IRONCLAD","items_purchased":["True Grit","Shrug It Off"],"campfire_rested":1,"item_purchase_floors":[4,10],"current_hp_per_floor":[74,74,74,74,75,75,75,75,75,75,68,68,69,68,68,50,69,62,41,41,41,16,40,0,0],"gold":335,"neow_bonus":"THREE_ENEMY_KILL","is_daily":false,"chose_seed":false,"campfire_upgraded":3,"win_rate":0.0,"timestamp":1612039945,"path_taken":["M","?","?","$","?","R","?","?","T","?","E","R","E","?","R","BOSS","M","?","?","?","?","R","E"],"items_purchased_type":["Card","Card"],"build_version":"2020-12-18","purchased_purges":0,"victory":false,"max_hp_per_floor":[75,75,75,75,75,75,75,75,75,75,75,75,75,75,75,75,75,75,80,80,80,80,80,80,80],"relic_stats":{"counters":[9,43],"CeramicFish":9,"Art of War":[8],"obtain_stats":[{"NeowsBlessing":0,"CeramicFish":21,"Art of War":11,"StrikeDummy":13,"Empty Cage":17,"Burning Blood":0,"Red Skull":9},{"NeowsBlessing":0,"CeramicFish":8,"Art of War":4,"StrikeDummy":5,"Empty Cage":7,"Burning Blood":0,"Red Skull":3},{"NeowsBlessing":0,"CeramicFish":40,"Art of War":11,"StrikeDummy":21,"Empty Cage":36,"Burning Blood":0,"Red Skull":3}],"Burning Blood":37},"card_choices":[{"not_picked":["Intimidate","Pommel Strike"],"picked":"Body Slam","floor":1},{"not_picked":["Havoc","Whirlwind"],"picked":"Armaments","floor":5},{"not_picked":["Dark Embrace","Wild Strike"],"picked":"Shrug It Off","floor":8},{"not_picked":["Carnage","Headbutt"],"picked":"Burning Pact","floor":11},{"not_picked":["Reaper","Armaments"],"picked":"Twin Strike","floor":13},{"not_picked":["True Grit","Perfected Strike"],"picked":"Pommel Strike","floor":14},{"not_picked":["Offering","Brutality"],"picked":"Juggernaut","floor":16},{"not_picked":["Clash+1","Evolve"],"picked":"Sever Soul","floor":18}],"player_experience":3361955,"relics_obtained":[{"floor":9,"key":"Red Skull"},{"floor":11,"key":"Art of War"},{"floor":13,"key":"StrikeDummy"},{"floor":21,"key":"CeramicFish"}],"event_choices":[{"damage_healed":0,"gold_gain":0,"player_choice":"Grow","damage_taken":0,"max_hp_gain":0,"max_hp_loss":0,"event_name":"Living Wall","floor":2,"gold_loss":0,"cards_upgraded":["Body Slam"]},{"cards_removed":["Strike_R"],"damage_healed":0,"gold_gain":0,"player_choice":"Offered Basic","damage_taken":0,"max_hp_gain":0,"max_hp_loss":0,"event_name":"Bonfire Elementals","floor":3,"gold_loss":0},{"cards_removed":["Defend_R"],"damage_healed":0,"gold_gain":0,"player_choice":"Purged","damage_taken":0,"max_hp_gain":0,"max_hp_loss":0,"event_name":"Purifier","floor":7,"gold_loss":0},{"damage_healed":0,"gold_gain":0,"player_choice":"Shed Blood","damage_taken":26,"max_hp_gain":5,"max_hp_loss":0,"event_name":"Forgotten Altar","floor":19,"gold_loss":0},{"cards_removed":["Strike_R"],"damage_healed":0,"gold_gain":0,"player_choice":"Gave Gold","damage_taken":0,"max_hp_gain":0,"max_hp_loss":0,"event_name":"Beggar","floor":20,"gold_loss":75},{"damage_healed":0,"gold_gain":180,"player_choice":"GOLD CARD GOLD ","damage_taken":25,"max_hp_gain":0,"max_hp_loss":0,"event_name":"Knowing Skull","floor":22,"potions_obtained":[],"gold_loss":0,"cards_obtained":["Trip"]}],"is_beta":true,"boss_relics":[{"not_picked":["Velvet Choker","Ectoplasm"],"picked":"Empty Cage"}],"items_purged_floors":[],"is_endless":false,"potions_floor_spawned":[5,8,11,16],"killed_by":"Slavers","ascension_level":19}}