{"host":"jhy70w0yh8dayqay","time":1612005651,"event":{"mods":["AchievementEnabler","BaseMod","Colored Map","Colored Powertips","DeckTracker","Minty Spire (QoL Compilation)","Permanent Neow","SuperFastMode"],"gold_per_floor":[113,129,149,149,168,168,168,200,200,200,227,309,324,339,339,413,413,413,413],"floor_reached":18,"language":"KOR","playtime":442,"items_purged":[],"score":301,"play_id":"1b17878b-9a45-468f-9c99-60a5f9e4fc78","local_time":"20210130202051","is_ascension_mode":true,"campfire_choices":[{"data":"Demon Form","floor":6,"key":"SMITH"},{"data":"Sword Boomerang","floor":10,"key":"SMITH"},{"data":"Dark Embrace","floor":15,"key":"SMITH"}],"circlet_count":0,"master_deck":["AscendersBane","Strike_R","Strike_R","Strike_R+1","Strike_R","Strike_R","Defend_R","Defend_R","Defend_R","Defend_R","Bash","Demon Form+1","Carnage+1","Armaments+1","Sword Boomerang+1","Second Wind","Battle Trance","Power Through","Hemokinesis","Dark Embrace+1","Reaper"],"relics":["Black Blood","Potion Belt","Nunchaku","StrikeDummy","Darkstone Periapt"],"acts_visited":["Exordium","TheCity"],"potions_floor_usage":[8,14,16],"damage_taken":[{"damage":8,"enemies":"2 Louse","floor":1,"turns":3},{"damage":21,"enemies":"Jaw Worm","floor":2,"turns":4},{"damage":1,"enemies":"Cultist","floor":3,"turns":3},{"damage":6,"enemies":"Looter","floor":5,"turns":3},{"damage":17,"enemies":"3 Sentries","floor":8,"turns":6},{"damage":7,"enemies":"Lagavulin","floor":11,"turns":5},{"damage":0,"enemies":"2 Fungi Beasts","floor":13,"turns":3},{"damage":5,"enemies":"Exordium Thugs","floor":14,"turns":4},{"damage":16,"enemies":"Hexaghost","floor":16,"turns":8},{"damage":16,"enemies":"Shell Parasite","floor":18,"turns":4}],"seed_played":"2904352048509407790","potions_obtained":[{"floor":3,"key":"Fire Potion"},{"floor":5,"key":"SkillPotion"},{"floor":11,"key":"SteroidPotion"},{"floor":13,"key":"SkillPotion"},{"floor":14,"key":"EssenceOfSteel"}],"is_trial":false,"path_per_floor":["M","M","M","?","M","R","?","E","T","R","E","T","M","M","R","B",null,"M"],"character_chosen":"IRONCLAD","items_purchased":[],"campfire_rested":0,"item_purchase_floors":[],"current_hp_per_floor":[66,51,56,56,56,56,33,22,22,22,21,21,27,28,28,18,61,45,45],"gold":413,"neow_bonus":"ONE_RANDOM_RARE_CARD","is_daily":false,"chose_seed":false,"campfire_upgraded":3,"win_rate":0.0,"timestamp":1612005651,"path_taken":["M","M","M","?","M","R","?","E","T","R","E","?","M","M","R","BOSS","M"],"items_purchased_type":[],"build_version":"2020-12-22","purchased_purges":0,"victory":false,"max_hp_per_floor":[75,75,75,75,75,75,75,75,75,75,75,75,75,75,75,75,75,75,75],"card_choices":[{"not_picked":["Armaments","Battle Trance"],"picked":"Carnage","floor":1},{"not_picked":["Entrench","Perfected Strike"],"picked":"Armaments","floor":2},{"not_picked":["Metallicize","Cleave"],"picked":"Sword Boomerang","floor":3},{"not_picked":["Clothesline","Ghostly Armor"],"picked":"Second Wind","floor":5},{"not_picked":["Shockwave","Perfected Strike"],"picked":"Battle Trance","floor":8},{"not_picked":["Perfected Strike","Brutality"],"picked":"Power Through","floor":11},{"not_picked":["Battle Trance","Perfected Strike"],"picked":"Hemokinesis","floor":13},{"not_picked":["Infernal Blade","Thunderclap"],"picked":"Dark Embrace","floor":14},{"not_picked":["Juggernaut","Feed"],"picked":"Reaper","floor":16}],"player_experience":463806,"relics_obtained":[{"floor":8,"key":"Potion Belt"},{"floor":9,"key":"Nunchaku"},{"floor":11,"key":"StrikeDummy"},{"floor":12,"key":"Darkstone Periapt"}],"event_choices":[{"damage_healed":0,"gold_gain":0,"player_choice":"Grow","damage_taken":0,"max_hp_gain":0,"max_hp_loss":0,"event_name":"Living Wall","floor":4,"gold_loss":0,"cards_upgraded":["Armaments"]},{"damage_healed":0,"gold_gain":0,"player_choice":"Entered Light","damage_taken":23,"max_hp_gain":0,"max_hp_loss":0,"event_name":"Shining Light","floor":7,"gold_loss":0,"cards_upgraded":["Carnage","Strike_R"]}],"is_beta":false,"boss_relics":[{"not_picked":["Calling Bell","SlaversCollar"],"picked":"Black Blood"}],"items_purged_floors":[],"is_endless":false,"potions_floor_spawned":[3,5,11,13,14],"killed_by":"Shell Parasite","ascension_level":15}}