{"host":"ibckqdmmf9y74ymf","time":1612038359,"event":{"mods":["2.2 Compatiblity","BaseMod","Colored Map","Curses Come First","Highlight Path","Minty Spire (QoL Compilation)","Quick Restart","Rare Cards Sparkle","Relic Stats","StSLib"],"gold_per_floor":[119,119,135,153,38,38,67,86,110,110,124,135,135,135,135,135,135],"floor_reached":16,"language":"ENG","playtime":412,"items_purged":[],"score":204,"play_id":"61e61d4c-d8e2-405b-82e6-93f6f78ae54b","local_time":"20210130212559","is_ascension_mode":true,"campfire_choices":[{"data":"Infinite Blades","floor":6,"key":"SMITH"},{"floor":10,"key":"REST"},{"floor":15,"key":"REST"}],"circlet_count":0,"master_deck":["AscendersBane","Strike_G","Strike_G","Strike_G","Strike_G","Strike_G","Defend_G","Defend_G","Defend_G","Defend_G","Defend_G","Survivor","Neutralize+1","Bane","Infinite Blades+1","Predator","Dagger Spray","Noxious Fumes","Footwork","Poisoned Stab","Terror","Calculated Gamble","Injury"],"relics":["Philosopher\u0027s Stone","Centennial Puzzle","Oddly Smooth Stone","Golden Idol"],"acts_visited":["Exordium"],"potions_floor_usage":[12],"damage_taken":[{"damage":0,"enemies":"2 Louse","floor":1,"turns":3},{"damage":0,"enemies":"Cultist","floor":3,"turns":4},{"damage":5,"enemies":"Small Slimes","floor":4,"turns":4},{"damage":28,"enemies":"Gremlin Nob","floor":7,"turns":4},{"damage":20,"enemies":"3 Louse","floor":8,"turns":3},{"damage":5,"enemies":"Blue Slaver","floor":11,"turns":4},{"damage":11,"enemies":"Exordium Wildlife","floor":12,"turns":4},{"damage":27,"enemies":"The Guardian","floor":16,"turns":2}],"seed_played":"7243764473490712011","potions_obtained":[{"floor":1,"key":"Dexterity Potion"},{"floor":8,"key":"Ancient Potion"}],"is_trial":false,"path_per_floor":["M","?","M","M","$","R","E","M","T","R","M","M","?","?","R","B"],"character_chosen":"THE_SILENT","items_purchased":["Dagger Spray","Noxious Fumes"],"campfire_rested":2,"item_purchase_floors":[5,5],"current_hp_per_floor":[59,59,59,54,54,54,26,6,6,25,20,9,4,4,23,0,0],"gold":135,"neow_bonus":"BOSS_RELIC","is_daily":false,"chose_seed":false,"campfire_upgraded":1,"win_rate":0.0,"timestamp":1612038359,"path_taken":["M","?","M","?","$","R","E","M","T","R","M","M","?","?","R","BOSS"],"items_purchased_type":["Card","Card"],"build_version":"2020-12-22","purchased_purges":0,"victory":false,"max_hp_per_floor":[66,66,66,66,66,66,66,66,66,66,66,66,66,66,66,66,66],"relic_stats":{"Centennial Puzzle":[9],"counters":[8,28],"Golden Idol":0,"obtain_stats":[{"Centennial Puzzle":7,"Golden Idol":14,"Oddly Smooth Stone":9,"Philosopher\u0027s Stone":0,"Ring of the Snake":0},{"Centennial Puzzle":4,"Golden Idol":7,"Oddly Smooth Stone":5,"Philosopher\u0027s Stone":0,"Ring of the Snake":0},{"Centennial Puzzle":15,"Golden Idol":26,"Oddly Smooth Stone":18,"Philosopher\u0027s Stone":0,"Ring of the Snake":0}]},"card_choices":[{"not_picked":["Accuracy","Quick Slash"],"picked":"Bane","floor":1},{"not_picked":["Sucker Punch","Prepared"],"picked":"Infinite Blades","floor":3},{"not_picked":["Quick Slash","Bane"],"picked":"Predator","floor":4},{"not_picked":["Sucker Punch","Flechettes"],"picked":"Footwork","floor":7},{"not_picked":["Dagger Spray","Acrobatics"],"picked":"Poisoned Stab","floor":8},{"not_picked":["Eviscerate","Slice"],"picked":"Terror","floor":11},{"not_picked":["PiercingWail","Well Laid Plans"],"picked":"Calculated Gamble","floor":12}],"player_experience":666280,"relics_obtained":[{"floor":7,"key":"Centennial Puzzle"},{"floor":9,"key":"Oddly Smooth Stone"}],"event_choices":[{"damage_healed":0,"gold_gain":0,"player_choice":"Upgraded","damage_taken":0,"max_hp_gain":0,"max_hp_loss":0,"event_name":"Upgrade Shrine","floor":2,"gold_loss":0,"cards_upgraded":["Neutralize"]},{"damage_healed":0,"gold_gain":0,"player_choice":"Fled","damage_taken":5,"max_hp_gain":0,"max_hp_loss":0,"event_name":"Scrap Ooze","floor":13,"gold_loss":0},{"damage_healed":0,"gold_gain":0,"player_choice":"Take Wound","damage_taken":0,"relics_obtained":["Golden Idol"],"max_hp_gain":0,"max_hp_loss":0,"event_name":"Golden Idol","floor":14,"gold_loss":0,"cards_obtained":["Injury"]}],"is_beta":false,"boss_relics":[],"items_purged_floors":[],"is_endless":false,"potions_floor_spawned":[1,8],"killed_by":"The Guardian","ascension_level":20}}