{"host":"d52brwsy6af8zvaq","time":1612043732,"event":{"mods":["AchievementEnabler","BaseMod","Bestiary","Highlight Path","Minty Spire (QoL Compilation)","Quick Restart","Relic Stats","ojb\u0027s Better Paths Mod"],"gold_per_floor":[113,36,86,102,120,149,149,180,180,180,209,209,209,225,225,304,304,322,69,8,39,71,71,71,71],"floor_reached":24,"language":"ENG","playtime":993,"items_purged":["Strike_G"],"score":428,"play_id":"61e67de4-c4fc-4d72-8be9-1189ebdc0eab","local_time":"20210130145532","is_ascension_mode":true,"campfire_choices":[{"floor":7,"key":"REST"},{"floor":13,"key":"REST"},{"data":"Noxious Fumes","floor":15,"key":"SMITH"},{"data":"Dagger Spray","floor":23,"key":"SMITH"}],"circlet_count":0,"master_deck":["AscendersBane","Strike_G","Strike_G","Strike_G","Strike_G","Defend_G+1","Defend_G","Defend_G","Defend_G","Defend_G+1","Survivor","Neutralize","Outmaneuver","Noxious Fumes+1","Sucker Punch","PiercingWail","After Image","Dash","Deadly Poison","Flechettes","Storm of Steel","CurseOfTheBell","Prepared","HandOfGreed","Dagger Spray+1","Masterful Stab"],"relics":["Ring of the Snake","NeowsBlessing","Meat on the Bone","Bottled Flame","Kunai","Bag of Marbles","Calling Bell","Centennial Puzzle","Matryoshka","Gambling Chip","War Paint"],"acts_visited":["Exordium","TheCity"],"potions_floor_usage":[8,14,21,24],"damage_taken":[{"damage":0,"enemies":"Jaw Worm","floor":1,"turns":1},{"damage":0,"enemies":"Cultist","floor":4,"turns":1},{"damage":0,"enemies":"2 Louse","floor":5,"turns":1},{"damage":29,"enemies":"3 Sentries","floor":6,"turns":9},{"damage":31,"enemies":"Gremlin Nob","floor":8,"turns":6},{"damage":17,"enemies":"Lagavulin","floor":11,"turns":11},{"damage":4,"enemies":"Exordium Thugs","floor":14,"turns":5},{"damage":17,"enemies":"Hexaghost","floor":16,"turns":12},{"damage":29,"enemies":"Shell Parasite","floor":18,"turns":9},{"damage":11,"enemies":"2 Thieves","floor":21,"turns":4},{"damage":21,"enemies":"Centurion and Healer","floor":22,"turns":7},{"damage":19,"enemies":"Gremlin Leader","floor":24,"turns":4}],"seed_played":"-1312290890701191087","potions_obtained":[{"floor":6,"key":"DuplicationPotion"},{"floor":8,"key":"Weak Potion"},{"floor":12,"key":"DuplicationPotion"},{"floor":12,"key":"Fire Potion"},{"floor":16,"key":"Energy Potion"},{"floor":22,"key":"Explosive Potion"}],"is_trial":false,"path_per_floor":["M","$","?","M","M","E","R","E","T","?","E","?","R","M","R","B",null,"M","$","?","M","M","R","E"],"character_chosen":"THE_SILENT","items_purchased":["Noxious Fumes","HandOfGreed"],"campfire_rested":2,"item_purchase_floors":[2,19],"current_hp_per_floor":[59,59,53,53,53,24,43,24,24,24,19,19,38,34,34,29,57,40,40,40,41,32,32,13,13],"gold":71,"neow_bonus":"THREE_ENEMY_KILL","is_daily":false,"chose_seed":false,"campfire_upgraded":2,"win_rate":0.0,"timestamp":1612043732,"path_taken":["M","$","?","M","?","E","R","E","T","?","E","?","R","M","R","BOSS","M","$","?","M","M","R","E"],"items_purchased_type":["Card","Card"],"build_version":"2020-12-22","purchased_purges":1,"victory":false,"max_hp_per_floor":[66,66,66,66,66,66,66,66,66,66,66,66,66,66,66,66,66,66,66,66,66,66,66,66,66],"relic_stats":{"Centennial Puzzle":[12],"counters":[12,70],"Gambling Chip":[11],"Kunai":[10],"War Paint":["Defend_G","Defend_G"],"obtain_stats":[{"Calling Bell":17,"Bottled Flame":8,"Centennial Puzzle":17,"Matryoshka":17,"NeowsBlessing":0,"Gambling Chip":17,"Bag of Marbles":11,"Kunai":9,"War Paint":20,"Ring of the Snake":0,"Meat on the Bone":6},{"Calling Bell":8,"Bottled Flame":5,"Centennial Puzzle":8,"Matryoshka":8,"NeowsBlessing":0,"Gambling Chip":8,"Bag of Marbles":6,"Kunai":5,"War Paint":9,"Ring of the Snake":0,"Meat on the Bone":4},{"Calling Bell":46,"Bottled Flame":18,"Centennial Puzzle":46,"Matryoshka":46,"NeowsBlessing":0,"Gambling Chip":46,"Bag of Marbles":29,"Kunai":18,"War Paint":55,"Ring of the Snake":0,"Meat on the Bone":12}],"Ring of the Snake":[24],"Meat on the Bone":72},"card_choices":[{"not_picked":["Expertise","Setup"],"picked":"Outmaneuver","floor":1},{"not_picked":["Riddle With Holes","Cloak And Dagger"],"picked":"Sucker Punch","floor":4},{"not_picked":["Backflip","Flying Knee"],"picked":"PiercingWail","floor":5},{"not_picked":["Dagger Spray","Backflip"],"picked":"After Image","floor":6},{"not_picked":["Sucker Punch","A Thousand Cuts"],"picked":"Dash","floor":8},{"not_picked":["Cloak And Dagger","Escape Plan"],"picked":"Deadly Poison","floor":11},{"not_picked":["Caltrops","Backflip"],"picked":"Flechettes","floor":14},{"not_picked":["Bullet Time","Unload"],"picked":"Storm of Steel","floor":16},{"not_picked":["Backflip","Flechettes+1"],"picked":"Prepared","floor":18},{"not_picked":["Endless Agony","Heel Hook+1"],"picked":"Dagger Spray","floor":21},{"not_picked":["Slice","Quick Slash"],"picked":"Masterful Stab","floor":22}],"player_experience":2080549,"relics_obtained":[{"floor":6,"key":"Meat on the Bone"},{"floor":8,"key":"Bottled Flame"},{"floor":9,"key":"Kunai"},{"floor":11,"key":"Bag of Marbles"},{"floor":17,"key":"Centennial Puzzle"},{"floor":17,"key":"Matryoshka"},{"floor":17,"key":"Gambling Chip"}],"event_choices":[{"damage_healed":0,"gold_gain":50,"player_choice":"Touch","damage_taken":6,"max_hp_gain":0,"max_hp_loss":0,"event_name":"FaceTrader","floor":3,"gold_loss":0},{"damage_healed":0,"gold_gain":0,"player_choice":"Ignored","damage_taken":0,"max_hp_gain":0,"max_hp_loss":0,"event_name":"Liars Game","floor":10,"gold_loss":0},{"damage_healed":0,"gold_gain":0,"player_choice":"Got Potions","damage_taken":0,"max_hp_gain":0,"max_hp_loss":0,"event_name":"Lab","floor":12,"gold_loss":0},{"damage_healed":0,"gold_gain":0,"player_choice":"Paid Gold","damage_taken":0,"relics_obtained":["War Paint"],"max_hp_gain":0,"max_hp_loss":0,"event_name":"WeMeetAgain","floor":20,"gold_loss":61}],"is_beta":false,"boss_relics":[{"not_picked":["Philosopher\u0027s Stone","Snecko Eye"],"picked":"Calling Bell"}],"items_purged_floors":[19],"is_endless":false,"potions_floor_spawned":[6,8,16,22],"killed_by":"Gremlin Leader","ascension_level":20}}