{"host":"928gv66myv2vlnsd","time":1612038597,"event":{"mods":["BaseMod","Minty Spire (QoL Compilation)","StSLib"],"gold_per_floor":[110,124,399,416,367,395,395,395,395],"floor_reached":8,"language":"ENG","playtime":306,"items_purged":[],"score":107,"play_id":"96932e58-f9cc-4b4c-a723-106e62b0e4a7","local_time":"20210130152957","is_ascension_mode":true,"campfire_choices":[{"floor":7,"key":"REST"}],"circlet_count":0,"master_deck":["AscendersBane","Strike_G","Strike_G","Strike_G","Strike_G","Strike_G","Defend_G","Defend_G","Defend_G","Defend_G","Defend_G","Survivor","Neutralize","Catalyst","Dodge and Roll","Regret","Envenom","Poisoned Stab"],"relics":["Ring of the Snake","NeowsBlessing","Bag of Marbles"],"acts_visited":["Exordium"],"potions_floor_usage":[8,8],"damage_taken":[{"damage":0,"enemies":"Cultist","floor":1,"turns":1},{"damage":0,"enemies":"Jaw Worm","floor":2,"turns":1},{"damage":0,"enemies":"2 Louse","floor":4,"turns":1},{"damage":9,"enemies":"Exordium Thugs","floor":5,"turns":5},{"damage":37,"enemies":"Lagavulin","floor":6,"turns":11},{"damage":36,"enemies":"3 Sentries","floor":8,"turns":9}],"seed_played":"1037959886917616805","potions_obtained":[{"floor":1,"key":"GhostInAJar"},{"floor":6,"key":"Swift Potion"}],"is_trial":false,"path_per_floor":["M","M","?","M","M","E","R","E"],"character_chosen":"THE_SILENT","items_purchased":[],"campfire_rested":1,"item_purchase_floors":[],"current_hp_per_floor":[59,59,59,59,50,13,32,0,0],"gold":395,"neow_bonus":"THREE_ENEMY_KILL","is_daily":false,"chose_seed":false,"campfire_upgraded":0,"win_rate":0.0,"timestamp":1612038597,"path_taken":["M","?","?","?","M","E","R","E"],"items_purchased_type":[],"build_version":"2020-12-22","purchased_purges":0,"victory":false,"max_hp_per_floor":[66,66,66,66,66,66,66,66,66],"card_choices":[{"not_picked":["Expertise","Leg Sweep"],"picked":"Catalyst","floor":1},{"not_picked":["Sucker Punch","Endless Agony"],"picked":"Dodge and Roll","floor":2},{"not_picked":["Underhanded Strike","Flying Knee","Blade Dance"],"picked":"SKIP","floor":4},{"not_picked":["Dodge and Roll","Dagger Throw"],"picked":"Envenom","floor":5},{"not_picked":["Outmaneuver","Endless Agony"],"picked":"Poisoned Stab","floor":6}],"player_experience":1393549,"relics_obtained":[{"floor":6,"key":"Bag of Marbles"}],"event_choices":[{"damage_healed":0,"gold_gain":275,"player_choice":"Desecrate","damage_taken":0,"max_hp_gain":0,"max_hp_loss":0,"event_name":"Golden Shrine","floor":3,"gold_loss":0,"cards_obtained":["Regret"]}],"is_beta":false,"boss_relics":[],"items_purged_floors":[],"is_endless":false,"potions_floor_spawned":[1,6],"killed_by":"3 Sentries","ascension_level":17}}