{"host":"qm4rv4rkpk76sbxu","time":1612016427,"event":{"mods":["BaseMod","Bestiary","Block Reminder","DeckTracker","Filter the Spire","Keyboard Shortcuts","Minty Spire (QoL Compilation)","MonsterHotkey","Quick Restart","Random Character Button","Relic Stats","Slay-I","StSLib","Unceasing Turn Reminder","ojb\u0027s Better Paths Mod","ojb\u0027s Info Mod"],"gold_per_floor":[17,29,46,46,46,59,85,10,10,45,58,58,74,101,101,101,101],"floor_reached":16,"language":"ENG","playtime":721,"items_purged":[],"score":244,"play_id":"a2ed3034-3605-4058-955b-cd080bec700a","local_time":"20210130152027","is_ascension_mode":true,"campfire_choices":[{"data":"Blade Dance","floor":15.0,"key":"SMITH"}],"circlet_count":0,"master_deck":["AscendersBane","Strike_G","Strike_G","Strike_G","Strike_G","Strike_G","Defend_G","Defend_G","Defend_G","Survivor","Neutralize","Panache","Leg Sweep","Dagger Throw","Cloak And Dagger","Cloak And Dagger","All Out Attack","Cloak And Dagger","Blade Dance+1","Leg Sweep"],"relics":["Ring of the Snake","Meat on the Bone","Mango","Ice Cream","PreservedInsect"],"acts_visited":["Exordium"],"potions_floor_usage":[16],"damage_taken":[{"damage":6.0,"enemies":"Cultist","floor":1.0,"turns":5.0},{"damage":3.0,"enemies":"2 Louse","floor":2.0,"turns":4.0},{"damage":0.0,"enemies":"Small Slimes","floor":3.0,"turns":2.0},{"damage":0.0,"enemies":"2 Fungi Beasts","floor":6.0,"turns":2.0},{"damage":8.0,"enemies":"Lagavulin","floor":7.0,"turns":8.0},{"damage":35.0,"enemies":"3 Sentries","floor":10.0,"turns":13.0},{"damage":9.0,"enemies":"Looter","floor":11.0,"turns":4.0},{"damage":0.0,"enemies":"Lots of Slimes","floor":13.0,"turns":2.0},{"damage":26.0,"enemies":"Gremlin Nob","floor":14.0,"turns":4.0},{"damage":43,"enemies":"Hexaghost","floor":16,"turns":14}],"seed_played":"1282728839284133755","potions_obtained":[{"floor":1.0,"key":"BlessingOfTheForge"},{"floor":2.0,"key":"EssenceOfSteel"},{"floor":3.0,"key":"Explosive Potion"},{"floor":6.0,"key":"Energy Potion"},{"floor":13.0,"key":"GhostInAJar"}],"is_trial":false,"path_per_floor":["M","M","M","$","?","M","E","?","T","E","M","?","M","E","R","B"],"character_chosen":"THE_SILENT","items_purchased":[],"campfire_rested":0,"item_purchase_floors":[],"current_hp_per_floor":[53,50,50,50,66,66,58,58,72,49,52,52,52,38,38,0,0],"gold":101,"neow_bonus":"RANDOM_COLORLESS_2","is_daily":false,"chose_seed":false,"campfire_upgraded":1,"win_rate":0.0,"timestamp":1612016427,"path_taken":["M","M","M","$","?","?","E","?","T","E","M","?","?","E","R","BOSS"],"items_purchased_type":[],"build_version":"2020-12-22","purchased_purges":0,"victory":false,"max_hp_per_floor":[66,66,66,66,66,66,66,66,80,80,80,80,80,80,80,80,80],"relic_stats":{"counters":[10,58],"PreservedInsect":0,"obtain_stats":[{"Ice Cream":10,"Mango":9,"PreservedInsect":14,"Ring of the Snake":0,"Meat on the Bone":7},{"Ice Cream":6,"Mango":5,"PreservedInsect":9,"Ring of the Snake":0,"Meat on the Bone":5},{"Ice Cream":34,"Mango":21,"PreservedInsect":44,"Ring of the Snake":0,"Meat on the Bone":21}],"Ring of the Snake":[20],"Meat on the Bone":36},"card_choices":[{"not_picked":["Transmutation","Thinking Ahead"],"picked":"Panache","floor":0.0},{"not_picked":["Calculated Gamble","Outmaneuver"],"picked":"Finisher","floor":1.0},{"not_picked":["Flying Knee","Escape Plan"],"picked":"Leg Sweep","floor":2.0},{"not_picked":["Quick Slash","Riddle With Holes"],"picked":"Dagger Throw","floor":3.0},{"not_picked":["Well Laid Plans","Backflip"],"picked":"Cloak And Dagger","floor":6.0},{"not_picked":["Masterful Stab","Poisoned Stab"],"picked":"Cloak And Dagger","floor":7.0},{"not_picked":["Acrobatics","Riddle With Holes"],"picked":"All Out Attack","floor":10.0},{"not_picked":["Poisoned Stab","Deflect"],"picked":"Cloak And Dagger","floor":11.0},{"not_picked":["Poisoned Stab","Wraith Form v2"],"picked":"Blade Dance","floor":13.0},{"not_picked":["Sucker Punch","Cloak And Dagger"],"picked":"Leg Sweep","floor":14.0}],"player_experience":1446929,"relics_obtained":[{"floor":7.0,"key":"Meat on the Bone"},{"floor":9.0,"key":"Mango"},{"floor":10.0,"key":"Ice Cream"},{"floor":14.0,"key":"PreservedInsect"}],"event_choices":[{"cards_removed":["Finisher"],"damage_healed":16.0,"max_hp_gain":0.0,"max_hp_loss":0.0,"gold_gain":0.0,"event_name":"Bonfire Elementals","player_choice":"Offered Uncommon","floor":5.0,"gold_loss":0.0,"damage_taken":0.0},{"cards_removed":["Defend_G"],"damage_healed":0.0,"max_hp_gain":0.0,"max_hp_loss":0.0,"gold_gain":0.0,"event_name":"The Cleric","player_choice":"Card Removal","floor":8.0,"gold_loss":75.0,"damage_taken":0.0},{"cards_removed":["Defend_G"],"damage_healed":0.0,"max_hp_gain":0.0,"max_hp_loss":0.0,"gold_gain":0.0,"event_name":"Purifier","player_choice":"Purged","floor":12.0,"gold_loss":0.0,"damage_taken":0.0}],"is_beta":false,"boss_relics":[],"items_purged_floors":[],"is_endless":false,"potions_floor_spawned":[1,2,3,6,13],"killed_by":"Hexaghost","ascension_level":20}}