{"host":"cz96naaoibjp08st","time":1612014274,"event":{"mods":["Act Like it!","BaseMod","BetterRewards","Downfall","Duelist Mod","GifTheSpireLib","Hermit","Minty Spire (QoL Compilation)","Quick Restart","READ ME - Guardian Mod","Replay The Spire","Robot Space Explorer","Shop Mod","StSLib","Stuff the Spire","SuperFastMode"],"gold_per_floor":[99,113,124,138,157,172,172,172,202,216,216,288,23,33,45,45,45,45],"floor_reached":16,"language":"ZHS","playtime":1069,"items_purged":[],"score":106,"play_id":"1886d4b3-f96e-458a-b2a4-ab5299865248","local_time":"20210130214434","is_ascension_mode":false,"campfire_choices":[{"data":"hexamod:NightmareStrike","floor":8,"key":"SMITH"}],"circlet_count":0,"master_deck":["hexamod:Strike","hexamod:Strike","hexamod:Strike","hexamod:Defend","hexamod:Defend","hexamod:Defend","hexamod:Defend","hexamod:Sear","hexamod:Float","hexamod:NightmareStrike+1","hexamod:SpectersWail","hexamod:EmpoweredFlame","hexamod:Haunt","hexamod:NightmareGuise","hexamod:Again","hexamod:ForkedFlame","hexamod:SwordOfDarkness","hexamod:BurningTouch","expansioncontent:LastStand","hexamod:GhostflameBarrier"],"relics":["hexamod:SpiritBrand","Question Card","Replay:Accelerometer","downfall:BrokenWingStatue","Gremlin Food","PreservedInsect"],"acts_visited":["Exordium"],"potions_floor_usage":[16,16],"damage_taken":[{"damage":0,"enemies":"Cultist","floor":2,"turns":3},{"damage":1,"enemies":"Jaw Worm","floor":3,"turns":3},{"damage":0,"enemies":"Small Slimes","floor":4,"turns":3},{"damage":7,"enemies":"3 Louse","floor":5,"turns":3},{"damage":7,"enemies":"Blue Slaver","floor":6,"turns":3},{"damage":17,"enemies":"Lagavulin","floor":9,"turns":7},{"damage":3,"enemies":"Exordium Thugs","floor":10,"turns":4},{"damage":0,"enemies":"downfall:FleeingMerchant","floor":13,"turns":4},{"damage":13,"enemies":"Gremlin Gang","floor":14,"turns":2},{"damage":0,"enemies":"Large Slime","floor":15,"turns":4},{"damage":31,"enemies":"WA_ARCHETYPE_RETAIN","floor":16,"turns":6}],"seed_played":"-2895307842945556800","potions_obtained":[{"floor":2,"key":"SteroidPotion"},{"floor":4,"key":"SpeedPotion"},{"floor":9,"key":"Adrenaline Potion"},{"floor":10,"key":"Milkshake"},{"floor":12,"key":"Slimebound:ThreeZeroPotion"}],"is_trial":false,"path_per_floor":["R","M","M","M","M","M","T","R","E","M","?","?","$","M","M","B"],"character_chosen":"THE_SPIRIT","items_purchased":["PreservedInsect","expansioncontent:LastStand"],"campfire_rested":0,"item_purchase_floors":[13,13],"current_hp_per_floor":[77,77,76,76,69,62,62,62,45,42,42,42,42,29,29,0,0,0],"gold":45,"neow_bonus":"TEN_PERCENT_HP_BONUS","is_daily":false,"chose_seed":false,"campfire_upgraded":1,"win_rate":0.0,"timestamp":1612014274,"path_taken":["R","M","M","M","M","?","T","R","E","M","?","?","?","?","M","BOSS"],"items_purchased_type":["Relic","Card"],"build_version":"2020-12-22","purchased_purges":0,"victory":false,"max_hp_per_floor":[77,77,77,77,77,77,77,77,77,77,77,77,77,77,77,77,77,77],"card_choices":[{"not_picked":["hexamod:GhostflameBarrier","hexamod:Again"],"picked":"hexamod:SpectersWail","floor":2},{"not_picked":["hexamod:BurningTouch","hexamod:SpectersWail"],"picked":"hexamod:EmpoweredFlame","floor":3},{"not_picked":["hexamod:InspiringFlames","hexamod:SwordOfDarkness"],"picked":"hexamod:Haunt","floor":4},{"not_picked":["hexamod:EmpoweredFlame","hexamod:CatchUp"],"picked":"hexamod:NightmareGuise","floor":5},{"not_picked":["hexamod:RetreatToShadows","hexamod:SwordOfDarkness"],"picked":"hexamod:Again","floor":6},{"not_picked":["hexamod:Hexaguard","hexamod:NecessarySacrifice","hexamod:SoulSteal"],"picked":"hexamod:ForkedFlame","floor":9},{"not_picked":["hexamod:HauntingEcho","hexamod:ChargedBarrage","hexamod:CatchUp"],"picked":"hexamod:SwordOfDarkness","floor":10},{"not_picked":["hexamod:Firestarter","hexamod:CatchUp","hexamod:Hexaguard"],"picked":"hexamod:BurningTouch","floor":13},{"not_picked":["hexamod:GhostLash","hexamod:SoulSteal","hexamod:ThirdSeal"],"picked":"hexamod:GhostflameBarrier","floor":14},{"not_picked":["hexamod:StepThrough","hexamod:GhostLash","hexamod:HauntingEcho","hexamod:PhantomFireball"],"picked":"SKIP","floor":15}],"player_experience":284671,"relics_obtained":[{"floor":7,"key":"Question Card"},{"floor":9,"key":"Replay:Accelerometer"},{"floor":12,"key":"Gremlin Food"}],"event_choices":[],"is_beta":false,"boss_relics":[],"items_purged_floors":[],"is_endless":false,"potions_floor_spawned":[2,4,9,10],"killed_by":"WA_ARCHETYPE_RETAIN","ascension_level":0}}