{"host":"8b2tzytxrazqquwe","time":1612049483,"event":{"mods":["BaseMod","Bestiary","Card Forge","Colored Map","Downfall","Highlight Path","Minty Spire (QoL Compilation)","StSLib","The Marked"],"gold_per_floor":[99,111,125,125,139,156,156,173,173,73,104,120,20,20,32,131,131,131,131,131,131],"floor_reached":19,"language":"ENG","playtime":853,"items_purged":[],"score":194,"play_id":"79cb3e74-e030-442f-b136-3c09001dfbc9","local_time":"20210130233123","is_ascension_mode":false,"campfire_choices":[{"floor":1,"key":"RECALL"},{"data":"sneckomod:SnekBite","floor":10,"key":"SMITH"},{"floor":13,"key":"REST"}],"circlet_count":0,"master_deck":["sneckomod:Strike","sneckomod:Strike","sneckomod:Strike","sneckomod:Defend","sneckomod:Defend","sneckomod:Defend","sneckomod:TailWhip","sneckomod:SnekBite+1","sneckomod:Unknown","sneckomod:Unknown","sneckomod:MasterEye","sneckomod:UnknownDraw","sneckomod:UnknownDraw","sneckomod:SerpentIdol","sneckomod:UnknownCommonAttack","Parasite","sneckomod:UnknownClassSLIMEBOUND","sneckomod:UnknownClassHEXA_GHOST_PURPLE","sneckomod:UnknownRarePower","Adrenaline"],"relics":["sneckomod:SneckoSoul","Hammer of Thor","Seething Fire","Anvil of the Gods","downfall:HeartBlessingRed","Mercury Hourglass","downfall:HeartBlessingBlue","bronze:MakeshiftBattery"],"acts_visited":["Exordium","TheCity"],"potions_floor_usage":[],"damage_taken":[{"damage":6,"enemies":"Jaw Worm","floor":2,"turns":2},{"damage":7,"enemies":"Small Slimes","floor":3,"turns":3},{"damage":6,"enemies":"Cultist","floor":5,"turns":4},{"damage":13,"enemies":"2 Fungi Beasts","floor":6,"turns":4},{"damage":14,"enemies":"3 Louse","floor":8,"turns":4},{"damage":19,"enemies":"3 Sentries","floor":11,"turns":8},{"damage":7,"enemies":"Exordium Thugs","floor":12,"turns":3},{"damage":5,"enemies":"Exordium Wildlife","floor":15,"turns":3},{"damage":86,"enemies":"WA_ARCHETYPE_RETAIN","floor":16,"turns":14},{"damage":0,"enemies":"3 Byrds","floor":19,"turns":1}],"seed_played":"4715569440094482310","potions_obtained":[{"floor":5,"key":"Fire Potion"},{"floor":6,"key":"SneckoOil"},{"floor":8,"key":"Explosive Potion"},{"floor":15,"key":"Energy Potion"},{"floor":16,"key":"champ:CounterPotion"}],"is_trial":false,"path_per_floor":["R","M","M","?","M","M","T","M","?","R","E","M","R","?","M","B",null,"R","M"],"character_chosen":"THE_SNECKO","items_purchased":[],"campfire_rested":1,"item_purchase_floors":[],"current_hp_per_floor":[99,93,86,91,85,72,72,58,84,84,65,58,102,102,104,18,114,114,114,114,114],"gold":131,"neow_bonus":"TEN_PERCENT_HP_BONUS","is_daily":false,"chose_seed":false,"campfire_upgraded":1,"win_rate":0.0,"timestamp":1612049483,"path_taken":["R","M","M","?","M","M","T","M","?","R","E","M","R","?","M","BOSS","R","M"],"items_purchased_type":[],"build_version":"2020-12-22","purchased_purges":0,"victory":false,"max_hp_per_floor":[99,99,99,104,104,104,104,104,104,104,104,104,114,114,114,114,114,114,114,114,114],"card_choices":[{"not_picked":["sneckomod:SoulRoll","sneckomod:UnknownUncommonPower"],"picked":"sneckomod:MasterEye","floor":2},{"not_picked":["sneckomod:QuickMove","sneckomod:UnknownWeak"],"picked":"sneckomod:UnknownDraw","floor":3},{"not_picked":["sneckomod:WideSting","sneckomod:IronFang"],"picked":"sneckomod:UnknownDraw","floor":5},{"not_picked":["sneckomod:DangerNoodle","sneckomod:DiceCrush"],"picked":"sneckomod:SerpentIdol","floor":6},{"not_picked":["sneckomod:UnknownClassPURPLE","sneckomod:Unknown1Cost"],"picked":"sneckomod:UnknownCommonAttack","floor":8},{"not_picked":["sneckomod:SoulDraw","sneckomod:DiceCrush"],"picked":"sneckomod:UnknownClassSLIMEBOUND","floor":11},{"not_picked":["sneckomod:UnknownUncommonPower","sneckomod:DiceBlock"],"picked":"sneckomod:UnknownClassHEXA_GHOST_PURPLE","floor":12},{"not_picked":["sneckomod:DiceBoulder","sneckomod:UnlimitedRolls"],"picked":"sneckomod:UnknownDraw","floor":15},{"not_picked":["sneckomod:UnknownRareAttack","sneckomod:MorePower"],"picked":"sneckomod:UnknownRarePower","floor":16}],"player_experience":45038,"relics_obtained":[{"floor":11,"key":"Mercury Hourglass"}],"event_choices":[{"damage_healed":0,"gold_gain":0,"player_choice":"Donut","damage_taken":0,"max_hp_gain":5,"max_hp_loss":0,"event_name":"Big Fish","floor":4,"gold_loss":0},{"damage_healed":26,"gold_gain":0,"player_choice":"Healed and dodged fight","damage_taken":0,"max_hp_gain":0,"max_hp_loss":0,"event_name":"Mushrooms","floor":9,"gold_loss":0,"cards_obtained":["Parasite"]},{"damage_healed":0,"gold_gain":0,"player_choice":"Ignored","damage_taken":0,"max_hp_gain":0,"max_hp_loss":0,"event_name":"NoteForYourself","floor":14,"gold_loss":0}],"is_beta":false,"boss_relics":[{"not_picked":["Runic Pyramid","Black Star"],"picked":"bronze:MakeshiftBattery"}],"items_purged_floors":[],"is_endless":false,"potions_floor_spawned":[5,6,8,15,16],"killed_by":"3 Byrds","ascension_level":0}}