{"host":"7f01flv6y0vhl3vt","time":1612049446,"event":{"mods":["Act Like it!","BaseMod","Downfall","Minty Spire (QoL Compilation)","StSLib"],"gold_per_floor":[99,114,132,307,307,322,322,356,356,376,176,194,194,194,209,209,209,209],"floor_reached":16,"language":"ENG","playtime":2736,"items_purged":[],"score":132,"play_id":"68abb253-8d33-427f-aa14-bb6262897829","local_time":"20210130183046","is_ascension_mode":true,"campfire_choices":[{"floor":1,"key":"RECALL"},{"floor":11,"key":"REST"},{"floor":13,"key":"REST"}],"circlet_count":0,"master_deck":["Guardian:Strike_Guardian","Guardian:Strike_Guardian","Guardian:Strike_Guardian","Guardian:Strike_Guardian","Guardian:Defend_Guardian+1","Guardian:Defend_Guardian","Guardian:Defend_Guardian+1","Guardian:Defend_Guardian","Guardian:CurlUp","Guardian:TwinSlam+1","Guardian:TemporalShield","Guardian:Repulse","Guardian:ArmoredProtocol","Guardian:BronzeOrb","downfall:Malfunctioning","Guardian:ChargeUp","Guardian:CrystalBeam","Guardian:Gem_Purple","Guardian:Gem_Fragmented","Guardian:Gem_Lightblue","Guardian:TimeSifter"],"relics":["Guardian:ModeShifter","Juzu Bracelet","downfall:HeartBlessingBlue","downfall:HeartBlessingRed","Guardian:PickAxe"],"acts_visited":["Exordium"],"potions_floor_usage":[3,6,8,8,8,15],"damage_taken":[{"damage":0,"enemies":"2 Louse","floor":2,"turns":3},{"damage":7,"enemies":"Jaw Worm","floor":3,"turns":6},{"damage":12,"enemies":"Small Slimes","floor":6,"turns":4},{"damage":35,"enemies":"3 Sentries","floor":8,"turns":12},{"damage":8,"enemies":"Lots of Slimes","floor":10,"turns":7},{"damage":8,"enemies":"Large Slime","floor":12,"turns":7},{"damage":0,"enemies":"Large Slime","floor":14,"turns":6},{"damage":1,"enemies":"2 Fungi Beasts","floor":15,"turns":4},{"damage":106,"enemies":"IC_STATUS_ARCHETYPE","floor":16,"turns":18}],"seed_played":"-7842010674242555288","potions_obtained":[{"floor":0,"key":"SteroidPotion"},{"floor":0,"key":"BlessingOfTheForge"},{"floor":0,"key":"AttackPotion"},{"floor":2,"key":"EssenceOfSteel"},{"floor":6,"key":"sneckomod:MuddlingPotion"},{"floor":8,"key":"Fruit Juice"},{"floor":12,"key":"Regen Potion"}],"is_trial":false,"path_per_floor":["R","M","M","?","?","M","T","E","?","M","R","M","R","?","M","B"],"character_chosen":"GUARDIAN","items_purchased":[],"campfire_rested":2,"item_purchase_floors":[],"current_hp_per_floor":[80,80,73,73,73,61,61,31,31,23,61,53,81,81,89,0,0,0],"gold":209,"neow_bonus":"THREE_SMALL_POTIONS","is_daily":false,"chose_seed":false,"campfire_upgraded":0,"win_rate":0.0,"timestamp":1612049446,"path_taken":["R","M","M","?","?","?","T","E","?","M","R","M","R","?","M","BOSS"],"items_purchased_type":[],"build_version":"2020-12-22","purchased_purges":0,"victory":false,"max_hp_per_floor":[80,80,80,80,80,80,80,85,85,85,95,95,95,95,95,95,95,95],"card_choices":[{"not_picked":["Guardian:TemporalStrike","Guardian:Gem_Cyan"],"picked":"Guardian:TemporalShield","floor":2},{"not_picked":["Guardian:Gem_Purple","Guardian:PrimingBeam"],"picked":"Guardian:Repulse","floor":3},{"not_picked":["Guardian:PolyBeam","Guardian:TemporalStrike"],"picked":"Guardian:ArmoredProtocol","floor":6},{"not_picked":["Guardian:WalkerClaw","Guardian:RollAttack"],"picked":"Guardian:BronzeOrb","floor":8},{"not_picked":["Guardian:EvasiveProtocol","Guardian:Gem_Blue"],"picked":"Guardian:ChargeUp","floor":10},{"not_picked":["Guardian:Gem_Red","Guardian:Gem_Cyan"],"picked":"Guardian:CrystalBeam","floor":12},{"not_picked":["Guardian:Incinerate","Guardian:Suspension"],"picked":"Guardian:TimeSifter","floor":15}],"player_experience":1524351,"relics_obtained":[{"floor":8,"key":"Juzu Bracelet"}],"event_choices":[],"is_beta":false,"boss_relics":[],"items_purged_floors":[],"is_endless":false,"potions_floor_spawned":[2,6,8,12],"killed_by":"IC_STATUS_ARCHETYPE","ascension_level":1}}