{"host":"89iuq2p5kwriuwfq","time":1612042315,"event":{"mods":["BaseMod","Curses Come First","Minty Spire (QoL Compilation)","Permanent Neow","StSLib"],"gold_per_floor":[20,35,35,35,50,50,68,97,123,140,158,192,203,228,228,326,326,343,343,359,375,290,325,325,325,325],"floor_reached":25,"language":"ENG","playtime":1206,"items_purged":[],"score":428,"play_id":"e661f94e-db17-410c-af50-48518a813c0a","local_time":"20210130213155","is_ascension_mode":true,"campfire_choices":[{"data":"Immolate","floor":6.0,"key":"SMITH"},{"data":"Fire Breathing","floor":15,"key":"SMITH"},{"data":"Disarm","floor":24,"key":"SMITH"}],"circlet_count":0,"master_deck":["Strike_R","Strike_R","Strike_R","Strike_R","Defend_R","Defend_R","Defend_R","Defend_R","Bash","Immolate+1","Twin Strike","Regret","Cleave","Burning Pact","Clothesline","Pommel Strike","Flame Barrier","Brutality","Fire Breathing+1","Anger","Fiend Fire","Shrug It Off","Shrug It Off","Disarm+1","Sever Soul+1","Havoc"],"relics":["Burning Blood","Blood Vial","Smiling Mask","Bag of Preparation","Art of War","Darkstone Periapt","Mark of Pain","Question Card","Peace Pipe"],"acts_visited":["Exordium","TheCity"],"potions_floor_usage":[21,23,25],"damage_taken":[{"damage":4.0,"enemies":"2 Louse","floor":1.0,"turns":2.0},{"damage":7.0,"enemies":"Jaw Worm","floor":2.0,"turns":4.0},{"damage":9.0,"enemies":"Cultist","floor":5.0,"turns":3.0},{"damage":3.0,"enemies":"Exordium Thugs","floor":7.0,"turns":3.0},{"damage":28.0,"enemies":"Lagavulin","floor":8.0,"turns":5.0},{"damage":0.0,"enemies":"Looter","floor":10.0,"turns":1.0},{"damage":0.0,"enemies":"Exordium Wildlife","floor":11.0,"turns":2.0},{"damage":7.0,"enemies":"3 Sentries","floor":12.0,"turns":3.0},{"damage":6,"enemies":"Large Slime","floor":13,"turns":4},{"damage":34,"enemies":"Lagavulin","floor":14,"turns":5},{"damage":8,"enemies":"Slime Boss","floor":16,"turns":5},{"damage":6,"enemies":"Spheric Guardian","floor":18,"turns":3},{"damage":23,"enemies":"Shell Parasite","floor":20,"turns":5},{"damage":11,"enemies":"Sentry and Sphere","floor":21,"turns":3},{"damage":47,"enemies":"Slavers","floor":23,"turns":5},{"damage":29,"enemies":"Centurion and Healer","floor":25,"turns":5}],"seed_played":"7022664175276507003","potions_obtained":[{"floor":2.0,"key":"ColorlessPotion"},{"floor":5.0,"key":"Fire Potion"},{"floor":12.0,"key":"DuplicationPotion"},{"floor":14,"key":"ElixirPotion"},{"floor":21,"key":"Block Potion"}],"is_trial":false,"path_per_floor":["M","M","?","?","M","R","M","E","T","M","M","E","M","E","R","B",null,"M","?","M","M","?","E","R","M"],"character_chosen":"IRONCLAD","items_purchased":[],"campfire_rested":0,"item_purchase_floors":[],"current_hp_per_floor":[74,73,73,73,72,72,77,57,57,65,73,74,76,50,50,50,73,75,75,60,57,57,18,18,0,0],"gold":325,"neow_bonus":"THREE_RARE_CARDS","is_daily":false,"chose_seed":false,"campfire_upgraded":3,"win_rate":0.0,"timestamp":1612042315,"path_taken":["M","M","?","?","M","R","M","E","T","M","M","E","M","E","R","BOSS","M","?","?","M","?","E","R","M"],"items_purchased_type":[],"build_version":"2020-12-22","purchased_purges":0,"victory":false,"max_hp_per_floor":[80,80,80,80,80,80,80,80,80,80,80,80,80,80,80,80,80,80,80,80,80,80,80,80,80,80],"card_choices":[{"not_picked":["Feed","Limit Break"],"picked":"Immolate","floor":0.0},{"not_picked":["Heavy Blade","Warcry","Sentinel"],"picked":"SKIP","floor":1.0},{"not_picked":["Havoc","Sword Boomerang"],"picked":"Twin Strike","floor":2.0},{"not_picked":["Havoc","Combust"],"picked":"Burning Pact","floor":5.0},{"not_picked":["Cleave","Armaments"],"picked":"Clothesline","floor":7.0},{"not_picked":["Warcry","Dropkick"],"picked":"Pommel Strike","floor":8.0},{"not_picked":["Burning Pact","Iron Wave"],"picked":"Flame Barrier","floor":10.0},{"not_picked":["Bloodletting","Heavy Blade","Warcry"],"picked":"SKIP","floor":11.0},{"not_picked":["Infernal Blade","Feel No Pain"],"picked":"Brutality","floor":12.0},{"not_picked":["Heavy Blade","Warcry"],"picked":"Fire Breathing","floor":13},{"not_picked":["Clash","Impervious"],"picked":"Anger","floor":14},{"not_picked":["Limit Break","Exhume"],"picked":"Fiend Fire","floor":16},{"not_picked":["Hemokinesis","Iron Wave+1"],"picked":"Shrug It Off","floor":18},{"not_picked":["Sentinel","Iron Wave+1"],"picked":"Disarm","floor":20},{"not_picked":["Bloodletting","Perfected Strike"],"picked":"Sever Soul+1","floor":21},{"not_picked":["Sword Boomerang","Headbutt","Anger"],"picked":"Havoc","floor":23}],"player_experience":606247,"relics_obtained":[{"floor":8.0,"key":"Smiling Mask"},{"floor":9.0,"key":"Bag of Preparation"},{"floor":12.0,"key":"Art of War"},{"floor":14,"key":"Darkstone Periapt"},{"floor":23,"key":"Peace Pipe"}],"event_choices":[{"damage_healed":0.0,"max_hp_gain":0.0,"max_hp_loss":0.0,"gold_gain":0.0,"event_name":"Big Fish","player_choice":"Box","floor":3.0,"gold_loss":0.0,"damage_taken":0.0,"relics_obtained":["Blood Vial"],"cards_obtained":["Regret"]},{"damage_healed":0.0,"max_hp_gain":0.0,"max_hp_loss":0.0,"gold_gain":0.0,"cards_transformed":["Strike_R"],"event_name":"Living Wall","player_choice":"Change","floor":4.0,"gold_loss":0.0,"damage_taken":0.0,"cards_obtained":["Cleave"]},{"damage_healed":0,"gold_gain":0,"player_choice":"1 cards matched","damage_taken":0,"max_hp_gain":0,"max_hp_loss":0,"event_name":"Match and Keep!","floor":19,"gold_loss":0,"cards_obtained":["Shrug It Off"]},{"damage_healed":0,"gold_gain":0,"player_choice":"Obtained Relic","damage_taken":0,"relics_obtained":["Question Card"],"max_hp_gain":0,"max_hp_loss":0,"event_name":"Addict","floor":22,"gold_loss":85}],"is_beta":false,"boss_relics":[{"not_picked":["Runic Cube","Ectoplasm"],"picked":"Mark of Pain"}],"items_purged_floors":[],"is_endless":false,"potions_floor_spawned":[2,5,12,14,21],"killed_by":"Centurion and Healer","ascension_level":9}}