{"host":"nolo0osttpwefhwj","time":1612018653,"event":{"mods":["AchievementEnabler","BaseMod","Bestiary","Colored Powertips","Minty Spire (QoL Compilation)","Permanent Neow","Quick Restart","Relic Stats"],"gold_per_floor":[109,109,123,136,149,183,183,216,269,289,249,283,301,320,320,398,398,413,413,338,518,21,55,55,89,89,115,133,133,48,74,86,98,98],"floor_reached":33,"language":"ENG","playtime":1713,"items_purged":["Strike_G"],"score":829,"play_id":"e16f04a0-5e12-4a86-8b48-5b846b915f1a","local_time":"20210130155733","is_ascension_mode":true,"campfire_choices":[{"data":"Finisher","floor":7.0,"key":"SMITH"},{"data":"Cloak And Dagger","floor":15.0,"key":"SMITH"},{"floor":24,"key":"REST"},{"data":"Terror","floor":32,"key":"SMITH"}],"circlet_count":0,"master_deck":["AscendersBane","Strike_G","Strike_G","Strike_G","Defend_G","Defend_G","Defend_G","Defend_G","Survivor","Neutralize","Finisher+1","Masterful Stab","Glass Knife","Infinite Blades","Terror+1","Infinite Blades","Deflect","Cloak And Dagger+1","Phantasmal Killer","Secret Technique","Blade Dance","PiercingWail+1","Blade Dance","Masterful Stab+1"],"relics":["SacredBark","Strawberry","Letter Opener","Potion Belt","Odd Mushroom","Centennial Puzzle","Black Star","Enchiridion","Sling","Eternal Feather","Calipers","Art of War","Meat on the Bone","Orichalcum","Bottled Flame","MawBank"],"acts_visited":["TheCity"],"potions_floor_usage":[16,16,23,27,28,31,33,33],"damage_taken":[{"damage":0.0,"enemies":"Cultist","floor":1.0,"turns":4.0},{"damage":4.0,"enemies":"Small Slimes","floor":3.0,"turns":3.0},{"damage":1.0,"enemies":"Jaw Worm","floor":4.0,"turns":2.0},{"damage":0.0,"enemies":"3 Louse","floor":5.0,"turns":2.0},{"damage":2.0,"enemies":"Lagavulin","floor":6.0,"turns":5.0},{"damage":12.0,"enemies":"Gremlin Nob","floor":8.0,"turns":3.0},{"damage":13.0,"enemies":"The Mushroom Lair","floor":10.0,"turns":4.0},{"damage":0.0,"enemies":"Lagavulin","floor":12.0,"turns":3.0},{"damage":1.0,"enemies":"Looter","floor":13.0,"turns":3.0},{"damage":9.0,"enemies":"Exordium Thugs","floor":14.0,"turns":4.0},{"damage":0,"enemies":"The Guardian","floor":16,"turns":12},{"damage":10,"enemies":"2 Thieves","floor":18,"turns":2},{"damage":0,"enemies":"Book of Stabbing","floor":23,"turns":3},{"damage":9,"enemies":"Gremlin Leader","floor":25,"turns":5},{"damage":0,"enemies":"Slavers","floor":27,"turns":4},{"damage":10,"enemies":"Shell Parasite","floor":28,"turns":3},{"damage":10,"enemies":"Shelled Parasite and Fungi","floor":31,"turns":3},{"damage":58,"enemies":"Champ","floor":33,"turns":8}],"seed_played":"-2281670780408068017","potions_obtained":[{"floor":3.0,"key":"PowerPotion"},{"floor":4.0,"key":"Swift Potion"},{"floor":6.0,"key":"SpeedPotion"},{"floor":11.0,"key":"GhostInAJar"},{"floor":11.0,"key":"LiquidMemories"},{"floor":11.0,"key":"Dexterity Potion"},{"floor":12.0,"key":"Dexterity Potion"},{"floor":13.0,"key":"Energy Potion"},{"floor":18,"key":"LiquidBronze"},{"floor":25,"key":"FearPotion"},{"floor":27,"key":"FearPotion"},{"floor":31,"key":"Block Potion"}],"is_trial":false,"path_per_floor":["M","?","M","M","M","E","R","E","T","?","?","E","M","M","R","B",null,"M","?","?","?","$","E","R","E","T","E","M","?","?","M","R","B"],"character_chosen":"THE_SILENT","items_purchased":["Sling","SteroidPotion","Secret Technique"],"campfire_rested":1,"item_purchase_floors":[22,22,22],"current_hp_per_floor":[59,52,48,47,47,52,52,40,40,27,27,27,26,17,17,17,59,49,28,28,9,9,9,42,33,33,45,47,47,47,37,49,0,0],"gold":98,"neow_bonus":"BOSS_RELIC","is_daily":false,"chose_seed":false,"campfire_upgraded":3,"win_rate":0.0,"timestamp":1612018653,"path_taken":["M","?","M","M","M","E","R","E","T","?","?","E","M","?","R","BOSS","M","?","?","?","$","E","R","E","T","E","?","?","?","M","R","BOSS"],"items_purchased_type":["Relic","Potion","Card"],"build_version":"2020-12-22","purchased_purges":1,"victory":false,"max_hp_per_floor":[66,66,66,66,66,73,73,73,73,73,73,73,73,73,73,73,73,73,73,73,73,73,73,73,73,73,73,73,73,73,73,73,73,73],"relic_stats":{"Centennial Puzzle":[15],"counters":[8,40],"Eternal Feather":24,"Black Star":3,"Art of War":[0],"Letter Opener":[75],"Orichalcum":[24],"MawBank":36,"obtain_stats":[{"Potion Belt":0,"Calipers":23,"SacredBark":0,"Enchiridion":19,"Eternal Feather":23,"Letter Opener":0,"Odd Mushroom":0,"Orichalcum":27,"Sling":22,"MawBank":30,"Centennial Puzzle":0,"Bottled Flame":27,"Strawberry":0,"Black Star":17,"Art of War":25,"Meat on the Bone":26},{"Potion Belt":0,"Calipers":3,"SacredBark":0,"Enchiridion":2,"Eternal Feather":3,"Letter Opener":0,"Odd Mushroom":0,"Orichalcum":5,"Sling":2,"MawBank":6,"Centennial Puzzle":0,"Bottled Flame":5,"Strawberry":0,"Black Star":1,"Art of War":4,"Meat on the Bone":4},{"Potion Belt":0,"Calipers":17,"SacredBark":0,"Enchiridion":14,"Eternal Feather":17,"Letter Opener":0,"Odd Mushroom":0,"Orichalcum":26,"Sling":14,"MawBank":29,"Centennial Puzzle":0,"Bottled Flame":26,"Strawberry":0,"Black Star":12,"Art of War":22,"Meat on the Bone":22}],"Meat on the Bone":24},"card_choices":[{"not_picked":["Bane","Distraction"],"picked":"Finisher","floor":1.0},{"not_picked":["Poisoned Stab","PiercingWail"],"picked":"Masterful Stab","floor":3.0},{"not_picked":["Cloak And Dagger","Deadly Poison"],"picked":"Glass Knife","floor":4.0},{"not_picked":["Prepared","PiercingWail"],"picked":"Infinite Blades","floor":5.0},{"not_picked":["Bane","Skewer"],"picked":"Terror","floor":6.0},{"not_picked":["Dagger Throw","Deadly Poison"],"picked":"Infinite Blades","floor":8.0},{"not_picked":["Tactician","Deadly Poison"],"picked":"Deflect","floor":10.0},{"not_picked":["Dodge and Roll","Terror","Catalyst"],"picked":"SKIP","floor":12.0},{"not_picked":["Deadly Poison","PiercingWail","Underhanded Strike"],"picked":"SKIP","floor":13.0},{"not_picked":["Prepared","Slice"],"picked":"Cloak And Dagger","floor":14.0},{"not_picked":["Adrenaline","Die Die Die"],"picked":"Phantasmal Killer","floor":16},{"not_picked":["Deadly Poison+1","Choke","Bane"],"picked":"SKIP","floor":18},{"not_picked":["Flechettes","Acrobatics"],"picked":"Blade Dance","floor":23},{"not_picked":["Dodge and Roll","PiercingWail","Quick Slash"],"picked":"SKIP","floor":25},{"not_picked":["Dodge and Roll","Prepared"],"picked":"PiercingWail+1","floor":27},{"not_picked":["All Out Attack","A Thousand Cuts","Setup"],"picked":"SKIP","floor":28},{"not_picked":["Backflip","Backstab+1"],"picked":"Masterful Stab+1","floor":31}],"player_experience":276088,"relics_obtained":[{"floor":6.0,"key":"Strawberry"},{"floor":8.0,"key":"Letter Opener"},{"floor":9.0,"key":"Potion Belt"},{"floor":10.0,"key":"Odd Mushroom"},{"floor":12.0,"key":"Centennial Puzzle"},{"floor":19,"key":"Enchiridion"},{"floor":23,"key":"Eternal Feather"},{"floor":23,"key":"Calipers"},{"floor":25,"key":"Art of War"},{"floor":26,"key":"Meat on the Bone"},{"floor":27,"key":"Orichalcum"},{"floor":27,"key":"Bottled Flame"}],"event_choices":[{"cards_removed":["Defend_G"],"damage_healed":0.0,"max_hp_gain":0.0,"max_hp_loss":0.0,"gold_gain":0.0,"event_name":"Golden Wing","player_choice":"Card Removal","floor":2.0,"gold_loss":0.0,"damage_taken":7.0},{"damage_healed":0.0,"max_hp_gain":0.0,"max_hp_loss":0.0,"gold_gain":0.0,"event_name":"Mushrooms","player_choice":"Fought Mushrooms","floor":10.0,"gold_loss":0.0,"damage_taken":0.0},{"damage_healed":0.0,"max_hp_gain":0.0,"max_hp_loss":0.0,"gold_gain":0.0,"event_name":"The Woman in Blue","player_choice":"Bought 3 Potions","floor":11.0,"gold_loss":0.0,"damage_taken":0.0},{"damage_healed":0,"gold_gain":0,"player_choice":"Obtained Book","damage_taken":21,"max_hp_gain":0,"max_hp_loss":0,"event_name":"Cursed Tome","floor":19,"gold_loss":0},{"cards_removed":["Strike_G"],"damage_healed":0,"gold_gain":0,"player_choice":"Gave Gold","damage_taken":0,"max_hp_gain":0,"max_hp_loss":0,"event_name":"Beggar","floor":20,"gold_loss":75},{"damage_healed":0,"gold_gain":180,"player_choice":"GOLD GOLD ","damage_taken":19,"max_hp_gain":0,"max_hp_loss":0,"event_name":"Knowing Skull","floor":21,"potions_obtained":[],"gold_loss":0,"cards_obtained":[]},{"damage_healed":0,"gold_gain":0,"player_choice":"Read","damage_taken":0,"max_hp_gain":0,"max_hp_loss":0,"event_name":"The Library","floor":29,"gold_loss":0,"cards_obtained":["Blade Dance"]},{"damage_healed":0,"gold_gain":0,"player_choice":"Obtained Relic","damage_taken":0,"relics_obtained":["MawBank"],"max_hp_gain":0,"max_hp_loss":0,"event_name":"Addict","floor":30,"gold_loss":85}],"is_beta":false,"boss_relics":[{"not_picked":["Velvet Choker","Runic Dome"],"picked":"Black Star"}],"items_purged_floors":[22],"is_endless":false,"potions_floor_spawned":[3,4,6,12,13,18,25,27,31],"killed_by":"Champ","ascension_level":17}}