{"host":"i0avyit1s6jb1siw","time":1612040250,"event":{"mods":["BaseMod","DeckTracker","Dota2Spire","Highlight Path","Minty Spire (QoL Compilation)","Quick Restart","StSLib","SuperFastMode"],"gold_per_floor":[116,134,152,170,185,36,36,111,25,25,25,25,40,68,81,111,129,129,206,206,217,227,227,227,227],"floor_reached":24,"language":"ENG","playtime":712,"items_purged":["Strike_P"],"score":520,"play_id":"ca72c87f-52fd-4e21-bbbf-9ee0fbc5add9","local_time":"20210130215730","is_ascension_mode":true,"campfire_choices":[{"data":"Eruption","floor":7,"key":"SMITH"},{"data":"PathToVictory","floor":12,"key":"SMITH"},{"floor":18,"key":"REST"}],"circlet_count":0,"master_deck":["AscendersBane","Strike_P+1","Defend_P+1","Defend_P+1","Defend_P+1","Eruption+1","Vigilance","Protect+1","PathToVictory+1","SashWhip","DeceiveReality","Wallop","LessonLearned","Fasting2","Protect+1","DevaForm+1","Brilliance+1","EmptyMind+1","Evaluate+1","PathToVictory+1"],"relics":["Busted Crown","Peace Pipe","WingedGreaves","Dota2Spire:EyeOfSkadi","TungstenRod","Astrolabe"],"acts_visited":["Exordium","TheCity"],"potions_floor_usage":[5,16,17,19],"damage_taken":[{"damage":2,"enemies":"Cultist","floor":1,"turns":3},{"damage":1,"enemies":"Small Slimes","floor":2,"turns":5},{"damage":0,"enemies":"Jaw Worm","floor":3,"turns":4},{"damage":0,"enemies":"Blue Slaver","floor":4,"turns":4},{"damage":0,"enemies":"Gremlin Gang","floor":5,"turns":4},{"damage":12,"enemies":"Exordium Thugs","floor":13,"turns":8},{"damage":25,"enemies":"Lagavulin","floor":14,"turns":6},{"damage":0,"enemies":"Looter","floor":15,"turns":3},{"damage":8,"enemies":"3 Sentries","floor":16,"turns":7},{"damage":0,"enemies":"Exordium Wildlife","floor":17,"turns":4},{"damage":0,"enemies":"The Guardian","floor":19,"turns":15},{"damage":26,"enemies":"Spheric Guardian","floor":21,"turns":7},{"damage":4,"enemies":"Shell Parasite","floor":22,"turns":7},{"damage":41,"enemies":"Shelled Parasite and Fungi","floor":24,"turns":6}],"seed_played":"-5897992979268063474","potions_obtained":[{"floor":4,"key":"Fire Potion"},{"floor":13,"key":"PowerPotion"},{"floor":14,"key":"Swift Potion"},{"floor":16,"key":"Block Potion"},{"floor":17,"key":"Weak Potion"}],"is_trial":false,"path_per_floor":["M","M","M","M","M","$","R","?","$","T","T","R","M","E","M","E","M","R","B",null,"M","M","?","M"],"character_chosen":"WATCHER","items_purchased":["Wallop","LessonLearned"],"campfire_rested":1,"item_purchase_floors":[6,9],"current_hp_per_floor":[59,58,58,58,58,58,58,47,47,47,47,47,35,15,15,7,7,28,28,62,36,32,32,0,0],"gold":227,"neow_bonus":"BOSS_RELIC","is_daily":false,"chose_seed":false,"campfire_upgraded":2,"win_rate":0.0,"timestamp":1612040250,"path_taken":["M","M","M","?","M","?","R","?","?","T","T","R","M","E","M","E","M","R","BOSS","M","M","?","?"],"items_purchased_type":["Card","Card"],"build_version":"2020-12-22","purchased_purges":1,"victory":false,"max_hp_per_floor":[68,68,68,68,68,68,68,68,68,68,68,68,68,73,73,73,73,73,73,73,73,73,73,73,73],"card_choices":[{"not_picked":[],"picked":"Protect","floor":1},{"not_picked":[],"picked":"PathToVictory","floor":2},{"not_picked":[],"picked":"SashWhip","floor":3},{"not_picked":[],"picked":"DeceiveReality","floor":4},{"not_picked":["ReachHeaven"],"picked":"SKIP","floor":5},{"not_picked":["Consecrate"],"picked":"SKIP","floor":13},{"not_picked":[],"picked":"Fasting2","floor":14},{"not_picked":["Halt"],"picked":"SKIP","floor":15},{"not_picked":["SashWhip"],"picked":"SKIP","floor":16},{"not_picked":[],"picked":"Protect","floor":17},{"not_picked":[],"picked":"Evaluate+1","floor":21},{"not_picked":["ClearTheMind"],"picked":"SKIP","floor":22}],"player_experience":2386051,"relics_obtained":[{"floor":10,"key":"Peace Pipe"},{"floor":11,"key":"WingedGreaves"},{"floor":14,"key":"Dota2Spire:EyeOfSkadi"},{"floor":16,"key":"TungstenRod"}],"event_choices":[{"damage_healed":0,"gold_gain":75,"player_choice":"Gather Gold","damage_taken":11,"max_hp_gain":0,"max_hp_loss":0,"event_name":"World of Goop","floor":8,"gold_loss":0},{"damage_healed":0,"gold_gain":0,"player_choice":"Copied","damage_taken":0,"max_hp_gain":0,"max_hp_loss":0,"event_name":"Duplicator","floor":23,"gold_loss":0,"cards_obtained":["PathToVictory"]}],"is_beta":false,"boss_relics":[{"not_picked":["Runic Dome","Runic Pyramid"],"picked":"Astrolabe"}],"items_purged_floors":[6],"is_endless":false,"potions_floor_spawned":[4,13,14,16,17],"killed_by":"Shelled Parasite and Fungi","ascension_level":20}}