{"host":"ijtzdp8x8o2bpzki","time":1612027550,"event":{"mods":["AchievementEnabler","BaseMod","Colored Map","Colored Powertips","DeckTracker","Lobotomy","LobotomyExtend","Minty Spire (QoL Compilation)"],"gold_per_floor":[111,111,125,125,144,144,144],"floor_reached":6,"language":"ENG","playtime":283,"items_purged":[],"score":36,"play_id":"e8b97f4a-9222-4864-8aa9-1681f8c28825","local_time":"20210130202550","is_ascension_mode":false,"campfire_choices":[],"circlet_count":0,"master_deck":["Strike_R","Strike_R","Strike_R","Strike_R","Strike_R","Defend_R","Defend_R","Defend_R","Bash","Murderer","Inflame","OldLady","Battle Trance","Burning Pact","ShyLook","Shrug It Off"],"relics":["Burning Blood","CogitoBucket","LetterFromLob"],"acts_visited":["Exordium"],"potions_floor_usage":[],"damage_taken":[{"damage":0,"enemies":"2 Louse","floor":1,"turns":3},{"damage":10,"enemies":"Cultist","floor":3,"turns":4},{"damage":13,"enemies":"Jaw Worm","floor":5,"turns":4},{"damage":101,"enemies":"Gremlin Nob","floor":6,"turns":5}],"seed_played":"6068461097923516429","potions_obtained":[{"floor":5,"key":"BlessingOfTheForge"}],"is_trial":false,"path_per_floor":["M","?","M","?","M","E"],"character_chosen":"IRONCLAD","items_purchased":[],"campfire_rested":0,"item_purchase_floors":[],"current_hp_per_floor":[80,80,76,76,69,0,0],"gold":144,"neow_bonus":"","is_daily":false,"chose_seed":false,"campfire_upgraded":0,"win_rate":0.0,"timestamp":1612027550,"path_taken":["M","?","M","?","M","E"],"items_purchased_type":[],"build_version":"2020-12-22","purchased_purges":0,"victory":false,"max_hp_per_floor":[80,82,82,82,82,82,82],"card_choices":[{"not_picked":["Wellcheers","NakedNest"],"picked":"Murderer","floor":1},{"not_picked":["Shrug It Off","Disarm"],"picked":"Inflame","floor":1},{"not_picked":["FairyFestival","BeautyBeast"],"picked":"OldLady","floor":3},{"not_picked":["Cleave","Sever Soul"],"picked":"Battle Trance","floor":3},{"not_picked":["SpiderBud","VoidDream"],"picked":"ShyLook","floor":5},{"not_picked":["Heavy Blade","Entrench"],"picked":"Shrug It Off","floor":5}],"player_experience":95644,"relics_obtained":[{"floor":1,"key":"LetterFromLob"}],"event_choices":[{"damage_healed":0,"gold_gain":0,"cards_transformed":["Defend_R"],"player_choice":"Transformed","damage_taken":0,"max_hp_gain":0,"max_hp_loss":0,"event_name":"Transmorgrifier","floor":4,"gold_loss":0,"cards_obtained":["Burning Pact"]}],"is_beta":false,"boss_relics":[],"items_purged_floors":[],"is_endless":false,"potions_floor_spawned":[5],"killed_by":"Gremlin Nob","ascension_level":0}}