{"host":"i9z6y8pcdeu2qxnx","time":1612007441,"event":{"mods":["BaseMod","Colored Map","Googly Eyes","Highlight Path","Minty Spire (QoL Compilation)","Replay The Spire","StSLib"],"gold_per_floor":[159,189,228,86,119,197,257,14,92,92,191,191,191,248,248,248,248],"floor_reached":16,"language":"ENG","playtime":1574,"items_purged":[],"score":137,"play_id":"e0827fc0-6064-4662-9f99-44bb5cc1bbb0","local_time":"20210130065041","daily_mods":["Allstar","Red Cards","Midas"],"is_ascension_mode":false,"campfire_choices":[{"floor":10,"key":"REST"},{"floor":12,"key":"REST"},{"floor":15,"key":"REST"}],"circlet_count":0,"master_deck":["Strike_P","Strike_P","Strike_P","Strike_P","Defend_P","Defend_P","Defend_P","Defend_P","Eruption","Vigilance","ReplayTheSpireMod:Uncanny Aura","Mind Blast","Replay:Sssssssssshield","ReplayTheSpireMod:Trickstab","Tantrum","Armaments","EmptyFist","Conclude","Weave","ReplayTheSpireMod:Strike From Hell","ReachHeaven","BowlingBash","Wireheading","Trip","Evaluate"],"relics":["PureWater","Turnip","Meat on the Bone","Matryoshka","CaptainsWheel"],"acts_visited":["Exordium"],"potions_floor_usage":[6,11],"damage_taken":[{"damage":1,"enemies":"Cultist","floor":1,"turns":4},{"damage":3,"enemies":"Jaw Worm","floor":2,"turns":5},{"damage":5,"enemies":"Small Slimes","floor":3,"turns":2},{"damage":0,"enemies":"Looter","floor":5,"turns":1},{"damage":0,"enemies":"Gremlin Nob","floor":6,"turns":2},{"damage":11,"enemies":"Large Slime","floor":7,"turns":2},{"damage":31,"enemies":"Lagavulin","floor":11,"turns":4},{"damage":7,"enemies":"Blue Slaver","floor":14,"turns":3},{"damage":73,"enemies":"The Guardian","floor":16,"turns":7}],"seed_played":"6092487527348556300","potions_obtained":[{"floor":3,"key":"Elixir"},{"floor":5,"key":"AttackPotion"},{"floor":6,"key":"SpeedPotion"}],"is_trial":true,"path_per_floor":["M","M","M","$","M","E","M","$","T","R","E","R","?","M","R","B"],"character_chosen":"WATCHER","items_purchased":["Conclude","Weave","Meat on the Bone"],"campfire_rested":3,"item_purchase_floors":[4,4,8],"current_hp_per_floor":[71,68,63,63,63,63,52,52,52,72,41,62,62,55,72,0,0],"gold":248,"neow_bonus":"","is_daily":false,"chose_seed":false,"campfire_upgraded":0,"win_rate":0.0,"timestamp":1612007441,"path_taken":["M","M","M","$","M","E","M","$","T","R","E","R","?","M","R","BOSS"],"items_purchased_type":["Card","Card","Relic"],"build_version":"2020-12-22","purchased_purges":0,"victory":false,"max_hp_per_floor":[72,72,72,72,72,72,72,72,72,72,72,72,72,72,72,72,72],"card_choices":[{"not_picked":["Dark Embrace","Heavy Blade"],"picked":"Tantrum","floor":1},{"not_picked":["Sever Soul","Fire Breathing"],"picked":"Armaments","floor":2},{"not_picked":["Flex","Replay:ManipulateFuture"],"picked":"EmptyFist","floor":3},{"not_picked":["ReplayTheSpireMod:Limb From Limb","Replay:Undeath\u0027s Touch"],"picked":"ReplayTheSpireMod:Strike From Hell","floor":5},{"not_picked":["Replay:LoomingThreat","ReplayTheSpireMod:Strike From Hell"],"picked":"ReachHeaven","floor":6},{"not_picked":["Wild Strike","Indignation"],"picked":"BowlingBash","floor":7},{"not_picked":["Bloodletting","Study"],"picked":"Wireheading","floor":11},{"not_picked":["Dark Embrace","WreathOfFlame"],"picked":"Evaluate","floor":14}],"player_experience":981722,"relics_obtained":[{"floor":6,"key":"Turnip"},{"floor":9,"key":"Matryoshka"},{"floor":11,"key":"CaptainsWheel"}],"event_choices":[{"damage_healed":0,"gold_gain":0,"cards_transformed":["Transmutation"],"player_choice":"Transformed","damage_taken":0,"max_hp_gain":0,"max_hp_loss":0,"event_name":"Transmorgrifier","floor":13,"gold_loss":0,"cards_obtained":["Trip"]}],"is_beta":false,"boss_relics":[],"items_purged_floors":[],"is_endless":false,"potions_floor_spawned":[3,5,6],"killed_by":"The Guardian","ascension_level":0}}