{"host":"i4yzoangb31cseo0","time":1612007240,"event":{"mods":["AchievementEnabler","BaseMod","ChefMod","Colored Powertips","Curses Come First","Downfall","Hermit","Marisa????????","Minty Spire (QoL Compilation)","Permanent Neow","Rare Cards Sparkle","StSLib","The Cursed","The Necromancer","The Senshi","The Servant 0.9.4"],"gold_per_floor":[0,20,5,24,124,124,150,163,163,194,194,211,211,42,54,157,207,207,222,122,207,222,242,292,292,292,32,32,42,61,61,61],"floor_reached":31,"language":"ENG","playtime":1977,"items_purged":[],"score":386,"play_id":"09fa9714-e6fe-4036-9180-2fa47eb78ba4","local_time":"20210130221720","is_ascension_mode":true,"campfire_choices":[{"floor":1,"key":"RECALL"},{"floor":6,"key":"REST"},{"data":"Perfected Strike","floor":9,"key":"SMITH"},{"data":"Perfected Strike","floor":11,"key":"SMITH"},{"floor":13,"key":"REST"},{"data":"Whirlwind","floor":18,"key":"SMITH"},{"floor":26,"key":"REST"},{"floor":28,"key":"REST"}],"circlet_count":0,"master_deck":["Strike_R","Strike_R","Strike_R","Strike_R","Strike_R","Defend_R","Defend_R","Defend_R","Defend_R","Bash","Blood for Blood","Flex","Rupture","Blood for Blood","Perfected Strike+1","Perfected Strike+1","Clash","Thunderclap+1","Warcry","Anger","Anger","Whirlwind+1","Battle Trance","Brutality","Armaments","Flex","Anger","Seeing Red","Pommel Strike","Anger","Combust+1","Clash"],"relics":["Burning Blood","Toy Ornithopter","Boot","Orrery","Tiny House","Blood Vial","Frozen Egg 2"],"acts_visited":["Exordium","TheCity"],"potions_floor_usage":[5,10,10,16,17,25,25,30,31,31],"damage_taken":[{"damage":6,"enemies":"Cultist","floor":2,"turns":3},{"damage":0,"enemies":"downfall:FleeingMerchant","floor":3,"turns":4},{"damage":4,"enemies":"Small Slimes","floor":4,"turns":4},{"damage":47,"enemies":"downfall:LadyInBlue","floor":5,"turns":9},{"damage":7,"enemies":"Jaw Worm","floor":8,"turns":3},{"damage":26,"enemies":"Lagavulin","floor":10,"turns":5},{"damage":8,"enemies":"Large Slime","floor":12,"turns":5},{"damage":10,"enemies":"downfall:FleeingMerchant","floor":14,"turns":4},{"damage":6,"enemies":"Exordium Wildlife","floor":15,"turns":3},{"damage":0,"enemies":"Slime Boss","floor":16,"turns":5},{"damage":16,"enemies":"3 Byrds","floor":19,"turns":4},{"damage":16,"enemies":"downfall:FleeingMerchant","floor":20,"turns":4},{"damage":23,"enemies":"Spheric Guardian","floor":22,"turns":4},{"damage":46,"enemies":"Centurion and Healer","floor":23,"turns":6},{"damage":2,"enemies":"Gremlin Leader","floor":25,"turns":6},{"damage":25,"enemies":"downfall:FleeingMerchant","floor":27,"turns":4},{"damage":47,"enemies":"Snake Plant","floor":29,"turns":4},{"damage":45,"enemies":"Shelled Parasite and Fungi","floor":30,"turns":3},{"damage":27,"enemies":"Slavers","floor":31,"turns":1}],"seed_played":"6736218402853932374","potions_obtained":[{"floor":2,"key":"Slimebound:ThreeZeroPotion"},{"floor":5,"key":"LiquidMemories"},{"floor":5,"key":"SmokeBomb"},{"floor":5,"key":"Strength Potion"},{"floor":12,"key":"Dexterity Potion"},{"floor":15,"key":"Fire Potion"},{"floor":17,"key":"Fruit Juice"},{"floor":22,"key":"CultistPotion"},{"floor":29,"key":"DistilledChaos"},{"floor":30,"key":"HeartOfIron"}],"is_trial":false,"path_per_floor":["R","M","$","M","?","R","T","M","R","E","R","M","R","$","M","B",null,"R","M","$","?","M","M","T","E","R","$","R","M","M","E"],"character_chosen":"IRONCLAD","items_purchased":["Orrery","Anger","Seeing Red","Frozen Egg 2"],"campfire_rested":4,"item_purchase_floors":[14,20,20,27],"current_hp_per_floor":[96,96,96,96,55,83,83,82,82,72,72,70,96,92,92,96,106,106,96,86,76,59,19,19,35,66,49,80,41,9,0,0],"gold":61,"neow_bonus":"TWENTY_PERCENT_HP_BONUS","is_daily":false,"chose_seed":false,"campfire_upgraded":3,"win_rate":0.0,"timestamp":1612007240,"path_taken":["R","M","$","?","?","R","T","M","R","E","R","M","R","$","M","BOSS","R","M","?","?","M","M","T","E","R","$","R","M","M","E"],"items_purchased_type":["Relic","Card","Card","Relic"],"build_version":"2020-12-22","purchased_purges":0,"victory":false,"max_hp_per_floor":[96,96,96,96,96,96,96,96,96,96,96,96,96,96,96,96,106,106,106,106,106,106,106,106,106,106,106,106,106,106,106,106],"card_choices":[{"not_picked":["Reckless Charge","Ghostly Armor"],"picked":"Blood for Blood","floor":2},{"not_picked":["Flame Barrier","Pommel Strike"],"picked":"Flex","floor":3},{"not_picked":["Sever Soul","Pommel Strike"],"picked":"Rupture","floor":4},{"not_picked":["Cleave","Iron Wave"],"picked":"Blood for Blood","floor":5},{"not_picked":["Clothesline","Clash"],"picked":"Perfected Strike","floor":8},{"not_picked":["Sword Boomerang","Intimidate"],"picked":"Perfected Strike","floor":10},{"not_picked":["True Grit","Havoc"],"picked":"Clash","floor":12},{"not_picked":["Sword Boomerang","Burning Pact"],"picked":"Thunderclap","floor":14},{"not_picked":["Feel No Pain","True Grit"],"picked":"Warcry","floor":14},{"not_picked":["Headbutt","Evolve"],"picked":"Anger","floor":14},{"not_picked":["Sword Boomerang","Dual Wield"],"picked":"Anger","floor":14},{"not_picked":["Havoc","Dark Embrace"],"picked":"Whirlwind","floor":14},{"not_picked":["Sever Soul","Iron Wave"],"picked":"Battle Trance","floor":15},{"not_picked":["Berserk","Impervious"],"picked":"Brutality","floor":16},{"not_picked":["Whirlwind","Thunderclap"],"picked":"Armaments","floor":17},{"not_picked":["Ghostly Armor","Armaments","Havoc"],"picked":"SKIP","floor":19},{"not_picked":["Thunderclap","Battle Trance"],"picked":"Flex","floor":20},{"not_picked":["Iron Wave+1","Burning Pact"],"picked":"Pommel Strike","floor":22},{"not_picked":["Flame Barrier","Thunderclap"],"picked":"Anger","floor":23},{"not_picked":["Cleave","Sword Boomerang","Body Slam+1"],"picked":"SKIP","floor":27},{"not_picked":["Twin Strike","Limit Break"],"picked":"Combust+1","floor":29},{"not_picked":["Clothesline","Fire Breathing+1"],"picked":"Clash","floor":30}],"player_experience":160775,"relics_obtained":[{"floor":5,"key":"Toy Ornithopter"},{"floor":10,"key":"Boot"},{"floor":24,"key":"Blood Vial"}],"event_choices":[],"is_beta":false,"boss_relics":[{"not_picked":["Black Star","Coffee Dripper"],"picked":"Tiny House"}],"items_purged_floors":[],"is_endless":false,"potions_floor_spawned":[2,5,8,12,15,22,25,29,30],"killed_by":"Slavers","ascension_level":2}}