{"host":"ywif2ugnepgiw45s","time":1612015278,"event":{"mods":["Act Like it!","BaseMod","Better Skull","Downfall","Elementarium","GifTheSpireLib","Hermit","Marisa????????","Minty Spire (QoL Compilation)","READ ME - Guardian Mod","Replay The Spire","Shade Mod","Shop Mod","StSLib","The Cursed","The Jungle","The Runesmith","The Servant 0.9.4"],"gold_per_floor":[99,154,207,507,592,629,629,629,629,688,728,728,786,786,803,899,899,899,912,1012,357,357,357,357,390,290,7,7,37,22,38,53,53,53,53],"floor_reached":33,"language":"ENG","playtime":1494,"items_purged":["Delirium","Amnesia"],"score":307,"play_id":"92348409-9877-4f5b-aee9-bed576ea1039","local_time":"20210130090118","is_ascension_mode":false,"campfire_choices":[{"floor":1,"key":"DIG"},{"data":"champ:Taunt","floor":9,"key":"SMITH"},{"data":"champ:TripleStrike","floor":12,"key":"SMITH"},{"data":"champ:VampiricStrike","floor":18,"key":"SMITH"},{"floor":23,"key":"REST"},{"floor":26,"key":"RECALL"},{"data":"champ:Duel","floor":28,"key":"SMITH"}],"circlet_count":0,"master_deck":["champ:Strike","champ:Strike","champ:Strike","champ:Strike","champ:Defend","champ:Defend","champ:Defend","champ:Defend","champ:Execute","champ:Taunt+1","HandOfGreed","downfall:Icky","downfall:Icky","champ:Duel+1","champ:TripleStrike+1","champ:VampiricStrike+1","champ:VampiricStrike+1","champ:IronFortress","champ:SkillfulDodge","champ:CheapShot","champ:TripleStrike","expansioncontent:DashGenerateEvil","champ:IronFortress+1"],"relics":["champ:ChampionCrown","Ice Cream","Turnip","Anchor","ReplayTheSpireMod:Ring of Exchange","champ:BlackKnightHelmet","Shuriken","White Beast Statue","MerchantsRug","downfall:HeartBlessingBlue"],"acts_visited":["Exordium","TheCity"],"potions_floor_usage":[5,15,16,16,20,21,30,32,33,33],"damage_taken":[{"damage":10,"enemies":"Small Slimes","floor":2,"turns":3},{"damage":0,"enemies":"2 Louse","floor":3,"turns":4},{"damage":45,"enemies":"Gremlin Nob","floor":5,"turns":5},{"damage":11,"enemies":"Jaw Worm","floor":6,"turns":3},{"damage":0,"enemies":"Gremlin Gang","floor":10,"turns":6},{"damage":0,"enemies":"3 Louse","floor":11,"turns":3},{"damage":0,"enemies":"Exordium Wildlife","floor":13,"turns":6},{"damage":27,"enemies":"Exordium Thugs","floor":15,"turns":3},{"damage":48,"enemies":"SI_SHIV_ARCHETYPE","floor":16,"turns":9},{"damage":10,"enemies":"Chosen","floor":19,"turns":4},{"damage":78,"enemies":"Chosen","floor":20,"turns":10},{"damage":30,"enemies":"downfall:FleeingMerchant","floor":21,"turns":4},{"damage":36,"enemies":"Book of Stabbing","floor":25,"turns":8},{"damage":0,"enemies":"downfall:FleeingMerchant","floor":27,"turns":5},{"damage":31,"enemies":"Centurion and Healer","floor":29,"turns":8},{"damage":0,"enemies":"downfall:FleeingMerchant","floor":30,"turns":5},{"damage":13,"enemies":"Chosen and Byrds","floor":31,"turns":6},{"damage":11,"enemies":"Snecko","floor":32,"turns":4},{"damage":7,"enemies":"WA_ARCHETYPE_CALM","floor":33,"turns":5}],"seed_played":"-1105614230880984724","potions_obtained":[{"floor":3,"key":"Adrenaline Potion"},{"floor":11,"key":"DuplicationPotion"},{"floor":13,"key":"Swift Potion"},{"floor":15,"key":"Venom Potion"},{"floor":16,"key":"SkillPotion"},{"floor":19,"key":"Strength Potion"},{"floor":25,"key":"BlessingOfTheForge"},{"floor":27,"key":"Doom Potion"},{"floor":29,"key":"champ:CounterPotion"},{"floor":30,"key":"Toxic Potion"},{"floor":31,"key":"Adrenaline Potion"},{"floor":32,"key":"DistilledChaos"}],"is_trial":false,"path_per_floor":["R","M","M","?","?","M","T","?","R","M","M","R","M","?","M","B",null,"R","M","?","$","?","R","T","E","R","$","R","M","$","M","M","B"],"character_chosen":"THE_CHAMP","items_purchased":["champ:CheapShot","White Beast Statue","MerchantsRug","expansioncontent:DashGenerateEvil"],"campfire_rested":1,"item_purchase_floors":[21,21,21,27],"current_hp_per_floor":[90,90,90,90,55,54,54,54,54,54,54,54,54,54,52,4,97,97,97,39,29,29,58,58,22,32,32,32,26,26,13,2,0,0,0],"gold":53,"neow_bonus":"RANDOM_COLORLESS_2","is_daily":false,"chose_seed":false,"campfire_upgraded":4,"win_rate":0.0,"timestamp":1612015278,"path_taken":["R","M","M","?","?","M","T","?","R","M","?","R","?","?","M","BOSS","R","M","?","$","?","R","T","E","R","?","R","M","$","M","M","BOSS"],"items_purchased_type":["Card","Relic","Relic","Card"],"build_version":"2020-12-22","purchased_purges":2,"victory":false,"max_hp_per_floor":[90,90,90,90,90,90,90,90,90,90,90,90,90,90,90,90,97,97,97,97,97,97,97,97,97,107,107,107,107,107,107,107,107,107,107],"card_choices":[{"not_picked":["Thinking Ahead","The Bomb"],"picked":"HandOfGreed","floor":0},{"not_picked":["champ:PerfectedStrike","champ:BringItOn"],"picked":"champ:CrownThrow","floor":2},{"not_picked":["champ:BladeFlurry","champ:FanOfKnives","champ:BerserkersShout"],"picked":"SKIP","floor":3},{"not_picked":["champ:BringItOn","champ:FocusedDefense"],"picked":"champ:Duel","floor":5},{"not_picked":["champ:FanOfKnives","champ:StanceDance"],"picked":"champ:TripleStrike","floor":6},{"not_picked":["champ:TornadoPunch","champ:PreemptiveStrike","champ:Haymaker"],"picked":"SKIP","floor":10},{"not_picked":["champ:TornadoPunch","champ:Shatter","champ:HeartStrike"],"picked":"SKIP","floor":11},{"not_picked":["champ:Shatter","champ:GutPunch","champ:AdrenalArmor"],"picked":"SKIP","floor":13},{"not_picked":["champ:GutPunch","champ:PerfectedStrike","champ:CrookedStrike"],"picked":"SKIP","floor":15},{"not_picked":["champ:LastStand","champ:HoldFirm"],"picked":"champ:VampiricStrike","floor":16},{"not_picked":["champ:CrookedStrike+1","champ:TornadoPunch","champ:Haymaker+1"],"picked":"SKIP","floor":19},{"not_picked":["champ:PreemptiveStrike","champ:GutPunch"],"picked":"champ:IronFortress","floor":20},{"not_picked":["champ:Encircle","champ:EndlessRage"],"picked":"champ:SkillfulDodge","floor":21},{"not_picked":["champ:FaceSlap","champ:CalledShot","champ:RecklessLeap"],"picked":"SKIP","floor":25},{"not_picked":["champ:PreciseThrust+1","champ:EnGarde+1"],"picked":"champ:TripleStrike","floor":27},{"not_picked":["champ:Shatter+1","champ:Parry+1"],"picked":"champ:IronFortress+1","floor":29},{"not_picked":["champ:PreemptiveStrike","champ:Parry","champ:Shatter"],"picked":"SKIP","floor":30},{"not_picked":["champ:BladeFlurry","champ:DeathBlow+1","champ:GutPunch"],"picked":"SKIP","floor":31},{"not_picked":["champ:Duel","champ:Circumvent","champ:FalseCounter"],"picked":"SKIP","floor":32}],"player_experience":1740125,"relics_obtained":[{"floor":1,"key":"Ice Cream"},{"floor":5,"key":"Turnip"},{"floor":7,"key":"Anchor"},{"floor":14,"key":"ReplayTheSpireMod:Ring of Exchange"},{"floor":20,"key":"champ:BlackKnightHelmet"},{"floor":20,"key":"Shuriken"}],"event_choices":[{"damage_healed":0,"gold_gain":0,"player_choice":"Ignored","damage_taken":0,"max_hp_gain":0,"max_hp_loss":0,"event_name":"Vampires","floor":22,"gold_loss":0}],"is_beta":false,"boss_relics":[{"not_picked":["Ring of Chaos","Frozen Eye"],"picked":"Lee\u0027s Waffle"}],"items_purged_floors":[21,27],"is_endless":false,"potions_floor_spawned":[3,11,13,15,16,19,25,27,29,30,31,32],"killed_by":"WA_ARCHETYPE_CALM","ascension_level":0}}