{"host":"ysj15tgd1sneq0s0","time":1612011166,"event":{"mods":["AchievementEnabler","BaseMod","DeckTracker","Highlight Path","Minty Spire (QoL Compilation)","Permanent Neow","Quick Restart","StSLib","SuperFastMode","everything is the same but u backflip on backflip"],"gold_per_floor":[114,114,39,39,57,57,96,112,112,112,145,161,17,48,48,169,169,185,185,200,299,58,58,58],"floor_reached":23,"language":"KOR","playtime":1050,"items_purged":["Strike_G"],"score":228,"play_id":"a7318514-bd6f-448c-ab41-c95cc6f69dde","local_time":"20210130215246","is_ascension_mode":true,"campfire_choices":[{"data":"Noxious Fumes","floor":6,"key":"SMITH"},{"floor":10,"key":"REST"},{"floor":15,"key":"REST"}],"circlet_count":0,"master_deck":["Strike_G","Strike_G+1","Strike_G","Defend_G","Defend_G","Defend_G","Defend_G","Defend_G","Survivor+1","Neutralize","Quick Slash+1","Cloak And Dagger","Noxious Fumes+1","Bane","Slice","Slice","Dagger Spray","Blade Dance+1","After Image","CurseOfTheBell","Deflect+1","Accuracy+1","Slice","Envenom"],"relics":["Ring of the Snake","Golden Idol","WingedGreaves","Question Card","Whetstone","Lee\u0027s Waffle","Snake Skull","Calling Bell","War Paint","Toxic Egg 2","Prayer Wheel","Pantograph"],"acts_visited":["Exordium","TheCity"],"potions_floor_usage":[16,16,16,23],"damage_taken":[{"damage":0,"enemies":"2 Louse","floor":1,"turns":3},{"damage":1,"enemies":"Cultist","floor":5,"turns":4},{"damage":15,"enemies":"Gremlin Nob","floor":7,"turns":5},{"damage":4,"enemies":"Jaw Worm","floor":8,"turns":3},{"damage":26,"enemies":"Lagavulin","floor":11,"turns":8},{"damage":9,"enemies":"Red Slaver","floor":12,"turns":3},{"damage":18,"enemies":"3 Sentries","floor":14,"turns":6},{"damage":38,"enemies":"The Guardian","floor":16,"turns":7},{"damage":8,"enemies":"Shell Parasite","floor":18,"turns":5},{"damage":24,"enemies":"Spheric Guardian","floor":20,"turns":6},{"damage":60,"enemies":"Book of Stabbing","floor":23,"turns":5}],"seed_played":"-3861528198111793210","potions_obtained":[{"floor":7,"key":"Weak Potion"},{"floor":8,"key":"CunningPotion"},{"floor":11,"key":"SteroidPotion"},{"floor":12,"key":"SteroidPotion"},{"floor":16,"key":"Regen Potion"}],"is_trial":false,"path_per_floor":["M","?","$","?","M","R","E","M","T","R","E","M","$","E","R","B",null,"M","?","M","?","$","E"],"character_chosen":"THE_SILENT","items_purchased":["Lee\u0027s Waffle","Pantograph"],"campfire_rested":2,"item_purchase_floors":[13,22],"current_hp_per_floor":[70,53,53,53,52,52,37,33,33,54,28,19,77,59,77,39,77,69,69,45,45,45,0,0],"gold":58,"neow_bonus":"THREE_CARDS","is_daily":false,"chose_seed":false,"campfire_upgraded":1,"win_rate":0.0,"timestamp":1612011166,"path_taken":["M","?","$","?","M","R","E","M","T","R","E","?","$","E","R","BOSS","M","?","?","?","$","E"],"items_purchased_type":["Relic","Relic"],"build_version":"2020-12-22","purchased_purges":1,"victory":false,"max_hp_per_floor":[70,70,70,70,70,70,70,70,70,70,70,70,77,77,77,77,77,77,77,77,77,77,77,77],"card_choices":[{"not_picked":["Backflip","Outmaneuver"],"picked":"Quick Slash","floor":0},{"not_picked":["Bane","Sucker Punch"],"picked":"Cloak And Dagger","floor":1},{"not_picked":["Deadly Poison","Dodge and Roll"],"picked":"Noxious Fumes","floor":5},{"not_picked":["Glass Knife","All Out Attack"],"picked":"Bane","floor":7},{"not_picked":["Cloak And Dagger","Quick Slash"],"picked":"Slice","floor":8},{"not_picked":["Tactician","Blade Dance","Outmaneuver"],"picked":"Slice","floor":11},{"not_picked":["Night Terror","Terror","Masterful Stab"],"picked":"Dagger Spray","floor":12},{"not_picked":["Acrobatics","Choke","Leg Sweep"],"picked":"Blade Dance","floor":14},{"not_picked":["A Thousand Cuts","Night Terror","Venomology"],"picked":"After Image","floor":16},{"not_picked":["Tactician+1","Terror+1","Flying Knee"],"picked":"Deflect+1","floor":18},{"not_picked":["Footwork","Deadly Poison+1","PiercingWail+1"],"picked":"Accuracy","floor":18},{"not_picked":["Deflect+1","Endless Agony+1","Choke+1"],"picked":"Slice","floor":20},{"not_picked":["Skewer+1","Finisher","Masterful Stab"],"picked":"Envenom","floor":20}],"player_experience":45796,"relics_obtained":[{"floor":7,"key":"WingedGreaves"},{"floor":9,"key":"Question Card"},{"floor":11,"key":"Whetstone"},{"floor":14,"key":"Snake Skull"},{"floor":17,"key":"War Paint"},{"floor":17,"key":"Toxic Egg 2"},{"floor":17,"key":"Prayer Wheel"}],"event_choices":[{"damage_healed":0,"gold_gain":0,"player_choice":"Take Damage","damage_taken":17,"relics_obtained":["Golden Idol"],"max_hp_gain":0,"max_hp_loss":0,"event_name":"Golden Idol","floor":2,"gold_loss":0},{"cards_removed":["Strike_G"],"damage_healed":0,"gold_gain":0,"player_choice":"Purged","damage_taken":0,"max_hp_gain":0,"max_hp_loss":0,"event_name":"Purifier","floor":4,"gold_loss":0},{"damage_healed":0,"gold_gain":0,"player_choice":"Forge","damage_taken":0,"max_hp_gain":0,"max_hp_loss":0,"event_name":"Accursed Blacksmith","floor":19,"gold_loss":0,"cards_upgraded":["Accuracy"]},{"damage_healed":0,"gold_gain":99,"player_choice":"Stole From Cult","damage_taken":0,"max_hp_gain":0,"max_hp_loss":0,"event_name":"Nest","floor":21,"gold_loss":0}],"is_beta":false,"boss_relics":[{"not_picked":["Coffee Dripper","Runic Dome"],"picked":"Calling Bell"}],"items_purged_floors":[3],"is_endless":false,"potions_floor_spawned":[7,8,11,12,16],"killed_by":"Book of Stabbing","ascension_level":2}}