{"host":"75zx7uhsgygk98v8","time":1612017459,"event":{"mods":["BaseMod","Colored Map","Colored Powertips","Downfall","Googly Eyes","Highlight Path","Minty Spire (QoL Compilation)","StSLib"],"gold_per_floor":[0,0,0,20,31,31,106,124,134,134,134,134],"floor_reached":10,"language":"ENG","playtime":526,"items_purged":[],"score":58,"play_id":"08fc24f9-9146-405a-a960-548ab3372c9a","local_time":"20210130083739","is_ascension_mode":false,"campfire_choices":[{"data":"Metamorphosis","floor":1,"key":"SMITH"}],"circlet_count":0,"master_deck":["bronze:Strike+1","bronze:Strike","bronze:Strike","bronze:Strike+1","bronze:Defend","bronze:Defend","bronze:Defend","bronze:Defend","bronze:Replicate+1","bronze:Goto+1","Metamorphosis+1","bronze:DelayedGuard","bronze:Shell","downfall:Malfunctioning","bronze:Shell","bronze:FollowUp"],"relics":["bronze:BronzeCore"],"acts_visited":["Exordium"],"potions_floor_usage":[10],"damage_taken":[{"damage":5,"enemies":"2 Louse","floor":4,"turns":2},{"damage":0,"enemies":"Cultist","floor":5,"turns":3},{"damage":3,"enemies":"Jaw Worm","floor":8,"turns":5},{"damage":7,"enemies":"Blue Slaver","floor":9,"turns":4},{"damage":44,"enemies":"Gremlin Nob","floor":10,"turns":5}],"seed_played":"7799739064141118552","potions_obtained":[{"floor":9,"key":"FearPotion"}],"is_trial":false,"path_per_floor":["R","?","?","M","M","?","T","M","M","E"],"character_chosen":"THE_AUTOMATON","items_purchased":[],"campfire_rested":0,"item_purchase_floors":[],"current_hp_per_floor":[70,75,75,70,70,70,70,67,60,16,16,16],"gold":134,"neow_bonus":"RANDOM_COLORLESS_2","is_daily":false,"chose_seed":false,"campfire_upgraded":1,"win_rate":0.0,"timestamp":1612017459,"path_taken":["R","?","?","?","M","?","T","M","M","E"],"items_purchased_type":[],"build_version":"2020-12-22","purchased_purges":0,"victory":false,"max_hp_per_floor":[70,75,75,75,75,75,75,75,75,75,75,75],"card_choices":[{"not_picked":["Magnetism","Secret Technique"],"picked":"Metamorphosis","floor":0},{"not_picked":["bronze:BronzeArmor","bronze:Branch"],"picked":"bronze:DelayedGuard","floor":4},{"not_picked":["bronze:Turbo","bronze:OilSpill"],"picked":"bronze:Shell","floor":5},{"not_picked":["bronze:BuggyMess","bronze:WhirlingStrike"],"picked":"bronze:Shell","floor":8},{"not_picked":["bronze:BugBarrage","bronze:CutThrough"],"picked":"bronze:FollowUp","floor":9}],"player_experience":1283125,"relics_obtained":[],"event_choices":[{"damage_healed":0,"gold_gain":0,"player_choice":"Donut","damage_taken":0,"max_hp_gain":5,"max_hp_loss":0,"event_name":"Big Fish","floor":2,"gold_loss":0}],"is_beta":false,"boss_relics":[],"items_purged_floors":[],"is_endless":false,"potions_floor_spawned":[9],"killed_by":"Gremlin Nob","ascension_level":0}}