{"host":"l5zfpd2l2htson6l","time":1612018958,"event":{"mods":["AchievementEnabler","BaseMod","Colored Map","Colored Powertips","Minty Spire (QoL Compilation)","Permanent Neow","Quick Restart","Rare Cards Sparkle","Relic Stats","SuperFastMode"],"gold_per_floor":[109,123,134,134,134,166,191,191,218,218,248,267,267,343,355,367,367],"floor_reached":16,"language":"ENG","playtime":718,"items_purged":[],"score":184,"play_id":"ed99c441-e0b4-407f-8741-0a2892e48cc5","local_time":"20210130070238","is_ascension_mode":true,"campfire_choices":[{"data":"Clothesline","floor":8.0,"key":"SMITH"},{"data":"Twin Strike","floor":10.0,"key":"SMITH"},{"data":"Uppercut","floor":15.0,"key":"SMITH"}],"circlet_count":0,"master_deck":["AscendersBane","Strike_R","Strike_R","Strike_R","Strike_R","Defend_R","Defend_R","Defend_R","Defend_R","Bash+1","Clothesline+1","Twin Strike+1","Clash","Uppercut+1"],"relics":["Burning Blood","Bag of Marbles","Strawberry","Potion Belt","Nunchaku","Golden Idol","MawBank"],"acts_visited":["Exordium"],"potions_floor_usage":[16],"damage_taken":[{"damage":11.0,"enemies":"Jaw Worm","floor":1.0,"turns":4.0},{"damage":0.0,"enemies":"Small Slimes","floor":2.0,"turns":3.0},{"damage":7.0,"enemies":"2 Louse","floor":3.0,"turns":2.0},{"damage":27.0,"enemies":"Lagavulin","floor":6.0,"turns":8.0},{"damage":22.0,"enemies":"Gremlin Nob","floor":11.0,"turns":4.0},{"damage":6.0,"enemies":"Looter","floor":12.0,"turns":2.0},{"damage":27.0,"enemies":"3 Sentries","floor":14.0,"turns":8.0},{"damage":21,"enemies":"Slime Boss","floor":16,"turns":5}],"seed_played":"-4935765791466333939","potions_obtained":[{"floor":0.0,"key":"AttackPotion"},{"floor":0.0,"key":"FearPotion"},{"floor":12.0,"key":"PowerPotion"}],"is_trial":false,"path_per_floor":["M","M","M","?","?","E","T","R","T","R","E","M","?","?","R","B"],"character_chosen":"IRONCLAD","items_purchased":[],"campfire_rested":0,"item_purchase_floors":[],"current_hp_per_floor":[63,69,68,68,61,40,47,47,47,47,31,31,31,10,10,0,0],"gold":367,"neow_bonus":"THREE_SMALL_POTIONS","is_daily":false,"chose_seed":false,"campfire_upgraded":3,"win_rate":0.0,"timestamp":1612018958,"path_taken":["M","M","M","?","?","E","?","R","T","R","E","M","?","?","R","BOSS"],"items_purchased_type":[],"build_version":"2020-12-22","purchased_purges":0,"victory":false,"max_hp_per_floor":[75,75,75,75,75,75,82,82,82,82,82,82,76,76,76,76,76],"relic_stats":{"Nunchaku":[2],"counters":[8,36],"Golden Idol":23,"MawBank":24,"obtain_stats":[{"Potion Belt":9,"Nunchaku":11,"Golden Idol":13,"Strawberry":7,"Bag of Marbles":6,"MawBank":14,"Burning Blood":0},{"Potion Belt":4,"Nunchaku":5,"Golden Idol":6,"Strawberry":4,"Bag of Marbles":4,"MawBank":6,"Burning Blood":0},{"Potion Belt":17,"Nunchaku":21,"Golden Idol":23,"Strawberry":17,"Bag of Marbles":17,"MawBank":23,"Burning Blood":0}],"Burning Blood":42},"card_choices":[{"not_picked":["Power Through","Headbutt"],"picked":"Clothesline","floor":1.0},{"not_picked":["Anger","Sword Boomerang"],"picked":"Twin Strike","floor":2.0},{"not_picked":["Havoc","Fire Breathing","True Grit"],"picked":"SKIP","floor":3.0},{"not_picked":["Iron Wave","Exhume","Dropkick"],"picked":"SKIP","floor":6.0},{"not_picked":["Heavy Blade","Reckless Charge","Havoc"],"picked":"SKIP","floor":11.0},{"not_picked":["Shrug It Off","Anger"],"picked":"Clash","floor":12.0},{"not_picked":["Seeing Red","Clothesline"],"picked":"Uppercut","floor":14.0}],"player_experience":787376,"relics_obtained":[{"floor":6.0,"key":"Bag of Marbles"},{"floor":7.0,"key":"Strawberry"},{"floor":9.0,"key":"Potion Belt"},{"floor":11.0,"key":"Nunchaku"}],"event_choices":[{"damage_healed":0.0,"max_hp_gain":0.0,"max_hp_loss":0.0,"gold_gain":0.0,"event_name":"Living Wall","player_choice":"Grow","floor":4.0,"gold_loss":0.0,"damage_taken":0.0,"cards_upgraded":["Bash"]},{"cards_removed":["Strike_R"],"damage_healed":0.0,"max_hp_gain":0.0,"max_hp_loss":0.0,"gold_gain":0.0,"event_name":"Golden Wing","player_choice":"Card Removal","floor":5.0,"gold_loss":0.0,"damage_taken":7.0},{"damage_healed":0.0,"max_hp_gain":0.0,"max_hp_loss":6.0,"gold_gain":0.0,"event_name":"Golden Idol","player_choice":"Lose Max HP","floor":13.0,"gold_loss":0.0,"damage_taken":0.0,"relics_obtained":["Golden Idol"]},{"damage_healed":0.0,"max_hp_gain":0.0,"max_hp_loss":0.0,"gold_gain":0.0,"event_name":"Dead Adventurer","player_choice":"Searched \u00273\u0027 times","floor":14.0,"gold_loss":0.0,"damage_taken":0.0,"relics_obtained":["MawBank"]}],"is_beta":false,"boss_relics":[],"items_purged_floors":[],"is_endless":false,"potions_floor_spawned":[1,3,12],"killed_by":"Slime Boss","ascension_level":14}}