{"host":"vz6qv7tthcp8jtis","time":1612031330,"event":{"mods":["BaseMod","Block Reminder","Highlight Path","Keyboard Shortcuts","Minty Spire (QoL Compilation)","Relic Stats"],"gold_per_floor":[109,123,48,48,65,95,95,58,58,85,85,114,129,204,204,300,300,320,320,320,338,338,371,381,711,711,711,742,752,785,810,822,936,948,970,1033,1063,1091,1123,1135,1176,1188,1277,1289,1301,1344,751,771,771,771,771,771,57,85,85],"floor_reached":56,"language":"ENG","playtime":7984,"items_purged":["Pain","Barricade","Bash"],"score":1352,"play_id":"0bc3f0cb-9241-4f03-8330-3098714cbe95","local_time":"20210130192850","is_ascension_mode":true,"campfire_choices":[{"data":"Dark Embrace","floor":7.0,"key":"SMITH"},{"floor":11.0,"key":"REST"},{"floor":15.0,"key":"REST"},{"data":"True Grit","floor":27.0,"key":"SMITH"},{"data":"True Grit","floor":32.0,"key":"SMITH"},{"data":"Feel No Pain","floor":40.0,"key":"SMITH"},{"data":"Juggernaut","floor":42.0,"key":"SMITH"},{"data":"Fire Breathing","floor":44.0,"key":"SMITH"},{"floor":49.0,"key":"RECALL"},{"data":"Evolve","floor":52.0,"key":"SMITH"}],"circlet_count":0,"master_deck":["Metamorphosis","Dark Embrace+1","Wild Strike","Fire Breathing+1","Feed+1","Inflame","Rage","Spot Weakness","True Grit+1","Reaper+1","True Grit+1","Infernal Blade","Feel No Pain+1","Pommel Strike+1","Rampage+1","Fiend Fire+1","Headbutt+1","Evolve+1","Searing Blow+1","Immolate+1","Armaments+1","Infernal Blade+1","Pummel+1","Juggernaut+1","Reckless Charge+1"],"relics":["Burning Blood","Molten Egg 2","Gambling Chip","Omamori","Bag of Preparation","Pandora\u0027s Box","Gremlin Horn","Old Coin","PreservedInsect","MawBank","Busted Crown","Lizard Tail","Red Skull","Ornamental Fan","Smiling Mask","Happy Flower","ClockworkSouvenir","Meat on the Bone","Turnip","Frozen Eye","Orichalcum","Art of War"],"acts_visited":["Exordium","TheCity","TheBeyond","TheEnding"],"potions_floor_usage":[55,55,55],"damage_taken":[{"damage":3.0,"enemies":"2 Louse","floor":1.0,"turns":3.0},{"damage":7.0,"enemies":"Jaw Worm","floor":2.0,"turns":4.0},{"damage":6.0,"enemies":"Cultist","floor":5.0,"turns":3.0},{"damage":30.0,"enemies":"Gremlin Nob","floor":6.0,"turns":5.0},{"damage":28.0,"enemies":"3 Sentries","floor":10.0,"turns":6.0},{"damage":35.0,"enemies":"Gremlin Nob","floor":12.0,"turns":4.0},{"damage":15.0,"enemies":"Exordium Wildlife","floor":13.0,"turns":4.0},{"damage":7.0,"enemies":"Slime Boss","floor":16.0,"turns":8.0},{"damage":11.0,"enemies":"Chosen","floor":18.0,"turns":5.0},{"damage":52.0,"enemies":"3 Byrds","floor":21.0,"turns":6.0},{"damage":29.0,"enemies":"Slavers","floor":23.0,"turns":6.0},{"damage":12.0,"enemies":"Cultist and Chosen","floor":24.0,"turns":6.0},{"damage":12.0,"enemies":"Gremlin Leader","floor":25.0,"turns":6.0},{"damage":43.0,"enemies":"Slavers","floor":28.0,"turns":4.0},{"damage":10.0,"enemies":"Sentry and Sphere","floor":29.0,"turns":3.0},{"damage":13.0,"enemies":"Book of Stabbing","floor":30.0,"turns":4.0},{"damage":8.0,"enemies":"Centurion and Healer","floor":31.0,"turns":6.0},{"damage":41.0,"enemies":"Automaton","floor":33.0,"turns":9.0},{"damage":12.0,"enemies":"3 Darklings","floor":35.0,"turns":5.0},{"damage":42.0,"enemies":"2 Orb Walkers","floor":36.0,"turns":3.0},{"damage":0.0,"enemies":"3 Shapes","floor":37.0,"turns":1.0},{"damage":2.0,"enemies":"Sphere and 2 Shapes","floor":38.0,"turns":3.0},{"damage":38.0,"enemies":"Transient","floor":39.0,"turns":5.0},{"damage":17.0,"enemies":"Reptomancer","floor":41.0,"turns":4.0},{"damage":38.0,"enemies":"Nemesis","floor":46.0,"turns":5.0},{"damage":6.0,"enemies":"4 Shapes","floor":48.0,"turns":1.0},{"damage":31.0,"enemies":"Awakened One","floor":50.0,"turns":8.0},{"damage":43.0,"enemies":"Shield and Spear","floor":54.0,"turns":3.0},{"damage":58,"enemies":"The Heart","floor":55,"turns":6}],"seed_played":"-5737240369258424711","potions_obtained":[{"floor":1.0,"key":"BlessingOfTheForge"},{"floor":6.0,"key":"Regen Potion"},{"floor":13.0,"key":"SpeedPotion"},{"floor":20.0,"key":"SkillPotion"},{"floor":20.0,"key":"EntropicBrew"},{"floor":20.0,"key":"GamblersBrew"},{"floor":21.0,"key":"Fruit Juice"},{"floor":24.0,"key":"Block Potion"},{"floor":28.0,"key":"BloodPotion"},{"floor":29.0,"key":"PowerPotion"},{"floor":33.0,"key":"DistilledChaos"},{"floor":37.0,"key":"BloodPotion"},{"floor":38.0,"key":"SteroidPotion"},{"floor":39.0,"key":"Swift Potion"},{"floor":46.0,"key":"Swift Potion"},{"floor":54.0,"key":"Swift Potion"}],"is_trial":false,"path_per_floor":["M","M","$","?","M","E","R","$","T","E","R","E","M","?","R","B",null,"M","?","?","M","?","E","M","E","T","R","E","M","E","M","R","B",null,"M","?","M","M","M","R","E","R","T","R","?","E","$","M","R","B",null,"R","$","E","B",null],"character_chosen":"IRONCLAD","items_purchased":["Inflame","Happy Flower","ClockworkSouvenir","Meat on the Bone","Turnip","Frozen Eye","Orichalcum","PowerPotion"],"campfire_rested":2,"item_purchase_floors":[8,47,47,47,53,53,53,53],"current_hp_per_floor":[80,79,79,72,72,48,48,48,48,26,50,21,16,5,30,44,84,83,83,83,45,45,31,35,50,50,50,32,28,41,43,43,8,105,99,63,73,77,66,66,71,71,71,71,71,39,39,65,65,64,113,113,113,76,36],"gold":85,"neow_bonus":"RANDOM_COLORLESS_2","is_daily":false,"chose_seed":false,"campfire_upgraded":7,"win_rate":0.0,"timestamp":1612031330,"path_taken":["M","M","$","?","M","E","R","$","T","E","R","E","M","?","R","BOSS","M","?","?","?","?","E","M","E","T","R","E","M","E","M","R","BOSS","M","?","M","M","M","R","E","R","T","R","?","E","$","M","R","BOSS","R","$","E","BOSS"],"items_purchased_type":["Card","Relic","Relic","Relic","Relic","Relic","Relic","Potion"],"build_version":"2020-12-22","purchased_purges":3,"victory":true,"max_hp_per_floor":[80,80,80,80,80,80,80,80,80,80,80,80,84,84,84,84,84,88,88,88,88,88,97,97,97,97,97,101,101,101,105,105,105,105,105,105,109,109,109,109,109,109,109,109,109,109,109,113,113,113,113,113,113,113,113],"relic_stats":{"Gremlin Horn":[33,33],"Happy Flower":[6],"counters":[29,136],"PreservedInsect":216,"Bag of Preparation":[46],"Orichalcum":[12],"MawBank":204,"Smiling Mask":125,"Burning Blood":171,"Lizard Tail":0,"Busted Crown":18,"Ornamental Fan":[36],"Gambling Chip":[105],"Pandora\u0027s Box":["True Grit","Infernal Blade","Barricade","Feel No Pain","Pommel Strike","Rampage","Perfected Strike","Fiend Fire"],"Turnip":[2],"Art of War":[1],"obtain_stats":[{"Gremlin Horn":23,"Happy Flower":47,"PreservedInsect":28,"Omamori":10,"Bag of Preparation":12,"Orichalcum":53,"MawBank":30,"Smiling Mask":46,"Burning Blood":0,"Old Coin":25,"ClockworkSouvenir":47,"Frozen Eye":53,"Lizard Tail":36,"Busted Crown":34,"Ornamental Fan":43,"Gambling Chip":9,"Molten Egg 2":6,"Pandora\u0027s Box":17,"Turnip":53,"Art of War":54,"Red Skull":41,"Meat on the Bone":47},{"Gremlin Horn":11,"Happy Flower":25,"PreservedInsect":14,"Omamori":5,"Bag of Preparation":6,"Orichalcum":27,"MawBank":16,"Smiling Mask":25,"Burning Blood":0,"Old Coin":13,"ClockworkSouvenir":25,"Frozen Eye":27,"Lizard Tail":20,"Busted Crown":18,"Ornamental Fan":24,"Gambling Chip":4,"Molten Egg 2":4,"Pandora\u0027s Box":8,"Turnip":27,"Art of War":28,"Red Skull":24,"Meat on the Bone":25},{"Gremlin Horn":54,"Happy Flower":118,"PreservedInsect":70,"Omamori":21,"Bag of Preparation":25,"Orichalcum":127,"MawBank":77,"Smiling Mask":118,"Burning Blood":0,"Old Coin":66,"ClockworkSouvenir":118,"Frozen Eye":127,"Lizard Tail":100,"Busted Crown":92,"Ornamental Fan":113,"Gambling Chip":15,"Molten Egg 2":15,"Pandora\u0027s Box":37,"Turnip":127,"Art of War":130,"Red Skull":113,"Meat on the Bone":118}],"Meat on the Bone":24},"card_choices":[{"not_picked":["Secret Weapon","Secret Technique"],"picked":"Metamorphosis","floor":0.0},{"not_picked":["True Grit","Shrug It Off"],"picked":"Dark Embrace","floor":1.0},{"not_picked":["Combust","Flex"],"picked":"Wild Strike","floor":2.0},{"not_picked":["Warcry","Heavy Blade"],"picked":"Fire Breathing","floor":5.0},{"not_picked":["Armaments","Dropkick+1"],"picked":"Feed+1","floor":6.0},{"not_picked":["Sword Boomerang+1","Clothesline+1"],"picked":"Rage","floor":10.0},{"not_picked":["Combust","Uppercut+1"],"picked":"Spot Weakness","floor":12.0},{"not_picked":["Seeing Red","Rupture"],"picked":"True Grit","floor":13.0},{"not_picked":["Corruption","Brutality"],"picked":"Reaper+1","floor":16.0},{"not_picked":["Armaments","Anger+1"],"picked":"Headbutt+1","floor":18.0},{"not_picked":["Sword Boomerang+1","Body Slam+1","Clothesline+1"],"picked":"SKIP","floor":21.0},{"not_picked":["True Grit+1","Cleave+1"],"picked":"Immolate+1","floor":23.0},{"not_picked":["Clash+1","Second Wind"],"picked":"Armaments+1","floor":24.0},{"not_picked":["Sword Boomerang+1","Headbutt+1","Carnage+1"],"picked":"SKIP","floor":25.0},{"not_picked":["Seeing Red","Thunderclap+1"],"picked":"Infernal Blade+1","floor":28.0},{"not_picked":["Carnage+1","Clothesline+1","Dark Embrace"],"picked":"SKIP","floor":29.0},{"not_picked":["Barricade","Clash+1"],"picked":"Pummel+1","floor":30.0},{"not_picked":["Thunderclap+1","Rupture","Uppercut+1"],"picked":"SKIP","floor":31.0},{"not_picked":["Reaper+1","Immolate+1"],"picked":"Juggernaut","floor":33.0},{"not_picked":["Clothesline+1"],"picked":"SKIP","floor":35.0},{"not_picked":["Armaments"],"picked":"SKIP","floor":37.0},{"not_picked":["Clash+1"],"picked":"SKIP","floor":38.0},{"not_picked":["Dropkick+1"],"picked":"SKIP","floor":39.0},{"not_picked":["Twin Strike+1"],"picked":"SKIP","floor":41.0},{"not_picked":["Wild Strike+1"],"picked":"SKIP","floor":46.0},{"not_picked":[],"picked":"Reckless Charge+1","floor":48.0},{"not_picked":["Iron Wave+1"],"picked":"SKIP","floor":54.0}],"player_experience":100146,"relics_obtained":[{"floor":6.0,"key":"Molten Egg 2"},{"floor":9.0,"key":"Gambling Chip"},{"floor":10.0,"key":"Omamori"},{"floor":12.0,"key":"Bag of Preparation"},{"floor":23.0,"key":"Gremlin Horn"},{"floor":25.0,"key":"Old Coin"},{"floor":28.0,"key":"PreservedInsect"},{"floor":30.0,"key":"MawBank"},{"floor":36.0,"key":"Lizard Tail"},{"floor":41.0,"key":"Red Skull"},{"floor":43.0,"key":"Ornamental Fan"},{"floor":46.0,"key":"Smiling Mask"},{"floor":54.0,"key":"Art of War"}],"event_choices":[{"cards_removed":["Defend_R"],"damage_healed":0.0,"max_hp_gain":0.0,"max_hp_loss":0.0,"gold_gain":0.0,"event_name":"Golden Wing","player_choice":"Card Removal","floor":4.0,"gold_loss":0.0,"damage_taken":7.0},{"damage_healed":0.0,"max_hp_gain":0.0,"max_hp_loss":0.0,"gold_gain":75.0,"event_name":"World of Goop","player_choice":"Gather Gold","floor":14.0,"gold_loss":0.0,"damage_taken":11.0},{"damage_healed":0.0,"max_hp_gain":0.0,"max_hp_loss":0.0,"gold_gain":0.0,"event_name":"The Library","player_choice":"Read","floor":19.0,"gold_loss":0.0,"damage_taken":0.0,"cards_obtained":["Evolve"]},{"damage_healed":0.0,"max_hp_gain":0.0,"max_hp_loss":0.0,"gold_gain":0.0,"event_name":"Lab","player_choice":"Got Potions","floor":20.0,"gold_loss":0.0,"damage_taken":0.0},{"damage_healed":0.0,"max_hp_gain":0.0,"max_hp_loss":0.0,"gold_gain":0.0,"cards_transformed":["Perfected Strike","Barricade"],"event_name":"Drug Dealer","player_choice":"Became Test Subject","floor":22.0,"gold_loss":0.0,"damage_taken":0.0,"cards_obtained":["Barricade","Searing Blow"]},{"damage_healed":0.0,"max_hp_gain":0.0,"max_hp_loss":0.0,"gold_gain":0.0,"event_name":"Mysterious Sphere","player_choice":"Fight","floor":36.0,"gold_loss":0.0,"damage_taken":0.0},{"damage_healed":0.0,"max_hp_gain":0.0,"max_hp_loss":0.0,"gold_gain":0.0,"event_name":"Wheel of Change","player_choice":"Cursed","floor":45.0,"gold_loss":0.0,"damage_taken":0.0,"cards_obtained":["Decay"]}],"is_beta":false,"boss_relics":[{"not_picked":["Black Star","Runic Cube"],"picked":"Pandora\u0027s Box"},{"not_picked":["Astrolabe","Velvet Choker"],"picked":"Busted Crown"}],"items_purged_floors":[3,47,53],"is_endless":false,"potions_floor_spawned":[1,6,13,21,24,28,29,33,37,38,39,46,54],"ascension_level":1}}