{"host":"d8d3jqle49sogkjv","time":1612019075,"event":{"mods":["BaseMod","Colored Map","Colored Powertips","Minty Spire (QoL Compilation)","StSLib"],"gold_per_floor":[115,190,190,204,41,84,100,119,119,15,95,109,109,59,59,182,182,196,196,219,55,55,55,74,74,74,74,95,118,118,137,137,137,137],"floor_reached":33,"language":"ENG","playtime":914,"items_purged":["Strike_B"],"score":447,"play_id":"d0ef9fa5-fccf-4756-925e-1fb6feaf3cae","local_time":"20210130160435","is_ascension_mode":true,"campfire_choices":[{"data":"All For One","floor":13.0,"key":"SMITH"},{"floor":15.0,"key":"REST"},{"floor":23,"key":"REST"},{"floor":27,"key":"REST"},{"floor":32,"key":"REST"}],"circlet_count":0,"master_deck":["AscendersBane","Strike_B","Strike_B","Defend_B","Defend_B","Defend_B","Defend_B","Zap","Dualcast","Go for the Eyes","All For One+1","Go for the Eyes","Double Energy","Genetic Algorithm","Go for the Eyes","Machine Learning+1","Beam Cell","Necronomicurse","Genetic Algorithm+1","Swift Strike","Doom and Gloom","Streamline+1","Go for the Eyes","Beam Cell"],"relics":["Cracked Core","NeowsBlessing","Golden Idol","Vajra","Frozen Egg 2","Sozu","Necronomicon","TungstenRod"],"acts_visited":["Exordium","TheCity"],"potions_floor_usage":[20,20],"damage_taken":[{"damage":0.0,"enemies":"Small Slimes","floor":1.0,"turns":1.0},{"damage":0.0,"enemies":"Jaw Worm","floor":4.0,"turns":1.0},{"damage":0.0,"enemies":"Lagavulin","floor":6.0,"turns":1.0},{"damage":9.0,"enemies":"2 Louse","floor":7.0,"turns":2.0},{"damage":7.0,"enemies":"Large Slime","floor":8.0,"turns":5.0},{"damage":6.0,"enemies":"2 Fungi Beasts","floor":12.0,"turns":4.0},{"damage":38.0,"enemies":"The Guardian","floor":16.0,"turns":11.0},{"damage":19.0,"enemies":"Spheric Guardian","floor":18.0,"turns":4.0},{"damage":9,"enemies":"2 Thieves","floor":20,"turns":3},{"damage":15,"enemies":"Snake Plant","floor":24,"turns":4},{"damage":20,"enemies":"Snecko","floor":28,"turns":4},{"damage":16,"enemies":"Shelled Parasite and Fungi","floor":29,"turns":5},{"damage":6,"enemies":"Chosen and Byrds","floor":31,"turns":4},{"damage":60,"enemies":"Champ","floor":33,"turns":6}],"seed_played":"-1922425053331974988","potions_obtained":[{"floor":4.0,"key":"SteroidPotion"},{"floor":7.0,"key":"SneckoOil"},{"floor":8.0,"key":"PowerPotion"},{"floor":12.0,"key":"Explosive Potion"},{"floor":16.0,"key":"ColorlessPotion"}],"is_trial":false,"path_per_floor":["M","?","?","M","$","E","M","M","T","$","?","M","R","?","R","B",null,"M","?","M","$","?","R","M","$","T","R","M","M","?","M","R","B"],"character_chosen":"DEFECT","items_purchased":["All For One","Fruit Juice","Swift Strike"],"campfire_rested":4,"item_purchase_floors":[5,10,21],"current_hp_per_floor":[68,57,39,39,39,39,30,23,23,28,28,22,22,22,46,8,62,43,27,18,18,18,42,27,27,27,51,31,15,41,35,59,0,0],"gold":137,"neow_bonus":"THREE_ENEMY_KILL","is_daily":false,"chose_seed":false,"campfire_upgraded":1,"win_rate":0.0,"timestamp":1612019075,"path_taken":["M","?","?","M","?","E","M","M","T","$","?","M","R","?","R","BOSS","M","?","M","$","?","R","M","$","T","R","M","M","?","M","R","BOSS"],"items_purchased_type":["Card","Potion","Card"],"build_version":"2020-12-22","purchased_purges":1,"victory":false,"max_hp_per_floor":[75,75,75,75,75,75,75,75,75,80,80,80,80,80,80,80,80,80,80,80,80,80,80,80,80,80,80,80,80,80,80,80,80,80],"card_choices":[{"not_picked":["Cold Snap","Leap"],"picked":"Go for the Eyes","floor":1.0},{"not_picked":["Leap","Barrage","Turbo"],"picked":"SKIP","floor":4.0},{"not_picked":["Ball Lightning","Turbo"],"picked":"Go for the Eyes","floor":6.0},{"not_picked":["Sweeping Beam","Fusion"],"picked":"Double Energy","floor":7.0},{"not_picked":["Rebound","Tempest"],"picked":"Genetic Algorithm","floor":8.0},{"not_picked":["Ball Lightning","Heatsinks+1"],"picked":"Go for the Eyes","floor":12.0},{"not_picked":["Multi-Cast","Meteor Strike"],"picked":"Machine Learning+1","floor":16.0},{"not_picked":["Go for the Eyes","Aggregate"],"picked":"Beam Cell","floor":18.0},{"not_picked":["Turbo","Rip and Tear+1"],"picked":"Genetic Algorithm+1","floor":20},{"not_picked":["Sweeping Beam","Compile Driver"],"picked":"Doom and Gloom","floor":24},{"not_picked":["Reprogram","Cold Snap"],"picked":"Streamline+1","floor":28},{"not_picked":["Blizzard","Force Field"],"picked":"Go for the Eyes","floor":29},{"not_picked":["Sweeping Beam","Creative AI+1"],"picked":"Beam Cell","floor":31}],"player_experience":445114,"relics_obtained":[{"floor":6.0,"key":"Vajra"},{"floor":9.0,"key":"Frozen Egg 2"},{"floor":19.0,"key":"Necronomicon"},{"floor":26,"key":"TungstenRod"}],"event_choices":[{"damage_healed":0.0,"max_hp_gain":0.0,"max_hp_loss":0.0,"gold_gain":75.0,"event_name":"World of Goop","player_choice":"Gather Gold","floor":2.0,"gold_loss":0.0,"damage_taken":11.0},{"damage_healed":0.0,"max_hp_gain":0.0,"max_hp_loss":0.0,"gold_gain":0.0,"event_name":"Golden Idol","player_choice":"Take Damage","floor":3.0,"gold_loss":0.0,"damage_taken":18.0,"relics_obtained":["Golden Idol"]},{"damage_healed":0.0,"max_hp_gain":0.0,"max_hp_loss":0.0,"gold_gain":80.0,"event_name":"Golden Wing","player_choice":"Gained Gold","floor":11.0,"gold_loss":0.0,"damage_taken":0.0},{"cards_removed":["Strike_B"],"damage_healed":0.0,"max_hp_gain":0.0,"max_hp_loss":0.0,"gold_gain":0.0,"event_name":"The Cleric","player_choice":"Card Removal","floor":14.0,"gold_loss":50.0,"damage_taken":0.0},{"damage_healed":0.0,"max_hp_gain":0.0,"max_hp_loss":0.0,"gold_gain":0.0,"event_name":"Cursed Tome","player_choice":"Obtained Book","floor":19.0,"gold_loss":0.0,"damage_taken":16.0},{"damage_healed":26,"gold_gain":0,"player_choice":"Heal","damage_taken":0,"max_hp_gain":0,"max_hp_loss":0,"event_name":"The Library","floor":30,"gold_loss":0}],"is_beta":false,"boss_relics":[{"not_picked":["Fusion Hammer","Calling Bell"],"picked":"Sozu"}],"items_purged_floors":[21],"is_endless":false,"potions_floor_spawned":[4,7,8,12,16,20,24],"killed_by":"Champ","ascension_level":11}}