{"host":"4jj9j1v1tx707ann","time":1612007469,"event":{"mods":["AchievementEnabler","BaseMod","Colored Map","Keyboard Shortcuts","Minty Spire (QoL Compilation)","Permanent Neow","Quick Restart","Rare Cards Sparkle","StSLib","SuperFastMode","everything is the same but u backflip on backflip"],"gold_per_floor":[117,117,134,59,73,73,101,129,129,163,94,108,108,126,126,227,227,240,259,184,194,11,11,46,46,46,46,46],"floor_reached":27,"language":"KOR","playtime":892,"items_purged":["Regret"],"score":313,"play_id":"ff7c82d4-59d3-4e49-a258-5f0772df9e03","local_time":"20210130205109","is_ascension_mode":true,"campfire_choices":[{"data":"Zap","floor":6.0,"key":"SMITH"},{"data":"Go for the Eyes","floor":15,"key":"SMITH"},{"data":"Turbo","floor":23,"key":"SMITH"}],"circlet_count":0,"master_deck":["Strike_B","Strike_B","Strike_B","Defend_B","Defend_B","Defend_B","Defend_B","Zap+1","Dualcast","Amplify","Self Repair","Go for the Eyes+1","Glacier","Hologram","Doom and Gloom","Electrodynamics+1","Capacitor+1","Core Surge","Hologram+1","Turbo+1","Mayhem+1","Static Discharge+1"],"relics":["Cracked Core","Cables","Odd Mushroom","Pen Nib","Strawberry","Frozen Egg 2","Inserter","Regal Pillow","Turnip"],"acts_visited":["Exordium","TheCity"],"potions_floor_usage":[19,21,24],"damage_taken":[{"damage":2.0,"enemies":"Jaw Worm","floor":1.0,"turns":3.0},{"damage":12.0,"enemies":"2 Louse","floor":3.0,"turns":3.0},{"damage":1.0,"enemies":"Cultist","floor":5.0,"turns":4.0},{"damage":12.0,"enemies":"The Mushroom Lair","floor":7.0,"turns":6.0},{"damage":33.0,"enemies":"3 Sentries","floor":8.0,"turns":10.0},{"damage":17,"enemies":"Lagavulin","floor":10,"turns":8},{"damage":2,"enemies":"Exordium Thugs","floor":12,"turns":4},{"damage":0,"enemies":"Red Slaver","floor":14,"turns":2},{"damage":30,"enemies":"Slime Boss","floor":16,"turns":7},{"damage":15,"enemies":"Shell Parasite","floor":18,"turns":6},{"damage":8,"enemies":"Spheric Guardian","floor":19,"turns":4},{"damage":7,"enemies":"3 Cultists","floor":21,"turns":4},{"damage":49,"enemies":"Slavers","floor":24,"turns":5},{"damage":12,"enemies":"Snake Plant","floor":27,"turns":4}],"seed_played":"-122757398839242933","potions_obtained":[{"floor":3.0,"key":"Ancient Potion"},{"floor":8.0,"key":"Swift Potion"},{"floor":10,"key":"Regen Potion"},{"floor":12,"key":"Fire Potion"},{"floor":18,"key":"AttackPotion"},{"floor":21,"key":"SteroidPotion"}],"is_trial":false,"path_per_floor":["M","?","M","$","M","R","?","E","T","E","$","M","?","M","R","B",null,"M","M","?","M","$","R","E","$","T","M"],"character_chosen":"DEFECT","items_purchased":["Doom and Gloom","Mayhem+1"],"campfire_rested":0,"item_purchase_floors":[11,22],"current_hp_per_floor":[66,66,61,61,68,68,63,37,44,41,41,46,46,46,46,23,62,54,46,46,46,46,46,11,11,11,0,0],"gold":46,"neow_bonus":"THREE_RARE_CARDS","is_daily":false,"chose_seed":false,"campfire_upgraded":3,"win_rate":0.0,"timestamp":1612007469,"path_taken":["M","?","M","$","M","R","?","E","T","E","$","?","?","M","R","BOSS","M","M","?","M","$","R","E","?","T","M"],"items_purchased_type":["Card","Card"],"build_version":"2020-12-22","purchased_purges":1,"victory":false,"max_hp_per_floor":[68,68,68,68,68,68,68,68,75,75,75,75,75,75,75,75,75,75,75,75,75,75,75,75,75,75,75,75],"card_choices":[{"not_picked":["Fission","Creative AI"],"picked":"Amplify","floor":0.0},{"not_picked":["Cold Snap","Coolheaded"],"picked":"Self Repair","floor":1.0},{"not_picked":["Streamline","Steam"],"picked":"Go for the Eyes","floor":3.0},{"not_picked":["Go for the Eyes","Recycle"],"picked":"Glacier","floor":5.0},{"not_picked":["Leap","Rainbow","Beam Cell"],"picked":"SKIP","floor":8.0},{"not_picked":["Tempest","Barrage"],"picked":"Hologram","floor":10},{"not_picked":["Gash","Leap","Ball Lightning"],"picked":"SKIP","floor":12},{"not_picked":["Go for the Eyes","Compile Driver"],"picked":"Capacitor+1","floor":14},{"not_picked":["Multi-Cast","Hyperbeam"],"picked":"Core Surge","floor":16},{"not_picked":["Doom and Gloom","Stack+1"],"picked":"Hologram+1","floor":18},{"not_picked":["Melter","Beam Cell"],"picked":"Turbo","floor":19},{"not_picked":["Melter+1","Beam Cell+1","Turbo"],"picked":"SKIP","floor":21},{"not_picked":["Steam+1","Coolheaded"],"picked":"Static Discharge+1","floor":24}],"player_experience":177038,"relics_obtained":[{"floor":7.0,"key":"Odd Mushroom"},{"floor":8.0,"key":"Pen Nib"},{"floor":9.0,"key":"Strawberry"},{"floor":10,"key":"Frozen Egg 2"},{"floor":24,"key":"Regal Pillow"},{"floor":26,"key":"Turnip"}],"event_choices":[{"damage_healed":0.0,"max_hp_gain":0.0,"max_hp_loss":0.0,"gold_gain":0.0,"event_name":"Big Fish","player_choice":"Box","floor":2.0,"gold_loss":0.0,"damage_taken":0.0,"relics_obtained":["Cables"],"cards_obtained":["Regret"]},{"damage_healed":0.0,"max_hp_gain":0.0,"max_hp_loss":0.0,"gold_gain":0.0,"event_name":"Mushrooms","player_choice":"Fought Mushrooms","floor":7.0,"gold_loss":0.0,"damage_taken":0.0},{"damage_healed":0,"gold_gain":0,"player_choice":"1 cards matched","damage_taken":0,"max_hp_gain":0,"max_hp_loss":0,"event_name":"Match and Keep!","floor":13,"gold_loss":0,"cards_obtained":["Electrodynamics"]},{"cards_removed":["Strike_B"],"damage_healed":0,"gold_gain":0,"player_choice":"Gave Gold","damage_taken":0,"max_hp_gain":0,"max_hp_loss":0,"event_name":"Beggar","floor":20,"gold_loss":75}],"is_beta":false,"boss_relics":[{"not_picked":["SlaversCollar","Calling Bell"],"picked":"Inserter"}],"items_purged_floors":[4],"is_endless":false,"potions_floor_spawned":[3,8,10,12,18,21],"killed_by":"Snake Plant","ascension_level":6}}