{"host":"8o45mh5p3pp1o2mi","time":1612050744,"event":{"mods":["BaseMod","Bestiary","Better Match","Better Third Choice","BetterRewards","Dark Map","Downfall","Fox Events","Minty Spire (QoL Compilation)","Rare Cards Sparkle","Relic Stats","Replay The Spire","Shop Mod","Spire Exporter","StSLib","everything is the same but u backflip on backflip"],"gold_per_floor":[99,117,133,133,145,170,170,181,181,91,111,111,126,151,164,164,164,164],"floor_reached":16,"language":"ENG","playtime":1017,"items_purged":["bronze:Strike"],"score":120,"play_id":"38944956-1965-4253-a9a7-8d6a9ad39997","local_time":"20210130235224","is_ascension_mode":true,"campfire_choices":[{"data":"bronze:Goto","floor":1,"key":"SMITH"},{"floor":9,"key":"REST"},{"floor":12,"key":"RECALL"}],"circlet_count":0,"master_deck":["bronze:Strike","bronze:Strike","bronze:Strike","bronze:Defend","bronze:Defend","bronze:Defend","bronze:Replicate","bronze:Goto+1","bronze:Overload","bronze:Separator","bronze:Repulsor","bronze:BuggyMess","bronze:Break","bronze:Break","bronze:Fortify","bronze:Turbo","bronze:HardenedForm+1","bronze:Branch"],"relics":["bronze:BronzeCore","Matryoshka","Bag of Marbles","Golden Egg"],"acts_visited":["Exordium"],"potions_floor_usage":[6,14,16,16],"damage_taken":[{"damage":8,"enemies":"Small Slimes","floor":2,"turns":4},{"damage":1,"enemies":"Cultist","floor":3,"turns":3},{"damage":2,"enemies":"2 Louse","floor":5,"turns":2},{"damage":32,"enemies":"Lagavulin","floor":6,"turns":7},{"damage":0,"enemies":"Blue Slaver","floor":8,"turns":1},{"damage":4,"enemies":"downfall:FleeingMerchant","floor":10,"turns":4},{"damage":12,"enemies":"2 Fungi Beasts","floor":11,"turns":2},{"damage":8,"enemies":"Red Slaver","floor":13,"turns":2},{"damage":1,"enemies":"Replay:BlueRogue","floor":14,"turns":2},{"damage":27,"enemies":"Exordium Wildlife","floor":15,"turns":4},{"damage":11,"enemies":"IC_STATUS_ARCHETYPE","floor":16,"turns":2}],"seed_played":"577363186316995009","potions_obtained":[{"floor":3,"key":"Dexterity Potion"},{"floor":6,"key":"Explosive Potion"},{"floor":11,"key":"Dexterity Potion"},{"floor":13,"key":"SkillPotion"}],"is_trial":false,"path_per_floor":["R","M","M","?","M","E","T","M","R","$","M","R","M","E","M","B"],"character_chosen":"THE_AUTOMATON","items_purchased":[],"campfire_rested":1,"item_purchase_floors":[],"current_hp_per_floor":[77,69,68,68,66,34,34,34,57,53,41,41,33,32,5,0,0,0],"gold":164,"neow_bonus":"TEN_PERCENT_HP_BONUS","is_daily":false,"chose_seed":false,"campfire_upgraded":1,"win_rate":0.0,"timestamp":1612050744,"path_taken":["R","M","M","?","M","E","T","M","R","$","?","R","M","E","M","BOSS"],"items_purchased_type":[],"build_version":"2020-12-22","purchased_purges":1,"victory":false,"max_hp_per_floor":[77,77,77,77,77,77,77,77,77,77,77,77,77,77,77,77,77,77],"relic_stats":{"counters":[11,33],"obtain_stats":[{"Golden Egg":14,"bronze:BronzeCore":0,"Matryoshka":6,"Bag of Marbles":7},{"Golden Egg":9,"bronze:BronzeCore":0,"Matryoshka":4,"Bag of Marbles":4},{"Golden Egg":27,"bronze:BronzeCore":0,"Matryoshka":16,"Bag of Marbles":16}]},"card_choices":[{"not_picked":["bronze:Deprecate","bronze:Turbo"],"picked":"bronze:Overload","floor":2},{"not_picked":["bronze:FineTuning","bronze:DelayedGuard"],"picked":"bronze:Separator","floor":3},{"not_picked":["bronze:Deprecate","bronze:BugBarrage"],"picked":"bronze:Repulsor","floor":5},{"not_picked":["bronze:Turbo","bronze:Deprecate"],"picked":"bronze:BuggyMess","floor":6},{"not_picked":["bronze:DelayedGuard","bronze:CutThrough"],"picked":"bronze:Break","floor":8},{"not_picked":["bronze:Turbo","bronze:DelayedSlice"],"picked":"bronze:Break","floor":10},{"not_picked":["bronze:Branch","bronze:BuggyMess"],"picked":"bronze:Fortify","floor":11},{"not_picked":["bronze:BronzeArmor","bronze:DelayedGuard"],"picked":"bronze:Turbo","floor":13},{"not_picked":["bronze:WildBeam","bronze:NullPointer"],"picked":"bronze:HardenedForm","floor":14},{"not_picked":["bronze:Frontload","bronze:WildBeam"],"picked":"bronze:Branch","floor":15}],"player_experience":149749,"relics_obtained":[{"floor":6,"key":"Matryoshka"},{"floor":7,"key":"Bag of Marbles"},{"floor":14,"key":"Golden Egg"}],"event_choices":[{"cards_removed":["bronze:Defend"],"damage_healed":0,"gold_gain":0,"player_choice":"Offered Basic","damage_taken":0,"max_hp_gain":0,"max_hp_loss":0,"event_name":"Bonfire Elementals","floor":4,"gold_loss":0}],"is_beta":false,"boss_relics":[],"items_purged_floors":[10],"is_endless":false,"potions_floor_spawned":[3,6,11,13],"killed_by":"IC_STATUS_ARCHETYPE","ascension_level":1}}