{"host":"fortuna","time":1612023413,"event":{"mods":["100% Spire Juice","Act Like it!","Arknights The Spire","BaseMod","Downfall","Gensokyo","Hallownest","Luminous","Minty Spire (QoL Compilation)","Reimu£®≤©¿ˆ¡È√Œ£©","Relic Stats","StSLib","The Administrix","Waifu the Spire","WarShipGirlsR/’ΩΩ¢…Ÿ≈ÆR mod","Yakumo Yukari mod"],"gold_per_floor":[118,0,0,40,52,52,80,80,128,158,172,192,226,30,30,129,129,141,6,18,36,80,114,129,160,184,199,199,199],"floor_reached":28,"language":"ZHS","playtime":1592,"items_purged":["Strike_Lin:ReiMu"],"score":330,"play_id":"4084030b-8493-4184-8397-9acc22ad2a76","local_time":"20210131001653","is_ascension_mode":false,"campfire_choices":[{"data":"NB:ReiMu","floor":6,"key":"SMITH"},{"data":"OrbThrow:ReiMu","floor":8,"key":"SMITH"},{"data":"Authority:ReiMu","floor":15,"key":"SMITH"}],"circlet_count":0,"master_deck":["Strike_Lin:ReiMu","Strike_Lin:ReiMu","Strike_Lin:ReiMu","Defend_Lin:ReiMu","Defend_Lin:ReiMu","Defend_Lin:ReiMu","Defend_Lin:ReiMu","NB:ReiMu+1","Stagnation:ReiMu","KamiSacrifice:ReiMu","OrbThrow:ReiMu+1","Amulet:ReiMu","OrbThrow:ReiMu","CareerPray:ReiMu","Authority:ReiMu+1","AlertArray:ReiMu","Gathering:ReiMu","Finesse","CleanRite:ReiMu","Mayhem","SubAcupoint:ReiMu+1","RainPray2:ReiMu","MikOfLucky:ReiMu","InherentArray:ReiMu","Free:ReiMu","NineCharacters:ReiMu","YinYangSange:ReiMu"],"relics":["FlyPower:ReiMu","NeowsBlessing","Hallownest:BankAccountRelic","Hallownest:DreamNailRelic","Akabeko","Bronze Scales","Mummified Hand","MealTicket","CrownOfHeavens:ReiMu","Shuriken","Tiny Chest"],"acts_visited":["Hallownest:Greenpath","Hallownest:CityofTears"],"potions_floor_usage":[21,21],"damage_taken":[{"damage":0,"enemies":"Hallownest:monsterHuskGuard","floor":1,"turns":1},{"damage":0,"enemies":"2_ Uuma","floor":5,"turns":1},{"damage":0,"enemies":"Hallownest:eliteVengeflyKing","floor":7,"turns":1},{"damage":8,"enemies":"Hallownest:eliteMossKnight","floor":10,"turns":14},{"damage":0,"enemies":"Hallownest:2_MossCreeps","floor":11,"turns":4},{"damage":0,"enemies":"Hallownest:Wandering_and_Horned","floor":12,"turns":3},{"damage":0,"enemies":"Hallownest:eliteCrystalGuardian","floor":13,"turns":5},{"damage":28,"enemies":"Hallownest:BossHornet","floor":16,"turns":9},{"damage":8,"enemies":"Hallownest:2_Mistakes","floor":18,"turns":5},{"damage":16,"enemies":"Hallownest:Guard_and_Sentry","floor":20,"turns":6},{"damage":0,"enemies":"Hallownest:Warrior_and_Youth","floor":21,"turns":5},{"damage":9,"enemies":"Hallownest:Glutton_and_Coward","floor":22,"turns":4},{"damage":1,"enemies":"Hallownest:Nosk","floor":23,"turns":6},{"damage":15,"enemies":"Hallownest:Master_and_Novice","floor":24,"turns":4},{"damage":10,"enemies":"Hallownest:eliteSoulWarrior","floor":25,"turns":6},{"damage":3,"enemies":"Hallownest:Warrior_and_Youth","floor":27,"turns":4},{"damage":11,"enemies":"Hallownest:Glutton_and_Coward","floor":28,"turns":1}],"seed_played":"-7608594825577552050","potions_obtained":[{"floor":1,"key":"GamblersBrew"},{"floor":7,"key":"PinkPotion:ReiMu"},{"floor":16,"key":"ZuzhouPotion:ReiMu"},{"floor":18,"key":"Energy Potion"},{"floor":23,"key":"Fire Potion"},{"floor":27,"key":"SteroidPotion"}],"is_trial":false,"path_per_floor":["M","?","?","$","M","R","E","R","T","E","M","M","E","$","R","B",null,"M","$","M","M","M","E","M","E","T","M","M"],"character_chosen":"REIMU","items_purchased":["Gathering:ReiMu","Finesse","Mayhem"],"campfire_rested":0,"item_purchase_floors":[14,14,19],"current_hp_per_floor":[65,65,65,65,65,65,65,65,65,57,57,57,57,65,65,37,65,57,65,49,49,40,39,24,14,14,11,0,0],"gold":199,"neow_bonus":"THREE_ENEMY_KILL","is_daily":false,"chose_seed":false,"campfire_upgraded":3,"win_rate":0.0,"timestamp":1612023413,"path_taken":["M","?","?","$","?","R","E","R","T","E","M","M","E","$","R","BOSS","M","$","?","M","M","E","M","E","T","M","M"],"items_purchased_type":["Card","Card","Card"],"build_version":"2020-12-18","purchased_purges":1,"victory":false,"max_hp_per_floor":[65,65,65,65,65,65,65,65,65,65,65,65,65,65,65,65,65,65,65,65,65,65,65,65,65,65,65,65,65],"relic_stats":{"counters":[17,79],"Mummified Hand":[31],"Shuriken":[3],"Bronze Scales":[149],"MealTicket":16,"Tiny Chest":0,"obtain_stats":[{"CrownOfHeavens:ReiMu":17,"NeowsBlessing":0,"Hallownest:BankAccountRelic":2,"Mummified Hand":10,"Shuriken":23,"Bronze Scales":9,"MealTicket":13,"Tiny Chest":25,"Hallownest:DreamNailRelic":3,"FlyPower:ReiMu":0,"Akabeko":7},{"CrownOfHeavens:ReiMu":8,"NeowsBlessing":0,"Hallownest:BankAccountRelic":1,"Mummified Hand":4,"Shuriken":13,"Bronze Scales":3,"MealTicket":7,"Tiny Chest":15,"Hallownest:DreamNailRelic":1,"FlyPower:ReiMu":0,"Akabeko":3},{"CrownOfHeavens:ReiMu":38,"NeowsBlessing":0,"Hallownest:BankAccountRelic":1,"Mummified Hand":17,"Shuriken":64,"Bronze Scales":3,"MealTicket":29,"Tiny Chest":74,"Hallownest:DreamNailRelic":1,"FlyPower:ReiMu":0,"Akabeko":3}]},"card_choices":[{"not_picked":["Gathering:ReiMu","ManaGlint:ReiMu"],"picked":"KamiSacrifice:ReiMu","floor":1},{"not_picked":["TightArray:ReiMu","SpringWay:ReiMu"],"picked":"OrbThrow:ReiMu","floor":5},{"not_picked":["SpringWay:ReiMu","MountainWay:ReiMu"],"picked":"Amulet:ReiMu","floor":7},{"not_picked":["YinYangSange:ReiMu","PassingAway:ReiMu"],"picked":"OrbThrow:ReiMu","floor":10},{"not_picked":["UpKicking:ReiMu","KamiSacrifice:ReiMu"],"picked":"CareerPray:ReiMu","floor":11},{"not_picked":["ManaGlint:ReiMu","YinYangSign:ReiMu"],"picked":"Authority:ReiMu","floor":12},{"not_picked":["ManaGlint:ReiMu","CareerPray:ReiMu"],"picked":"AlertArray:ReiMu","floor":13},{"not_picked":["YinYang:ReiMu","Shading:ReiMu"],"picked":"CleanRite:ReiMu","floor":16},{"not_picked":["CareerPray:ReiMu+1","YinYangSign:ReiMu","EmergencyTakeOff:ReiMu+1"],"picked":"SKIP","floor":18},{"not_picked":["Intuition:ReiMu+1","Dreaming2:ReiMu"],"picked":"SubAcupoint:ReiMu+1","floor":20},{"not_picked":["OrbThrow:ReiMu","EmergencyTakeOff:ReiMu+1"],"picked":"RainPray2:ReiMu","floor":21},{"not_picked":["SubcavityInstant:ReiMu","TakeOff:ReiMu"],"picked":"MikOfLucky:ReiMu","floor":22},{"not_picked":["ForcedLanding:ReiMu","LovePray:ReiMu"],"picked":"InherentArray:ReiMu","floor":23},{"not_picked":["Dreaming2:ReiMu","BarrageOfMoneybags:ReiMu+1"],"picked":"Free:ReiMu","floor":24},{"not_picked":["Intuition:ReiMu","SubAcupoint:ReiMu"],"picked":"NineCharacters:ReiMu","floor":25},{"not_picked":["Mountainwind:ReiMu","Enchanting:ReiMu"],"picked":"YinYangSange:ReiMu","floor":27}],"player_experience":294223,"relics_obtained":[{"floor":7,"key":"Akabeko"},{"floor":9,"key":"Bronze Scales"},{"floor":10,"key":"Mummified Hand"},{"floor":13,"key":"MealTicket"},{"floor":23,"key":"Shuriken"},{"floor":25,"key":"Tiny Chest"}],"event_choices":[],"is_beta":true,"boss_relics":[{"not_picked":["Ectoplasm","Tiny House"],"picked":"CrownOfHeavens:ReiMu"}],"items_purged_floors":[14],"is_endless":false,"potions_floor_spawned":[1,7,16,18,23,27],"killed_by":"Hallownest:Glutton_and_Coward","ascension_level":0}}