{"host":"q6ff4ns2kep02ti6","time":1612029394,"event":{"mods":["AchievementEnabler","BaseMod","Minty Spire (QoL Compilation)","Relic Stats","StSLib","Unceasing Turn Reminder"],"gold_per_floor":[113,113,113,26,201,201,227,227,227,255,81,91,117,151,151,255,255,275,293,293,310,310,310,310],"floor_reached":23,"language":"ENG","playtime":1307,"items_purged":["Doubt"],"score":483,"play_id":"f22ecc27-b937-48ee-8958-d7b9fa71280d","local_time":"20210130185634","is_ascension_mode":true,"campfire_choices":[{"data":"Dualcast","floor":6,"key":"SMITH"},{"data":"Beam Cell","floor":8,"key":"SMITH"},{"data":"Dark Shackles","floor":15,"key":"SMITH"}],"circlet_count":0,"master_deck":["AscendersBane","Strike_B","Strike_B","Strike_B","Strike_B","Defend_B","Defend_B","Defend_B","Defend_B","Zap+1","Dualcast+1","Beam Cell+1","Dark Shackles+1","Skim","Compile Driver","Ball Lightning","Aggregate","Hologram","All For One","CurseOfTheBell","Chaos","Coolheaded","Ghostly","Ghostly","Ghostly","Ghostly","Ghostly","Defragment"],"relics":["Cracked Core","NeowsBlessing","Gambling Chip","Kunai","Dream Catcher","Vajra","Calling Bell","MealTicket","HornCleat","Pocketwatch"],"acts_visited":["Exordium","TheCity"],"potions_floor_usage":[14,21,23],"damage_taken":[{"damage":0,"enemies":"Jaw Worm","floor":1,"turns":1},{"damage":0,"enemies":"Gremlin Nob","floor":7,"turns":1},{"damage":0,"enemies":"Lagavulin","floor":10,"turns":1},{"damage":0,"enemies":"2 Louse","floor":12,"turns":2},{"damage":14,"enemies":"3 Sentries","floor":14,"turns":5},{"damage":0,"enemies":"Slime Boss","floor":16,"turns":8},{"damage":0,"enemies":"Spheric Guardian","floor":18,"turns":3},{"damage":11,"enemies":"3 Byrds","floor":19,"turns":4},{"damage":2,"enemies":"Shelled Parasite and Fungi","floor":21,"turns":5},{"damage":42,"enemies":"Gremlin Leader","floor":23,"turns":5}],"seed_played":"-7970867412945636236","potions_obtained":[{"floor":10,"key":"Fire Potion"},{"floor":12,"key":"SkillPotion"},{"floor":16,"key":"AttackPotion"},{"floor":18,"key":"Energy Potion"}],"is_trial":false,"path_per_floor":["M","?","?","$","?","R","E","R","T","E","$","M","T","E","R","B",null,"M","M","?","M","?","E"],"character_chosen":"DEFECT","items_purchased":["Dark Shackles","FocusPotion","Ball Lightning"],"campfire_rested":0,"item_purchase_floors":[4,11,11],"current_hp_per_floor":[68,73,73,73,73,73,73,73,73,73,73,73,73,59,59,59,75,75,64,40,38,38,0,0],"gold":310,"neow_bonus":"THREE_ENEMY_KILL","is_daily":false,"chose_seed":false,"campfire_upgraded":3,"win_rate":0.0,"timestamp":1612029394,"path_taken":["M","?","?","$","?","R","E","R","T","E","$","M","?","E","R","BOSS","M","M","?","M","?","E"],"items_purchased_type":["Card","Potion","Card"],"build_version":"2020-12-22","purchased_purges":1,"victory":false,"max_hp_per_floor":[75,80,80,80,80,80,80,80,80,80,80,80,80,80,80,80,80,80,80,40,40,40,40,40],"relic_stats":{"Dream Catcher":0,"counters":[10,35],"Gambling Chip":[23],"MealTicket":0,"Kunai":[11],"obtain_stats":[{"Calling Bell":17,"Dream Catcher":10,"HornCleat":17,"NeowsBlessing":0,"Gambling Chip":7,"Vajra":14,"MealTicket":17,"Kunai":9,"Cracked Core":0,"Pocketwatch":17},{"Calling Bell":6,"Dream Catcher":3,"HornCleat":6,"NeowsBlessing":0,"Gambling Chip":2,"Vajra":5,"MealTicket":6,"Kunai":2,"Cracked Core":0,"Pocketwatch":6},{"Calling Bell":18,"Dream Catcher":3,"HornCleat":18,"NeowsBlessing":0,"Gambling Chip":2,"Vajra":10,"MealTicket":18,"Kunai":2,"Cracked Core":0,"Pocketwatch":18}],"Pocketwatch":[12]},"card_choices":[{"not_picked":["Redo","Steam"],"picked":"Beam Cell","floor":1},{"not_picked":["Force Field","Leap"],"picked":"Skim","floor":7},{"not_picked":["Beam Cell","Aggregate"],"picked":"Compile Driver","floor":10},{"not_picked":["Skim","Compile Driver"],"picked":"Aggregate","floor":12},{"not_picked":["Tempest","Ball Lightning"],"picked":"Hologram","floor":14},{"not_picked":["Machine Learning","Electrodynamics"],"picked":"All For One","floor":16},{"not_picked":["Genetic Algorithm","Redo"],"picked":"Chaos","floor":18},{"not_picked":["Tempest","Stack+1"],"picked":"Coolheaded","floor":19},{"not_picked":["Sweeping Beam","Stack+1","Genetic Algorithm"],"picked":"SKIP","floor":21}],"player_experience":1026229,"relics_obtained":[{"floor":7,"key":"Gambling Chip"},{"floor":9,"key":"Kunai"},{"floor":10,"key":"Dream Catcher"},{"floor":14,"key":"Vajra"},{"floor":17,"key":"MealTicket"},{"floor":17,"key":"HornCleat"},{"floor":17,"key":"Pocketwatch"}],"event_choices":[{"damage_healed":0,"gold_gain":0,"player_choice":"Donut","damage_taken":0,"max_hp_gain":5,"max_hp_loss":0,"event_name":"Big Fish","floor":2,"gold_loss":0},{"damage_healed":0,"gold_gain":0,"player_choice":"Grow","damage_taken":0,"max_hp_gain":0,"max_hp_loss":0,"event_name":"Living Wall","floor":3,"gold_loss":0,"cards_upgraded":["Zap"]},{"damage_healed":0,"gold_gain":175,"player_choice":"AGREE","damage_taken":0,"max_hp_gain":0,"max_hp_loss":0,"event_name":"Liars Game","floor":5,"gold_loss":0,"cards_obtained":["Doubt"]},{"damage_healed":0,"gold_gain":0,"player_choice":"Became a Ghost","damage_taken":0,"max_hp_gain":0,"max_hp_loss":40,"event_name":"Ghosts","floor":20,"gold_loss":0,"cards_obtained":["Ghostly","Ghostly","Ghostly","Ghostly","Ghostly"]},{"damage_healed":0,"gold_gain":0,"player_choice":"Read","damage_taken":0,"max_hp_gain":0,"max_hp_loss":0,"event_name":"The Library","floor":22,"gold_loss":0,"cards_obtained":["Defragment"]}],"is_beta":false,"boss_relics":[{"not_picked":["Philosopher\u0027s Stone","Runic Dome"],"picked":"Calling Bell"}],"items_purged_floors":[11],"is_endless":false,"potions_floor_spawned":[10,12,16,18],"killed_by":"Gremlin Leader","ascension_level":10}}