{"host":"w3q5ijqu8eoknil3","time":1612027644,"event":{"mods":["AchievementEnabler","BaseMod","Block Reminder","Colored Map","Colored Powertips","Curses Come First","Dark Map","Minty Spire (QoL Compilation)","Quick Restart","Relic Stats","StSLib","ojb\u0027s Better Paths Mod","ojb\u0027s Info Mod","slay the spire mod where everything is the same but ironclad has a cowboy hat"],"gold_per_floor":[112,127,143,143,162,189,189,189,213,228,228,243,270,281,281,355,405,424,4,21,35,45,45,45,45],"floor_reached":24,"language":"ENG","playtime":715,"items_purged":[],"score":413,"play_id":"c33a6778-c128-4974-a0c0-c0d635130f80","local_time":"20210130172724","is_ascension_mode":true,"campfire_choices":[{"floor":8,"key":"REST"},{"data":"Deadly Poison","floor":15,"key":"SMITH"},{"data":"Catalyst","floor":23,"key":"SMITH"}],"circlet_count":0,"master_deck":["AscendersBane","Strike_G","Strike_G+1","Strike_G","Strike_G","Defend_G","Defend_G","Defend_G","Defend_G","Defend_G","Survivor","Neutralize","Masterful Stab","Deadly Poison+1","PiercingWail","Poisoned Stab","Glass Knife","Footwork","Blade Dance","Poisoned Stab","Phantasmal Killer","Corpse Explosion","Poisoned Stab","Noxious Fumes","Bouncing Flask","Crippling Poison","Catalyst+1","Concentrate+1","Noxious Fumes"],"relics":["Ring of the Snake","WarpedTongs","Pen Nib","Snake Skull","Meat on the Bone","Dream Catcher","Tiny House","White Beast Statue"],"acts_visited":["Exordium","TheCity"],"potions_floor_usage":[5,6,20,20,21,22,24],"damage_taken":[{"damage":1,"enemies":"Cultist","floor":1,"turns":3},{"damage":7,"enemies":"Jaw Worm","floor":2,"turns":4},{"damage":2,"enemies":"2 Louse","floor":3,"turns":3},{"damage":22,"enemies":"Lots of Slimes","floor":5,"turns":6},{"damage":18,"enemies":"Lagavulin","floor":6,"turns":4},{"damage":0,"enemies":"Blue Slaver","floor":10,"turns":4},{"damage":0,"enemies":"Large Slime","floor":12,"turns":3},{"damage":8,"enemies":"Gremlin Nob","floor":13,"turns":3},{"damage":3,"enemies":"Exordium Wildlife","floor":14,"turns":3},{"damage":6,"enemies":"Hexaghost","floor":16,"turns":7},{"damage":0,"enemies":"Chosen","floor":18,"turns":3},{"damage":7,"enemies":"2 Thieves","floor":20,"turns":2},{"damage":49,"enemies":"Shelled Parasite and Fungi","floor":21,"turns":4},{"damage":11,"enemies":"Snecko","floor":22,"turns":5},{"damage":40,"enemies":"Slavers","floor":24,"turns":2}],"seed_played":"446098836369247397","potions_obtained":[{"floor":3,"key":"SkillPotion"},{"floor":5,"key":"Poison Potion"},{"floor":13,"key":"BlessingOfTheForge"},{"floor":16,"key":"ColorlessPotion"},{"floor":17,"key":"EssenceOfSteel"},{"floor":20,"key":"DuplicationPotion"},{"floor":21,"key":"Regen Potion"},{"floor":22,"key":"PowerPotion"}],"is_trial":false,"path_per_floor":["M","M","M","?","M","E","?","R","T","M","T","M","E","M","R","B",null,"M","$","M","M","M","R","E"],"character_chosen":"THE_SILENT","items_purchased":["Bouncing Flask","Crippling Poison","White Beast Statue"],"campfire_rested":1,"item_purchase_floors":[19,19,19],"current_hp_per_floor":[58,51,49,49,27,9,9,28,28,28,28,40,44,41,41,35,63,63,63,56,19,35,35,0,0],"gold":45,"neow_bonus":"TRANSFORM_CARD","is_daily":false,"chose_seed":false,"campfire_upgraded":2,"win_rate":0.0,"timestamp":1612027644,"path_taken":["M","M","?","?","?","E","?","R","T","M","?","M","E","?","R","BOSS","M","$","M","M","?","R","E"],"items_purchased_type":["Card","Card","Relic"],"build_version":"2020-12-22","purchased_purges":0,"victory":false,"max_hp_per_floor":[66,66,66,66,66,66,66,66,66,66,66,66,66,66,66,66,71,71,71,71,71,71,71,71,71],"relic_stats":{"Dream Catcher":0,"counters":[15,56],"Pen Nib":[7],"Snake Skull":[46],"obtain_stats":[{"Dream Catcher":13,"Tiny House":17,"Pen Nib":6,"Snake Skull":9,"White Beast Statue":19,"Ring of the Snake":0,"WarpedTongs":4,"Meat on the Bone":11},{"Dream Catcher":8,"Tiny House":10,"Pen Nib":5,"Snake Skull":5,"White Beast Statue":11,"Ring of the Snake":0,"WarpedTongs":3,"Meat on the Bone":6},{"Dream Catcher":30,"Tiny House":40,"Pen Nib":20,"Snake Skull":20,"White Beast Statue":43,"Ring of the Snake":0,"WarpedTongs":10,"Meat on the Bone":24}],"Ring of the Snake":[30],"WarpedTongs":[46],"Meat on the Bone":48},"card_choices":[{"not_picked":["Dagger Throw","Endless Agony"],"picked":"Deadly Poison","floor":1},{"not_picked":["Bane","Reflex"],"picked":"PiercingWail","floor":2},{"not_picked":["Acrobatics","Slice"],"picked":"Poisoned Stab","floor":3},{"not_picked":["Backflip","Sucker Punch"],"picked":"Glass Knife","floor":5},{"not_picked":["Deflect","Slice"],"picked":"Footwork","floor":6},{"not_picked":["Acrobatics","Quick Slash"],"picked":"Blade Dance","floor":10},{"not_picked":["Underhanded Strike","Escape Plan","Cloak And Dagger"],"picked":"SKIP","floor":12},{"not_picked":["Outmaneuver","Cloak And Dagger"],"picked":"Poisoned Stab","floor":13},{"not_picked":["Finisher","Underhanded Strike"],"picked":"Phantasmal Killer","floor":14},{"not_picked":["Tools of the Trade","A Thousand Cuts"],"picked":"Corpse Explosion","floor":16},{"not_picked":["Sucker Punch","Dagger Throw"],"picked":"Poisoned Stab","floor":17},{"not_picked":["Bane+1","Prepared"],"picked":"Noxious Fumes","floor":18},{"not_picked":["Flying Knee","Outmaneuver"],"picked":"Catalyst","floor":20},{"not_picked":["Prepared","Noxious Fumes"],"picked":"Concentrate+1","floor":21},{"not_picked":["Dagger Throw","Eviscerate"],"picked":"Noxious Fumes","floor":22}],"player_experience":1024118,"relics_obtained":[{"floor":6,"key":"Pen Nib"},{"floor":9,"key":"Snake Skull"},{"floor":11,"key":"Meat on the Bone"},{"floor":13,"key":"Dream Catcher"}],"event_choices":[{"damage_healed":0,"gold_gain":0,"player_choice":"Rummage","damage_taken":0,"relics_obtained":["WarpedTongs"],"max_hp_gain":0,"max_hp_loss":0,"event_name":"Accursed Blacksmith","floor":4,"gold_loss":0,"cards_obtained":["Pain"]},{"cards_removed":["Pain"],"damage_healed":0,"gold_gain":0,"player_choice":"Forget","damage_taken":0,"max_hp_gain":0,"max_hp_loss":0,"event_name":"Living Wall","floor":7,"gold_loss":0}],"is_beta":false,"boss_relics":[{"not_picked":["Sozu","Ectoplasm"],"picked":"Tiny House"}],"items_purged_floors":[],"is_endless":false,"potions_floor_spawned":[3,5,13,16,20,21,22],"killed_by":"Slavers","ascension_level":19}}