{"host":"gufo0wl3yfuj4ohh","time":1612003062,"event":{"mods":["AchievementEnabler","Aspiration","BaseMod","BetterRewards","Colored Powertips","Minty Spire (QoL Compilation)","Quick Restart","StSLib"],"gold_per_floor":[117,117,117,167,187,215,230,230,230,241,261,149,70,97,97,198,198,215,250,250,250,79,79,111,127,151,183,12,22,48,58,58,58,58],"floor_reached":33,"language":"ENG","playtime":1765,"items_purged":["Injury","Strike_G+1"],"score":490,"play_id":"5a9b2531-1390-4ea7-93e4-3e139d8c10bd","local_time":"20210130113742","is_ascension_mode":true,"campfire_choices":[{"data":"Noxious Fumes","floor":8,"key":"SMITH"},{"data":"Neutralize","floor":15,"key":"SMITH"},{"data":"Survivor","floor":23,"key":"SMITH"}],"circlet_count":0,"master_deck":["Strike_G+1","Strike_G+1","Strike_G+1","Strike_G+1","Defend_G+1","Defend_G+1","Defend_G+1","Defend_G+1","Defend_G+1","Survivor+1","Neutralize+1","Noxious Fumes+1","Backflip+1","Dodge and Roll+1","Cloak And Dagger+1","Catalyst+1","Footwork+1","Leg Sweep+1","Blur+1","Night Terror+1","Accuracy+1","Terror+1","Metamorphosis+1","Blade Dance+1","Footwork+1","Distraction+1","Acrobatics+1"],"relics":["Ring of the Snake","NeowsBlessing","Toxic Egg 2","Ancient Tea Set","Frozen Egg 2","Happy Flower","Whetstone","Coffee Dripper","Red Mask","Shovel","Toy Ornithopter","Art of War","Letter Opener"],"acts_visited":["Exordium","TheCity"],"potions_floor_usage":[16,19,27,27,27],"damage_taken":[{"damage":0,"enemies":"Jaw Worm","floor":1,"turns":1},{"damage":0,"enemies":"Small Slimes","floor":5,"turns":1},{"damage":0,"enemies":"Gremlin Nob","floor":6,"turns":1},{"damage":0,"enemies":"2 Louse","floor":7,"turns":7},{"damage":2,"enemies":"Blue Slaver","floor":10,"turns":4},{"damage":7,"enemies":"3 Louse","floor":11,"turns":3},{"damage":14,"enemies":"3 Sentries","floor":14,"turns":8},{"damage":9,"enemies":"Slime Boss","floor":16,"turns":14},{"damage":0,"enemies":"Chosen","floor":18,"turns":7},{"damage":25,"enemies":"Masked Bandits","floor":19,"turns":5},{"damage":13,"enemies":"Slavers","floor":24,"turns":5},{"damage":0,"enemies":"3 Byrds","floor":25,"turns":6},{"damage":21,"enemies":"Gremlin Leader","floor":27,"turns":5},{"damage":2,"enemies":"Snecko","floor":29,"turns":6},{"damage":2,"enemies":"Slavers","floor":30,"turns":7},{"damage":5,"enemies":"3 Cultists","floor":31,"turns":4},{"damage":20,"enemies":"Champ","floor":33,"turns":9}],"seed_played":"1025730354626136587","potions_obtained":[{"floor":6,"key":"Weak Potion"},{"floor":11,"key":"SkillPotion"},{"floor":14,"key":"FearPotion"},{"floor":24,"key":"Block Potion"},{"floor":25,"key":"ColorlessPotion"}],"is_trial":false,"path_per_floor":["M","?","?","T","M","E","M","R","T","M","M","$","$","E","R","B",null,"M","?","?","?","$","R","E","M","T","E","$","M","E","M","R","B"],"character_chosen":"THE_SILENT","items_purchased":["Footwork+1","Leg Sweep+1","Metamorphosis+1","Footwork+1"],"campfire_rested":0,"item_purchase_floors":[12,13,22,28],"current_hp_per_floor":[63,63,68,68,68,68,68,68,68,66,59,59,59,45,45,36,65,65,40,40,40,40,40,27,27,27,21,21,19,17,12,12,0,0],"gold":58,"neow_bonus":"THREE_ENEMY_KILL","is_daily":false,"chose_seed":false,"campfire_upgraded":3,"win_rate":0.0,"timestamp":1612003062,"path_taken":["M","?","?","?","M","E","M","R","T","M","M","?","$","E","R","BOSS","M","?","?","?","$","R","E","M","T","E","$","?","E","M","R","BOSS"],"items_purchased_type":["Card","Card","Card","Card"],"build_version":"2020-12-22","purchased_purges":2,"victory":false,"max_hp_per_floor":[70,70,75,75,75,75,75,75,75,75,75,75,75,75,75,75,75,75,75,75,75,75,75,75,75,75,75,75,75,75,75,75,75,75],"card_choices":[{"not_picked":["Sucker Punch","Finisher"],"picked":"Noxious Fumes","floor":1},{"not_picked":["Predator","Outmaneuver+1"],"picked":"Backflip+1","floor":5},{"not_picked":["Skewer","Quick Slash"],"picked":"Dodge and Roll+1","floor":6},{"not_picked":["Backflip+1","Endless Agony","Sucker Punch"],"picked":"SKIP","floor":7},{"not_picked":["Blade Dance+1","aspiration:Lunge"],"picked":"Cloak And Dagger+1","floor":10},{"not_picked":["Bouncing Flask+1","Tactician+1"],"picked":"Catalyst+1","floor":11},{"not_picked":["Cloak And Dagger+1","Flying Knee"],"picked":"Blur+1","floor":14},{"not_picked":["Wraith Form v2+1","After Image+1"],"picked":"Night Terror+1","floor":16},{"not_picked":["Setup+1","Masterful Stab+1"],"picked":"Accuracy+1","floor":18},{"not_picked":["Leg Sweep+1","Poisoned Stab"],"picked":"Terror+1","floor":19},{"not_picked":["Skewer","Escape Plan+1","Riddle With Holes"],"picked":"SKIP","floor":24},{"not_picked":["Dodge and Roll+1","Quick Slash+1"],"picked":"Blade Dance+1","floor":25},{"not_picked":["Flying Knee","Dodge and Roll+1","Setup+1"],"picked":"SKIP","floor":27},{"not_picked":["Riddle With Holes","Sucker Punch+1"],"picked":"Distraction+1","floor":29},{"not_picked":["Bane+1","Night Terror+1"],"picked":"Acrobatics+1","floor":30},{"not_picked":["Slice","Poisoned Stab+1","Quick Slash"],"picked":"SKIP","floor":31}],"player_experience":277779,"relics_obtained":[{"floor":4,"key":"Ancient Tea Set"},{"floor":6,"key":"Frozen Egg 2"},{"floor":9,"key":"Happy Flower"},{"floor":14,"key":"Whetstone"},{"floor":19,"key":"Red Mask"},{"floor":24,"key":"Shovel"},{"floor":26,"key":"Toy Ornithopter"},{"floor":27,"key":"Art of War"},{"floor":30,"key":"Letter Opener"}],"event_choices":[{"damage_healed":0,"gold_gain":0,"player_choice":"Donut","damage_taken":0,"max_hp_gain":5,"max_hp_loss":0,"event_name":"Big Fish","floor":3,"gold_loss":0},{"damage_healed":0,"gold_gain":0,"player_choice":"Fought Bandits","damage_taken":0,"max_hp_gain":0,"max_hp_loss":0,"event_name":"Masked Bandits","floor":19,"gold_loss":0},{"damage_healed":0,"gold_gain":0,"player_choice":"Simplicity","damage_taken":0,"max_hp_gain":0,"max_hp_loss":0,"event_name":"Back to Basics","floor":20,"gold_loss":0,"cards_upgraded":["Strike_G","Strike_G","Strike_G","Defend_G","Defend_G","Defend_G","Defend_G","Defend_G"]},{"damage_healed":0,"gold_gain":0,"player_choice":"Ignored","damage_taken":0,"max_hp_gain":0,"max_hp_loss":0,"event_name":"Ghosts","floor":21,"gold_loss":0}],"is_beta":false,"boss_relics":[{"not_picked":["Pandora\u0027s Box","HoveringKite"],"picked":"Coffee Dripper"}],"items_purged_floors":[12,28],"is_endless":false,"potions_floor_spawned":[6,11,14,24,25],"killed_by":"Champ","ascension_level":9}}