{"host":"bxn2em57qlx5u4i0","time":1612008238,"event":{"mods":["BaseMod","Colored Map","Colored Powertips","Highlight Path","Minty Spire (QoL Compilation)","Random Character Button","Relic Sorter","Relic Stats","StSLib","SuperFastMode"],"gold_per_floor":[110,110,110,130,130,165,11,36,62,77,77,87,87,104,104,179,179,194,37,37,37,37,71,89,89,113,163,197,197,207,222,222,302,311,324,352,47,57,107,107,137,137,161,11,30,30,65,90,90,90,90],"floor_reached":50,"language":"ENG","playtime":1611,"items_purged":["Strike_G","Strike_G","Strike_G","Strike_G"],"score":1246,"play_id":"ad2f93ec-b835-4db9-9857-0c554da888d5","local_time":"20210130070358","is_ascension_mode":true,"campfire_choices":[{"data":"Footwork","floor":11.0,"key":"SMITH"},{"data":"Tactician","floor":13.0,"key":"SMITH"},{"data":"Tools of the Trade","floor":15.0,"key":"SMITH"},{"data":"Cloak And Dagger","floor":25,"key":"SMITH"},{"data":"Tools of the Trade","floor":29,"key":"SMITH"},{"data":"Acrobatics","floor":32,"key":"SMITH"},{"data":"A Thousand Cuts","floor":40,"key":"SMITH"},{"data":"Blade Dance","floor":42,"key":"SMITH"},{"data":"Acrobatics","floor":46,"key":"SMITH"},{"floor":49,"key":"RECALL"}],"circlet_count":0,"master_deck":["AscendersBane","Defend_G+1","Defend_G","Defend_G","Defend_G","Survivor+1","Neutralize","Dagger Throw+1","Choke+1","Tactician+1","Blade Dance+1","Prepared","Cloak And Dagger+1","Footwork+1","Blur","Tools of the Trade+1","Tools of the Trade+1","Acrobatics+1","Acrobatics+1","A Thousand Cuts+1","CurseOfTheBell","Deflect","Prepared","Deflect","Reflex","Choke"],"relics":["Ring of the Snake","NeowsBlessing","Happy Flower","Ninja Scroll","PreservedInsect","Bronze Scales","Busted Crown","Whetstone","CeramicFish","Calling Bell","Question Card","Unceasing Top","War Paint","Toy Ornithopter","Eternal Feather","Ancient Tea Set","Letter Opener"],"acts_visited":["Exordium","TheCity","TheBeyond"],"potions_floor_usage":[28,38,41,50,50],"damage_taken":[{"damage":0.0,"enemies":"Jaw Worm","floor":1.0,"turns":1.0},{"damage":0.0,"enemies":"Small Slimes","floor":4.0,"turns":1.0},{"damage":0.0,"enemies":"3 Sentries","floor":6.0,"turns":1.0},{"damage":9.0,"enemies":"Lagavulin","floor":8.0,"turns":5.0},{"damage":0.0,"enemies":"Cultist","floor":10.0,"turns":3.0},{"damage":0.0,"enemies":"Looter","floor":12.0,"turns":2.0},{"damage":0.0,"enemies":"Exordium Wildlife","floor":14.0,"turns":1.0},{"damage":5.0,"enemies":"The Guardian","floor":16.0,"turns":12.0},{"damage":10.0,"enemies":"Chosen","floor":18.0,"turns":5.0},{"damage":2,"enemies":"Gremlin Leader","floor":23,"turns":5},{"damage":3,"enemies":"2 Thieves","floor":24,"turns":3},{"damage":0,"enemies":"Book of Stabbing","floor":28,"turns":4},{"damage":0,"enemies":"Snecko","floor":30,"turns":3},{"damage":0,"enemies":"Shelled Parasite and Fungi","floor":31,"turns":4},{"damage":3,"enemies":"Collector","floor":33,"turns":11},{"damage":0,"enemies":"3 Shapes","floor":35,"turns":3},{"damage":0,"enemies":"3 Darklings","floor":36,"turns":7},{"damage":13,"enemies":"Sphere and 2 Shapes","floor":38,"turns":7},{"damage":25,"enemies":"Nemesis","floor":41,"turns":5},{"damage":14,"enemies":"Spire Growth","floor":45,"turns":4},{"damage":0,"enemies":"Reptomancer","floor":47,"turns":2},{"damage":0,"enemies":"4 Shapes","floor":48,"turns":2},{"damage":71,"enemies":"Time Eater","floor":50,"turns":7}],"seed_played":"-8126667739466379489","potions_obtained":[{"floor":6.0,"key":"Dexterity Potion"},{"floor":12.0,"key":"SteroidPotion"},{"floor":16.0,"key":"Block Potion"},{"floor":18.0,"key":"Energy Potion"},{"floor":31,"key":"Explosive Potion"},{"floor":38,"key":"Poison Potion"},{"floor":45,"key":"Explosive Potion"}],"is_trial":false,"path_per_floor":["M","?","?","M","?","E","$","E","T","M","R","M","R","M","R","B",null,"M","$","?","?","?","E","M","R","T","?","E","R","M","M","R","B",null,"M","M","$","M","?","R","E","R","T","$","M","R","E","M","R","B"],"character_chosen":"THE_SILENT","items_purchased":["Blade Dance","Prepared","Acrobatics","Toy Ornithopter","Prepared"],"campfire_rested":0,"item_purchase_floors":[7,7,19,37,37],"current_hp_per_floor":[59,48,48,48,41,41,41,32,32,32,32,32,32,32,32,27,56,46,46,46,46,28,26,23,23,23,23,23,23,23,23,23,20,58,58,58,58,50,50,50,30,42,42,42,28,40,40,40,55,0,0],"gold":90,"neow_bonus":"THREE_ENEMY_KILL","is_daily":false,"chose_seed":false,"campfire_upgraded":9,"win_rate":0.0,"timestamp":1612008238,"path_taken":["M","?","?","?","?","E","$","E","T","M","R","M","R","M","R","BOSS","M","$","?","?","?","E","M","R","T","?","E","R","M","M","R","BOSS","M","M","$","M","?","R","E","R","T","?","M","R","E","?","R","BOSS"],"items_purchased_type":["Card","Card","Card","Relic","Card"],"build_version":"2020-12-22","purchased_purges":4,"victory":false,"max_hp_per_floor":[66,66,66,66,66,66,66,66,66,66,66,66,66,66,66,66,66,66,66,66,66,71,71,71,71,71,71,71,71,71,71,71,71,71,71,71,71,71,71,71,71,71,71,71,71,71,71,71,71,71,71],"relic_stats":{"Happy Flower":[32],"counters":[23,98],"CeramicFish":63,"Eternal Feather":39,"PreservedInsect":202,"Whetstone":["Choke","Dagger Throw"],"Letter Opener":[61],"War Paint":["Survivor","Defend_G"],"Question Card":7,"Busted Crown":30,"Bronze Scales":[235],"obtain_stats":[{"NeowsBlessing":0,"Happy Flower":2,"CeramicFish":28,"Eternal Feather":41,"PreservedInsect":8,"Whetstone":23,"Letter Opener":47,"War Paint":34,"Question Card":34,"Ancient Tea Set":43,"Calling Bell":34,"Busted Crown":17,"Ninja Scroll":6,"Bronze Scales":9,"Unceasing Top":34,"Toy Ornithopter":37,"Ring of the Snake":0},{"NeowsBlessing":0,"Happy Flower":1,"CeramicFish":12,"Eternal Feather":19,"PreservedInsect":4,"Whetstone":10,"Letter Opener":21,"War Paint":15,"Question Card":15,"Ancient Tea Set":19,"Calling Bell":15,"Busted Crown":8,"Ninja Scroll":3,"Bronze Scales":4,"Unceasing Top":15,"Toy Ornithopter":17,"Ring of the Snake":0},{"NeowsBlessing":0,"Happy Flower":1,"CeramicFish":43,"Eternal Feather":83,"PreservedInsect":8,"Whetstone":36,"Letter Opener":89,"War Paint":61,"Question Card":61,"Ancient Tea Set":83,"Calling Bell":61,"Busted Crown":26,"Ninja Scroll":3,"Bronze Scales":8,"Unceasing Top":61,"Toy Ornithopter":71,"Ring of the Snake":0}],"Unceasing Top":[21],"Toy Ornithopter":20,"Ring of the Snake":[46]},"card_choices":[{"not_picked":["Quick Slash","Backflip"],"picked":"Dagger Throw","floor":1.0},{"not_picked":["Underhanded Strike","Eviscerate"],"picked":"Choke","floor":4.0},{"not_picked":["Skewer","Quick Slash"],"picked":"Tactician","floor":6.0},{"not_picked":["Cloak And Dagger","Underhanded Strike","Flying Knee"],"picked":"SKIP","floor":8.0},{"not_picked":["Underhanded Strike","Flying Knee"],"picked":"Cloak And Dagger","floor":8.0},{"not_picked":["PiercingWail","Underhanded Strike"],"picked":"Footwork","floor":10.0},{"not_picked":["Poisoned Stab","Cloak And Dagger"],"picked":"Blur","floor":12.0},{"not_picked":["Outmaneuver","Finisher"],"picked":"Tools of the Trade","floor":14.0},{"not_picked":["Night Terror","Unload"],"picked":"Tools of the Trade","floor":16.0},{"not_picked":["Catalyst"],"picked":"SKIP","floor":18.0},{"not_picked":["Night Terror"],"picked":"SKIP","floor":23},{"not_picked":["Underhanded Strike"],"picked":"SKIP","floor":24},{"not_picked":["Glass Knife"],"picked":"SKIP","floor":28},{"not_picked":["Riddle With Holes"],"picked":"SKIP","floor":30},{"not_picked":["Catalyst+1"],"picked":"SKIP","floor":31},{"not_picked":[],"picked":"A Thousand Cuts","floor":33},{"not_picked":["Flying Knee","Well Laid Plans"],"picked":"SKIP","floor":35},{"not_picked":["Masterful Stab+1"],"picked":"Deflect","floor":36},{"not_picked":["Caltrops","Dagger Spray+1"],"picked":"SKIP","floor":38},{"not_picked":["Deadly Poison+1","Phantasmal Killer"],"picked":"SKIP","floor":41},{"not_picked":["Leg Sweep"],"picked":"Deflect","floor":45},{"not_picked":["Outmaneuver"],"picked":"Reflex","floor":47},{"not_picked":["Quick Slash"],"picked":"Choke","floor":48}],"player_experience":2965777,"relics_obtained":[{"floor":6.0,"key":"Ninja Scroll"},{"floor":8.0,"key":"PreservedInsect"},{"floor":9.0,"key":"Bronze Scales"},{"floor":23,"key":"Whetstone"},{"floor":28,"key":"CeramicFish"},{"floor":34,"key":"Question Card"},{"floor":34,"key":"Unceasing Top"},{"floor":34,"key":"War Paint"},{"floor":41,"key":"Eternal Feather"},{"floor":43,"key":"Ancient Tea Set"},{"floor":47,"key":"Letter Opener"}],"event_choices":[{"damage_healed":0.0,"max_hp_gain":0.0,"max_hp_loss":0.0,"gold_gain":0.0,"event_name":"Scrap Ooze","player_choice":"Success","floor":2.0,"gold_loss":0.0,"damage_taken":11.0,"relics_obtained":["Happy Flower"]},{"cards_removed":["Strike_G"],"damage_healed":0.0,"max_hp_gain":0.0,"max_hp_loss":0.0,"gold_gain":0.0,"event_name":"Bonfire Elementals","player_choice":"Offered Basic","floor":3.0,"gold_loss":0.0,"damage_taken":0.0},{"cards_removed":["Defend_G"],"damage_healed":0.0,"max_hp_gain":0.0,"max_hp_loss":0.0,"gold_gain":0.0,"event_name":"Golden Wing","player_choice":"Card Removal","floor":5.0,"gold_loss":0.0,"damage_taken":7.0},{"damage_healed":0,"gold_gain":0,"player_choice":"Read","damage_taken":0,"max_hp_gain":0,"max_hp_loss":0,"event_name":"The Library","floor":21,"gold_loss":0,"cards_obtained":["Acrobatics"]},{"damage_healed":0,"gold_gain":0,"player_choice":"Shed Blood","damage_taken":23,"max_hp_gain":5,"max_hp_loss":0,"event_name":"Forgotten Altar","floor":22,"gold_loss":0},{"damage_healed":0,"gold_gain":50,"player_choice":"Stole From Cult","damage_taken":0,"max_hp_gain":0,"max_hp_loss":0,"event_name":"Nest","floor":27,"gold_loss":0},{"damage_healed":0,"gold_gain":50,"player_choice":"Pray","damage_taken":0,"max_hp_gain":0,"max_hp_loss":0,"event_name":"Golden Shrine","floor":39,"gold_loss":0}],"is_beta":false,"boss_relics":[{"not_picked":["Ectoplasm","Runic Dome"],"picked":"Busted Crown"},{"not_picked":["SacredBark","Fusion Hammer"],"picked":"Calling Bell"}],"items_purged_floors":[7,19,37,44],"is_endless":false,"potions_floor_spawned":[6,12,16,18,31,35,38,45],"killed_by":"Time Eater","ascension_level":20}}