{"host":"lehbxtjrpalkmwwj","time":1612017472,"event":{"mods":["BaseMod","Colored Powertips","GungeonMod","Minty Spire (QoL Compilation)","Replay The Spire","Shop Mod","StSLib","The Bug Knight","The Cursed","The Gatherer"],"gold_per_floor":[110,120,136,136,152,181,193,193,193],"floor_reached":8,"language":"ZHS","playtime":268,"items_purged":[],"score":66,"play_id":"62457699-8c32-4394-83ba-c91d58d24388","local_time":"20210130223752","is_ascension_mode":true,"campfire_choices":[],"circlet_count":0,"master_deck":["Strike_G","Strike_G","Strike_G","Strike_G","Strike_G","Defend_G","Defend_G","Defend_G","Defend_G","Defend_G","Survivor","Neutralize","Toxin Wave","Dagger Spray","ReplayTheSpireMod:From All Sides","Calculated Gamble","Prepared"],"relics":["ChewingGum","Replay:Bottled Flurry","Iron Hammer"],"acts_visited":["Exordium"],"potions_floor_usage":[],"damage_taken":[{"damage":1.0,"enemies":"Cultist","floor":1.0,"turns":5.0},{"damage":0.0,"enemies":"Jaw Worm","floor":2.0,"turns":4.0},{"damage":2.0,"enemies":"2 Louse","floor":3.0,"turns":2.0},{"damage":5.0,"enemies":"Looter","floor":5.0,"turns":3.0},{"damage":39.0,"enemies":"Gremlin Nob","floor":6.0,"turns":5.0},{"damage":8.0,"enemies":"Exordium Thugs","floor":7.0,"turns":3.0},{"damage":19,"enemies":"Lagavulin","floor":8,"turns":6}],"seed_played":"-2533125286324577460","potions_obtained":[{"floor":6.0,"key":"AttackPotion"}],"is_trial":false,"path_per_floor":["M","M","M","T","M","E","M","E"],"character_chosen":"THE_SILENT","items_purchased":[],"campfire_rested":0,"item_purchase_floors":[],"current_hp_per_floor":[69,69,67,67,62,23,15,0,0],"gold":193,"neow_bonus":"BOSS_RELIC","is_daily":false,"chose_seed":false,"campfire_upgraded":0,"win_rate":0.0,"timestamp":1612017472,"path_taken":["M","M","M","?","M","E","M","E"],"items_purchased_type":[],"build_version":"2020-12-22","purchased_purges":0,"victory":false,"max_hp_per_floor":[70,70,70,70,70,70,70,70,70],"card_choices":[{"not_picked":["Outmaneuver","Deflect","Reflex"],"picked":"SKIP","floor":1.0},{"not_picked":["Hidden Blade","Slice"],"picked":"Toxin Wave","floor":2.0},{"not_picked":["Flying Knee","Backflip"],"picked":"Dagger Spray","floor":3.0},{"not_picked":["Underhanded Strike","Reflex"],"picked":"ReplayTheSpireMod:From All Sides","floor":5.0},{"not_picked":["Flying Knee","Deadly Poison"],"picked":"Calculated Gamble","floor":6.0},{"not_picked":["Outmaneuver","Slice"],"picked":"Prepared","floor":7.0}],"player_experience":88072,"relics_obtained":[{"floor":4.0,"key":"Replay:Bottled Flurry"},{"floor":6.0,"key":"Iron Hammer"}],"event_choices":[],"is_beta":false,"boss_relics":[],"items_purged_floors":[],"is_endless":false,"potions_floor_spawned":[6],"killed_by":"Lagavulin","ascension_level":2}}