{"host":"m8o7tt929h4qck9e","time":1612021820,"event":{"mods":["A Magickal Journey","Aspiration","BaseMod","Better Third Choice","BetterRewards","Card Forge","Colored Powertips","Conspire","Defuse TimeMaze Blight","Friendly Minions","Hubris","Infinite Spire","Minty Spire (QoL Compilation)","Replay The Spire","Shop Mod","Spicy Shops","StSLib","The Jungle","Transform Curses","??????REMEMod"],"gold_per_floor":[119,119,69,89,89,89,103,103,177,201,201,4,4,22,22,151,151,175,8,8,48,48,48,64,89,89,132,132,147,147,147,147,278,278,296,319,319,342,365,365,365,388,413,433,433,433,451,475,586,707,707,707,707],"floor_reached":52,"language":"ENG","playtime":8883,"items_purged":["Magicka:TeleportCard","Magicka:DefaultBladeCard","Magicka:DefaultBladeCard","Magicka:PreciseFingerCard"],"score":935,"play_id":"de33493d-3b5f-44fa-a22c-0b2fd0bbf49f","local_time":"20210130105020","is_ascension_mode":false,"campfire_choices":[{"data":"infinitespire:Execution","floor":6.0,"key":"SMITH"},{"data":"Magicka:SisterhoodCard","floor":15.0,"key":"SMITH"},{"data":"Magicka:AutoClickerCard","floor":23.0,"key":"SMITH"},{"data":"Magicka:BlizzardCard","floor":32.0,"key":"SMITH"},{"data":"Magicka:PreciseFingerCard","floor":40.0,"key":"SMITH"},{"data":"Magicka:PreciseFingerCard","floor":45.0,"key":"SMITH"}],"circlet_count":0,"master_deck":["Magicka:PreciseFingerCard+1","Magicka:PreciseFingerCard+1","Magicka:SisterhoodCard+1","Magicka:SlipperyStoneCard+1","infinitespire:Execution+1","Magicka:AutoClickerCard+1","AbeCurse","Magicka:PreciseFingerCard+1","Magicka:PreciseFingerCard+1","Magicka:SisterhoodCard+1","Magicka:SlipperyStoneCard+1","infinitespire:Execution+1","Magicka:AutoClickerCard+1","AbeCurse"],"relics":["Magicka:WizardStaff","Hammer of Thor","Seething Fire","Anvil of the Gods","REME_ComplimentaryCards","Golden Idol","hubris:Towel","MerchantsRug","Tiny Chest","Abe\u0027s Treasure","Pondfish Scales","Red Mask","REME_HourglassOfDeath","Darkstone Periapt","infinitespire:PuzzleCube","Lee\u0027s Waffle","Replay:Drink Me","Du-Vu Doll","Busted Crown","Bag of Marbles","hubris:TenFootPole","hubris:Backtick","aspiration:FetidBarrel"],"acts_visited":["Exordium","TheCity","TheBeyond","Exordium"],"potions_floor_usage":[],"damage_taken":[{"damage":3.0,"enemies":"Jaw Worm","floor":1.0,"turns":3.0},{"damage":7.0,"enemies":"conspire:RoseBush","floor":4.0,"turns":4.0},{"damage":0.0,"enemies":"Small Slimes","floor":7.0,"turns":3.0},{"damage":3.0,"enemies":"conspire:2 RoseBushes","floor":10.0,"turns":4.0},{"damage":2.0,"enemies":"Exordium Wildlife","floor":14.0,"turns":2.0},{"damage":19.0,"enemies":"Slime Boss","floor":16.0,"turns":9.0},{"damage":4.0,"enemies":"Spheric Guardian","floor":18.0,"turns":4.0},{"damage":0.0,"enemies":"Masked Bandits","floor":21.0,"turns":2.0},{"damage":0.0,"enemies":"Chosen","floor":24.0,"turns":3.0},{"damage":1.0,"enemies":"Nightmare","floor":27.0,"turns":6.0},{"damage":0.0,"enemies":"Shelled Parasite and Fungi","floor":29.0,"turns":3.0},{"damage":0.0,"enemies":"conspire:MysteriousRune","floor":33.0,"turns":5.0},{"damage":12.0,"enemies":"3 Shapes","floor":35.0,"turns":3.0},{"damage":0.0,"enemies":"Orb Walker","floor":36.0,"turns":3.0},{"damage":0.0,"enemies":"Jaw Worm Horde","floor":38.0,"turns":2.0},{"damage":5.0,"enemies":"4 Shapes","floor":39.0,"turns":2.0},{"damage":0.0,"enemies":"Transient","floor":44.0,"turns":5.0},{"damage":0.0,"enemies":"3 Darklings","floor":47.0,"turns":2.0},{"damage":0.0,"enemies":"Jaw Worm Horde","floor":48.0,"turns":1.0},{"damage":5.0,"enemies":"infinitespire:MassOfShapes","floor":50.0,"turns":5.0},{"damage":0,"enemies":"Cultist","floor":52,"turns":1}],"seed_played":"-1449762246159067544","potions_obtained":[{"floor":1.0,"key":"Adrenaline Potion"},{"floor":16.0,"key":"BlessingOfTheForge"},{"floor":18.0,"key":"conspire:TimeTravelPotion"},{"floor":24.0,"key":"Reflective Coating"},{"floor":36.0,"key":"Block Potion"},{"floor":39.0,"key":"ColorlessPotion"},{"floor":44.0,"key":"Elixir"},{"floor":50.0,"key":"ColorlessPotion"}],"is_trial":false,"path_per_floor":["M","?","?","M","?","R","M","?","T","M","AVR","$","?","M","R","B",null,"M","$","?","?","T","R","M","$","T","NM","$","M","AVR","?","R","B",null,"M","M","AVR","M","M","R","?","T","T","M","R","?","M","M","R","B",null,"M"],"character_chosen":"MAGICKA_WIZARD","items_purchased":["Eternal Feather","Magicka:SisterhoodCard","Simple Rune","MerchantsRug","Tiny Chest","Pondfish Scales"],"campfire_rested":0,"item_purchase_floors":[0,0,0,12,12,19],"current_hp_per_floor":[39,29,29,33,23,29,40,40,40,38,38,38,38,36,36,17,40,40,40,40,40,40,40,40,40,40,39,39,39,47,47,47,47,36,30,36,36,36,31,31,31,31,31,31,31,37,37,37,37,32,42,42,42],"gold":707,"neow_bonus":"","is_daily":false,"chose_seed":false,"campfire_upgraded":6,"win_rate":0.0,"timestamp":1612021820,"path_taken":["M","?","?","?","?","R","M","?","T","M","AVR","?","?","M","R","BOSS","M","$","?","?","?","R","M","?","T","NM","$","M","AVR","?","R","BOSS","M","M","AVR","M","M","R","?","?","T","M","R","?","?","M","R","BOSS","M"],"items_purchased_type":["Relic","Card","Relic","Relic","Relic","Relic"],"build_version":"2020-12-22","purchased_purges":4,"victory":false,"max_hp_per_floor":[40,40,40,40,40,40,40,40,40,40,40,40,40,40,40,40,40,40,40,40,40,40,40,40,40,40,40,40,40,47,47,47,47,36,36,36,36,36,36,36,36,36,36,36,36,42,42,42,42,42,42,42,42],"card_choices":[{"not_picked":["Magicka:CleaverCard","Magicka:SpikeQuakeCard","Magicka:SnowballCard"],"picked":"SKIP","floor":1.0},{"not_picked":["Magicka:SlipperyFireCard","Magicka:SlipperyLifeCard","Magicka:SlipperyWaterCard"],"picked":"SKIP","floor":4.0},{"not_picked":["hubris:Rewind","ReplayTheSpireMod:Haul"],"picked":"infinitespire:Execution","floor":5.0},{"not_picked":["Magicka:ShieldBoost","Magicka:CleaverCard","Magicka:ExoticBladeCard"],"picked":"SKIP","floor":7.0},{"not_picked":["Magicka:ThunderstormCard","Magicka:SisterhoodCard","Magicka:RainCard"],"picked":"SKIP","floor":10.0},{"not_picked":["Magicka:DeathRayCard","Magicka:SisterhoodCard","Magicka:SlipperyFireCard"],"picked":"SKIP","floor":14.0},{"not_picked":["Magicka:ThunderstormCard","Magicka:ThunderstrikeCard"],"picked":"Magicka:AutoClickerCard","floor":16.0},{"not_picked":["Magicka:SlipperyShieldCard","Magicka:FearCard+1","Magicka:WalkBackwardsCard"],"picked":"SKIP","floor":18.0},{"not_picked":["Magicka:SlideOverIceCard+1","Magicka:StormCrusherCard"],"picked":"Magicka:FastColdCard","floor":24.0},{"not_picked":["Magicka:SlipperyFireCard","Magicka:MuscleMemoryCard","Magicka:MeteorShowerCard"],"picked":"SKIP","floor":27.0},{"not_picked":["Magicka:SlipperyWaterCard+1","Magicka:WalkBackwardsCard","Magicka:SlipperyLightningCard"],"picked":"SKIP","floor":29.0},{"not_picked":["Magicka:SlipperyColdCard+1","Magicka:DeepFreezeCard+1","Magicka:SlipperyLightningCard+1"],"picked":"SKIP","floor":35.0},{"not_picked":["Magicka:StormCrusherCard+1","Magicka:WinterCrusherCard+1","Magicka:SlipperyStoneCard+1"],"picked":"SKIP","floor":36.0},{"not_picked":["Magicka:CleaverCard"],"picked":"SKIP","floor":38.0},{"not_picked":["Magicka:ShieldBoost"],"picked":"SKIP","floor":39.0},{"not_picked":["Magicka:DeepFreezeCard+1"],"picked":"SKIP","floor":44.0},{"not_picked":["Magicka:WalkBackwardsCard"],"picked":"SKIP","floor":47.0},{"not_picked":["Magicka:DeathRayCard"],"picked":"SKIP","floor":48.0},{"not_picked":["Magicka:DeathRayCard"],"picked":"SKIP","floor":48.0}],"player_experience":55923,"relics_obtained":[{"floor":9.0,"key":"aspiration:StickyExplosives_weak"},{"floor":21.0,"key":"Red Mask"},{"floor":22.0,"key":"REME_HourglassOfDeath"},{"floor":26.0,"key":"Darkstone Periapt"},{"floor":27.0,"key":"infinitespire:PuzzleCube"},{"floor":42.0,"key":"Bag of Marbles"},{"floor":43.0,"key":"hubris:TenFootPole"}],"event_choices":[{"damage_healed":0.0,"max_hp_gain":0.0,"max_hp_loss":0.0,"gold_gain":0.0,"event_name":"Golden Idol","player_choice":"Take Damage","floor":2.0,"gold_loss":0.0,"damage_taken":10.0,"relics_obtained":["Golden Idol"]},{"damage_healed":0.0,"max_hp_gain":0.0,"max_hp_loss":0.0,"gold_gain":0.0,"event_name":"Masked Bandits","player_choice":"Fought Bandits","floor":21.0,"gold_loss":0.0,"damage_taken":0.0}],"is_beta":false,"boss_relics":[{"not_picked":["SacredBark","hubris:RunicObelisk"],"picked":"Abe\u0027s Treasure"},{"not_picked":["conspire:SeveredTorchhead","Snecko Eye"],"picked":"Replay:Drink Me"},{"not_picked":["ReplayTheSpireMod:DimensionalGlitch","ReplayTheSpireMod:SealedPack"],"picked":"hubris:Backtick"}],"items_purged_floors":[0,0,0,30],"is_endless":true,"potions_floor_spawned":[1,16,18,24,36,39,44,50],"killed_by":"Cultist","ascension_level":0}}