{"host":"yd6hhqps9de4qmof","time":1612002775,"event":{"mods":["BaseMod","Downfall","Hermit","Highlight Path","Minty Spire (QoL Compilation)","Relic Stats","Robot Space Explorer","StSLib"],"gold_per_floor":[365,30,30,50,69,96,96,116,143,160,160,185,185,199,199,294,294,304,337,337,348,360,360,389,407,407,407,148,164,178,178,178,282,282,299,14,14,34,79,110,110,110,110,156,186,198,58,78,78,78],"floor_reached":51,"language":"ENG","playtime":2810,"items_purged":["downfall:Haunted"],"score":1195,"play_id":"7fab67ab-2442-4f76-85c4-a54d5ff4a1fc","local_time":"20210130113255","is_ascension_mode":true,"campfire_choices":[{"data":"Apotheosis","floor":7,"key":"SMITH"},{"floor":11,"key":"REST"},{"data":"RobotSpaceExplorer:StarLightning","floor":13,"key":"SMITH"},{"data":"RobotSpaceExplorer:Pulsar","floor":15,"key":"SMITH"},{"data":"RobotSpaceExplorer:ShovelStrike","floor":23,"key":"SMITH"},{"data":"RobotSpaceExplorer:FrostMissile","floor":32,"key":"SMITH"},{"data":"RobotSpaceExplorer:DroneSwarm","floor":42,"key":"SMITH"},{"data":"RobotSpaceExplorer:Fix","floor":49,"key":"SMITH"}],"circlet_count":0,"master_deck":["RobotSpaceExplorer:Defend","RobotSpaceExplorer:Defend+1","RobotSpaceExplorer:Defend","RobotSpaceExplorer:Defend","RobotSpaceExplorer:Scan","RobotSpaceExplorer:MiniLasers","Apotheosis+1","RobotSpaceExplorer:FrostMissile+1","RobotSpaceExplorer:ShovelStrike+1","RobotSpaceExplorer:LuckyStrike","RobotSpaceExplorer:Pulsar+1","RobotSpaceExplorer:Jetpack+1","RobotSpaceExplorer:StarLightning+1","RobotSpaceExplorer:Pulsar+1","RobotSpaceExplorer:ScrapMissile","Bite","Bite","Bite","Bite","Bite","RobotSpaceExplorer:ScrapMissile","RobotSpaceExplorer:Calculate+1","RobotSpaceExplorer:ScrapMissile","RobotSpaceExplorer:Probe+1","RobotSpaceExplorer:DroneSwarm+1","RobotSpaceExplorer:MiniBoosters+1","RobotSpaceExplorer:ScrapToss","RobotSpaceExplorer:MiniBoosters","Blind","Secret Technique","RobotSpaceExplorer:DoubleFind+1","RobotSpaceExplorer:MiniBoosters+1","downfall:Haunted","RobotSpaceExplorer:FreezeRay+1","RobotSpaceExplorer:Fix+1","RobotSpaceExplorer:StarDust","RobotSpaceExplorer:Pulsar+1"],"relics":["RobotSpaceExplorer:RoboCore","OrangePellets","Toy Ornithopter","Anchor","War Paint","Coffee Dripper","Red Mask","Gremlin Horn","StrikeDummy","Kunai","Strawberry","Cursed Key","RobotSpaceExplorer:RingOfTheNewt","RobotSpaceExplorer:BottledGravity","Du-Vu Doll","MawBank","Ancient Tea Set","Spirit Poop"],"acts_visited":["Exordium","TheCity","TheBeyond"],"potions_floor_usage":[6,12,12,14,16,25,29,38,39,48,50,50],"damage_taken":[{"damage":0,"enemies":"2 Louse","floor":1,"turns":2},{"damage":0,"enemies":"Cultist","floor":4,"turns":3},{"damage":0,"enemies":"Small Slimes","floor":5,"turns":4},{"damage":4,"enemies":"3 Sentries","floor":6,"turns":7},{"damage":0,"enemies":"2 Fungi Beasts","floor":8,"turns":3},{"damage":6,"enemies":"Looter","floor":10,"turns":4},{"damage":2,"enemies":"Lagavulin","floor":12,"turns":8},{"damage":0,"enemies":"Lots of Slimes","floor":14,"turns":4},{"damage":0,"enemies":"The Guardian","floor":16,"turns":10},{"damage":13,"enemies":"2 Thieves","floor":18,"turns":4},{"damage":27,"enemies":"Masked Bandits","floor":19,"turns":6},{"damage":8,"enemies":"Shell Parasite","floor":21,"turns":5},{"damage":8,"enemies":"Snake Plant","floor":22,"turns":4},{"damage":0,"enemies":"Gremlin Leader","floor":24,"turns":6},{"damage":5,"enemies":"Snecko","floor":25,"turns":4},{"damage":0,"enemies":"Chosen and Byrds","floor":29,"turns":4},{"damage":0,"enemies":"3 Cultists","floor":30,"turns":5},{"damage":22,"enemies":"Collector","floor":33,"turns":10},{"damage":0,"enemies":"Orb Walker","floor":35,"turns":4},{"damage":0,"enemies":"3 Darklings","floor":38,"turns":3},{"damage":10,"enemies":"2 Orb Walkers","floor":39,"turns":5},{"damage":0,"enemies":"Reptomancer","floor":40,"turns":5},{"damage":0,"enemies":"Nemesis","floor":44,"turns":7},{"damage":0,"enemies":"Spire Growth","floor":45,"turns":4},{"damage":0,"enemies":"Transient","floor":48,"turns":5},{"damage":9,"enemies":"Time Eater","floor":50,"turns":10}],"seed_played":"-6745607581669757582","potions_obtained":[{"floor":1,"key":"ColorlessPotion"},{"floor":3,"key":"CultistPotion"},{"floor":3,"key":"SkillPotion"},{"floor":8,"key":"Block Potion"},{"floor":12,"key":"CultistPotion"},{"floor":18,"key":"GamblersBrew"},{"floor":22,"key":"AttackPotion"},{"floor":24,"key":"DistilledChaos"},{"floor":29,"key":"RobotSpaceExplorer:RecyclePotion"},{"floor":39,"key":"Block Potion"},{"floor":40,"key":"CultistPotion"},{"floor":48,"key":"sneckomod:MuddlingPotion"}],"is_trial":false,"path_per_floor":["M","$","?","M","M","E","R","M","T","M","R","E","R","M","R","B",null,"M","?","?","M","M","R","E","M","T","?","$","M","M","T","R","B",null,"M","$","?","M","?","E","?","R","T","E","M","?","$","M","R","B",null],"character_chosen":"RobotSpaceExplorer","items_purchased":["Apotheosis","RobotSpaceExplorer:FrostMissile","OrangePellets","Kunai","RobotSpaceExplorer:ScrapToss","RobotSpaceExplorer:MiniBoosters","Swift Potion","Blind","RobotSpaceExplorer:StarDust"],"campfire_rested":1,"item_purchase_floors":[2,2,2,28,36,36,36,36,47],"current_hp_per_floor":[50,50,50,50,50,46,46,46,46,40,62,70,70,75,75,75,75,62,35,35,42,45,45,52,50,50,50,50,52,52,59,59,52,57,59,59,59,59,49,58,58,58,58,59,59,59,59,59,59,59],"gold":78,"neow_bonus":"TWO_FIFTY_GOLD","is_daily":false,"chose_seed":false,"campfire_upgraded":7,"win_rate":0.0,"timestamp":1612002775,"path_taken":["M","$","?","M","M","E","R","M","T","M","R","E","R","?","R","BOSS","M","?","?","M","M","R","E","M","T","?","$","M","M","?","R","BOSS","M","?","?","M","?","E","?","R","T","E","?","?","$","M","R","BOSS"],"items_purchased_type":["Card","Card","Relic","Relic","Card","Card","Potion","Card","Card"],"build_version":"2020-12-22","purchased_purges":1,"victory":true,"max_hp_per_floor":[75,75,75,75,75,75,75,75,75,75,75,75,75,75,75,75,75,75,75,52,52,52,52,52,52,52,52,52,52,52,59,59,59,59,59,59,59,59,59,59,59,59,59,59,59,59,59,59,59,59],"relic_stats":{"OrangePellets":[8],"Gremlin Horn":[14,14],"counters":[26,136],"Kunai":[47],"War Paint":["RobotSpaceExplorer:Jetpack","RobotSpaceExplorer:Defend"],"Cursed Key":1,"MawBank":48,"obtain_stats":[{"Gremlin Horn":24,"Spirit Poop":46,"RobotSpaceExplorer:RoboCore":0,"RobotSpaceExplorer:RingOfTheNewt":39,"War Paint":12,"Cursed Key":34,"MawBank":43,"Ancient Tea Set":44,"Du-Vu Doll":41,"OrangePellets":2,"Anchor":9,"RobotSpaceExplorer:BottledGravity":40,"Strawberry":31,"Coffee Dripper":17,"Red Mask":19,"Kunai":28,"StrikeDummy":26,"Toy Ornithopter":6},{"Gremlin Horn":14,"Spirit Poop":24,"RobotSpaceExplorer:RoboCore":0,"RobotSpaceExplorer:RingOfTheNewt":21,"War Paint":7,"Cursed Key":18,"MawBank":22,"Ancient Tea Set":23,"Du-Vu Doll":22,"OrangePellets":1,"Anchor":5,"RobotSpaceExplorer:BottledGravity":22,"Strawberry":17,"Coffee Dripper":9,"Red Mask":11,"Kunai":15,"StrikeDummy":15,"Toy Ornithopter":4},{"Gremlin Horn":70,"Spirit Poop":121,"RobotSpaceExplorer:RoboCore":0,"RobotSpaceExplorer:RingOfTheNewt":105,"War Paint":31,"Cursed Key":93,"MawBank":110,"Ancient Tea Set":117,"Du-Vu Doll":110,"OrangePellets":2,"Anchor":19,"RobotSpaceExplorer:BottledGravity":110,"Strawberry":83,"Coffee Dripper":45,"Red Mask":55,"Kunai":74,"StrikeDummy":74,"Toy Ornithopter":16}],"Toy Ornithopter":17},"card_choices":[{"not_picked":["RobotSpaceExplorer:Ammunition","RobotSpaceExplorer:ImprovisedAttack","RobotSpaceExplorer:TurboDodge"],"picked":"SKIP","floor":1},{"not_picked":["RobotSpaceExplorer:ImprovisedAttack","RobotSpaceExplorer:BigMissile","RobotSpaceExplorer:LaserBurst"],"picked":"SKIP","floor":4},{"not_picked":["RobotSpaceExplorer:GlueShot","RobotSpaceExplorer:RigExplosive"],"picked":"RobotSpaceExplorer:ShovelStrike","floor":5},{"not_picked":["RobotSpaceExplorer:Exploration","RobotSpaceExplorer:LaserBurst"],"picked":"RobotSpaceExplorer:LuckyStrike","floor":6},{"not_picked":["RobotSpaceExplorer:SlimeMissile","RobotSpaceExplorer:Counterblock"],"picked":"RobotSpaceExplorer:Pulsar","floor":8},{"not_picked":["RobotSpaceExplorer:Electropulse","RobotSpaceExplorer:ScrapShield"],"picked":"RobotSpaceExplorer:Jetpack","floor":10},{"not_picked":["RobotSpaceExplorer:FrostMissile","RobotSpaceExplorer:ImprovisedAttack"],"picked":"RobotSpaceExplorer:StarLightning","floor":12},{"not_picked":["RobotSpaceExplorer:FranticSearch","RobotSpaceExplorer:StunGrenade","RobotSpaceExplorer:ShockKick"],"picked":"SKIP","floor":14},{"not_picked":["RobotSpaceExplorer:DoubleFind","RobotSpaceExplorer:GlueShot"],"picked":"RobotSpaceExplorer:Pulsar+1","floor":18},{"not_picked":["RobotSpaceExplorer:GlueSpray","RobotSpaceExplorer:ImprovisedAttack"],"picked":"RobotSpaceExplorer:ScrapMissile","floor":19},{"not_picked":["RobotSpaceExplorer:Pulsar+1","RobotSpaceExplorer:Electropulse"],"picked":"RobotSpaceExplorer:ScrapMissile","floor":21},{"not_picked":["RobotSpaceExplorer:GlueSpray","RobotSpaceExplorer:GearShield"],"picked":"RobotSpaceExplorer:Calculate+1","floor":22},{"not_picked":["RobotSpaceExplorer:GlueShot","RobotSpaceExplorer:Jetpack","RobotSpaceExplorer:Counterblock"],"picked":"SKIP","floor":24},{"not_picked":["RobotSpaceExplorer:FrostMissile","RobotSpaceExplorer:MetalStrike+1","RobotSpaceExplorer:Discharger"],"picked":"SKIP","floor":25},{"not_picked":["RobotSpaceExplorer:Ammunition","RobotSpaceExplorer:Counterblock+1"],"picked":"RobotSpaceExplorer:ScrapMissile","floor":29},{"not_picked":["RobotSpaceExplorer:SurgingStrike","RobotSpaceExplorer:MetalStrike"],"picked":"RobotSpaceExplorer:Probe+1","floor":30},{"not_picked":["RobotSpaceExplorer:Blaster","RobotSpaceExplorer:Arsenal"],"picked":"RobotSpaceExplorer:DroneSwarm","floor":33},{"not_picked":["RobotSpaceExplorer:ShovelStrike","RobotSpaceExplorer:SwiftStep"],"picked":"RobotSpaceExplorer:MiniBoosters+1","floor":35},{"not_picked":["Mind Blast","The Bomb"],"picked":"Secret Technique","floor":37},{"not_picked":["RobotSpaceExplorer:LuckyStrike","RobotSpaceExplorer:Blitz+1"],"picked":"RobotSpaceExplorer:DoubleFind+1","floor":38},{"not_picked":["RobotSpaceExplorer:ImprovisedAttack","RobotSpaceExplorer:MiniDrones"],"picked":"RobotSpaceExplorer:MiniBoosters+1","floor":39},{"not_picked":["RobotSpaceExplorer:Smokescreen+1","RobotSpaceExplorer:ImprovisedAttack","RobotSpaceExplorer:FrostMissile"],"picked":"SKIP","floor":40},{"not_picked":["RobotSpaceExplorer:BigMissile+1","RobotSpaceExplorer:SurgingStrike+1"],"picked":"RobotSpaceExplorer:FreezeRay+1","floor":44},{"not_picked":["RobotSpaceExplorer:FranticSearch+1","RobotSpaceExplorer:StarLightning"],"picked":"RobotSpaceExplorer:Fix","floor":45},{"not_picked":["RobotSpaceExplorer:FranticSearch+1","RobotSpaceExplorer:GlueSpray"],"picked":"RobotSpaceExplorer:Pulsar+1","floor":48}],"player_experience":1173618,"relics_obtained":[{"floor":6,"key":"Toy Ornithopter"},{"floor":9,"key":"Anchor"},{"floor":12,"key":"War Paint"},{"floor":19,"key":"Red Mask"},{"floor":24,"key":"Gremlin Horn"},{"floor":26,"key":"StrikeDummy"},{"floor":31,"key":"Strawberry"},{"floor":39,"key":"RobotSpaceExplorer:RingOfTheNewt"},{"floor":40,"key":"RobotSpaceExplorer:BottledGravity"},{"floor":43,"key":"MawBank"},{"floor":44,"key":"Ancient Tea Set"}],"event_choices":[{"damage_healed":0,"gold_gain":0,"player_choice":"Got Potions","damage_taken":0,"max_hp_gain":0,"max_hp_loss":0,"event_name":"Lab","floor":3,"gold_loss":0},{"damage_healed":0,"gold_gain":0,"player_choice":"Fought Bandits","damage_taken":0,"max_hp_gain":0,"max_hp_loss":0,"event_name":"Masked Bandits","floor":19,"gold_loss":0},{"damage_healed":0,"gold_gain":0,"player_choice":"Became a vampire","damage_taken":0,"max_hp_gain":0,"max_hp_loss":23,"event_name":"Vampires","floor":20,"gold_loss":0,"cards_obtained":["Bite","Bite","Bite","Bite","Bite"]},{"damage_healed":0,"gold_gain":0,"player_choice":"Memory 1","damage_taken":0,"max_hp_gain":0,"max_hp_loss":0,"event_name":"SensoryStone","floor":37,"gold_loss":0},{"damage_healed":0,"gold_gain":0,"player_choice":"Fight","damage_taken":0,"max_hp_gain":0,"max_hp_loss":0,"event_name":"Mysterious Sphere","floor":39,"gold_loss":0},{"cards_removed":["downfall:Haunted"],"damage_healed":0,"gold_gain":0,"player_choice":"Offered Curse","damage_taken":0,"relics_obtained":["Spirit Poop"],"max_hp_gain":0,"max_hp_loss":0,"event_name":"Bonfire Elementals","floor":46,"gold_loss":0}],"is_beta":false,"boss_relics":[{"not_picked":["Sozu","Snecko Eye"],"picked":"Coffee Dripper"},{"not_picked":["Runic Dome","Tiny House"],"picked":"Cursed Key"}],"items_purged_floors":[47],"is_endless":false,"potions_floor_spawned":[1,4,8,12,18,22,24,29,39,40,48],"ascension_level":7}}