{"host":"cmkyc3p4v2g7wnr3","time":1612015020,"event":{"mods":["2.2 Compatiblity","A Magickal Journey","AchievementEnabler","Act Like it!","AlwaysNeverKeys","BaseMod","Better Match","Better Note","BetterRewards","Block Reminder","Colored Map","Colored Powertips","DeckTracker","Gold Saver","Hermit","Highlight Path","Hubris","Infinite Spire","Jorbs\u0027s Wanderer Trilogy","Marked Mod","Minty Spire (QoL Compilation)","Potionbrewer","Prisma Mod","Quick Restart","Rare Cards Sparkle","Relic Stats","Reliquary","Replay The Spire","Shop Mod","Slay the Relics Exporter","StSLib","Synergy Search","The Administrix","The Animator","The Bug Knight","The Construct","The Cursed","The Disciple","The Hierophant","The Marked","The Mystic","The Runesmith","The Servant 0.9.4","TheBandit"],"gold_per_floor":[527,546,556,556,556,588,588,603,603,621,857,871,892,926,926,1026,1026,1044,363,383,383,399,424,435,435,435,435,460,473,503,503,503,608,608,622,634,171,171,222,222,247,247,271,271,282,282,294,324,324,423,423,414,224,210,217,217,216,191,191,191,191,179,176,181,176,176,248,248,245,224,224,200,200,225,5225,5192,5192,5192,5164,5215,4922,4911,4911,4984,4984,4969,4960,4941,4941],"floor_reached":88,"language":"ENG","playtime":17652,"items_purged":["AdministrixMod:Strike_Administrix","AdministrixMod:Strike_Administrix","AdministrixMod:Defend_Administrix","AdministrixMod:Strike_Administrix","AdministrixMod:Defend_Administrix","AdministrixMod:Defend_Administrix"],"score":2090,"play_id":"83868058-d6f9-4e59-b0b1-9969fa17227d","local_time":"20210130145700","is_ascension_mode":false,"campfire_choices":[{"data":"AdministrixMod:XianArts","floor":7.0,"key":"SMITH"},{"floor":15.0,"key":"REST"},{"data":"AdministrixMod:XianArts","floor":25.0,"key":"SMITH"},{"data":"AdministrixMod:SyncreticSurge","floor":27.0,"key":"SMITH"},{"floor":32.0,"key":"REST"},{"data":"AdministrixMod:HiddenPower","floor":40.0,"key":"SMITH"},{"data":"AdministrixMod:HiddenPower","floor":42.0,"key":"SMITH"},{"data":"AdministrixMod:HiddenPower","floor":44.0,"key":"SMITH"},{"data":"AdministrixMod:Wuji","floor":46.0,"key":"SMITH"},{"data":"AdministrixMod:HiddenPower","floor":49.0,"key":"SMITH"},{"data":"AdministrixMod:StarSwordSoul","floor":59.0,"key":"SMITH"},{"data":"AdministrixMod:NewbornDivinity","floor":66.0,"key":"SMITH"},{"data":"AdministrixMod:CastOffRegrets","floor":75.0,"key":"SMITH"},{"data":"hubris:DuctTapeCard","floor":83.0,"key":"SMITH"}],"circlet_count":0,"master_deck":["AdministrixMod:Strike_Administrix","AdministrixMod:RedCloak","AdministrixMod:BlueCloak","AdministrixMod:GuanyinBlessing","AdministrixMod:LightOfYourLife","AdministrixMod:ImmortalGrace","AdministrixMod:XianArts+1","AdministrixMod:CrackingPangu","AdministrixMod:SyncreticSurge+1","AdministrixMod:ImmortalGrace","AdministrixMod:LightOfYourLife","AdministrixMod:BishamonBlessing","AdministrixMod:Transition+1","AdministrixMod:XianArts+1","AdministrixMod:TrickOfTheLight","AdministrixMod:HiddenPower+1","AdministrixMod:HiddenPower+1","AdministrixMod:HiddenPower+1","AdministrixMod:FeastOfDew","AdministrixMod:ReachToHeaven","AdministrixMod:HiddenPower+1","AdministrixMod:HaveItAll","AdministrixMod:CastOffRegrets+1","AdministrixMod:FuneraryRites","AdministrixMod:NewWardrobe","AdministrixMod:FuneraryRites+1","AdministrixMod:ImmortalPurity+1","infinitespire:Starlight","AdministrixMod:ImmortalClarity","AdministrixMod:Transcension+1","AdministrixMod:ArmillarySphere","AdministrixMod:Wuji+1","AdministrixMod:NewbornDivinity+1","AdministrixMod:StarSwordSoul+1","AdministrixMod:Metempsychosis","AdministrixMod:HarmonicReverence","infinitespire:Gouge","AdministrixMod:BishamonBlessing","AdministrixMod:HarmonicReverence+1","AdministrixMod:DeathByGlamour+1","hubris:DuctTapeCard"],"relics":["AdministrixMod:ConductorRitualBaton","BargainBundle","AdministrixMod:KeyOfKings","MerchantsRug","Iron Hammer","Tiny Chest","ReplayTheSpireMod:Ninjato","Replay:Towering Pillar of Hats","hubris:GlazedTorus","Odd Mushroom","Kunai","hubris:Backtick","Shuriken","potionbrewer:WarMedal","Replay:Rubber Ducky","infinitespire:Satchel","Gremlin Horn","hubris:FunFungus","hubris:TinFlute","Coffee Dripper","Prayer Wheel","Ancient Tea Set","Runesmith:Locket","reliquary:PorcupineQuills","Omamori","construct:WeddingRing","hubris:DuctTape","reliquary:RosewoodLute","Strawberry","Sundial","Busted Crown","Regal Pillow","reliquary:PartyBalloon","Golden Egg","PreservedInsect","AdministrixMod:DragonsEyeCharm","hubris:64BitClover","Sozu"],"acts_visited":["Exordium","TheCity","TheBeyond","Exordium","TheCity","TheBeyond"],"potions_floor_usage":[],"damage_taken":[{"damage":0.0,"enemies":"Cultist","floor":1.0,"turns":3.0},{"damage":0.0,"enemies":"2 Louse","floor":2.0,"turns":1.0},{"damage":0.0,"enemies":"Small Slimes","floor":3.0,"turns":2.0},{"damage":8.0,"enemies":"Gremlin Nob","floor":6.0,"turns":3.0},{"damage":7.0,"enemies":"Looter","floor":8.0,"turns":3.0},{"damage":4.0,"enemies":"Exordium Wildlife","floor":10.0,"turns":3.0},{"damage":0.0,"enemies":"Red Slaver","floor":12.0,"turns":4.0},{"damage":0.0,"enemies":"The Mushroom Lair","floor":13.0,"turns":6.0},{"damage":22.0,"enemies":"3 Sentries","floor":14.0,"turns":7.0},{"damage":6.0,"enemies":"Hexaghost","floor":16.0,"turns":8.0},{"damage":2.0,"enemies":"Spheric Guardian","floor":18.0,"turns":4.0},{"damage":0.0,"enemies":"3 Byrds","floor":20.0,"turns":4.0},{"damage":0.0,"enemies":"Snake Plant","floor":22.0,"turns":5.0},{"damage":9.0,"enemies":"Book of Stabbing","floor":23.0,"turns":6.0},{"damage":0.0,"enemies":"Chosen and Byrds","floor":24.0,"turns":7.0},{"damage":24.0,"enemies":"Gremlin Leader","floor":28.0,"turns":5.0},{"damage":0.0,"enemies":"Cultist and Chosen","floor":29.0,"turns":6.0},{"damage":18.0,"enemies":"Nightmare","floor":30.0,"turns":9.0},{"damage":20.0,"enemies":"Collector","floor":33.0,"turns":7.0},{"damage":0.0,"enemies":"Orb Walker","floor":35.0,"turns":5.0},{"damage":0.0,"enemies":"3 Darklings","floor":36.0,"turns":3.0},{"damage":9.0,"enemies":"Nemesis","floor":41.0,"turns":7.0},{"damage":0.0,"enemies":"Spire Growth","floor":45.0,"turns":5.0},{"damage":5.0,"enemies":"Transient","floor":47.0,"turns":5.0},{"damage":18.0,"enemies":"HollowMod:StalkingDevout","floor":48.0,"turns":4.0},{"damage":39.0,"enemies":"Donu and Deca","floor":50.0,"turns":9.0},{"damage":0.0,"enemies":"Small Slimes","floor":52.0,"turns":4.0},{"damage":3.0,"enemies":"Jaw Worm","floor":54.0,"turns":3.0},{"damage":0.0,"enemies":"2 Louse","floor":55.0,"turns":2.0},{"damage":22.0,"enemies":"3 Sentries","floor":57.0,"turns":3.0},{"damage":17.0,"enemies":"Gremlin Gang","floor":58.0,"turns":5.0},{"damage":3.0,"enemies":"Exordium Thugs","floor":62.0,"turns":3.0},{"damage":0.0,"enemies":"Looter","floor":63.0,"turns":2.0},{"damage":25.0,"enemies":"Gremlin Gang","floor":64.0,"turns":2.0},{"damage":13.0,"enemies":"Exordium Thugs","floor":65.0,"turns":3.0},{"damage":0.0,"enemies":"Slime Boss","floor":67.0,"turns":5.0},{"damage":0.0,"enemies":"2 Thieves","floor":69.0,"turns":2.0},{"damage":0.0,"enemies":"3 Byrds","floor":70.0,"turns":4.0},{"damage":0.0,"enemies":"3 Cultists","floor":72.0,"turns":6.0},{"damage":0.0,"enemies":"Book of Stabbing","floor":74.0,"turns":1.0},{"damage":0.0,"enemies":"Shelled Parasite and Fungi","floor":76.0,"turns":6.0},{"damage":0.0,"enemies":"Cultist and Chosen","floor":79.0,"turns":4.0},{"damage":48.0,"enemies":"Slavers","floor":82.0,"turns":5.0},{"damage":0.0,"enemies":"Champ","floor":84.0,"turns":4.0},{"damage":5,"enemies":"Orb Walker","floor":86,"turns":5},{"damage":78,"enemies":"3 Darklings","floor":87,"turns":4},{"damage":98,"enemies":"Transient","floor":88,"turns":3}],"seed_played":"7832918512512226090","potions_obtained":[{"floor":3.0,"key":"potionbrewer:DiscountPotion"},{"floor":6.0,"key":"Elixir"},{"floor":12.0,"key":"Energy Potion"},{"floor":16.0,"key":"potionbrewer:CleansingPotion"},{"floor":24.0,"key":"SteroidPotion"},{"floor":29.0,"key":"potionbrewer:BoundlessPotion"},{"floor":30.0,"key":"FairyPotion"},{"floor":76.0,"key":"Adrenaline Potion"}],"is_trial":false,"path_per_floor":["M","M","M","?","?","E","R","M","T","M","$","M","?","E","R","B",null,"M","$","M","?","M","E","M","R","T","R","E","M","NM","AVR","R","B",null,"M","M","$","?","T","R","E","R","T","R","M","R","M","E","R","B",null,"M","$","M","M","AVR","E","M","R","T","?","M","M","M","M","R","B",null,"M","M","AVR","M","?","E","R","M","T","?","M","T","$","E","R","B",null,"M","M","M"],"character_chosen":"TheAdministrix","items_purchased":["BargainBundle","AdministrixMod:GuanyinBlessing","AdministrixMod:LightOfYourLife","AdministrixMod:ImmortalGrace","AdministrixMod:XianArts","AdministrixMod:KeyOfKings","AdministrixMod:CrackingPangu","MerchantsRug","AdministrixMod:SyncreticSurge","AdministrixMod:ImmortalGrace","Iron Hammer","reliquary:BallBearing","Replay:Towering Pillar of Hats","hubris:GlazedTorus","AdministrixMod:HiddenPower","AdministrixMod:HaveItAll","potionbrewer:WarMedal","Replay:Rubber Ducky","Prayer Wheel","hubris:DuctTape","AdministrixMod:DragonsEyeCharm"],"campfire_rested":2,"item_purchase_floors":[0,0,0,0,0,0,0,0,0,0,0,0,11,11,11,19,19,19,37,53,81],"current_hp_per_floor":[65,65,65,65,70,62,62,55,55,51,51,51,51,29,50,44,70,68,68,68,68,68,59,59,59,59,59,35,35,17,17,38,30,70,70,70,70,70,70,70,70,70,70,70,70,70,70,70,70,45,70,70,70,67,67,67,52,51,51,51,51,63,73,48,46,46,56,77,77,77,77,77,77,77,77,77,77,77,77,77,77,41,41,42,77,72,4,0,0],"gold":4941,"neow_bonus":"","is_daily":false,"chose_seed":false,"campfire_upgraded":12,"win_rate":0.0,"timestamp":1612015020,"path_taken":["M","M","?","?","?","E","R","M","T","M","$","M","?","E","R","BOSS","M","$","M","?","M","E","M","R","T","R","E","M","NM","AVR","R","BOSS","M","M","$","?","?","R","E","R","T","R","M","R","M","E","R","BOSS","M","$","M","M","AVR","E","M","R","T","?","M","M","M","M","R","BOSS","M","M","AVR","M","?","E","R","M","T","?","M","?","?","E","R","BOSS","M","M","M"],"items_purchased_type":["Relic","Card","Card","Card","Card","Relic","Card","Relic","Card","Card","Relic","Relic","Relic","Relic","Card","Card","Relic","Relic","Relic","Relic","Relic"],"build_version":"2020-12-22","purchased_purges":6,"victory":false,"max_hp_per_floor":[65,65,65,65,70,70,70,70,70,70,70,70,70,70,70,70,70,70,70,70,70,70,70,70,70,70,70,70,70,70,70,70,70,70,70,70,70,70,70,70,70,70,70,70,70,70,70,70,70,70,70,70,70,70,70,70,77,77,77,77,77,77,77,77,77,77,77,77,77,77,77,77,77,77,77,77,77,77,77,77,77,77,77,77,77,77,77,77,77],"relic_stats":{"Sozu":1,"Regal Pillow":0,"Busted Crown":38,"Gremlin Horn":[29,31],"counters":[64,271],"Shuriken":[124],"Sundial":[4],"Tiny Chest":2,"Prayer Wheel":17,"PreservedInsect":61,"Kunai":[135],"obtain_stats":[{"Golden Egg":77,"Tiny House":17,"Gremlin Horn":28,"reliquary:PartyBalloon":74,"Runesmith:Locket":41,"AdministrixMod:ConductorRitualBaton":0,"Sozu":85,"Sundial":60,"Strawberry":57,"Prayer Wheel":37,"Iron Hammer":0,"Kunai":14,"Replay:Wax Seal":26,"hubris:TinFlute":31,"MerchantsRug":3,"potionbrewer:WarMedal":19,"hubris:DuctTape":53,"reliquary:PorcupineQuills":43,"infinitespire:Lychee Nut":20,"Shuriken":17,"reliquary:BallBearing":0,"hubris:TenFootPole":27,"Lantern":7,"Regal Pillow":71,"AdministrixMod:KeyOfKings":0,"Ancient Tea Set":39,"Replay:Rubber Ducky":19,"Dream Catcher":26,"hubris:Backtick":17,"Tiny Chest":31,"hubris:FunFungus":30,"AdministrixMod:DragonsEyeCharm":81,"hubris:GlazedTorus":11,"construct:ClawGrip":20,"BargainBundle":0,"ReplayTheSpireMod:Ninjato":9,"construct:WeddingRing":51,"NeowsBlessing":0,"Replay:Towering Pillar of Hats":11,"hubris:64BitClover":82,"PreservedInsect":80,"Omamori":48,"Odd Mushroom":13,"reliquary:RosewoodLute":56,"Busted Crown":68,"infinitespire:Satchel":23,"Coffee Dripper":34,"potionbrewer:BottledElixir":9,"Toy Ornithopter":14},{"Golden Egg":58,"Tiny House":7,"Gremlin Horn":33,"reliquary:PartyBalloon":57,"Runesmith:Locket":39,"AdministrixMod:ConductorRitualBaton":0,"Sozu":61,"Sundial":48,"Strawberry":47,"Prayer Wheel":38,"Iron Hammer":17,"Kunai":26,"Replay:Wax Seal":12,"hubris:TinFlute":35,"MerchantsRug":1,"potionbrewer:WarMedal":28,"hubris:DuctTape":44,"reliquary:PorcupineQuills":39,"infinitespire:Lychee Nut":9,"Shuriken":27,"reliquary:BallBearing":17,"hubris:TenFootPole":13,"Lantern":3,"Regal Pillow":55,"AdministrixMod:KeyOfKings":17,"Ancient Tea Set":38,"Replay:Rubber Ducky":28,"Dream Catcher":32,"hubris:Backtick":27,"Tiny Chest":16,"hubris:FunFungus":35,"AdministrixMod:DragonsEyeCharm":59,"hubris:GlazedTorus":23,"construct:ClawGrip":9,"BargainBundle":17,"ReplayTheSpireMod:Ninjato":22,"construct:WeddingRing":43,"NeowsBlessing":0,"Replay:Towering Pillar of Hats":23,"hubris:64BitClover":60,"PreservedInsect":59,"Omamori":42,"Odd Mushroom":25,"reliquary:RosewoodLute":46,"Busted Crown":53,"infinitespire:Satchel":31,"Coffee Dripper":36,"potionbrewer:BottledElixir":3,"Toy Ornithopter":6},{"Golden Egg":246,"Tiny House":21,"Gremlin Horn":135,"reliquary:PartyBalloon":240,"Runesmith:Locket":172,"AdministrixMod:ConductorRitualBaton":0,"Sozu":259,"Sundial":212,"Strawberry":207,"Prayer Wheel":165,"Iron Hammer":64,"Kunai":96,"Replay:Wax Seal":39,"hubris:TinFlute":150,"MerchantsRug":1,"potionbrewer:WarMedal":108,"hubris:DuctTape":199,"reliquary:PorcupineQuills":172,"infinitespire:Lychee Nut":27,"Shuriken":104,"reliquary:BallBearing":64,"hubris:TenFootPole":45,"Lantern":3,"Regal Pillow":233,"AdministrixMod:KeyOfKings":64,"Ancient Tea Set":165,"Replay:Rubber Ducky":108,"Dream Catcher":130,"hubris:Backtick":104,"Tiny Chest":58,"hubris:FunFungus":150,"AdministrixMod:DragonsEyeCharm":250,"hubris:GlazedTorus":79,"construct:ClawGrip":27,"BargainBundle":64,"ReplayTheSpireMod:Ninjato":76,"construct:WeddingRing":195,"NeowsBlessing":0,"Replay:Towering Pillar of Hats":79,"hubris:64BitClover":255,"PreservedInsect":250,"Omamori":186,"Odd Mushroom":89,"reliquary:RosewoodLute":204,"Busted Crown":227,"infinitespire:Satchel":123,"Coffee Dripper":157,"potionbrewer:BottledElixir":3,"Toy Ornithopter":11}]},"card_choices":[{"not_picked":["AdministrixMod:Overdrive","AdministrixMod:FiendishCrimson"],"picked":"AdministrixMod:LightOfYourLife","floor":1.0},{"not_picked":["AdministrixMod:Convergence","AdministrixMod:ShadowPlay"],"picked":"AdministrixMod:BishamonBlessing","floor":2.0},{"not_picked":["AdministrixMod:QuietConspiracy","AdministrixMod:ChooseYourEnd"],"picked":"AdministrixMod:Transition","floor":3.0},{"not_picked":["AdministrixMod:QuietConspiracy","AdministrixMod:TenDesires"],"picked":"AdministrixMod:XianArts","floor":6.0},{"not_picked":["AdministrixMod:Overdrive","AdministrixMod:RegentEdict"],"picked":"AdministrixMod:TrickOfTheLight","floor":8.0},{"not_picked":["AdministrixMod:SealAway","AdministrixMod:CenturiesAscent"],"picked":"AdministrixMod:HiddenPower","floor":10.0},{"not_picked":["AdministrixMod:Mastermind","AdministrixMod:PlateOfAntiquity","AdministrixMod:SealAway"],"picked":"SKIP","floor":12.0},{"not_picked":["AdministrixMod:RisingSunPrince","AdministrixMod:ChooseYourEnd"],"picked":"AdministrixMod:FeastOfDew","floor":13.0},{"not_picked":["AdministrixMod:Overdrive","AdministrixMod:RisingSunPrince"],"picked":"AdministrixMod:ReachToHeaven","floor":14.0},{"not_picked":["AdministrixMod:ImmortalGrace","AdministrixMod:QuietConspiracy"],"picked":"AdministrixMod:HiddenPower","floor":18.0},{"not_picked":["AdministrixMod:MixOfMercury","AdministrixMod:Transcension","AdministrixMod:BishamonBlessing"],"picked":"SKIP","floor":20.0},{"not_picked":["AdministrixMod:MixOfMercury","AdministrixMod:Transcension","AdministrixMod:BishamonBlessing"],"picked":"SKIP","floor":20.0},{"not_picked":["AdministrixMod:ImmortalPurity","AdministrixMod:BegetEternity"],"picked":"AdministrixMod:CastOffRegrets","floor":22.0},{"not_picked":["AdministrixMod:CenturiesAscent+1","AdministrixMod:XianArts"],"picked":"AdministrixMod:FuneraryRites","floor":23.0},{"not_picked":["AdministrixMod:QuietConspiracy","AdministrixMod:TrickOfTheLight"],"picked":"AdministrixMod:NewWardrobe","floor":24.0},{"not_picked":["AdministrixMod:WifeLightning","AdministrixMod:TrickOfTheLight+1"],"picked":"AdministrixMod:FuneraryRites+1","floor":28.0},{"not_picked":["AdministrixMod:ImmortalGrace","AdministrixMod:TrickOfTheLight+1","AdministrixMod:DiversionaryTactic"],"picked":"SKIP","floor":29.0},{"not_picked":["AdministrixMod:CenturiesAscent","AdministrixMod:RegentEdict"],"picked":"AdministrixMod:ImmortalPurity+1","floor":30.0},{"not_picked":["AdministrixMod:CosmosControl","AdministrixMod:FearOfDeath"],"picked":"AdministrixMod:ImmortalClarity","floor":33.0},{"not_picked":["AdministrixMod:FuneraryRites","AdministrixMod:Transition+1","AdministrixMod:NoblePath+1"],"picked":"SKIP","floor":35.0},{"not_picked":["AdministrixMod:NewWardrobe+1","AdministrixMod:PlateOfAntiquity+1"],"picked":"AdministrixMod:Transcension+1","floor":36.0},{"not_picked":["AdministrixMod:BishamonBlessing+1","AdministrixMod:PlateOfAntiquity+1"],"picked":"AdministrixMod:ArmillarySphere","floor":41.0},{"not_picked":["AdministrixMod:ReachToHeaven","AdministrixMod:SipOfSparks+1"],"picked":"AdministrixMod:Wuji","floor":45.0},{"not_picked":["AdministrixMod:TrickOfTheLight","AdministrixMod:RebukeDesires+1"],"picked":"AdministrixMod:WifeLightning","floor":45.0},{"not_picked":["AdministrixMod:ImmortalGrace","AdministrixMod:ReachToHeaven+1","AdministrixMod:SipOfSparks+1"],"picked":"SKIP","floor":47.0},{"not_picked":["AdministrixMod:RegentEdict+1","AdministrixMod:Wuji","AdministrixMod:FuneraryRites+1"],"picked":"SKIP","floor":47.0},{"not_picked":["AdministrixMod:NoblePath+1","AdministrixMod:PlateOfAntiquity+1"],"picked":"AdministrixMod:WifeLightning","floor":48.0},{"not_picked":["AdministrixMod:WickedPunishment","AdministrixMod:TouchOfCinnabar","AdministrixMod:SealAway"],"picked":"SKIP","floor":52.0},{"not_picked":["AdministrixMod:TouchOfCinnabar","AdministrixMod:BegetEternity","AdministrixMod:NoblePath"],"picked":"SKIP","floor":52.0},{"not_picked":["AdministrixMod:ImmortalGrace","AdministrixMod:ArmillarySphere"],"picked":"AdministrixMod:NewbornDivinity","floor":54.0},{"not_picked":["AdministrixMod:Katabasis","AdministrixMod:ImmortalGrace","AdministrixMod:SipOfSparks"],"picked":"SKIP","floor":54.0},{"not_picked":["AdministrixMod:SyncreticSurge","AdministrixMod:DiversionaryTactic"],"picked":"AdministrixMod:StarSwordSoul","floor":55.0},{"not_picked":["AdministrixMod:Convergence","AdministrixMod:ExtolVirtue","AdministrixMod:SyncreticPlunge"],"picked":"SKIP","floor":55.0},{"not_picked":["AdministrixMod:RebukeDesires","AdministrixMod:ImmortalGrace","AdministrixMod:GuanyinBlessing"],"picked":"SKIP","floor":57.0},{"not_picked":["AdministrixMod:Convergence","AdministrixMod:DiversionaryTactic","AdministrixMod:Transcension"],"picked":"SKIP","floor":58.0},{"not_picked":["AdministrixMod:CastOffRegrets","AdministrixMod:TouchOfCinnabar","AdministrixMod:LightOfYourLife"],"picked":"SKIP","floor":58.0},{"not_picked":["AdministrixMod:XianArts","AdministrixMod:TouchOfCinnabar","AdministrixMod:CenturiesAscent"],"picked":"SKIP","floor":62.0},{"not_picked":["AdministrixMod:PlateOfAntiquity","AdministrixMod:CrackingPangu","AdministrixMod:FuneraryRites"],"picked":"SKIP","floor":62.0},{"not_picked":["AdministrixMod:HopeInTheDark","AdministrixMod:BishamonBlessing"],"picked":"AdministrixMod:Metempsychosis","floor":63.0},{"not_picked":["AdministrixMod:RisingSunPrince","AdministrixMod:DiversionaryTactic","AdministrixMod:Transition"],"picked":"SKIP","floor":63.0},{"not_picked":["AdministrixMod:ShadowPlay","AdministrixMod:RebukeDesires"],"picked":"AdministrixMod:HarmonicReverence","floor":64.0},{"not_picked":["AdministrixMod:RebukeDesires","AdministrixMod:NewWardrobe","AdministrixMod:CenturiesAscent"],"picked":"SKIP","floor":64.0},{"not_picked":["AdministrixMod:NewWardrobe","AdministrixMod:TrickOfTheLight","AdministrixMod:DreamsMausoleum"],"picked":"SKIP","floor":65.0},{"not_picked":["AdministrixMod:NewWardrobe","AdministrixMod:TouchOfCinnabar","AdministrixMod:BishamonBlessing"],"picked":"SKIP","floor":65.0},{"not_picked":["ReplayTheSpireMod:Echoes of Time","ReplayTheSpireMod:Haul"],"picked":"infinitespire:Gouge","floor":68.0},{"not_picked":[],"picked":"AdministrixMod:BishamonBlessing","floor":69.0},{"not_picked":["AdministrixMod:RisingSunPrince"],"picked":"SKIP","floor":69.0},{"not_picked":["AdministrixMod:LightOfYourLife+1"],"picked":"SKIP","floor":70.0},{"not_picked":["AdministrixMod:RebukeDesires"],"picked":"SKIP","floor":70.0},{"not_picked":["AdministrixMod:TouchOfCinnabar"],"picked":"SKIP","floor":72.0},{"not_picked":["AdministrixMod:FalseDeath"],"picked":"SKIP","floor":72.0},{"not_picked":["AdministrixMod:Wuji"],"picked":"SKIP","floor":74.0},{"not_picked":["AdministrixMod:RegentEdict"],"picked":"SKIP","floor":76.0},{"not_picked":["AdministrixMod:ShadowPlay"],"picked":"SKIP","floor":76.0},{"not_picked":[],"picked":"AdministrixMod:HarmonicReverence+1","floor":79.0},{"not_picked":["AdministrixMod:ImmortalGrace"],"picked":"SKIP","floor":79.0},{"not_picked":[],"picked":"AdministrixMod:DeathByGlamour","floor":82.0},{"not_picked":["AdministrixMod:TouchOfCinnabar+1"],"picked":"SKIP","floor":86},{"not_picked":["AdministrixMod:NewWardrobe+1"],"picked":"SKIP","floor":86},{"not_picked":["AdministrixMod:LightOfYourLife+1"],"picked":"SKIP","floor":87},{"not_picked":["AdministrixMod:Metempsychosis+1"],"picked":"SKIP","floor":87}],"player_experience":314990,"relics_obtained":[{"floor":6.0,"key":"Tiny Chest"},{"floor":9.0,"key":"ReplayTheSpireMod:Ninjato"},{"floor":13.0,"key":"Odd Mushroom"},{"floor":14.0,"key":"Kunai"},{"floor":23.0,"key":"infinitespire:Satchel"},{"floor":26.0,"key":"Dream Catcher"},{"floor":28.0,"key":"Gremlin Horn"},{"floor":30.0,"key":"hubris:FunFungus"},{"floor":39.0,"key":"Ancient Tea Set"},{"floor":41.0,"key":"Runesmith:Locket"},{"floor":43.0,"key":"reliquary:PorcupineQuills"},{"floor":48.0,"key":"Omamori"},{"floor":57.0,"key":"Strawberry"},{"floor":60.0,"key":"Sundial"},{"floor":74.0,"key":"reliquary:PartyBalloon"},{"floor":77.0,"key":"Golden Egg"},{"floor":80.0,"key":"PreservedInsect"},{"floor":82.0,"key":"hubris:64BitClover"}],"event_choices":[{"damage_healed":0.0,"max_hp_gain":0.0,"max_hp_loss":0.0,"gold_gain":0.0,"event_name":"Living Wall","player_choice":"Grow","floor":4.0,"gold_loss":0.0,"damage_taken":0.0,"cards_upgraded":["AdministrixMod:Transition"]},{"damage_healed":0.0,"max_hp_gain":5.0,"max_hp_loss":0.0,"gold_gain":0.0,"event_name":"Big Fish","player_choice":"Donut","floor":5.0,"gold_loss":0.0,"damage_taken":0.0},{"damage_healed":0.0,"max_hp_gain":0.0,"max_hp_loss":0.0,"gold_gain":0.0,"event_name":"Mushrooms","player_choice":"Fought Mushrooms","floor":13.0,"gold_loss":0.0,"damage_taken":0.0},{"cards_removed":["AdministrixMod:XianArts"],"damage_healed":0.0,"max_hp_gain":0.0,"max_hp_loss":0.0,"gold_gain":0.0,"event_name":"betterNote:BetterNote","player_choice":"Give","floor":21.0,"gold_loss":0.0,"damage_taken":0.0,"cards_obtained":["Defend_B"]},{"damage_healed":0.0,"max_hp_gain":0.0,"max_hp_loss":0.0,"gold_gain":0.0,"event_name":"The Woman in Blue","player_choice":"Bought 0 Potions","floor":38.0,"gold_loss":0.0,"damage_taken":0.0},{"damage_healed":0.0,"max_hp_gain":0.0,"max_hp_loss":0.0,"gold_gain":0.0,"event_name":"Liars Game","player_choice":"Ignored","floor":61.0,"gold_loss":0.0,"damage_taken":0.0},{"cards_removed":["AdministrixMod:Defend_Administrix"],"damage_healed":0.0,"max_hp_gain":0.0,"max_hp_loss":0.0,"gold_gain":0.0,"event_name":"Back to Basics","player_choice":"Elegance","floor":73.0,"gold_loss":0.0,"damage_taken":0.0},{"damage_healed":0.0,"max_hp_gain":0.0,"max_hp_loss":0.0,"gold_gain":0.0,"event_name":"Cursed Tome","player_choice":"Ignored","floor":78.0,"gold_loss":0.0,"damage_taken":0.0}],"is_beta":false,"boss_relics":[{"not_picked":["Snecko Eye","hubris:HollowSoul"],"picked":"hubris:Backtick"},{"not_picked":["reliquary:RedPaperclip","hubris:BlackHole"],"picked":"Coffee Dripper"},{"not_picked":["Empty Cage","hubris:RunicObelisk"],"picked":"construct:WeddingRing"},{"not_picked":["Empty Cage","Runic Dome"],"picked":"Busted Crown"},{"not_picked":["reliquary:RedCape","Runesmith:UraniumAnvil"],"picked":"Sozu"}],"items_purged_floors":[0,11,19,37,56,81],"is_endless":true,"potions_floor_spawned":[3,6,12,16,24,29,30,36,48,52,55,57,63,64,69,72,76,86],"killed_by":"Transient","ascension_level":0}}