{"host":"xj2wyr3bqqv4irjd","time":1612021370,"event":{"mods":["Act Like it!","Aspiration","BaseMod","Koishi","Lobotomy","LobotomyExtend","Marisa£®ÏF”Í°°ƒß¿Ì…≥£©","Minty Spire (QoL Compilation)","Quick Restart","Rare Cards Sparkle","Reimu£®≤©¿ˆ¡È√Œ£©","Remilia£®¿Ÿ√◊¿Ú—«£©","Replay The Spire","SIMod","StSLib","The Alterego","Waifu the Spire","WarShipGirlsR/’ΩΩ¢…Ÿ≈ÆR mod","Yakumo Yukari mod","Youmu£®ªÍ∆«—˝√Œ£©"],"gold_per_floor":[114,130,142,159,129,129,162,221,274,43,43,68,68,95,95,193,193,206,49,148,165,179,210,210,236,261,311,345,359,274,309,309,407,407,418,438,127,141,158,183,183,173,173,223,223,253,253,272,272,272,272,272,272,122,154,154],"floor_reached":57,"language":"ZHS","playtime":4282,"items_purged":["Defend_Lin:ReiMu","Defend_Lin:ReiMu","Defend_Lin:ReiMu","Defend_Lin:ReiMu"],"score":1519,"play_id":"beddc2c7-077e-4987-9fd1-ceb32eda221a","local_time":"20210130234250","is_ascension_mode":true,"campfire_choices":[{"data":"NB:ReiMu","floor":6.0,"key":"SMITH"},{"data":"Amulet:ReiMu","floor":11.0,"key":"SMITH"},{"data":"OctopathSalyBorderN:ReiMu","floor":13.0,"key":"SMITH"},{"data":"Authority:ReiMu","floor":15.0,"key":"SMITH"},{"data":"Authority:ReiMu","floor":24.0,"key":"SMITH"},{"data":"AlertArray:ReiMu","floor":32.0,"key":"SMITH"},{"data":"DependentForm:ReiMu","floor":41.0,"key":"SMITH"},{"floor":45.0,"key":"RECALL"},{"data":"AirManeuver:ReiMu","floor":47.0,"key":"SMITH"},{"data":"RunawayExorcism:ReiMu","floor":49,"key":"SMITH"},{"data":"Stagnation:ReiMu","floor":53,"key":"SMITH"}],"circlet_count":0,"master_deck":["Strike_Lin:ReiMu","Strike_Lin:ReiMu","Strike_Lin:ReiMu","Strike_Lin:ReiMu","NB:ReiMu+1","Stagnation:ReiMu+1","AirManeuver:ReiMu+1","Amulet:ReiMu+1","AlertArray:ReiMu+1","OctopathSalyBorderN:ReiMu+1","Authority:ReiMu+1","Authority:ReiMu+1","NineCharacters:ReiMu+1","FantasyBorder:ReiMu+1","SpiritualOutbreak2:ReiMu+1","LearningPray:ReiMu","Meditation:ReiMu+1","DependentForm:ReiMu+1","InherentArray:ReiMu","LearningPray:ReiMu+1","YinYangSange:ReiMu","Conquer:ReiMu+1","Dreaming2:ReiMu+1","OctopathBindingBorder2:ReiMu+1","RunawayExorcism:ReiMu+1"],"relics":["ShineYinYang:ReiMu","aspiration:Nostalgia","Sizzling Blood","LetterFromLob","ReplayFunnel","Replay:Mystery Machine","Orichalcum","CheatingSign:ReiMu","Shuriken","Pear","Velvet Choker","Replay:Towering Pillar of Hats","Dream Catcher","Art of War","Replay:Baseball","Toy Ornithopter","ScarletDevilRocket","SkyOrb:ReiMu","RuthlessExorcism:ReiMu","Torii","TungstenRod","Ornamental Fan"],"acts_visited":["Exordium","TheCity","TheBeyond","TheEnding"],"potions_floor_usage":[48,50,56],"damage_taken":[{"damage":6.0,"enemies":"Jaw Worm","floor":1.0,"turns":6.0},{"damage":9.0,"enemies":"Cultist","floor":2.0,"turns":7.0},{"damage":2.0,"enemies":"Small Slimes","floor":3.0,"turns":5.0},{"damage":0.0,"enemies":"Exordium Wildlife","floor":4.0,"turns":4.0},{"damage":0.0,"enemies":"Looter","floor":5.0,"turns":4.0},{"damage":14.0,"enemies":"3 Sentries","floor":7.0,"turns":15.0},{"damage":5.0,"enemies":"3 Sentries","floor":8.0,"turns":21.0},{"damage":3.0,"enemies":"Lagavulin","floor":12.0,"turns":12.0},{"damage":0.0,"enemies":"3 Sentries","floor":14.0,"turns":3.0},{"damage":25.0,"enemies":"Hexaghost","floor":16.0,"turns":11.0},{"damage":10.0,"enemies":"2 Thieves","floor":18.0,"turns":4.0},{"damage":0.0,"enemies":"Spheric Guardian","floor":21.0,"turns":6.0},{"damage":0.0,"enemies":"Snecko","floor":22.0,"turns":7.0},{"damage":3.0,"enemies":"Gremlin Leader","floor":23.0,"turns":6.0},{"damage":1.0,"enemies":"Slavers","floor":25.0,"turns":5.0},{"damage":5.0,"enemies":"Book of Stabbing","floor":28.0,"turns":7.0},{"damage":0.0,"enemies":"Cultist and Chosen","floor":29.0,"turns":7.0},{"damage":0.0,"enemies":"Replay:Snechameleon","floor":31.0,"turns":8.0},{"damage":0.0,"enemies":"Champ","floor":33.0,"turns":15.0},{"damage":6.0,"enemies":"3 Darklings","floor":35.0,"turns":5.0},{"damage":3.0,"enemies":"3 Shapes","floor":36.0,"turns":5.0},{"damage":9.0,"enemies":"3 Darklings","floor":38.0,"turns":5.0},{"damage":0.0,"enemies":"Sphere and 2 Shapes","floor":39.0,"turns":7.0},{"damage":0.0,"enemies":"R_Hoarder","floor":40.0,"turns":11.0},{"damage":0.0,"enemies":"Mind Bloom Boss Battle","floor":44.0,"turns":7.0},{"damage":0.0,"enemies":"Giant Head","floor":46.0,"turns":8.0},{"damage":23,"enemies":"Transient","floor":48,"turns":5},{"damage":14,"enemies":"Awakened One","floor":50,"turns":11},{"damage":38,"enemies":"Shield and Spear","floor":55,"turns":8},{"damage":31,"enemies":"The Heart","floor":56,"turns":12}],"seed_played":"8740958838090490603","potions_obtained":[{"floor":1.0,"key":"PowerPotion"},{"floor":4.0,"key":"Energy Potion"},{"floor":7.0,"key":"LiquidBronze"},{"floor":8.0,"key":"Adrenaline Potion"},{"floor":14.0,"key":"GrandPatriotsElixir:ReiMu"},{"floor":16.0,"key":"GrandPatriotsElixir:ReiMu"},{"floor":18.0,"key":"Adrenaline Potion"},{"floor":31.0,"key":"GrandPatriotsElixir:ReiMu"},{"floor":33.0,"key":"Fire Potion"},{"floor":38.0,"key":"LiquidBronze"},{"floor":39.0,"key":"HakureiPotion:ReiMu"},{"floor":40.0,"key":"LiquidFlight:ReiMu"},{"floor":55,"key":"Explosive Potion"}],"is_trial":false,"path_per_floor":["M","M","M","M","M","R","E","?","T","$","R","E","R","E","R","B",null,"M","$","?","M","M","E","R","E","T","?","E","M","?","E","R","B",null,"M","M","$","M","M","E","R","?","T","?","R","E","R","M","R","B",null,null,"R","$","E","B",null],"character_chosen":"REIMU","items_purchased":["CheatingSign:ReiMu","NineCharacters:ReiMu+1","SkyOrb:ReiMu","YinYangSange:ReiMu"],"campfire_rested":0,"item_purchase_floors":[10,19,37,37],"current_hp_per_floor":[67,62,64,68,69,69,59,58,58,58,58,59,59,73,73,52,79,73,73,73,77,79,79,79,79,79,79,78,79,79,79,79,79,79,77,78,78,74,78,79,79,79,79,79,79,79,79,65,65,75,75,79,79,79,54,32],"gold":154,"neow_bonus":"NOSTALGIA","is_daily":false,"chose_seed":false,"campfire_upgraded":10,"win_rate":0.0,"timestamp":1612021370,"path_taken":["M","M","M","M","M","R","E","?","T","$","R","E","R","E","R","BOSS","M","$","?","M","M","E","R","E","T","?","E","?","?","E","R","BOSS","M","M","$","M","M","E","R","?","T","?","R","E","R","M","R","BOSS","R","$","E","BOSS"],"items_purchased_type":["Relic","Card","Relic","Card"],"build_version":"2020-12-22","purchased_purges":4,"victory":true,"max_hp_per_floor":[69,69,69,69,69,69,69,69,69,69,69,69,69,79,79,79,79,79,79,79,79,79,79,79,79,79,79,79,79,79,79,79,79,79,79,79,79,79,79,79,79,79,79,79,79,79,79,79,79,79,79,79,79,79,79,79],"card_choices":[{"not_picked":["UniversalSpiritual:ReiMu","CareerPray:ReiMu"],"picked":"AirManeuver:ReiMu","floor":1.0},{"not_picked":["AirManeuver:ReiMu","SpringWay:ReiMu","Intuition:ReiMu"],"picked":"SKIP","floor":2.0},{"not_picked":["AirManeuver:ReiMu","SpringWay:ReiMu","Intuition:ReiMu"],"picked":"SKIP","floor":2.0},{"not_picked":["FantasyBorder:ReiMu","SubcavityInstant:ReiMu","BarrageOfMoneybags:ReiMu"],"picked":"SKIP","floor":3.0},{"not_picked":["SpringWay:ReiMu","PassingAway:ReiMu","EmergencyTakeOff:ReiMu"],"picked":"SKIP","floor":4.0},{"not_picked":["SpringWay:ReiMu","AirManeuver:ReiMu"],"picked":"Amulet:ReiMu","floor":5.0},{"not_picked":["SealNeedle:ReiMu","SpringWay:ReiMu","CollectionFlower2:ReiMu"],"picked":"SKIP","floor":7.0},{"not_picked":["RainPray2:ReiMu","CareerPray:ReiMu"],"picked":"AlertArray:ReiMu","floor":8.0},{"not_picked":["OctopathBindingBorder2:ReiMu","Intuition:ReiMu"],"picked":"OctopathSalyBorderN:ReiMu","floor":12.0},{"not_picked":["Meditation:ReiMu","SealNeedle:ReiMu"],"picked":"Authority:ReiMu","floor":14.0},{"not_picked":["CeremonyResonance:ReiMu","RunawayExorcism:ReiMu"],"picked":"Authority:ReiMu","floor":16.0},{"not_picked":["Enchanting:ReiMu","FineLineFantasy:ReiMu+1","PayForSelf:ReiMu"],"picked":"SKIP","floor":18.0},{"not_picked":["Amulet:ReiMu","Intuition:ReiMu+1","Enchanting:ReiMu"],"picked":"SKIP","floor":21.0},{"not_picked":["OctopathSalyBorderN:ReiMu","Revelation:ReiMu","AlertArray:ReiMu+1"],"picked":"SKIP","floor":22.0},{"not_picked":["TakeOff:ReiMu+1","FoulBorder2:ReiMu","FantasyBorder:ReiMu+1"],"picked":"SKIP","floor":23.0},{"not_picked":["TakeOff:ReiMu+1","FoulBorder2:ReiMu"],"picked":"FantasyBorder:ReiMu+1","floor":23.0},{"not_picked":["AirManeuver:ReiMu+1","Meditation:ReiMu+1"],"picked":"SpiritualOutbreak2:ReiMu+1","floor":25.0},{"not_picked":["PhosphorusFlame:ReiMu","Conquer:ReiMu+1"],"picked":"LearningPray:ReiMu","floor":28.0},{"not_picked":["FantasyBorder:ReiMu","WonderfulDomain:ReiMu","Enchanting:ReiMu"],"picked":"SKIP","floor":29.0},{"not_picked":["TightArray:ReiMu+1","EmergencyTakeOff:ReiMu"],"picked":"Meditation:ReiMu+1","floor":31.0},{"not_picked":["HakureiPhantom:ReiMu","BlastKick2:ReiMu"],"picked":"DependentForm:ReiMu","floor":33.0},{"not_picked":["SpreadBorder2:ReiMu+1","EmergencyTakeOff:ReiMu"],"picked":"InherentArray:ReiMu","floor":35.0},{"not_picked":["PayForSelf:ReiMu","OrbThrow:ReiMu"],"picked":"LearningPray:ReiMu+1","floor":36.0},{"not_picked":["SafetyPray:ReiMu","TightArray:ReiMu"],"picked":"Conquer:ReiMu+1","floor":38.0},{"not_picked":["OrbThrow:ReiMu+1","Gathering:ReiMu"],"picked":"Dreaming2:ReiMu+1","floor":39.0},{"not_picked":["BarrageOfMoneybags:ReiMu+1","EmergencyTakeOff:ReiMu+1","Enchanting:ReiMu"],"picked":"SKIP","floor":40.0},{"not_picked":["Gathering:ReiMu","ForcedLanding:ReiMu+1"],"picked":"OctopathBindingBorder2:ReiMu+1","floor":46.0},{"not_picked":["SubcavityInstant:ReiMu+1","SpringWay:ReiMu"],"picked":"RunawayExorcism:ReiMu","floor":48},{"not_picked":["Dreaming2:ReiMu+1","Revelation:ReiMu+1","AirStrike:ReiMu+1"],"picked":"SKIP","floor":55}],"player_experience":562060,"relics_obtained":[{"floor":1.0,"key":"LetterFromLob"},{"floor":7.0,"key":"ReplayFunnel"},{"floor":8.0,"key":"Replay:Mystery Machine"},{"floor":9.0,"key":"Orichalcum"},{"floor":12.0,"key":"Shuriken"},{"floor":14.0,"key":"Pear"},{"floor":23.0,"key":"Replay:Towering Pillar of Hats"},{"floor":25.0,"key":"Dream Catcher"},{"floor":26.0,"key":"Art of War"},{"floor":28.0,"key":"Replay:Baseball"},{"floor":31.0,"key":"ScarletDevilRocket"},{"floor":40.0,"key":"RuthlessExorcism:ReiMu"},{"floor":44.0,"key":"Torii"},{"floor":46.0,"key":"TungstenRod"},{"floor":55,"key":"Ornamental Fan"}],"event_choices":[{"damage_healed":0.0,"max_hp_gain":0.0,"max_hp_loss":0.0,"gold_gain":30.0,"event_name":"Dead Adventurer","player_choice":"Searched \u00272\u0027 times","floor":8.0,"gold_loss":0.0,"damage_taken":0.0},{"damage_healed":0.0,"max_hp_gain":0.0,"max_hp_loss":0.0,"gold_gain":99.0,"event_name":"Nest","player_choice":"Stole From Cult","floor":20.0,"gold_loss":0.0,"damage_taken":0.0},{"damage_healed":0.0,"max_hp_gain":0.0,"max_hp_loss":0.0,"gold_gain":100.0,"event_name":"The Joust","player_choice":"Bet on Murderer","floor":27.0,"gold_loss":50.0,"damage_taken":0.0},{"damage_healed":0.0,"max_hp_gain":0.0,"max_hp_loss":0.0,"gold_gain":0.0,"event_name":"Addict","player_choice":"Obtained Relic","floor":30.0,"gold_loss":85.0,"damage_taken":0.0,"relics_obtained":["Toy Ornithopter"]},{"damage_healed":0.0,"max_hp_gain":0.0,"max_hp_loss":0.0,"gold_gain":0.0,"event_name":"MindBloom","player_choice":"Fight","floor":44.0,"gold_loss":0.0,"damage_taken":0.0}],"is_beta":false,"boss_relics":[{"not_picked":["Cursed Key","Replay:Drink Me"],"picked":"Velvet Choker"},{"not_picked":["SlaversCollar","aspiration:RunicSpoon"],"picked":"ShineYinYang:ReiMu"}],"items_purged_floors":[10,19,37,54],"is_endless":false,"potions_floor_spawned":[1,4,7,8,14,16,18,21,31,33,38,39,40,46,55],"ascension_level":2}}