{"host":"jqln3q8z91cyrmpl","time":1612000445,"event":{"mods":["AchievementEnabler","BaseMod","Colored Map","DeckTracker","Keyboard Shortcuts","Minty Spire (QoL Compilation)","SuperFastMode"],"gold_per_floor":[116,191,204,220,36,71,71,71,97,122,132,144,144,154,154,252,252,266,286,286,286,305,305,40,52,105,105,55,55,55,69,69,170,170,189,189,207,15,30,30,65,65,65,65,79,79,79,98,98,98,98,98,20,53,53],"floor_reached":56,"language":"KOR","playtime":2803,"items_purged":["Skewer","Underhanded Strike","Underhanded Strike"],"score":1756,"play_id":"c7380b65-7205-4274-a20a-ef2f1a7cb10c","local_time":"20210130185405","is_ascension_mode":true,"campfire_choices":[{"floor":7.0,"key":"REST"},{"floor":15.0,"key":"REST"},{"data":"Calculated Gamble","floor":23,"key":"SMITH"},{"data":"Well Laid Plans","floor":27,"key":"SMITH"},{"floor":29,"key":"REST"},{"data":"Concentrate","floor":32,"key":"SMITH"},{"floor":40,"key":"RECALL"},{"floor":42,"key":"REST"},{"floor":49,"key":"REST"},{"floor":52,"key":"REST"}],"circlet_count":0,"master_deck":["AscendersBane","Survivor+1","Neutralize+1","Blade Dance+1","Backflip+1","Reflex+1","Accuracy+1","Reflex+1","Well Laid Plans+1","PiercingWail+1","Footwork+1","Prepared+1","After Image+1","Tools of the Trade+1","Deadly Poison+1","Calculated Gamble+1","Terror+1","Phantasmal Killer+1","Burst+1","Dodge and Roll+1","After Image+1","Concentrate+1","Adrenaline+1","Escape Plan+1","Bandage Up","Adrenaline+1"],"relics":["Ring of the Snake","StoneCalendar","Orrery","Matryoshka","Lantern","Letter Opener","Centennial Puzzle","Bag of Preparation","Oddly Smooth Stone","Pandora\u0027s Box","MutagenicStrength","Membership Card","War Paint","Juzu Bracelet","Fusion Hammer","Mummified Hand","Bottled Lightning","Mark of the Bloom","DollysMirror","Unceasing Top"],"acts_visited":["Exordium","TheCity","TheBeyond","TheEnding"],"potions_floor_usage":[33,33,33,55,55],"damage_taken":[{"damage":0.0,"enemies":"Small Slimes","floor":1.0,"turns":3.0},{"damage":3.0,"enemies":"Jaw Worm","floor":3.0,"turns":5.0},{"damage":0.0,"enemies":"2 Louse","floor":4.0,"turns":2.0},{"damage":32.0,"enemies":"Gremlin Nob","floor":6.0,"turns":4.0},{"damage":9.0,"enemies":"Lagavulin","floor":10.0,"turns":5.0},{"damage":1.0,"enemies":"Exordium Wildlife","floor":11.0,"turns":2.0},{"damage":0.0,"enemies":"Large Slime","floor":12.0,"turns":4.0},{"damage":0.0,"enemies":"Lots of Slimes","floor":14.0,"turns":6.0},{"damage":7.0,"enemies":"Slime Boss","floor":16.0,"turns":10.0},{"damage":3.0,"enemies":"Chosen","floor":18.0,"turns":3.0},{"damage":8.0,"enemies":"Spheric Guardian","floor":19.0,"turns":4.0},{"damage":13,"enemies":"Snake Plant","floor":22,"turns":4},{"damage":0,"enemies":"Snecko","floor":25,"turns":2},{"damage":12,"enemies":"Sentry and Sphere","floor":31,"turns":5},{"damage":8,"enemies":"Collector","floor":33,"turns":5},{"damage":19,"enemies":"3 Darklings","floor":35,"turns":3},{"damage":0,"enemies":"Orb Walker","floor":37,"turns":2},{"damage":0,"enemies":"Sphere and 2 Shapes","floor":39,"turns":4},{"damage":0,"enemies":"Giant Head","floor":41,"turns":3},{"damage":0,"enemies":"Jaw Worm Horde","floor":45,"turns":1},{"damage":0,"enemies":"3 Darklings","floor":48,"turns":1},{"damage":0,"enemies":"Awakened One","floor":50,"turns":6},{"damage":0,"enemies":"Shield and Spear","floor":54,"turns":2},{"damage":62,"enemies":"The Heart","floor":55,"turns":5}],"seed_played":"5792084985715832571","potions_obtained":[{"floor":4.0,"key":"Swift Potion"},{"floor":10.0,"key":"SkillPotion"},{"floor":12.0,"key":"Dexterity Potion"},{"floor":16.0,"key":"LiquidBronze"},{"floor":19.0,"key":"FearPotion"},{"floor":25,"key":"Strength Potion"},{"floor":37,"key":"LiquidMemories"},{"floor":39,"key":"Ancient Potion"},{"floor":45,"key":"CunningPotion"}],"is_trial":false,"path_per_floor":["M","?","M","M","$","E","R","T","T","E","M","M","?","M","R","B",null,"M","M","?","?","M","R","$","M","T","R","$","R","?","M","R","B",null,"M","?","M","$","M","R","E","R","T","?","M","?","?","M","R","B",null,"R","$","E","B",null],"character_chosen":"THE_SILENT","items_purchased":["Accuracy","Orrery","Membership Card","War Paint","Mummified Hand","DollysMirror"],"campfire_rested":6,"item_purchase_floors":[5,5,24,24,38,53],"current_hp_per_floor":[63,52,49,49,49,17,35,35,35,26,25,25,12,12,30,23,53,50,42,42,42,29,29,29,29,29,29,29,47,47,35,35,27,54,35,73,73,73,73,73,73,73,73,73,73,69,69,69,69,69,69,69,69,69,7],"gold":53,"neow_bonus":"ONE_RARE_RELIC","is_daily":false,"chose_seed":false,"campfire_upgraded":3,"win_rate":0.0,"timestamp":1612000445,"path_taken":["M","?","M","M","$","E","R","?","T","E","M","M","?","M","R","BOSS","M","M","?","?","M","R","$","M","T","R","$","R","?","M","R","BOSS","M","?","M","$","M","R","E","R","T","?","M","?","?","M","R","BOSS","R","$","E","BOSS"],"items_purchased_type":["Card","Relic","Relic","Relic","Relic","Relic"],"build_version":"2020-12-22","purchased_purges":3,"victory":true,"max_hp_per_floor":[63,63,63,63,63,63,63,63,63,63,63,63,63,63,63,63,63,63,63,63,63,63,63,63,63,63,63,63,63,63,63,63,63,63,63,73,73,73,73,73,73,73,73,73,73,69,69,69,69,69,69,69,69,69,69],"card_choices":[{"not_picked":["Deadly Poison","Quick Slash"],"picked":"Blade Dance","floor":1.0},{"not_picked":["Blade Dance","Sucker Punch"],"picked":"Backflip","floor":3.0},{"not_picked":["Leg Sweep","Outmaneuver"],"picked":"Reflex","floor":4.0},{"not_picked":["Predator","Bane"],"picked":"Underhanded Strike","floor":5.0},{"not_picked":["Underhanded Strike","Concentrate"],"picked":"Unload","floor":5.0},{"not_picked":["Backflip","Setup"],"picked":"Reflex","floor":5.0},{"not_picked":["Terror","Reflex"],"picked":"Well Laid Plans","floor":6.0},{"not_picked":["Sucker Punch","Dagger Throw"],"picked":"PiercingWail","floor":10.0},{"not_picked":["Accuracy","Riddle With Holes","Dagger Spray"],"picked":"SKIP","floor":11.0},{"not_picked":["Cloak And Dagger","Phantasmal Killer"],"picked":"Footwork","floor":12.0},{"not_picked":["Prepared","Poisoned Stab","Cloak And Dagger"],"picked":"SKIP","floor":14.0},{"not_picked":["Poisoned Stab","Cloak And Dagger"],"picked":"Prepared","floor":14.0},{"not_picked":["Venomology","Die Die Die"],"picked":"After Image","floor":16.0},{"not_picked":["Poisoned Stab","Flechettes+1","Dagger Throw+1"],"picked":"SKIP","floor":18.0},{"not_picked":["Choke","Deflect","Well Laid Plans"],"picked":"SKIP","floor":19.0},{"not_picked":["Dagger Spray+1","Prepared","Catalyst"],"picked":"SKIP","floor":22},{"not_picked":["Backflip+1","Dagger Throw","Dagger Spray"],"picked":"SKIP","floor":25},{"not_picked":["Acrobatics+1","Envenom"],"picked":"Concentrate","floor":31},{"not_picked":["Storm of Steel","Bullet Time"],"picked":"Adrenaline","floor":33},{"not_picked":["Crippling Poison","Deadly Poison","Sucker Punch"],"picked":"SKIP","floor":35},{"not_picked":["Choke","Bane","Slice"],"picked":"SKIP","floor":37},{"not_picked":["Dagger Throw","Backflip+1","Deadly Poison"],"picked":"SKIP","floor":39},{"not_picked":["Concentrate","Prepared+1"],"picked":"Escape Plan+1","floor":41},{"not_picked":["Choke","Concentrate","Setup+1"],"picked":"SKIP","floor":45},{"not_picked":["The Bomb","Deep Breath"],"picked":"Bandage Up","floor":47},{"not_picked":["Underhanded Strike+1","Bane+1","Deadly Poison+1"],"picked":"SKIP","floor":48},{"not_picked":["Doppelganger","Dagger Spray+1","Slice"],"picked":"SKIP","floor":54}],"player_experience":404849,"relics_obtained":[{"floor":6.0,"key":"Matryoshka"},{"floor":8.0,"key":"Lantern"},{"floor":8.0,"key":"Letter Opener"},{"floor":9.0,"key":"Centennial Puzzle"},{"floor":9.0,"key":"Bag of Preparation"},{"floor":10.0,"key":"Oddly Smooth Stone"},{"floor":26,"key":"Juzu Bracelet"},{"floor":41,"key":"Bottled Lightning"},{"floor":54,"key":"Unceasing Top"}],"event_choices":[{"damage_healed":0.0,"max_hp_gain":0.0,"max_hp_loss":0.0,"gold_gain":75.0,"event_name":"World of Goop","player_choice":"Gather Gold","floor":2.0,"gold_loss":0.0,"damage_taken":11.0},{"damage_healed":0.0,"max_hp_gain":0.0,"max_hp_loss":0.0,"gold_gain":0.0,"event_name":"Shining Light","player_choice":"Entered Light","floor":13.0,"gold_loss":0.0,"damage_taken":13.0,"cards_upgraded":["PiercingWail","Defend_G"]},{"damage_healed":0.0,"max_hp_gain":0.0,"max_hp_loss":0.0,"gold_gain":0.0,"event_name":"Ghosts","player_choice":"Ignored","floor":20.0,"gold_loss":0.0,"damage_taken":0.0},{"damage_healed":0.0,"max_hp_gain":0.0,"max_hp_loss":0.0,"gold_gain":0.0,"event_name":"Drug Dealer","player_choice":"Inject Mutagens","floor":21.0,"gold_loss":0.0,"damage_taken":0.0,"relics_obtained":["MutagenicStrength"]},{"damage_healed":0,"gold_gain":0,"player_choice":"Ignored","damage_taken":0,"max_hp_gain":0,"max_hp_loss":0,"event_name":"Vampires","floor":30,"gold_loss":0},{"cards_removed":["Unload"],"damage_healed":28,"gold_gain":0,"player_choice":"Offered Rare","damage_taken":0,"max_hp_gain":10,"max_hp_loss":0,"event_name":"Bonfire Elementals","floor":36,"gold_loss":0},{"damage_healed":0,"gold_gain":0,"player_choice":"Upgrade","damage_taken":0,"relics_obtained":["Mark of the Bloom"],"max_hp_gain":0,"max_hp_loss":0,"event_name":"MindBloom","floor":44,"gold_loss":0,"cards_upgraded":["Survivor","Neutralize","Backflip","Reflex","Accuracy","Reflex","Footwork","Prepared","After Image","Tools of the Trade","Deadly Poison","Phantasmal Killer","Burst","Dodge and Roll","After Image","Adrenaline"]},{"damage_healed":0,"gold_gain":0,"player_choice":"Max HP","damage_taken":0,"max_hp_gain":0,"max_hp_loss":4,"event_name":"Winding Halls","floor":46,"gold_loss":0},{"damage_healed":0,"gold_gain":0,"player_choice":"Memory 1","damage_taken":0,"max_hp_gain":0,"max_hp_loss":0,"event_name":"SensoryStone","floor":47,"gold_loss":0}],"is_beta":false,"boss_relics":[{"not_picked":["SlaversCollar","Ring of the Serpent"],"picked":"Pandora\u0027s Box"},{"not_picked":["HoveringKite","Astrolabe"],"picked":"Fusion Hammer"}],"items_purged_floors":[24,28,38],"is_endless":false,"potions_floor_spawned":[4,10,12,16,19,25,37,39,45,54],"ascension_level":10}}