{"host":"jggt5i9rbuoqvque","time":1612028508,"event":{"mods":["BaseMod","Colored Map","Minty Spire (QoL Compilation)","StSLib"],"gold_per_floor":[112,122,138,138,138,170,186,186,186],"floor_reached":8,"language":"KOR","playtime":164,"items_purged":[],"score":78,"play_id":"9c05dcae-fcb7-4a46-a440-009c77bf9646","local_time":"20210131024148","is_ascension_mode":true,"campfire_choices":[],"circlet_count":0,"master_deck":["Strike_R","Strike_R","Strike_R","Strike_R","Defend_R","Defend_R","Defend_R","Defend_R","Bash","Whirlwind"],"relics":["Burning Blood","NeowsBlessing","Orichalcum","Shuriken"],"acts_visited":["Exordium"],"potions_floor_usage":[7],"damage_taken":[{"damage":0,"enemies":"2 Louse","floor":1,"turns":1},{"damage":0,"enemies":"Small Slimes","floor":2,"turns":1},{"damage":0,"enemies":"Cultist","floor":3,"turns":1},{"damage":27,"enemies":"3 Sentries","floor":6,"turns":6},{"damage":18,"enemies":"Large Slime","floor":7,"turns":4},{"damage":43,"enemies":"Lagavulin","floor":8,"turns":6}],"seed_played":"-7159340866634400962","potions_obtained":[{"floor":6,"key":"Fire Potion"}],"is_trial":false,"path_per_floor":["M","M","M","?","?","E","M","E"],"character_chosen":"IRONCLAD","items_purchased":[],"campfire_rested":0,"item_purchase_floors":[],"current_hp_per_floor":[78,80,80,73,70,49,37,0,0],"gold":186,"neow_bonus":"THREE_ENEMY_KILL","is_daily":false,"chose_seed":false,"campfire_upgraded":0,"win_rate":0.0,"timestamp":1612028508,"path_taken":["M","M","M","?","?","E","M","E"],"items_purchased_type":[],"build_version":"2020-12-22","purchased_purges":0,"victory":false,"max_hp_per_floor":[80,80,80,80,80,80,80,80,80],"card_choices":[{"not_picked":["Warcry","Pommel Strike"],"picked":"Whirlwind","floor":1},{"not_picked":["Dual Wield","Wild Strike","Iron Wave"],"picked":"SKIP","floor":2},{"not_picked":["Perfected Strike","Clash","Blood for Blood"],"picked":"SKIP","floor":3},{"not_picked":["Headbutt","Sword Boomerang","Entrench"],"picked":"SKIP","floor":6},{"not_picked":["Intimidate","True Grit","Anger"],"picked":"SKIP","floor":7}],"player_experience":343391,"relics_obtained":[{"floor":6,"key":"Shuriken"}],"event_choices":[{"cards_removed":["Strike_R"],"damage_healed":0,"gold_gain":0,"player_choice":"Card Removal","damage_taken":7,"max_hp_gain":0,"max_hp_loss":0,"event_name":"Golden Wing","floor":4,"gold_loss":0},{"damage_healed":0,"gold_gain":0,"player_choice":"Success","damage_taken":3,"relics_obtained":["Orichalcum"],"max_hp_gain":0,"max_hp_loss":0,"event_name":"Scrap Ooze","floor":5,"gold_loss":0}],"is_beta":false,"boss_relics":[],"items_purged_floors":[],"is_endless":false,"potions_floor_spawned":[6],"killed_by":"Lagavulin","ascension_level":7}}