{"host":"7rmsgc3rayi00cdt","time":1612014051,"event":{"mods":["BaseMod","Minty Spire (QoL Compilation)"],"gold_per_floor":[110,128,70,145,61,61,61,61,84,84,9,42,42,56,56,130,130,142,88,88,106,106,106,121,135,185,185,7,26,26,26,26,26,26],"floor_reached":33,"language":"ENG","playtime":1006,"items_purged":[],"score":470,"play_id":"88705c3c-606b-45d3-80cc-66b19990592b","local_time":"20210130134051","is_ascension_mode":true,"campfire_choices":[{"data":"Zap","floor":6,"key":"SMITH"},{"data":"Go for the Eyes","floor":8,"key":"SMITH"},{"floor":10,"key":"REST"},{"data":"Cold Snap","floor":15,"key":"SMITH"},{"floor":23,"key":"REST"},{"floor":27,"key":"REST"},{"floor":32,"key":"REST"}],"circlet_count":0,"master_deck":["AscendersBane","Strike_B","Strike_B","Strike_B","Defend_B","Defend_B","Defend_B","Defend_B","Zap+1","Dualcast","Cold Snap+1","Streamline","Go for the Eyes+1","Chill","Genetic Algorithm","FTL","Reboot","FTL","Leap+1","Chill+1","Scrape","Flash of Steel","Rebound"],"relics":["Cracked Core","Cables","Bag of Marbles","Matryoshka","CultistMask","SacredBark","Toy Ornithopter","Pen Nib","MutagenicStrength"],"acts_visited":["Exordium","TheCity"],"potions_floor_usage":[16,33],"damage_taken":[{"damage":1,"enemies":"2 Louse","floor":1,"turns":2},{"damage":0,"enemies":"Small Slimes","floor":2,"turns":4},{"damage":6,"enemies":"Lagavulin","floor":12,"turns":5},{"damage":0,"enemies":"Cultist","floor":14,"turns":2},{"damage":60,"enemies":"Hexaghost","floor":16,"turns":12},{"damage":23,"enemies":"2 Thieves","floor":18,"turns":4},{"damage":13,"enemies":"Shell Parasite","floor":21,"turns":9},{"damage":1,"enemies":"Shelled Parasite and Fungi","floor":24,"turns":7},{"damage":6,"enemies":"Cultist and Chosen","floor":25,"turns":9},{"damage":24,"enemies":"Snake Plant","floor":29,"turns":5},{"damage":71,"enemies":"Collector","floor":33,"turns":10}],"seed_played":"3115312865807371090","potions_obtained":[{"floor":1,"key":"SkillPotion"},{"floor":21,"key":"Ancient Potion"}],"is_trial":false,"path_per_floor":["M","M","$","?","$","R","?","R","T","R","?","E","?","M","R","B",null,"M","$","?","M","?","R","M","M","T","R","$","M","?","?","R","B"],"character_chosen":"DEFECT","items_purchased":["Go for the Eyes","Chill","Leap","Scrape","Flash of Steel"],"campfire_rested":4,"item_purchase_floors":[3,5,19,28,28],"current_hp_per_floor":[70,70,70,59,59,59,54,54,54,77,77,71,71,71,71,11,61,38,38,16,3,3,27,26,20,20,44,44,20,20,37,61,0,0],"gold":26,"neow_bonus":"TEN_PERCENT_HP_BONUS","is_daily":false,"chose_seed":false,"campfire_upgraded":3,"win_rate":0.0,"timestamp":1612014051,"path_taken":["M","M","$","?","$","R","?","R","T","R","?","E","?","?","R","BOSS","M","$","?","M","?","R","?","M","T","R","$","M","?","?","R","BOSS"],"items_purchased_type":["Card","Card","Card","Card","Card"],"build_version":"2020-12-22","purchased_purges":0,"victory":false,"max_hp_per_floor":[78,78,78,78,78,78,78,78,78,78,78,78,78,78,78,78,78,78,78,83,83,83,83,83,83,83,83,83,83,83,83,83,83,83],"card_choices":[{"not_picked":["Aggregate","White Noise"],"picked":"Cold Snap","floor":1},{"not_picked":["Coolheaded","Steam Power"],"picked":"Streamline","floor":2},{"not_picked":["Melter","Go for the Eyes"],"picked":"Genetic Algorithm","floor":12},{"not_picked":["Conserve Battery","Recycle"],"picked":"FTL","floor":14},{"not_picked":["Creative AI","Multi-Cast"],"picked":"Reboot","floor":16},{"not_picked":["White Noise","Stack"],"picked":"FTL","floor":18},{"not_picked":["Self Repair","White Noise"],"picked":"Chill+1","floor":21},{"not_picked":["Ball Lightning","Recycle","Turbo"],"picked":"SKIP","floor":24},{"not_picked":["Undo","Self Repair","Cold Snap"],"picked":"SKIP","floor":25},{"not_picked":["Sweeping Beam","Turbo"],"picked":"Rebound","floor":29}],"player_experience":789400,"relics_obtained":[{"floor":9,"key":"Bag of Marbles"},{"floor":12,"key":"Matryoshka"},{"floor":26,"key":"Toy Ornithopter"},{"floor":26,"key":"Pen Nib"}],"event_choices":[{"damage_healed":0,"gold_gain":75,"player_choice":"Gather Gold","damage_taken":11,"max_hp_gain":0,"max_hp_loss":0,"event_name":"World of Goop","floor":4,"gold_loss":0},{"damage_healed":0,"gold_gain":0,"player_choice":"Success","damage_taken":5,"relics_obtained":["Cables"],"max_hp_gain":0,"max_hp_loss":0,"event_name":"Scrap Ooze","floor":7,"gold_loss":0},{"cards_removed":["Strike_B"],"damage_healed":0,"gold_gain":0,"player_choice":"Card Removal","damage_taken":0,"max_hp_gain":0,"max_hp_loss":0,"event_name":"The Cleric","floor":11,"gold_loss":75},{"damage_healed":0,"gold_gain":0,"player_choice":"Trade","damage_taken":0,"relics_obtained":["CultistMask"],"max_hp_gain":0,"max_hp_loss":0,"event_name":"FaceTrader","floor":13,"gold_loss":0},{"damage_healed":0,"gold_gain":0,"player_choice":"Shed Blood","damage_taken":27,"max_hp_gain":5,"max_hp_loss":0,"event_name":"Forgotten Altar","floor":20,"gold_loss":0},{"damage_healed":0,"gold_gain":0,"player_choice":"Upgraded","damage_taken":0,"max_hp_gain":0,"max_hp_loss":0,"event_name":"Upgrade Shrine","floor":22,"gold_loss":0,"cards_upgraded":["Leap"]},{"damage_healed":0,"gold_gain":0,"player_choice":"Inject Mutagens","damage_taken":0,"relics_obtained":["MutagenicStrength"],"max_hp_gain":0,"max_hp_loss":0,"event_name":"Drug Dealer","floor":30,"gold_loss":0},{"damage_healed":17,"gold_gain":0,"player_choice":"Heal","damage_taken":0,"max_hp_gain":0,"max_hp_loss":0,"event_name":"The Library","floor":31,"gold_loss":0}],"is_beta":false,"boss_relics":[{"not_picked":["Coffee Dripper","Velvet Choker"],"picked":"SacredBark"}],"items_purged_floors":[],"is_endless":false,"potions_floor_spawned":[1,21],"killed_by":"Collector","ascension_level":19}}