{"host":"w3d3m1yxg9zt90yy","time":1612041727,"event":{"mods":["BaseMod","Colored Map","Infinite Spire","Minty Spire (QoL Compilation)","Quick Restart","Replay The Spire","Shop Mod","StSLib","The Bladedancer","The Necromancer"],"gold_per_floor":[109,109,11,29,45,45,71,71,71,103,103,121,137,168,168,268,268,288,299,316,316,326,326,326],"floor_reached":23,"language":"ENG","playtime":1451,"items_purged":[],"score":224,"play_id":"c523d4bf-574f-426b-9ae5-5de816a00ac5","local_time":"20210130152207","is_ascension_mode":true,"campfire_choices":[{"data":"Blood_Is_Power","floor":6,"key":"SMITH"},{"floor":8,"key":"REST"},{"data":"Bone_Armor","floor":11,"key":"SMITH"},{"floor":15,"key":"REST"}],"circlet_count":0,"master_deck":["Strike_W","Strike_W","Strike_W","Strike_W","Defend_W","Defend_W","Defend_W","Defend_W","Negative_Energy_Arrows","Bone_Wall","Negative_Energy_Shield","PanicButton","Finger_Of_Death","Blood_Is_Power+1","Bone_Armor+1","Bone_Armor","Bone_Armory","Bone_Armory","Bone_Armor","Skeleton_Dragon","Summon_Vampire_Lady","Life_Tap","Summon_Lich","Replay:Hysterical Blindness","Bones_to_Steel"],"relics":["SlaversCollar","BranchBurnRelic","ReplayTheSpireMod:Shallot","Question Card","Dream Catcher","Cursed Key","Bottled Flame"],"acts_visited":["Exordium","TheCity"],"potions_floor_usage":[23],"damage_taken":[{"damage":0,"enemies":"Small Slimes","floor":1,"turns":3},{"damage":4,"enemies":"Cultist","floor":4,"turns":4},{"damage":9,"enemies":"infinitespire:Voidling","floor":5,"turns":4},{"damage":27,"enemies":"Gremlin Nob","floor":7,"turns":5},{"damage":6,"enemies":"Replay:BlueRogue","floor":10,"turns":7},{"damage":3,"enemies":"Red Slaver","floor":12,"turns":6},{"damage":3,"enemies":"Blue Slaver","floor":13,"turns":5},{"damage":43,"enemies":"Gremlin Nob","floor":14,"turns":6},{"damage":14,"enemies":"Slime Boss","floor":16,"turns":9},{"damage":31,"enemies":"Spheric Guardian","floor":18,"turns":6},{"damage":2,"enemies":"Chosen","floor":19,"turns":8},{"damage":32,"enemies":"Centurion and Healer","floor":20,"turns":10},{"damage":37,"enemies":"3 Cultists","floor":22,"turns":5},{"damage":34,"enemies":"Slavers","floor":23,"turns":3}],"seed_played":"-1611849480081015091","potions_obtained":[{"floor":4,"key":"DuplicationPotion"},{"floor":5,"key":"Regen Potion"},{"floor":13,"key":"Elixir"},{"floor":19,"key":"Adrenaline Potion"}],"is_trial":false,"path_per_floor":["M","?","$","M","M","R","E","R","T","E","R","M","M","E","R","B",null,"M","M","M","T","M","E"],"character_chosen":"NECROMANCER","items_purchased":["Finger_Of_Death","Blood_Is_Power"],"campfire_rested":2,"item_purchase_floors":[3,3],"current_hp_per_floor":[75,75,75,71,69,69,42,64,64,73,73,75,72,29,51,52,75,52,71,54,54,32,0,0],"gold":326,"neow_bonus":"BOSS_RELIC","is_daily":false,"chose_seed":false,"campfire_upgraded":2,"win_rate":0.0,"timestamp":1612041727,"path_taken":["M","?","?","M","M","R","E","R","T","E","R","M","M","E","R","BOSS","M","M","?","?","M","E"],"items_purchased_type":["Card","Card"],"build_version":"2020-12-22","purchased_purges":0,"victory":false,"max_hp_per_floor":[75,75,75,75,75,75,75,75,75,75,75,75,75,75,75,75,75,75,75,75,75,75,75,75],"card_choices":[{"not_picked":["Pandemic","Blood_Curse"],"picked":"Negative_Energy_Shield","floor":1},{"not_picked":["Negative_Energy_Shield","Plague_Bolt"],"picked":"Bone_Armor","floor":4},{"not_picked":["Toxic_Smoke_Screen","Negative_Energy_Javelin"],"picked":"Bone_Armor","floor":5},{"not_picked":["Negative_Energy_Mist","Negative_Energy_Bomb"],"picked":"Bone_Armory","floor":7},{"not_picked":["Negative_Energy_Javelin","Negative_Energy_Mist"],"picked":"Bone_Armory","floor":10},{"not_picked":["Bone_Prison","Consume_Illness","Negative_Energy_Shield","Blood_Whip"],"picked":"SKIP","floor":12},{"not_picked":["Negative_Energy_Mist","Death_Coil","Bone_Spikes"],"picked":"Bone_Armor","floor":13},{"not_picked":["Whirlwind_of_Bones","Stop_Heart","Scare"],"picked":"Skeleton_Dragon","floor":14},{"not_picked":["Grasp_Heart","Summon_Death_Knight","Negative_Energy_Bomb"],"picked":"Summon_Vampire_Lady","floor":16},{"not_picked":["Siphon_Strength","Strike_from_Beyond","Shackles_Of_Pain","Bone_Bullets+1"],"picked":"SKIP","floor":18},{"not_picked":["Toxic_Smoke_Screen+1","Blood_Curse","Negative_Energy_Burst"],"picked":"Life_Tap","floor":19},{"not_picked":["Chill_Blood","Negative_Energy_Burst","Necrotic_Claws+1"],"picked":"Summon_Lich","floor":20},{"not_picked":["Bone_Armor","Negative_Energy_Sphere","Bone_Prison"],"picked":"Bones_to_Steel","floor":22}],"player_experience":163021,"relics_obtained":[{"floor":7,"key":"Dead Branch"},{"floor":9,"key":"ReplayTheSpireMod:Shallot"},{"floor":10,"key":"Question Card"},{"floor":14,"key":"Dream Catcher"},{"floor":21,"key":"Bottled Flame"}],"event_choices":[{"damage_healed":0,"gold_gain":0,"player_choice":"1 cards matched","damage_taken":0,"max_hp_gain":0,"max_hp_loss":0,"event_name":"Match and Keep!","floor":2,"gold_loss":0,"cards_obtained":["PanicButton"]}],"is_beta":false,"boss_relics":[{"not_picked":["Replay:Wanted Poster","Runic Dome"],"picked":"Cursed Key"}],"items_purged_floors":[],"is_endless":false,"potions_floor_spawned":[4,5,10,13,14,19,22],"killed_by":"Slavers","ascension_level":1}}