{"host":"ffjrj7fisyni1ebk","time":1612020394,"event":{"mods":["2.2 Compatiblity","BaseMod","Bestiary","Colored Map","Colored Powertips","Curses Come First","Highlight Path","Keyboard Shortcuts","Minty Spire (QoL Compilation)","Relic Stats","Slay the Relics Exporter","StSLib","SuperFastMode"],"gold_per_floor":[117,135,145,145,71,97,112,112,139,64,64,99,119,139,139,139,139],"floor_reached":16,"language":"ENG","playtime":574,"items_purged":["Strike_R"],"score":112,"play_id":"e846d47d-ec4e-4e1f-af3e-66d61de17377","local_time":"20210130172634","is_ascension_mode":false,"campfire_choices":[{"floor":8,"key":"REST"},{"data":"True Grit","floor":11,"key":"SMITH"},{"floor":15,"key":"REST"}],"circlet_count":0,"master_deck":["Strike_R","Strike_R","Strike_R","Strike_R","Defend_R","Defend_R","Defend_R","Defend_R","Bash","Iron Wave","Metallicize","True Grit+1","Feed","Entrench"],"relics":["Mark of Pain","Blood Vial","Pen Nib","Vajra"],"acts_visited":["Exordium"],"potions_floor_usage":[16,16,16],"damage_taken":[{"damage":2,"enemies":"Small Slimes","floor":1,"turns":4},{"damage":0,"enemies":"Cultist","floor":2,"turns":3},{"damage":0,"enemies":"Jaw Worm","floor":3,"turns":4},{"damage":22,"enemies":"3 Sentries","floor":6,"turns":13},{"damage":11,"enemies":"Blue Slaver","floor":7,"turns":3},{"damage":25,"enemies":"Lagavulin","floor":12,"turns":9},{"damage":3,"enemies":"2 Fungi Beasts","floor":13,"turns":4},{"damage":11,"enemies":"3 Louse","floor":14,"turns":3},{"damage":69,"enemies":"Hexaghost","floor":16,"turns":14}],"seed_played":"5104556070596240979","potions_obtained":[{"floor":2,"key":"ElixirPotion"},{"floor":3,"key":"Weak Potion"},{"floor":13,"key":"EssenceOfSteel"},{"floor":14,"key":"BlessingOfTheForge"}],"is_trial":false,"path_per_floor":["M","M","M","?","$","E","M","R","T","$","R","E","M","M","R","B"],"character_chosen":"IRONCLAD","items_purchased":["Metallicize"],"campfire_rested":2,"item_purchase_floors":[5],"current_hp_per_floor":[78,78,78,80,80,58,49,73,73,73,73,50,49,43,67,0,0],"gold":139,"neow_bonus":"BOSS_RELIC","is_daily":false,"chose_seed":false,"campfire_upgraded":1,"win_rate":0.0,"timestamp":1612020394,"path_taken":["M","M","M","?","$","E","M","R","T","$","R","E","?","M","R","BOSS"],"items_purchased_type":["Card"],"build_version":"2020-12-22","purchased_purges":1,"victory":false,"max_hp_per_floor":[80,80,80,80,80,80,80,80,80,80,80,80,80,83,83,83,83],"relic_stats":{"Blood Vial":10,"counters":[9,57],"Pen Nib":[5],"obtain_stats":[{"Blood Vial":6,"Vajra":12,"Mark of Pain":0,"Pen Nib":9,"Burning Blood":0},{"Blood Vial":4,"Vajra":6,"Mark of Pain":0,"Pen Nib":5,"Burning Blood":0},{"Blood Vial":24,"Vajra":36,"Mark of Pain":0,"Pen Nib":27,"Burning Blood":0}]},"card_choices":[{"not_picked":["Flex","Hemokinesis"],"picked":"Iron Wave","floor":1},{"not_picked":["Havoc","Warcry","Sword Boomerang"],"picked":"SKIP","floor":2},{"not_picked":["Bloodletting","Flex","Pommel Strike"],"picked":"SKIP","floor":3},{"not_picked":["Battle Trance","Combust"],"picked":"True Grit","floor":6},{"not_picked":["Dropkick","Pommel Strike","Cleave"],"picked":"SKIP","floor":7},{"not_picked":["Reckless Charge","Dropkick","Blood for Blood"],"picked":"SKIP","floor":12},{"not_picked":["Twin Strike","Cleave"],"picked":"Feed","floor":13},{"not_picked":["Pommel Strike","True Grit"],"picked":"Entrench","floor":14}],"player_experience":276729,"relics_obtained":[{"floor":6,"key":"Blood Vial"},{"floor":9,"key":"Pen Nib"},{"floor":12,"key":"Vajra"}],"event_choices":[{"damage_healed":2,"gold_gain":0,"player_choice":"Full Heal","damage_taken":0,"max_hp_gain":0,"max_hp_loss":0,"event_name":"Wheel of Change","floor":4,"gold_loss":0}],"is_beta":false,"boss_relics":[],"items_purged_floors":[10],"is_endless":false,"potions_floor_spawned":[2,3,13,14],"killed_by":"Hexaghost","ascension_level":0}}