{"host":"wvhb1cpt008qp3ei","time":1612023025,"event":{"mods":["BaseMod","Hermit","KOR Keyword Fix","Minty Spire (QoL Compilation)","StSLib","The Cursed","The Dragon Tamer","The Gatherer","The Hierophant","The Poker Player","The Runesmith"],"gold_per_floor":[119,136,136,146,146,146,175,175,175,191,203,53,53,87,87,87,87],"floor_reached":16,"language":"KOR","playtime":669,"items_purged":[],"score":110,"play_id":"e1f6ca2e-cc43-451b-9df7-73b9dd50439b","local_time":"20210131011025","is_ascension_mode":false,"campfire_choices":[{"data":"hermit:Maintenance","floor":6,"key":"SMITH"},{"floor":8,"key":"REST"},{"data":"hermit:GoldenBullet","floor":13,"key":"SMITH"},{"floor":15,"key":"REST"}],"circlet_count":0,"master_deck":["hermit:Strike_Hermit","hermit:Strike_Hermit+1","hermit:Strike_Hermit","hermit:Strike_Hermit","hermit:Defend_Hermit","hermit:Defend_Hermit","hermit:Defend_Hermit","hermit:Defend_Hermit","hermit:Snapshot+1","hermit:Covet","hermit:Midnight+1","hermit:GhostlyPresence","hermit:Maintenance+1","hermit:GoldenBullet+1","hermit:Midnight+1","hermit:HeroicBravado+1"],"relics":["hermit:Momento","Darkstone Periapt","Toxic Egg 2","Runesmith:AutoHammer","Whetstone"],"acts_visited":["Exordium"],"potions_floor_usage":[],"damage_taken":[{"damage":0,"enemies":"Cultist","floor":1,"turns":4},{"damage":1,"enemies":"Jaw Worm","floor":2,"turns":4},{"damage":0,"enemies":"Small Slimes","floor":4,"turns":5},{"damage":55,"enemies":"Gremlin Nob","floor":7,"turns":5},{"damage":5,"enemies":"Looter","floor":10,"turns":4},{"damage":0,"enemies":"3 Louse","floor":11,"turns":2},{"damage":22,"enemies":"Lagavulin","floor":14,"turns":7},{"damage":50,"enemies":"The Guardian","floor":16,"turns":12}],"seed_played":"-3491201107610572695","potions_obtained":[{"floor":4,"key":"Ancient Potion"},{"floor":10,"key":"LiquidBronze"}],"is_trial":false,"path_per_floor":["M","M","?","M","?","R","E","R","T","M","M","$","R","E","R","B"],"character_chosen":"HERMIT","items_purchased":["Runesmith:AutoHammer"],"campfire_rested":2,"item_purchase_floors":[12],"current_hp_per_floor":[82,81,81,81,81,81,26,50,50,45,45,45,45,23,47,0,0],"gold":87,"neow_bonus":"TEN_PERCENT_HP_BONUS","is_daily":false,"chose_seed":false,"campfire_upgraded":2,"win_rate":0.0,"timestamp":1612023025,"path_taken":["M","?","?","?","?","R","E","R","T","?","?","?","R","E","R","BOSS"],"items_purchased_type":["Relic"],"build_version":"2020-12-22","purchased_purges":0,"victory":false,"max_hp_per_floor":[82,82,82,82,82,82,82,82,82,82,82,82,82,82,82,82,82],"card_choices":[{"not_picked":["hermit:Feint","hermit:FullyLoaded"],"picked":"hermit:Midnight","floor":1},{"not_picked":["hermit:Quickdraw","hermit:SprayPray"],"picked":"hermit:GhostlyPresence","floor":2},{"not_picked":["hermit:TrackingShot","hermit:Roulette"],"picked":"hermit:Maintenance","floor":4},{"not_picked":["hermit:ItchyTrigger","hermit:Vantage"],"picked":"hermit:GoldenBullet","floor":7},{"not_picked":["hermit:BodyArmor+1","hermit:PistolWhip"],"picked":"hermit:Midnight+1","floor":10},{"not_picked":["hermit:Snipe+1","hermit:TakeCover+1"],"picked":"hermit:HeroicBravado+1","floor":11},{"not_picked":["hermit:Desperado","hermit:SprayPray","hermit:ItchyTrigger"],"picked":"SKIP","floor":14}],"player_experience":30768,"relics_obtained":[{"floor":7,"key":"Darkstone Periapt"},{"floor":9,"key":"Toxic Egg 2"},{"floor":14,"key":"Whetstone"}],"event_choices":[{"damage_healed":0,"gold_gain":0,"player_choice":"Upgraded","damage_taken":0,"max_hp_gain":0,"max_hp_loss":0,"event_name":"Upgrade Shrine","floor":3,"gold_loss":0,"cards_upgraded":["hermit:Midnight"]},{"damage_healed":0,"gold_gain":0,"player_choice":"Ignored","damage_taken":0,"max_hp_gain":0,"max_hp_loss":0,"event_name":"NoteForYourself","floor":5,"gold_loss":0}],"is_beta":false,"boss_relics":[],"items_purged_floors":[],"is_endless":false,"potions_floor_spawned":[4,10],"killed_by":"The Guardian","ascension_level":0}}