{"host":"q6r63elxu27obe7v","time":1612016741,"event":{"mods":["BaseMod","DeckTracker","Keyboard Shortcuts","Minty Spire (QoL Compilation)","Permanent Neow","Quick Restart","StSLib","SuperFastMode","Swap Starting Deck Mod"],"gold_per_floor":[114,189,114,132,132,163,176,176,176,9,40,59,59,75,75,176,176,196,207,207,207,207],"floor_reached":21,"language":"KOR","playtime":821,"items_purged":["Defend_G","Strike_G"],"score":198,"play_id":"6a81c4d7-2e53-4f0f-a0d5-f55b815b7753","local_time":"20210130232541","is_ascension_mode":true,"campfire_choices":[{"floor":8,"key":"RECALL"},{"floor":13,"key":"REST"},{"floor":15,"key":"REST"}],"circlet_count":0,"master_deck":["Strike_G","Strike_G","Strike_G","Strike_G+1","Defend_G","Defend_G","Defend_G","Defend_G","Survivor","Neutralize","Blade Dance+1","Slice","Corpse Explosion","Venomology","Blade Dance","Venomology","Slice"],"relics":["SlaversCollar","Darkstone Periapt","Bag of Preparation","Black Star","CultistMask"],"acts_visited":["Exordium","TheCity"],"potions_floor_usage":[11,12,12,14,16,16,16,16,18,18,19,21,21,21],"damage_taken":[{"damage":10,"enemies":"Small Slimes","floor":1,"turns":6},{"damage":0,"enemies":"Jaw Worm","floor":4,"turns":5},{"damage":23,"enemies":"Lagavulin","floor":6,"turns":8},{"damage":0,"enemies":"Cultist","floor":7,"turns":3},{"damage":6,"enemies":"3 Sentries","floor":11,"turns":6},{"damage":0,"enemies":"2 Fungi Beasts","floor":12,"turns":3},{"damage":0,"enemies":"Looter","floor":14,"turns":4},{"damage":52,"enemies":"The Guardian","floor":16,"turns":10},{"damage":12,"enemies":"Shell Parasite","floor":18,"turns":7},{"damage":31,"enemies":"2 Thieves","floor":19,"turns":3},{"damage":34,"enemies":"Snake Plant","floor":21,"turns":8}],"seed_played":"-2477624648868423198","potions_obtained":[{"floor":4,"key":"SteroidPotion"},{"floor":11,"key":"Explosive Potion"},{"floor":12,"key":"Fruit Juice"},{"floor":14,"key":"FearPotion"},{"floor":18,"key":"Weak Potion"},{"floor":19,"key":"Dexterity Potion"}],"is_trial":false,"path_per_floor":["M","?","$","M","?","E","M","R","T","$","E","M","R","M","R","B",null,"M","M","?","M"],"character_chosen":"THE_SILENT","items_purchased":["Venomology"],"campfire_rested":2,"item_purchase_floors":[10],"current_hp_per_floor":[60,49,49,49,35,12,12,12,12,12,6,6,27,32,54,2,75,63,32,32,0,0],"gold":207,"neow_bonus":"BOSS_RELIC","is_daily":false,"chose_seed":false,"campfire_upgraded":0,"win_rate":0.0,"timestamp":1612016741,"path_taken":["M","?","$","M","?","E","M","R","T","$","E","M","R","M","R","BOSS","M","M","?","?"],"items_purchased_type":["Card"],"build_version":"2020-12-22","purchased_purges":2,"victory":false,"max_hp_per_floor":[70,70,70,70,70,70,70,70,70,70,70,70,70,75,75,75,75,75,75,75,75,75],"card_choices":[{"not_picked":["Dodge and Roll","Bane"],"picked":"Blade Dance","floor":1},{"not_picked":["Bane","Underhanded Strike"],"picked":"Slice","floor":4},{"not_picked":["Quick Slash","Poisoned Stab"],"picked":"Corpse Explosion","floor":6},{"not_picked":["Footwork","Escape Plan","PiercingWail"],"picked":"SKIP","floor":7},{"not_picked":["Predator","Masterful Stab"],"picked":"Blade Dance","floor":11},{"not_picked":["Outmaneuver","Backflip","Endless Agony"],"picked":"SKIP","floor":12},{"not_picked":["Backflip","Outmaneuver","Acrobatics"],"picked":"SKIP","floor":14},{"not_picked":["Burst","Night Terror"],"picked":"Venomology","floor":16},{"not_picked":["Quick Slash","Reflex+1","All Out Attack"],"picked":"SKIP","floor":18},{"not_picked":["Sucker Punch","PiercingWail"],"picked":"Slice","floor":19}],"player_experience":50822,"relics_obtained":[{"floor":6,"key":"Darkstone Periapt"},{"floor":11,"key":"Bag of Preparation"}],"event_choices":[{"damage_healed":0,"gold_gain":75,"player_choice":"Gather Gold","damage_taken":11,"max_hp_gain":0,"max_hp_loss":0,"event_name":"World of Goop","floor":2,"gold_loss":0},{"damage_healed":0,"gold_gain":0,"player_choice":"Entered Light","damage_taken":14,"max_hp_gain":0,"max_hp_loss":0,"event_name":"Shining Light","floor":5,"gold_loss":0,"cards_upgraded":["Strike_G","Blade Dance"]},{"damage_healed":0,"gold_gain":0,"player_choice":"Trade","damage_taken":0,"relics_obtained":["CultistMask"],"max_hp_gain":0,"max_hp_loss":0,"event_name":"FaceTrader","floor":20,"gold_loss":0}],"is_beta":false,"boss_relics":[{"not_picked":["Runic Pyramid","Busted Crown"],"picked":"Black Star"}],"items_purged_floors":[3,10],"is_endless":false,"potions_floor_spawned":[4,11,12,14,18,19],"killed_by":"Snake Plant","ascension_level":1}}