{"host":"g907ck67u7c3hrs6","time":1612012865,"event":{"mods":["BaseMod","Colored Map","DeckTracker","Highlight Path","Keyboard Shortcuts","Minty Spire (QoL Compilation)","Permanent Neow","Say the Spire","SuperFastMode"],"gold_per_floor":[113,126,201,217,232,232,260,280,304,317,335,335,369,388,388,388,388],"floor_reached":16,"language":"KOR","playtime":437,"items_purged":[],"score":116,"play_id":"eb4a6579-9aec-4a41-90c5-5a1bce2f12a2","local_time":"20210130222105","daily_mods":["Cursed Run","Diverse","Night Terrors"],"is_ascension_mode":false,"campfire_choices":[{"data":"Wallop","floor":6,"key":"SMITH"},{"data":"Carnage","floor":12,"key":"SMITH"},{"data":"Crippling Poison","floor":15,"key":"SMITH"}],"circlet_count":0,"master_deck":["Strike_G","Strike_G","Strike_G","Strike_G","Strike_G","Defend_G","Defend_G","Defend_G","Defend_G","Defend_G","Survivor","Neutralize","Iron Wave","FlyingSleeves","Acrobatics","Wallop+1","Second Wind","Injury","Carnage+1","CutThroughFate","Crippling Poison+1"],"relics":["Cursed Key","Darkstone Periapt","Du-Vu Doll","Centennial Puzzle","Omamori","Bronze Scales"],"acts_visited":["Exordium"],"potions_floor_usage":[],"damage_taken":[{"damage":16,"enemies":"Jaw Worm","floor":1,"turns":4},{"damage":1,"enemies":"2 Louse","floor":2,"turns":2},{"damage":0,"enemies":"Small Slimes","floor":4,"turns":3},{"damage":4,"enemies":"Red Slaver","floor":5,"turns":5},{"damage":6,"enemies":"3 Sentries","floor":7,"turns":8},{"damage":3,"enemies":"Lots of Slimes","floor":8,"turns":4},{"damage":0,"enemies":"Blue Slaver","floor":10,"turns":3},{"damage":6,"enemies":"Gremlin Gang","floor":11,"turns":5},{"damage":8,"enemies":"Lagavulin","floor":13,"turns":5},{"damage":0,"enemies":"Exordium Wildlife","floor":14,"turns":3},{"damage":21,"enemies":"Slime Boss","floor":16,"turns":6}],"seed_played":"736471909075994391","potions_obtained":[{"floor":1,"key":"LiquidBronze"},{"floor":2,"key":"PowerPotion"},{"floor":10,"key":"AttackPotion"}],"is_trial":true,"path_per_floor":["M","M","?","M","M","R","E","M","T","M","M","R","E","M","R","B"],"character_chosen":"THE_SILENT","items_purchased":[],"campfire_rested":0,"item_purchase_floors":[],"current_hp_per_floor":[54,53,42,42,38,38,32,29,35,35,29,29,21,21,21,0,0],"gold":388,"neow_bonus":"","is_daily":false,"chose_seed":false,"campfire_upgraded":3,"win_rate":0.0,"timestamp":1612012865,"path_taken":["M","M","?","M","M","R","E","M","T","M","M","R","E","M","R","BOSS"],"items_purchased_type":[],"build_version":"2020-12-22","purchased_purges":0,"victory":false,"max_hp_per_floor":[70,70,70,70,70,70,70,70,76,76,76,76,76,76,76,76,76],"card_choices":[{"not_picked":["Thunderclap","BowlingBash"],"picked":"Iron Wave","floor":1},{"not_picked":["Seeing Red","Crescendo"],"picked":"FlyingSleeves","floor":2},{"not_picked":["Redo","Hello World"],"picked":"Acrobatics","floor":4},{"not_picked":["Go for the Eyes","Leap"],"picked":"Wallop","floor":5},{"not_picked":["Multi-Cast","CrushJoints","Steam"],"picked":"SKIP","floor":7},{"not_picked":["Slice","EmptyMind"],"picked":"Second Wind","floor":8},{"not_picked":["Recycle","Prostrate","Rage"],"picked":"SKIP","floor":10},{"not_picked":["Heavy Blade","Gash"],"picked":"Carnage","floor":11},{"not_picked":["Reckless Charge","Ball Lightning"],"picked":"CutThroughFate","floor":13},{"not_picked":["Weave","Noxious Fumes"],"picked":"Crippling Poison","floor":14}],"player_experience":247172,"relics_obtained":[{"floor":7,"key":"Centennial Puzzle"},{"floor":9,"key":"Omamori"},{"floor":13,"key":"Bronze Scales"}],"event_choices":[{"damage_healed":0,"gold_gain":75,"player_choice":"Gather Gold","damage_taken":11,"max_hp_gain":0,"max_hp_loss":0,"event_name":"World of Goop","floor":3,"gold_loss":0}],"is_beta":false,"boss_relics":[],"items_purged_floors":[],"is_endless":false,"potions_floor_spawned":[1,2,10,14],"killed_by":"Slime Boss","ascension_level":0}}