{"host":"d52brwsy6af8zvaq","time":1612027776,"event":{"mods":["AchievementEnabler","BaseMod","Bestiary","Highlight Path","Minty Spire (QoL Compilation)","Quick Restart","Relic Stats","ojb\u0027s Better Paths Mod"],"gold_per_floor":[217,217,53,68,78,111,111,111,137,137,165,240,240,251,251,251,251],"floor_reached":16,"language":"ENG","playtime":491,"items_purged":["Strike_G"],"score":216,"play_id":"5eab2b43-9642-44c0-9bd7-6585d4f74fb5","local_time":"20210130102936","is_ascension_mode":true,"campfire_choices":[{"data":"Noxious Fumes","floor":7,"key":"SMITH"},{"data":"Bane","floor":10,"key":"SMITH"},{"floor":13,"key":"REST"},{"data":"Deadly Poison","floor":15,"key":"SMITH"}],"circlet_count":0,"master_deck":["AscendersBane","Strike_G","Strike_G","Strike_G","Strike_G","Defend_G","Defend_G","Defend_G+1","Defend_G","Defend_G+1","Survivor","Neutralize","Poisoned Stab","Noxious Fumes+1","Blade Dance","Bane+1","Deadly Poison+1"],"relics":["Ring of the Snake","Centennial Puzzle","Art of War","War Paint"],"acts_visited":["Exordium"],"potions_floor_usage":[6,11,16],"damage_taken":[{"damage":2,"enemies":"Small Slimes","floor":1,"turns":6},{"damage":1,"enemies":"2 Louse","floor":4,"turns":4},{"damage":2,"enemies":"Jaw Worm","floor":5,"turns":4},{"damage":13,"enemies":"3 Sentries","floor":6,"turns":10},{"damage":11,"enemies":"Gremlin Nob","floor":11,"turns":3},{"damage":0,"enemies":"2 Fungi Beasts","floor":14,"turns":4},{"damage":45,"enemies":"Slime Boss","floor":16,"turns":6}],"seed_played":"352603565461747933","potions_obtained":[{"floor":4,"key":"Dexterity Potion"},{"floor":6,"key":"SteroidPotion"},{"floor":14,"key":"SpeedPotion"}],"is_trial":false,"path_per_floor":["M","?","$","M","M","E","R","?","T","R","E","?","R","M","R","B"],"character_chosen":"THE_SILENT","items_purchased":["Noxious Fumes"],"campfire_rested":1,"item_purchase_floors":[3],"current_hp_per_floor":[57,57,57,56,54,41,41,41,41,41,30,19,38,38,38,0,0],"gold":251,"neow_bonus":"HUNDRED_GOLD","is_daily":false,"chose_seed":false,"campfire_upgraded":3,"win_rate":0.0,"timestamp":1612027776,"path_taken":["M","?","$","M","M","E","R","?","T","R","E","?","R","M","R","BOSS"],"items_purchased_type":["Card"],"build_version":"2020-12-22","purchased_purges":1,"victory":false,"max_hp_per_floor":[66,66,66,66,66,66,66,66,66,66,66,66,66,66,66,66,66],"relic_stats":{"Centennial Puzzle":[6],"counters":[7,37],"Art of War":[1],"War Paint":["Defend_G","Defend_G"],"obtain_stats":[{"Centennial Puzzle":6,"Art of War":9,"War Paint":11,"Ring of the Snake":0},{"Centennial Puzzle":4,"Art of War":4,"War Paint":5,"Ring of the Snake":0},{"Centennial Puzzle":24,"Art of War":24,"War Paint":27,"Ring of the Snake":0}],"Ring of the Snake":[14]},"card_choices":[{"not_picked":["Infinite Blades","Distraction"],"picked":"Poisoned Stab","floor":1},{"not_picked":["Underhanded Strike","Noxious Fumes"],"picked":"Blade Dance","floor":4},{"not_picked":["Slice","Infinite Blades"],"picked":"Bane","floor":5},{"not_picked":["Sucker Punch","Grand Finale"],"picked":"Deadly Poison","floor":6},{"not_picked":["Poisoned Stab","Quick Slash","Deflect"],"picked":"SKIP","floor":11},{"not_picked":["Slice","Flying Knee","Poisoned Stab"],"picked":"SKIP","floor":14}],"player_experience":2073279,"relics_obtained":[{"floor":6,"key":"Centennial Puzzle"},{"floor":9,"key":"Art of War"},{"floor":11,"key":"War Paint"}],"event_choices":[{"damage_healed":0,"gold_gain":0,"player_choice":"Ignored","damage_taken":0,"max_hp_gain":0,"max_hp_loss":0,"event_name":"Shining Light","floor":2,"gold_loss":0},{"damage_healed":0,"gold_gain":0,"player_choice":"Ignored","damage_taken":0,"max_hp_gain":0,"max_hp_loss":0,"event_name":"Golden Wing","floor":8,"gold_loss":0},{"damage_healed":0,"gold_gain":75,"player_choice":"Gather Gold","damage_taken":11,"max_hp_gain":0,"max_hp_loss":0,"event_name":"World of Goop","floor":12,"gold_loss":0}],"is_beta":false,"boss_relics":[],"items_purged_floors":[3],"is_endless":false,"potions_floor_spawned":[4,6,14],"killed_by":"Slime Boss","ascension_level":20}}