{"host":"8dhn6p16jorj0i1s","time":1612032480,"event":{"mods":["AchievementEnabler","BaseMod","Colored Map","DeckTracker","Highlight Path","Minty Spire (QoL Compilation)","Permanent Neow","Quick Restart"],"gold_per_floor":[17,31,48,61,77,111,122,157,157,1,19,19,32,207,207,311,311,326,213,225,225,242,271,290,290,290],"floor_reached":25,"language":"ENG","playtime":2033,"items_purged":["Doubt"],"score":335,"play_id":"916aca48-a827-4ead-bf58-d97dac00b68d","local_time":"20210130194800","is_ascension_mode":true,"campfire_choices":[{"data":"Worship","floor":12.0,"key":"SMITH"},{"floor":15.0,"key":"REST"}],"circlet_count":0,"master_deck":["Strike_P","Strike_P","Strike_P","Defend_P+1","Defend_P","Defend_P","Defend_P+1","Eruption","Vigilance","Judgement","Pray","Worship+1","CarveReality","Establishment","Adaptation","ClearTheMind","Worship","Ragnarok","Alpha","SandsOfTime"],"relics":["PureWater","Happy Flower","Incense Burner","Membership Card","Snecko Eye","War Paint","Dead Branch"],"acts_visited":["Exordium","TheCity"],"potions_floor_usage":[24,25],"damage_taken":[{"damage":2.0,"enemies":"Jaw Worm","floor":1.0,"turns":2.0},{"damage":6.0,"enemies":"Cultist","floor":2.0,"turns":3.0},{"damage":2.0,"enemies":"2 Louse","floor":3.0,"turns":3.0},{"damage":3.0,"enemies":"Looter","floor":4.0,"turns":2.0},{"damage":9.0,"enemies":"2 Fungi Beasts","floor":5.0,"turns":2.0},{"damage":10.0,"enemies":"3 Sentries","floor":6.0,"turns":6.0},{"damage":0.0,"enemies":"Large Slime","floor":7.0,"turns":4.0},{"damage":5.0,"enemies":"Lagavulin","floor":8.0,"turns":6.0},{"damage":4.0,"enemies":"Red Slaver","floor":11.0,"turns":2.0},{"damage":6.0,"enemies":"Blue Slaver","floor":13.0,"turns":5.0},{"damage":17.0,"enemies":"Slime Boss","floor":16.0,"turns":10.0},{"damage":0.0,"enemies":"Chosen","floor":18.0,"turns":3.0},{"damage":0.0,"enemies":"Spheric Guardian","floor":20.0,"turns":1.0},{"damage":10.0,"enemies":"Cultist and Chosen","floor":22.0,"turns":5.0},{"damage":5.0,"enemies":"Gremlin Leader","floor":23.0,"turns":5.0},{"damage":8,"enemies":"Shelled Parasite and Fungi","floor":24,"turns":3},{"damage":29,"enemies":"Book of Stabbing","floor":25,"turns":5}],"seed_played":"-8444973912288745457","potions_obtained":[{"floor":1.0,"key":"BlessingOfTheForge"},{"floor":2.0,"key":"Ancient Potion"},{"floor":5.0,"key":"Block Potion"},{"floor":6.0,"key":"StancePotion"},{"floor":20.0,"key":"GamblersBrew"}],"is_trial":false,"path_per_floor":["M","M","M","M","M","E","M","E","T","$","M","R","M","?","R","B",null,"M","$","M","?","M","E","M","E"],"character_chosen":"WATCHER","items_purchased":["Membership Card","ClearTheMind","War Paint"],"campfire_rested":1,"item_purchase_floors":[10,10,19],"current_hp_per_floor":[63,57,55,52,43,33,33,28,28,28,24,24,18,18,39,22,60,60,60,60,60,50,45,37,8,8],"gold":290,"neow_bonus":"THREE_RARE_CARDS","is_daily":false,"chose_seed":false,"campfire_upgraded":1,"win_rate":0.0,"timestamp":1612032480,"path_taken":["M","M","M","M","M","E","M","E","T","$","M","R","M","?","R","BOSS","M","$","M","?","M","E","M","E"],"items_purchased_type":["Relic","Card","Relic"],"build_version":"2020-12-22","purchased_purges":1,"victory":false,"max_hp_per_floor":[72,72,72,72,72,72,72,72,72,72,72,72,72,72,72,72,72,72,72,72,72,72,72,72,72,72],"card_choices":[{"not_picked":["Wish","Vault"],"picked":"Judgement","floor":0.0},{"not_picked":["Study","SashWhip"],"picked":"Pray","floor":1.0},{"not_picked":["Halt","ThirdEye","FollowUp"],"picked":"SKIP","floor":2.0},{"not_picked":["Evaluate","ThirdEye"],"picked":"Worship","floor":3.0},{"not_picked":["SashWhip","ThirdEye","CrushJoints"],"picked":"SKIP","floor":4.0},{"not_picked":["PathToVictory","ThirdEye"],"picked":"CarveReality","floor":5.0},{"not_picked":["FearNoEvil","FlyingSleeves","ThirdEye"],"picked":"SKIP","floor":6.0},{"not_picked":["SandsOfTime","Prostrate"],"picked":"Establishment","floor":7.0},{"not_picked":["Study","ThirdEye"],"picked":"Adaptation","floor":8.0},{"not_picked":["WheelKick","FlyingSleeves"],"picked":"Worship","floor":11.0},{"not_picked":["CutThroughFate","EmptyFist","Adaptation"],"picked":"SKIP","floor":13.0},{"not_picked":["LessonLearned","Scrawl"],"picked":"Ragnarok","floor":16.0},{"not_picked":["ForeignInfluence","PathToVictory","JustLucky"],"picked":"SKIP","floor":18.0},{"not_picked":["FlurryOfBlows","InnerPeace"],"picked":"Alpha","floor":20.0},{"not_picked":["FollowUp","CrushJoints+1","Consecrate"],"picked":"SKIP","floor":22.0},{"not_picked":["Meditate+1","EmptyFist","EmptyBody"],"picked":"SKIP","floor":23.0},{"not_picked":["PathToVictory","Collect"],"picked":"SandsOfTime","floor":24}],"player_experience":494929,"relics_obtained":[{"floor":6.0,"key":"Happy Flower"},{"floor":8.0,"key":"Incense Burner"},{"floor":23.0,"key":"Dead Branch"}],"event_choices":[{"damage_healed":0.0,"max_hp_gain":0.0,"max_hp_loss":0.0,"gold_gain":175.0,"event_name":"Liars Game","player_choice":"AGREE","floor":14.0,"gold_loss":0.0,"damage_taken":0.0,"cards_obtained":["Doubt"]},{"cards_removed":["Strike_P"],"damage_healed":0.0,"max_hp_gain":0.0,"max_hp_loss":0.0,"gold_gain":0.0,"event_name":"Purifier","player_choice":"Purged","floor":21.0,"gold_loss":0.0,"damage_taken":0.0}],"is_beta":false,"boss_relics":[{"not_picked":["Busted Crown","Runic Pyramid"],"picked":"Snecko Eye"}],"items_purged_floors":[19],"is_endless":false,"potions_floor_spawned":[1,2,5,6,20],"killed_by":"Book of Stabbing","ascension_level":8}}