{"host":"gcl0wx4kxpuh49bt","time":1612019612,"event":{"mods":["AchievementEnabler","BaseMod","DeckTracker","Minty Spire (QoL Compilation)","StSLib"],"gold_per_floor":[12,22,22,38,38,38,63,63,63,79,154,185,185,31,31,31,31],"floor_reached":16,"language":"KOR","playtime":414,"items_purged":[],"score":135,"play_id":"633b6f85-bd31-4eb4-b9e0-ef0998709ca6","local_time":"20210131001332","is_ascension_mode":true,"campfire_choices":[{"data":"Immolate","floor":6.0,"key":"SMITH"},{"data":"Sever Soul","floor":8,"key":"SMITH"},{"floor":15,"key":"REST"}],"circlet_count":0,"master_deck":["Strike_R","Strike_R+1","Strike_R","Strike_R","Defend_R","Defend_R","Defend_R+1","Defend_R","Bash","Immolate+1","Sever Soul+1","Feel No Pain","Pommel Strike","Second Wind","Rage","Double Tap"],"relics":["Burning Blood","Golden Idol","Pantograph","Self Forming Clay","Sling"],"acts_visited":["Exordium"],"potions_floor_usage":[12,12],"damage_taken":[{"damage":5.0,"enemies":"Small Slimes","floor":1.0,"turns":2.0},{"damage":8.0,"enemies":"2 Louse","floor":2.0,"turns":2.0},{"damage":2.0,"enemies":"Jaw Worm","floor":4.0,"turns":3.0},{"damage":0,"enemies":"Gremlin Gang","floor":7,"turns":1},{"damage":2,"enemies":"Red Slaver","floor":10,"turns":3},{"damage":16,"enemies":"Gremlin Nob","floor":12,"turns":3},{"damage":80,"enemies":"Hexaghost","floor":16,"turns":11}],"seed_played":"-2886041948386222506","potions_obtained":[{"floor":2.0,"key":"ColorlessPotion"},{"floor":10,"key":"Strength Potion"}],"is_trial":false,"path_per_floor":["M","M","?","M","?","R","M","R","T","M","?","E","?","$","R","B"],"character_chosen":"IRONCLAD","items_purchased":["Sling"],"campfire_rested":1,"item_purchase_floors":[14],"current_hp_per_floor":[73,71,51,55,39,39,45,45,45,49,38,28,28,28,52,0,0],"gold":31,"neow_bonus":"THREE_RARE_CARDS","is_daily":false,"chose_seed":false,"campfire_upgraded":2,"win_rate":0.0,"timestamp":1612019612,"path_taken":["M","M","?","M","?","R","M","R","T","M","?","E","?","?","R","BOSS"],"items_purchased_type":["Relic"],"build_version":"2020-12-22","purchased_purges":0,"victory":false,"max_hp_per_floor":[80,80,80,80,80,80,80,80,80,80,80,80,80,80,80,80,80],"card_choices":[{"not_picked":["Limit Break","Exhume"],"picked":"Immolate","floor":0.0},{"not_picked":["Clothesline","Flame Barrier"],"picked":"Sever Soul","floor":1.0},{"not_picked":["Disarm","Headbutt"],"picked":"Feel No Pain","floor":2.0},{"not_picked":["Sword Boomerang","Clothesline"],"picked":"Pommel Strike","floor":4.0},{"not_picked":["True Grit","Infernal Blade"],"picked":"Second Wind","floor":7},{"not_picked":["Warcry","Wild Strike"],"picked":"Rage","floor":10},{"not_picked":["Clothesline","Perfected Strike"],"picked":"Double Tap","floor":12}],"player_experience":170317,"relics_obtained":[{"floor":9,"key":"Pantograph"},{"floor":12,"key":"Self Forming Clay"}],"event_choices":[{"damage_healed":0.0,"max_hp_gain":0.0,"max_hp_loss":0.0,"gold_gain":0.0,"event_name":"Golden Idol","player_choice":"Take Damage","floor":3.0,"gold_loss":0.0,"damage_taken":20.0,"relics_obtained":["Golden Idol"]},{"damage_healed":0.0,"max_hp_gain":0.0,"max_hp_loss":0.0,"gold_gain":0.0,"event_name":"Shining Light","player_choice":"Entered Light","floor":5.0,"gold_loss":0.0,"damage_taken":16.0,"cards_upgraded":["Strike_R","Defend_R"]},{"damage_healed":0,"gold_gain":75,"player_choice":"Gather Gold","damage_taken":11,"max_hp_gain":0,"max_hp_loss":0,"event_name":"World of Goop","floor":11,"gold_loss":0},{"cards_removed":["Strike_R"],"damage_healed":0,"gold_gain":0,"player_choice":"Forget","damage_taken":0,"max_hp_gain":0,"max_hp_loss":0,"event_name":"Living Wall","floor":13,"gold_loss":0}],"is_beta":false,"boss_relics":[],"items_purged_floors":[],"is_endless":false,"potions_floor_spawned":[2,10],"killed_by":"Hexaghost","ascension_level":7}}