{"host":"mys00ehszg9tpx2w","time":1612015772,"event":{"mods":["Act Like it!","BaseMod","Better Vampires","CapriCore","Chen","Colored Powertips","Energized Spire","Gensokyo","Highlight Path","Koishi","KomeijiMod","Marisa（F雨　魔理沙）","Minty Spire (QoL Compilation)","Reimu（博丽灵梦）","Relic Stats","Remilia（蕾米莉亚）","RumiaBox-露米娅的神秘盒子","Shop Mod","Spicy Shops","StSLib","The Administrix","The Immortal","The Servant 0.9.4","Yakumo Yukari mod","Youmu（魂魄妖梦）","Yuyuko","noobMod","【功能Mod】聪明的最终Boss","篝火指南"],"gold_per_floor":[114,125,137,17,28,60,60,73,73,73,73,73,73,89,89,394,394,412,412,662,744,764,169,184,170,170,181,581,612,628,628,267,364,364,378,378,390,390,403,429,21,21,21,50,50,50],"floor_reached":45,"language":"ZHS","playtime":4769,"items_purged":["Defend_S"],"score":715,"play_id":"938d72cf-dd7d-4675-b061-27fce325fcd0","local_time":"20210130220932","is_ascension_mode":false,"campfire_choices":[{"floor":7,"key":"RECALL"},{"floor":15,"key":"REST"}],"circlet_count":0,"master_deck":["Strike_S","Strike_S","Defend_S","Defend_S","Defend_S","KidneyShot","Exchange","Moonlight","Defy","Rearm","Potential","MoonPhase","Rearm","Ricochet","FastForward","Desolation","BottledTime","ShatteredReality","Gensokyo:CrescentMoonSlash","Unruled","FlawlessForm","Shuttle","Rewind","Replace+1","Panache","Decay","Sabotage","ShiftingGears","Snipe","KillingDoll","Foresight+1","Doubt","PendulumOfEternity","Gensokyo:RPG","PendulumOfEternity+1","RealityMarble+1","Misdirection+1","Advance","ShatteredReality+1"],"relics":["Uniform","ice","AddBug","SecretRecord","SecretRecord","SecretRecord","SecretRecord","SecretRecord","SecretRecord","Baka2","SecretRecord","SecretRecord","SecretRecord"],"acts_visited":["Gensokyo:Gensokyo","Gensokyo:Gensokyoer","Gensokyo:Gensokyoest"],"potions_floor_usage":[5,21,21,21,29,40],"damage_taken":[{"damage":4,"enemies":"Gensokyo:3_Fairies","floor":1,"turns":3},{"damage":0,"enemies":"Gensokyo:Python","floor":2,"turns":2},{"damage":2,"enemies":"Gensokyo:Gryphon","floor":3,"turns":3},{"damage":33,"enemies":"Gensokyo:3_Kodama","floor":5,"turns":5},{"damage":3,"enemies":"Gensokyo:Mamizou","floor":6,"turns":9},{"damage":0,"enemies":"Gensokyo:2_Rabbits","floor":8,"turns":2},{"damage":1,"enemies":"Gensokyo:Kitsune","floor":14,"turns":2},{"damage":20,"enemies":"Gensokyo:Kokoro","floor":16,"turns":7},{"damage":57,"enemies":"Gensokyo:3_Dogs","floor":18,"turns":7},{"damage":0,"enemies":"Gensokyo:3_Dogs","floor":21,"turns":10},{"damage":23,"enemies":"Gensokyo:CosmicMonolith","floor":22,"turns":5},{"damage":0,"enemies":"Gensokyo:3_Gloops","floor":24,"turns":6},{"damage":0,"enemies":"Gensokyo:Wraith","floor":25,"turns":4},{"damage":39,"enemies":"Gensokyo:Koishi","floor":27,"turns":4},{"damage":92,"enemies":"Gensokyo:Tenshi","floor":29,"turns":9},{"damage":0,"enemies":"Gensokyo:Slime_Group","floor":30,"turns":1},{"damage":0,"enemies":"Gensokyo:Eiki","floor":33,"turns":2},{"damage":0,"enemies":"Gensokyo:3_Bats","floor":35,"turns":2},{"damage":0,"enemies":"Gensokyo:3_Boulders","floor":37,"turns":2},{"damage":12,"enemies":"Gensokyo:Dusk_and_Dawn","floor":39,"turns":2},{"damage":11,"enemies":"Gensokyo:Doremy","floor":40,"turns":3},{"damage":9,"enemies":"Gensokyo:Marisa","floor":42,"turns":3},{"damage":47,"enemies":"Gensokyo:AtlasGolem","floor":44,"turns":4}],"seed_played":"7194737035883857130","potions_obtained":[{"floor":1,"key":"AttackPotion"},{"floor":6,"key":"GamblersBrew"},{"floor":14,"key":"ExcitationPotion"},{"floor":16,"key":"Regen Potion"},{"floor":21,"key":"AttackPotion"},{"floor":29,"key":"EssenceOfSteel"},{"floor":33,"key":"Dexterity Potion"},{"floor":37,"key":"EssenceOfSteel"},{"floor":39,"key":"BlessingOfTheForge"},{"floor":42,"key":"Strength Potion"}],"is_trial":false,"path_per_floor":["M","M","M","COS","M","E","R","M","T","?","?","?","?","M","R","B",null,"M","?","?","?","M","R","M","M","T","E","?","E","M","?","R","B",null,"M","?","M","?","M","E","R","E","T","M","?"],"character_chosen":"THE_SERVANT","items_purchased":["Panache","Ccalipers","Vajra","Lee\u0027s Waffle","MealTicket","PreservedInsect","TungstenRod","Medical Kit","Dream Catcher","Advance","RuthlessExorcism:ReiMu","Happy Flower"],"campfire_rested":1,"item_purchase_floors":[23,23,23,23,23,32,32,32,32,41,41,41],"current_hp_per_floor":[67,67,65,65,32,29,29,29,29,29,44,34,34,33,52,32,64,7,7,7,35,12,68,68,68,68,29,29,72,72,72,72,72,72,72,72,72,72,60,58,58,49,49,2,0,0],"gold":50,"neow_bonus":"TEN_PERCENT_HP_BONUS","is_daily":false,"chose_seed":false,"campfire_upgraded":0,"win_rate":0.0,"timestamp":1612015772,"path_taken":["M","M","M","COS","?","E","R","M","T","?","?","?","?","M","R","BOSS","M","?","?","?","?","R","M","M","T","E","?","E","M","?","R","BOSS","M","?","M","?","?","E","R","E","T","M","?"],"items_purchased_type":["Card","Relic","Relic","Relic","Relic","Relic","Relic","Relic","Relic","Card","Relic","Relic"],"build_version":"2020-12-22","purchased_purges":1,"victory":false,"max_hp_per_floor":[71,71,71,71,71,71,71,71,71,71,71,71,64,64,64,64,64,64,64,61,61,61,68,68,68,68,68,68,72,72,72,72,72,72,72,72,72,72,73,76,76,82,82,83,83,83],"relic_stats":{"counters":[23,97],"obtain_stats":[{"Baka2":30,"AddBug":1,"SecretRecord":1,"Uniform":0,"ice":0,"Baka":1},{"Baka2":16,"AddBug":1,"SecretRecord":1,"Uniform":0,"ice":0,"Baka":1},{"Baka2":79,"AddBug":3,"SecretRecord":3,"Uniform":0,"ice":0,"Baka":3}]},"card_choices":[{"not_picked":["Alleviate","BottledTime"],"picked":"Moonlight","floor":1},{"not_picked":["Replace","BottledTime"],"picked":"Defy","floor":2},{"not_picked":["Spin","Alleviate"],"picked":"Rearm","floor":3},{"not_picked":["DualDimension","FlawlessForm"],"picked":"Potential","floor":5},{"not_picked":["FanOfKnives","Unruled"],"picked":"MoonPhase","floor":5},{"not_picked":["Desolation","Collapse"],"picked":"Rearm","floor":5},{"not_picked":["BottledTime","Luminosity"],"picked":"Ricochet","floor":5},{"not_picked":["Sabotage","Spin"],"picked":"FastForward","floor":6},{"not_picked":["Replace","Foresight"],"picked":"Desolation","floor":8},{"not_picked":["Replace","Desolation"],"picked":"BottledTime","floor":10},{"not_picked":["MoonPhase","Alleviate"],"picked":"ShatteredReality","floor":10},{"not_picked":["FastForward","Spin"],"picked":"Unruled","floor":14},{"not_picked":["KillingDoll","FloweringNight"],"picked":"FlawlessForm","floor":16},{"not_picked":["Revamp","Alleviate+1"],"picked":"Shuttle","floor":18},{"not_picked":["SpecialFormula","TimeWarp+1"],"picked":"Rewind","floor":21},{"not_picked":["StarChef","Comet+1"],"picked":"Replace+1","floor":22},{"not_picked":["Rearm+1","Revamp"],"picked":"Sabotage","floor":24},{"not_picked":["FastForward+1","WasteNot+1"],"picked":"ShiftingGears","floor":25},{"not_picked":["FanOfKnives","Luminosity"],"picked":"Snipe","floor":27},{"not_picked":["Revamp","MoonPhase"],"picked":"KillingDoll","floor":29},{"not_picked":["TimeWarp","Rearm"],"picked":"Foresight+1","floor":30},{"not_picked":["Duplication","MurderousAura"],"picked":"PendulumOfEternity","floor":33},{"not_picked":["Unruled","WasteNot","Hightail"],"picked":"SKIP","floor":35},{"not_picked":["Unruled","Replace"],"picked":"RealityMarble+1","floor":37},{"not_picked":["Starlight","Misdirection"],"picked":"InstantArmor","floor":39},{"not_picked":["Hightail+1","RealityMarble+1"],"picked":"Misdirection+1","floor":40},{"not_picked":["Alleviate","BottledTime"],"picked":"ShatteredReality+1","floor":42},{"not_picked":["BottledTime","MoonPhase","Unruled"],"picked":"SKIP","floor":44}],"player_experience":69848,"relics_obtained":[{"floor":1,"key":"AddBug"},{"floor":1,"key":"Baka"},{"floor":3,"key":"SecretRecord"},{"floor":6,"key":"SecretRecord"},{"floor":6,"key":"GodSword7"},{"floor":8,"key":"SecretRecord"},{"floor":8,"key":"Gambling Chip"},{"floor":18,"key":"SecretRecord"},{"floor":21,"key":"SecretRecord"},{"floor":21,"key":"Prayer Wheel"},{"floor":26,"key":"Tiny Chest"},{"floor":27,"key":"SecretRecord"},{"floor":27,"key":"Juzu Bracelet"},{"floor":29,"key":"Question Card"},{"floor":30,"key":"Mango"},{"floor":30,"key":"Baka2"},{"floor":33,"key":"Du-Vu Doll"},{"floor":33,"key":"SecretRecord"},{"floor":33,"key":"ice"},{"floor":35,"key":"SecretRecord"},{"floor":40,"key":"Eternal Feather"},{"floor":42,"key":"SecretRecord"},{"floor":42,"key":"StoneCalendar"},{"floor":43,"key":"Mango"}],"event_choices":[],"is_beta":false,"boss_relics":[{"not_picked":["energizedSpire:CursedPentagram","energizedSpire:NeverEndingSparkler"],"picked":"SplendidAttire"},{"not_picked":["SacredBark","Busted Crown"],"picked":"EasyGame_NEW"}],"items_purged_floors":[41],"is_endless":false,"potions_floor_spawned":[1,6,14,16,21,29,33,37,39,42],"ascension_level":0}}