{"host":"59fzh68erzs7h44i","time":1612020630,"event":{"mods":["AchievementEnabler","BaseMod","Downfall","Minty Spire (QoL Compilation)","StSLib","The Jungle"],"gold_per_floor":[117,67,67,87,87,87,87,99,146,146,159,159,170,180,180,284,284,304,320,102,121,139,172,272,292,343,357,385,385,138,149,149,251,251,263,278,378,152,165,165,200,211,237,237,253,264,264,114,114,114],"floor_reached":51,"language":"ENG","playtime":1971,"items_purged":["Defend_P","Strike_P","Strike_P","Strike_P"],"score":863,"play_id":"8824363b-9785-43cb-b5ef-59cac840c22a","local_time":"20210130103030","is_ascension_mode":false,"campfire_choices":[{"floor":6,"key":"REST"},{"data":"1","floor":10,"key":"LIFT"},{"data":"2","floor":15,"key":"LIFT"},{"floor":29,"key":"REST"},{"floor":32,"key":"REST"},{"floor":40,"key":"REST"},{"data":"3","floor":44,"key":"LIFT"},{"floor":47,"key":"REST"},{"data":"Establishment","floor":49,"key":"SMITH"}],"circlet_count":0,"master_deck":["Strike_P+1","Defend_P+1","Defend_P+1","Eruption+1","Vigilance","SandsOfTime","FlyingSleeves","Protect","Establishment+1","CutThroughFate+1","FlyingSleeves+1","CutThroughFate+1","DeceiveReality","FlyingSleeves","FlyingSleeves+1","FollowUp+1","WindmillStrike+1"],"relics":["PureWater","Incense Burner","Girya","Strawberry","Shuriken","VioletLotus","Vajra","Oddly Smooth Stone","Omamori","Anchor","Whetstone","PreservedInsect","Lantern"],"acts_visited":["Exordium","TheCity","TheBeyond"],"potions_floor_usage":[23,23,27,28,33,33,39,50,50],"damage_taken":[{"damage":7,"enemies":"Jaw Worm","floor":1,"turns":5},{"damage":1,"enemies":"2 Louse","floor":4,"turns":2},{"damage":0,"enemies":"Cultist","floor":8,"turns":3},{"damage":0,"enemies":"Exordium Wildlife","floor":11,"turns":3},{"damage":0,"enemies":"Large Slime","floor":13,"turns":3},{"damage":5,"enemies":"Red Slaver","floor":14,"turns":4},{"damage":0,"enemies":"Slime Boss","floor":16,"turns":3},{"damage":16,"enemies":"3 Byrds","floor":18,"turns":5},{"damage":5,"enemies":"2 Thieves","floor":19,"turns":3},{"damage":10,"enemies":"Snake Plant","floor":21,"turns":4},{"damage":3,"enemies":"Snecko","floor":22,"turns":3},{"damage":4,"enemies":"Book of Stabbing","floor":23,"turns":5},{"damage":0,"enemies":"Chosen and Byrds","floor":25,"turns":3},{"damage":1,"enemies":"Cultist and Chosen","floor":27,"turns":4},{"damage":3,"enemies":"Gremlin Leader","floor":28,"turns":4},{"damage":8,"enemies":"Centurion and Healer","floor":31,"turns":4},{"damage":0,"enemies":"Automaton","floor":33,"turns":4},{"damage":35,"enemies":"3 Darklings","floor":35,"turns":4},{"damage":11,"enemies":"Orb Walker","floor":36,"turns":3},{"damage":4,"enemies":"Jaw Worm Horde","floor":39,"turns":3},{"damage":0,"enemies":"Nemesis","floor":41,"turns":3},{"damage":1,"enemies":"4 Shapes","floor":42,"turns":3},{"damage":0,"enemies":"Maw","floor":45,"turns":4},{"damage":0,"enemies":"Writhing Mass","floor":46,"turns":3},{"damage":19,"enemies":"Time Eater","floor":50,"turns":6}],"seed_played":"-2685191359741696498","potions_obtained":[{"floor":1,"key":"BlessingOfTheForge"},{"floor":11,"key":"SkillPotion"},{"floor":14,"key":"champ:CounterPotion"},{"floor":21,"key":"EssenceOfSteel"},{"floor":23,"key":"AttackPotion"},{"floor":27,"key":"SkillPotion"},{"floor":31,"key":"LiquidBronze"},{"floor":33,"key":"SpeedPotion"},{"floor":35,"key":"FearPotion"},{"floor":42,"key":"Swift Potion"},{"floor":45,"key":"Guardian:BlockOnCardUsePotion"}],"is_trial":false,"path_per_floor":["M","?","?","M","?","R","T","M","T","R","M","?","M","M","R","B",null,"M","M","$","M","M","E","?","M","T","M","E","R","$","M","R","B",null,"M","M","?","$","M","R","E","M","T","R","M","M","R","$","R","B",null],"character_chosen":"WATCHER","items_purchased":["Vajra","Whetstone","Fruit Juice"],"campfire_rested":5,"item_purchase_floors":[20,30,38],"current_hp_per_floor":[44,44,44,43,29,50,50,50,57,57,57,57,57,52,52,52,79,63,58,58,48,45,41,41,41,41,40,37,60,60,52,75,75,79,44,33,33,33,34,59,59,58,58,58,58,58,83,83,83,64],"gold":114,"neow_bonus":"ONE_RARE_RELIC","is_daily":false,"chose_seed":false,"campfire_upgraded":1,"win_rate":0.0,"timestamp":1612020630,"path_taken":["M","?","?","M","?","R","?","?","T","R","M","?","M","M","R","BOSS","M","M","$","M","M","E","?","?","T","M","E","R","$","M","R","BOSS","M","M","?","$","M","R","E","?","T","R","M","M","R","$","R","BOSS"],"items_purchased_type":["Relic","Relic","Potion"],"build_version":"2020-12-22","purchased_purges":4,"victory":true,"max_hp_per_floor":[72,72,72,72,72,72,72,72,79,79,79,79,79,79,79,79,79,79,79,79,79,79,79,79,79,79,79,79,79,79,79,79,79,79,79,79,79,79,84,84,84,84,84,84,84,84,84,84,84,84],"card_choices":[{"not_picked":["Crescendo","PathToVictory"],"picked":"SandsOfTime","floor":1},{"not_picked":["JustLucky","Prostrate","Halt"],"picked":"SKIP","floor":4},{"not_picked":["MentalFortress","DeceiveReality"],"picked":"FlyingSleeves","floor":8},{"not_picked":["Worship","FlurryOfBlows"],"picked":"Protect","floor":11},{"not_picked":["JustLucky","PathToVictory","Prostrate"],"picked":"SKIP","floor":13},{"not_picked":["CrushJoints","EmptyBody","Prostrate"],"picked":"SKIP","floor":14},{"not_picked":["SpiritShield","Judgement"],"picked":"Establishment","floor":16},{"not_picked":["EmptyFist","JustLucky","ClearTheMind"],"picked":"SKIP","floor":18},{"not_picked":["WreathOfFlame+1","Crescendo"],"picked":"CutThroughFate+1","floor":19},{"not_picked":["Meditate","CutThroughFate+1"],"picked":"FlyingSleeves+1","floor":21},{"not_picked":["Meditate","WindmillStrike"],"picked":"CutThroughFate+1","floor":22},{"not_picked":["FlurryOfBlows","PathToVictory"],"picked":"DeceiveReality","floor":23},{"not_picked":["FlurryOfBlows","Vengeance","EmptyBody"],"picked":"SKIP","floor":25},{"not_picked":["SignatureMove","Sanctity+1","MentalFortress"],"picked":"SKIP","floor":27},{"not_picked":["Alpha","Brilliance","Indignation"],"picked":"SKIP","floor":28},{"not_picked":["CutThroughFate","ReachHeaven"],"picked":"FlyingSleeves","floor":31},{"not_picked":["ThirdEye+1","PathToVictory+1"],"picked":"FlyingSleeves+1","floor":35},{"not_picked":["Evaluate","MasterReality","Halt"],"picked":"SKIP","floor":36},{"not_picked":["Pray","PathToVictory","Consecrate"],"picked":"SKIP","floor":39},{"not_picked":["JustLucky+1","Halt"],"picked":"FollowUp+1","floor":41},{"not_picked":["JustLucky","Wallop","FlurryOfBlows+1"],"picked":"SKIP","floor":42},{"not_picked":["Sanctity+1","SashWhip","LessonLearned"],"picked":"SKIP","floor":45},{"not_picked":["TalkToTheHand","ForeignInfluence+1"],"picked":"WindmillStrike+1","floor":46}],"player_experience":196208,"relics_obtained":[{"floor":7,"key":"Girya"},{"floor":9,"key":"Strawberry"},{"floor":23,"key":"Oddly Smooth Stone"},{"floor":26,"key":"Omamori"},{"floor":28,"key":"Anchor"},{"floor":41,"key":"PreservedInsect"},{"floor":43,"key":"Lantern"}],"event_choices":[{"cards_removed":["Defend_P"],"damage_healed":0,"gold_gain":0,"player_choice":"Card Removal","damage_taken":0,"max_hp_gain":0,"max_hp_loss":0,"event_name":"The Cleric","floor":2,"gold_loss":50},{"damage_healed":0,"gold_gain":0,"player_choice":"Fled","damage_taken":0,"max_hp_gain":0,"max_hp_loss":0,"event_name":"Scrap Ooze","floor":3,"gold_loss":0},{"damage_healed":0,"gold_gain":0,"player_choice":"Entered Light","damage_taken":14,"max_hp_gain":0,"max_hp_loss":0,"event_name":"Shining Light","floor":5,"gold_loss":0,"cards_upgraded":["Defend_P","Defend_P"]},{"damage_healed":0,"gold_gain":0,"player_choice":"Searched \u00271\u0027 times","damage_taken":0,"relics_obtained":["Shuriken"],"max_hp_gain":0,"max_hp_loss":0,"event_name":"Dead Adventurer","floor":12,"gold_loss":0},{"damage_healed":0,"gold_gain":100,"player_choice":"Pray","damage_taken":0,"max_hp_gain":0,"max_hp_loss":0,"event_name":"Golden Shrine","floor":24,"gold_loss":0},{"damage_healed":0,"gold_gain":100,"player_choice":"Pray","damage_taken":0,"max_hp_gain":0,"max_hp_loss":0,"event_name":"Golden Shrine","floor":37,"gold_loss":0}],"is_beta":false,"boss_relics":[{"not_picked":["Coffee Dripper","bronze:MakeshiftBattery"],"picked":"VioletLotus"},{"not_picked":["Astrolabe","Pandora\u0027s Box","Fusion Hammer"]}],"items_purged_floors":[20,30,38,48],"is_endless":false,"potions_floor_spawned":[1,11,14,21,23,27,31,33,35,42,45],"ascension_level":0}}