{"host":"6xsbn6ynqlzwllfm","time":1612020682,"event":{"mods":["2.2 Compatiblity","BaseMod","Bestiary","Colored Map","Colored Powertips","Curses Come First","Highlight Path","Keyboard Shortcuts","Minty Spire (QoL Compilation)","Relic Stats","Slay the Relics Exporter","StSLib","SuperFastMode"],"gold_per_floor":[115,115,115,134,151,179,197,197,197,197,230,230,230,26,26,101,101,101,101,6,0,0,0,0,0,0],"floor_reached":25,"language":"ENG","playtime":625,"items_purged":[],"score":443,"play_id":"3f3896ff-b13d-460d-a659-0e4c151681f7","local_time":"20210130103122","is_ascension_mode":true,"campfire_choices":[{"data":"Genetic Algorithm","floor":8.0,"key":"SMITH"},{"floor":12.0,"key":"REST"},{"data":"Streamline","floor":15.0,"key":"SMITH"},{"floor":23.0,"key":"REST"}],"circlet_count":0,"master_deck":["AscendersBane","Strike_B","Strike_B+1","Defend_B","Defend_B","Defend_B+1","Defend_B","Zap+1","Dualcast+1","Streamline+1","Beam Cell","Rebound","Echo Form","Genetic Algorithm+1","Hologram","FTL","Capacitor","Echo Form","Echo Form","Sweeping Beam","Meteor Strike","Aggregate","Compile Driver","Ball Lightning","Cold Snap"],"relics":["Cracked Core","NeowsBlessing","War Paint","Pear","Gambling Chip","Bag of Marbles","Bottled Lightning","DollysMirror","Ectoplasm","NlothsMask","HornCleat"],"acts_visited":["Exordium","TheCity"],"potions_floor_usage":[],"damage_taken":[{"damage":0.0,"enemies":"Cultist","floor":1.0,"turns":1.0},{"damage":0.0,"enemies":"2 Louse","floor":4.0,"turns":1.0},{"damage":0.0,"enemies":"Jaw Worm","floor":5.0,"turns":1.0},{"damage":8.0,"enemies":"Gremlin Nob","floor":6.0,"turns":3.0},{"damage":0.0,"enemies":"Large Slime","floor":7.0,"turns":4.0},{"damage":16.0,"enemies":"3 Sentries","floor":11.0,"turns":6.0},{"damage":27.0,"enemies":"Slime Boss","floor":16.0,"turns":9.0},{"damage":35.0,"enemies":"Spheric Guardian","floor":18.0,"turns":6.0},{"damage":15.0,"enemies":"2 Thieves","floor":21.0,"turns":4.0},{"damage":37.0,"enemies":"Gremlin Leader","floor":24.0,"turns":5.0},{"damage":2,"enemies":"Centurion and Healer","floor":25,"turns":2}],"seed_played":"6601453361978042899","potions_obtained":[{"floor":1.0,"key":"PotionOfCapacity"},{"floor":4.0,"key":"DistilledChaos"},{"floor":5.0,"key":"DistilledChaos"},{"floor":7.0,"key":"LiquidBronze"},{"floor":18.0,"key":"FearPotion"},{"floor":21.0,"key":"Weak Potion"}],"is_trial":false,"path_per_floor":["M","?","?","M","M","E","M","R","T","?","E","R","T","$","R","B",null,"M","?","$","M","?","R","E","M"],"character_chosen":"DEFECT","items_purchased":["Capacitor","DollysMirror","Aggregate","Compile Driver"],"campfire_rested":2,"item_purchase_floors":[14,14,20,20],"current_hp_per_floor":[64,43,43,43,43,35,35,35,45,34,18,42,42,42,42,15,65,30,30,30,15,15,39,2,0,0],"gold":0,"neow_bonus":"THREE_ENEMY_KILL","is_daily":false,"chose_seed":false,"campfire_upgraded":2,"win_rate":0.0,"timestamp":1612020682,"path_taken":["M","?","?","M","?","E","M","R","T","?","E","R","?","$","R","BOSS","M","?","?","M","?","R","E","?"],"items_purchased_type":["Card","Relic","Card","Card"],"build_version":"2020-12-22","purchased_purges":0,"victory":false,"max_hp_per_floor":[71,71,71,71,71,71,71,71,81,81,81,81,81,81,81,81,81,81,81,81,81,81,81,81,81,81],"relic_stats":{"counters":[11,42],"Gambling Chip":[16],"Ectoplasm":62,"War Paint":["Defend_B","Dualcast"],"obtain_stats":[{"Pear":9,"HornCleat":24,"NeowsBlessing":0,"DollysMirror":14,"Gambling Chip":10,"Ectoplasm":17,"Bag of Marbles":11,"Bottled Lightning":13,"War Paint":6,"Cracked Core":0,"NlothsMask":22},{"Pear":5,"HornCleat":10,"NeowsBlessing":0,"DollysMirror":6,"Gambling Chip":5,"Ectoplasm":7,"Bag of Marbles":6,"Bottled Lightning":6,"War Paint":4,"Cracked Core":0,"NlothsMask":9},{"Pear":10,"HornCleat":40,"NeowsBlessing":0,"DollysMirror":16,"Gambling Chip":10,"Ectoplasm":25,"Bag of Marbles":16,"Bottled Lightning":16,"War Paint":6,"Cracked Core":0,"NlothsMask":35}]},"card_choices":[{"not_picked":["Static Discharge","Steam"],"picked":"Streamline","floor":1.0},{"not_picked":["Leap","Lockon"],"picked":"Rebound","floor":4.0},{"not_picked":["Tempest","Ball Lightning"],"picked":"Echo Form","floor":5.0},{"not_picked":["Compile Driver","Steam"],"picked":"Genetic Algorithm","floor":6.0},{"not_picked":["Compile Driver","Hello World"],"picked":"Hologram","floor":7.0},{"not_picked":["Gash","Meteor Strike"],"picked":"FTL","floor":11.0},{"not_picked":["Meteor Strike","Electrodynamics"],"picked":"Echo Form","floor":16.0},{"not_picked":["Compile Driver","Redo"],"picked":"Sweeping Beam","floor":18.0},{"not_picked":["Leap","Rebound"],"picked":"Ball Lightning","floor":21.0},{"not_picked":["Lockon","Steam+1"],"picked":"Cold Snap","floor":24.0}],"player_experience":1284753,"relics_obtained":[{"floor":6.0,"key":"War Paint"},{"floor":9.0,"key":"Pear"},{"floor":11.0,"key":"Bag of Marbles"},{"floor":13.0,"key":"Bottled Lightning"},{"floor":24.0,"key":"HornCleat"}],"event_choices":[{"damage_healed":0.0,"max_hp_gain":0.0,"max_hp_loss":0.0,"gold_gain":0.0,"event_name":"Shining Light","player_choice":"Entered Light","floor":2.0,"gold_loss":0.0,"damage_taken":21.0,"cards_upgraded":["Strike_B","Zap"]},{"damage_healed":0.0,"max_hp_gain":0.0,"max_hp_loss":0.0,"gold_gain":0.0,"cards_transformed":["Strike_B"],"event_name":"Living Wall","player_choice":"Change","floor":3.0,"gold_loss":0.0,"damage_taken":0.0,"cards_obtained":["Beam Cell"]},{"damage_healed":0.0,"max_hp_gain":0.0,"max_hp_loss":0.0,"gold_gain":0.0,"event_name":"Scrap Ooze","player_choice":"Success","floor":10.0,"gold_loss":0.0,"damage_taken":11.0,"relics_obtained":["Gambling Chip"]},{"damage_healed":0.0,"max_hp_gain":0.0,"max_hp_loss":0.0,"gold_gain":0.0,"cards_transformed":["Strike_B"],"event_name":"Transmorgrifier","player_choice":"Transformed","floor":19.0,"gold_loss":0.0,"damage_taken":0.0,"cards_obtained":["Meteor Strike"]},{"damage_healed":0.0,"max_hp_gain":0.0,"max_hp_loss":0.0,"gold_gain":0.0,"event_name":"FaceTrader","player_choice":"Trade","floor":22.0,"gold_loss":0.0,"damage_taken":0.0,"relics_obtained":["NlothsMask"]}],"is_beta":false,"boss_relics":[{"not_picked":["Pandora\u0027s Box","Inserter"],"picked":"Ectoplasm"}],"items_purged_floors":[],"is_endless":false,"potions_floor_spawned":[1,4,5,7,18,21],"killed_by":"Centurion and Healer","ascension_level":19}}