{"host":"xkmvu47k9fdstweo","time":1612043240,"event":{"mods":["BaseMod","Colored Map","Conspire","HololiveMod","Hubris","Minty Spire (QoL Compilation)","Quick Restart","Shop Mod","StSLib"],"gold_per_floor":[77,77,96,109,109,140,140,170,194,194,213,30,50,82,82,186,186,201,201,201,53,66,66,101,115,187,200,216,245,257,277,277,386,386,403,403,189,189,202,233,247,277,277,295,295,295,330,350,350,350],"floor_reached":51,"language":"ENG","playtime":1610,"items_purged":[],"score":1569,"play_id":"cb1e24b6-1e98-4761-94f5-c68b9c3fee24","local_time":"20210130164720","is_ascension_mode":true,"campfire_choices":[{"floor":7.0,"key":"REST"},{"data":"Hololive_CallTokinoSora","floor":10.0,"key":"SMITH"},{"data":"Hololive_CallHoshimachiSuisei","floor":15.0,"key":"SMITH"},{"data":"Apotheosis","floor":23.0,"key":"SMITH"},{"data":"Hololive_DurableLive","floor":32,"key":"SMITH"},{"floor":46,"key":"RECALL"},{"data":"Hololive_CallMomosuzuNene+11","floor":49,"key":"SMITH"}],"circlet_count":0,"master_deck":["Hololive_Strike+1","Hololive_Defend+1","Hololive_Defend+1","Hololive_HuntDinosaur+1","Hololive_CallKiryuuCoco+1","Hololive_CallHoshimachiSuisei+1","Hololive_CallArtia+1","Hololive_CallRosalyn+1","Hololive_CallTokinoSora+1","Hololive_Trident+1","Hololive_CallYukihanaLamy+1","Hololive_CocoNews+1","Hololive_CallAZKi+1","Hololive_CallShiroganeNoel+1","Hololive_CallTokoyamiTowa+1","Apotheosis+1","Hololive_Trident+1","Hololive_SummonFox+1","Hololive_DurableLive+1","Hololive_CocoNews+1","Hololive_CallTsunomakiWatame+1","Hololive_CallMomosuzuNene+12","Hololive_ILoveYou+1","Hololive_HuntDinosaur+1","Hololive_CallSpadeEcho+1","Hololive_CallShirakamiFubuki+1","Hololive_StarCraft+1","Hololive_Recruit+1","Hololive_CallDoris+1","Hololive_CallAmaneKanata+1","Hololive_SummonFox+1","Hololive_SoulCatcher+1","Hololive_CallNakiriAyame+1","Hololive_HuntDinosaur+1","Hololive_BringToTrial+1","Hololive_CallAmaneKanata+1","Hololive_Psychosis+1","Hololive_Drill+1","Hololive_DurableLive+1"],"relics":["Hololive_TheStar","hubris:Icosahedron","Blood Vial","Regal Pillow","War Paint","Whetstone","Philosopher\u0027s Stone","HandDrill","Thread and Needle","Toxic Egg 2","TungstenRod","hubris:Backtick","Mummified Hand","Vajra","hubris:CrystalStatue","Anchor","Mark of the Bloom","hubris:MysteriousPyramids"],"acts_visited":["Exordium","TheCity","TheBeyond"],"potions_floor_usage":[50],"damage_taken":[{"damage":0.0,"enemies":"Small Slimes","floor":1.0,"turns":4.0},{"damage":11.0,"enemies":"Jaw Worm","floor":3.0,"turns":5.0},{"damage":0.0,"enemies":"conspire:RoseBush","floor":4.0,"turns":4.0},{"damage":0.0,"enemies":"Gremlin Nob","floor":6.0,"turns":4.0},{"damage":0.0,"enemies":"Lagavulin","floor":8.0,"turns":4.0},{"damage":0.0,"enemies":"Looter","floor":11.0,"turns":2.0},{"damage":0.0,"enemies":"Exordium Wildlife","floor":13.0,"turns":2.0},{"damage":0.0,"enemies":"Gremlin Nob","floor":14.0,"turns":4.0},{"damage":0.0,"enemies":"Slime Boss","floor":16.0,"turns":4.0},{"damage":2.0,"enemies":"Chosen","floor":18.0,"turns":2.0},{"damage":0.0,"enemies":"2 Thieves","floor":22.0,"turns":2.0},{"damage":0.0,"enemies":"Book of Stabbing","floor":24.0,"turns":3.0},{"damage":0.0,"enemies":"Snake Plant","floor":25.0,"turns":3.0},{"damage":0.0,"enemies":"Chosen and Byrds","floor":27.0,"turns":3.0},{"damage":0.0,"enemies":"Shelled Parasite and Fungi","floor":28.0,"turns":3.0},{"damage":0,"enemies":"conspire:Head Lice","floor":29,"turns":4},{"damage":0,"enemies":"conspire:HollyBat","floor":30,"turns":6},{"damage":0,"enemies":"Snake Plant","floor":31,"turns":2},{"damage":0,"enemies":"Automaton","floor":33,"turns":5},{"damage":0,"enemies":"3 Shapes","floor":35,"turns":4},{"damage":0,"enemies":"Orb Walker","floor":39,"turns":2},{"damage":0,"enemies":"Giant Head","floor":40,"turns":6},{"damage":0,"enemies":"Spire Growth","floor":41,"turns":3},{"damage":0,"enemies":"Nemesis","floor":42,"turns":3},{"damage":0,"enemies":"Transient","floor":44,"turns":5},{"damage":0,"enemies":"Reptomancer","floor":47,"turns":3},{"damage":0,"enemies":"4 Shapes","floor":48,"turns":2},{"damage":0,"enemies":"Awakened One","floor":50,"turns":6}],"seed_played":"4684412958483385419","potions_obtained":[{"floor":3.0,"key":"Explosive Potion"},{"floor":4.0,"key":"Swift Potion"},{"floor":11.0,"key":"SteroidPotion"},{"floor":13.0,"key":"PowerPotion"},{"floor":25.0,"key":"DuplicationPotion"},{"floor":28.0,"key":"Strength Potion"},{"floor":29,"key":"PowerPotion"},{"floor":41,"key":"PowerPotion"}],"is_trial":false,"path_per_floor":["M","?","M","M","?","E","R","E","T","R","M","$","M","E","R","B",null,"M","?","?","$","M","R","E","M","T","M","M","E","M","M","R","B",null,"M","?","$","?","M","E","M","E","T","M","?","R","E","M","R","B",null],"character_chosen":"Hololive_HololiveCharacter","items_purchased":["Apotheosis","HandDrill","Hololive_CallAmaneKanata","Hololive_SummonFox+1","Hololive_SoulCatcher"],"campfire_rested":1,"item_purchase_floors":[12,21,37,37,37],"current_hp_per_floor":[32,32,21,21,14,14,24,26,26,26,28,28,30,32,32,34,35,33,29,40,40,40,40,40,40,40,40,40,40,40,40,40,40,40,40,40,40,40,40,40,40,40,40,40,40,40,40,40,40,40],"gold":350,"neow_bonus":"REMOVE_CARD","is_daily":false,"chose_seed":false,"campfire_upgraded":5,"win_rate":0.0,"timestamp":1612043240,"path_taken":["M","?","M","M","?","E","R","E","T","R","M","?","M","E","R","BOSS","M","?","?","?","M","R","E","M","T","M","?","E","M","M","R","BOSS","M","?","$","?","M","E","M","E","T","M","?","R","E","M","R","BOSS"],"items_purchased_type":["Card","Relic","Card","Card","Card"],"build_version":"2020-12-22","purchased_purges":0,"victory":true,"max_hp_per_floor":[35,35,35,35,35,35,35,35,35,35,35,35,35,35,35,35,35,35,40,40,40,40,40,40,40,40,40,40,40,40,40,40,40,40,40,40,40,40,40,40,40,40,40,40,40,40,40,40,40,40],"card_choices":[{"not_picked":["Hololive_LuckPotion","Hololive_CallArtia","Hololive_Breathe"],"picked":"Hololive_Trident","floor":1.0},{"not_picked":["Hololive_RevenueBasedLive","Hololive_Psychosis","Hololive_CallOzoraSubaru"],"picked":"Hololive_CallYukihanaLamy","floor":3.0},{"not_picked":["Hololive_Psychosis","Hololive_Drill","Hololive_LuckPotion"],"picked":"Hololive_CocoNews","floor":4.0},{"not_picked":["Hololive_OvertimeWork","Hololive_DiamondStrike","Hololive_RevenueBasedLive"],"picked":"Hololive_CallAZKi","floor":6.0},{"not_picked":["Hololive_StrengthChampion","Hololive_Trident","Hololive_Breathe"],"picked":"Hololive_CallShiroganeNoel","floor":8.0},{"not_picked":["Hololive_BeCareful","Hololive_ManjiGathering","Hololive_Drill"],"picked":"Hololive_CallTokoyamiTowa","floor":11.0},{"not_picked":["Hololive_Drill","Hololive_Sequa","Hololive_OvertimeWork"],"picked":"Hololive_Trident","floor":13.0},{"not_picked":["Hololive_CallShiranuiFlare","Hololive_Nanodesu","Hololive_CallMoonaHoshinova"],"picked":"Hololive_SummonFox","floor":14.0},{"not_picked":["Hololive_BeCareful","Hololive_OpenUp","Hololive_AWSL"],"picked":"Hololive_DurableLive","floor":16.0},{"not_picked":["Hololive_OvertimeWork+1","Hololive_Rebound+1","Hololive_CallFriendA"],"picked":"Hololive_CocoNews","floor":18.0},{"not_picked":["Hololive_CallHoushouMarine","Hololive_CallRosalyn","Hololive_Sequa"],"picked":"Hololive_CallTsunomakiWatame","floor":22.0},{"not_picked":["Hololive_OvertimeWork+1","Hololive_FlyingPonyTail","Hololive_Psychosis"],"picked":"Hololive_CallMomosuzuNene","floor":24.0},{"not_picked":["Hololive_HuntDinosaur+1","Hololive_ScarfAndHalo","Hololive_CallShiroganeNoel+1"],"picked":"Hololive_ILoveYou","floor":25.0},{"not_picked":["Hololive_CallCivia","Hololive_CallAZKi+1","Hololive_CallMoonaHoshinova+1"],"picked":"Hololive_HuntDinosaur+1","floor":27.0},{"not_picked":["Hololive_HuntDinosaur+1","Hololive_Breathe+1","Hololive_Rebound+1"],"picked":"Hololive_CallSpadeEcho","floor":28.0},{"not_picked":["Hololive_LuckPotion+1","Hololive_OvertimeWork","Hololive_Drill"],"picked":"Hololive_CallShirakamiFubuki","floor":29},{"not_picked":["Hololive_Psychosis","Hololive_Sequa","Hololive_CallCivia","Hololive_CocoNews"],"picked":"SKIP","floor":30},{"not_picked":["Hololive_HuntDinosaur+1","Hololive_FlyingPonyTail+1","Hololive_Psychosis"],"picked":"Hololive_StarCraft+1","floor":31},{"not_picked":["Hololive_BeCareful+1","Hololive_OpenUp","Hololive_DiamondStrike"],"picked":"Hololive_Recruit+1","floor":33},{"not_picked":["Hololive_Breathe+1","Hololive_RevenueBasedLive+1","Hololive_Rebound+1"],"picked":"Hololive_CallDoris+1","floor":35},{"not_picked":["Hololive_Breathe+1","Hololive_BringToTrial+1","Hololive_FlyingPonyTail+1"],"picked":"Hololive_CallNakiriAyame","floor":39},{"not_picked":["Hololive_CallNekomataOkayu","Hololive_OvertimeWork","Hololive_CallTokoyamiTowa+1"],"picked":"Hololive_HuntDinosaur+1","floor":40},{"not_picked":["Hololive_HuntDinosaur+1","Hololive_FlyingPonyTail+1","Hololive_CallHoushouMarine+1"],"picked":"Hololive_BringToTrial+1","floor":41},{"not_picked":["Hololive_Sequa+1","Hololive_CallTokinoSora+1","Hololive_LuckPotion+1"],"picked":"Hololive_CallAmaneKanata","floor":42},{"not_picked":["Hololive_CallAZKi","Hololive_RevenueBasedLive+1","Hololive_CallNakiriAyame+1"],"picked":"Hololive_Psychosis","floor":44},{"not_picked":["Hololive_RevenueBasedLive+1","Hololive_FlyingPonyTail+1","Hololive_CallNekomataOkayu"],"picked":"Hololive_Drill+1","floor":47},{"not_picked":["Hololive_Sequa+1","Hololive_FlyingPonyTail+1","Hololive_Watashimo+1"],"picked":"Hololive_DurableLive+1","floor":48}],"player_experience":325295,"relics_obtained":[{"floor":6.0,"key":"Blood Vial"},{"floor":8.0,"key":"Regal Pillow"},{"floor":9.0,"key":"War Paint"},{"floor":14.0,"key":"Whetstone"},{"floor":24.0,"key":"Thread and Needle"},{"floor":26.0,"key":"Toxic Egg 2"},{"floor":29,"key":"TungstenRod"},{"floor":40,"key":"Vajra"},{"floor":42,"key":"hubris:CrystalStatue"},{"floor":43,"key":"Anchor"},{"floor":47,"key":"hubris:MysteriousPyramids"}],"event_choices":[{"damage_healed":0.0,"max_hp_gain":0.0,"max_hp_loss":0.0,"gold_gain":0.0,"event_name":"Shining Light","player_choice":"Entered Light","floor":5.0,"gold_loss":0.0,"damage_taken":7.0,"cards_upgraded":["Hololive_CallYukihanaLamy","Hololive_Strike"]},{"damage_healed":0.0,"max_hp_gain":5.0,"max_hp_loss":0.0,"gold_gain":0.0,"event_name":"Forgotten Altar","player_choice":"Shed Blood","floor":19.0,"gold_loss":0.0,"damage_taken":9.0},{"damage_healed":13.0,"max_hp_gain":0.0,"max_hp_loss":0.0,"gold_gain":0.0,"event_name":"The Library","player_choice":"Heal","floor":20.0,"gold_loss":0.0,"damage_taken":0.0},{"damage_healed":0,"gold_gain":0,"player_choice":"Ignored","damage_taken":0,"max_hp_gain":0,"max_hp_loss":0,"event_name":"Tomb of Lord Red Mask","floor":36,"gold_loss":0},{"damage_healed":0,"gold_gain":0,"player_choice":"Upgrade","damage_taken":0,"relics_obtained":["Mark of the Bloom"],"max_hp_gain":0,"max_hp_loss":0,"event_name":"MindBloom","floor":45,"gold_loss":0,"cards_upgraded":["Hololive_Defend","Hololive_CallKiryuuCoco","Hololive_CallArtia","Hololive_CallRosalyn","Hololive_CallAZKi","Hololive_CallShiroganeNoel","Hololive_CallTokoyamiTowa","Hololive_Trident","Hololive_SummonFox","Hololive_CocoNews","Hololive_CallTsunomakiWatame","Hololive_CallMomosuzuNene","Hololive_ILoveYou","Hololive_CallSpadeEcho","Hololive_CallShirakamiFubuki","Hololive_SoulCatcher","Hololive_CallNakiriAyame","Hololive_CallAmaneKanata","Hololive_Psychosis"]}],"is_beta":false,"boss_relics":[{"not_picked":["Calling Bell","Ectoplasm"],"picked":"Philosopher\u0027s Stone"},{"not_picked":["hubris:TerracottaHorce","hubris:CrackedHourglass"],"picked":"hubris:Backtick"}],"items_purged_floors":[],"is_endless":false,"potions_floor_spawned":[3,4,11,13,25,28,29,30,33,41,48],"ascension_level":6}}