{"host":"mnpd8gh7cwxsn5kh","time":1612020854,"event":{"mods":["BaseMod","Bestiary","Block Reminder","Colored Map","Colored Powertips","Highlight Path","Minty Spire (QoL Compilation)","Relic Sorter","Relic Stats"],"gold_per_floor":[118,118,134,146,221,221,255,255,337,337,337],"floor_reached":10,"language":"ENG","playtime":447,"items_purged":[],"score":86,"play_id":"eb6e4567-06ce-431a-a189-7378646ae56f","local_time":"20210130163414","is_ascension_mode":true,"campfire_choices":[{"data":"Bash","floor":6,"key":"SMITH"},{"data":"Entrench","floor":8,"key":"SMITH"}],"circlet_count":0,"master_deck":["Strike_R","Strike_R","Strike_R","Strike_R","Strike_R","Defend_R","Defend_R","Defend_R","Defend_R","Bash+1","Regret","Pommel Strike","Wild Strike","Entrench+1"],"relics":["Burning Blood","NeowsBlessing","MealTicket","Blood Vial","Meat on the Bone"],"acts_visited":["Exordium"],"potions_floor_usage":[7,7],"damage_taken":[{"damage":0,"enemies":"2 Louse","floor":1,"turns":1},{"damage":0,"enemies":"Jaw Worm","floor":3,"turns":1},{"damage":0,"enemies":"Cultist","floor":4,"turns":1},{"damage":56,"enemies":"3 Sentries","floor":7,"turns":11},{"damage":53,"enemies":"Lagavulin","floor":10,"turns":5}],"seed_played":"-7264834671018959955","potions_obtained":[{"floor":3,"key":"Swift Potion"},{"floor":7,"key":"BloodPotion"}],"is_trial":false,"path_per_floor":["M","?","M","M","?","R","E","R","T","E"],"character_chosen":"IRONCLAD","items_purchased":[],"campfire_rested":0,"item_purchase_floors":[],"current_hp_per_floor":[78,78,80,80,69,69,35,35,35,0,0],"gold":337,"neow_bonus":"THREE_ENEMY_KILL","is_daily":false,"chose_seed":false,"campfire_upgraded":2,"win_rate":0.0,"timestamp":1612020854,"path_taken":["M","?","M","M","?","R","E","R","T","E"],"items_purchased_type":[],"build_version":"2020-12-22","purchased_purges":0,"victory":false,"max_hp_per_floor":[80,80,80,80,80,80,80,80,80,80,80],"relic_stats":{"Blood Vial":2,"counters":[5,19],"MealTicket":0,"obtain_stats":[{"Blood Vial":7,"NeowsBlessing":0,"MealTicket":2,"Burning Blood":0,"Meat on the Bone":9},{"Blood Vial":4,"NeowsBlessing":0,"MealTicket":1,"Burning Blood":0,"Meat on the Bone":4},{"Blood Vial":14,"NeowsBlessing":0,"MealTicket":1,"Burning Blood":0,"Meat on the Bone":14}],"Burning Blood":14,"Meat on the Bone":0},"card_choices":[{"not_picked":["Heavy Blade","Second Wind","Thunderclap"],"picked":"SKIP","floor":1},{"not_picked":["Dark Embrace","Blood for Blood"],"picked":"Pommel Strike","floor":3},{"not_picked":["Dropkick","Sentinel"],"picked":"Wild Strike","floor":4},{"not_picked":["Sword Boomerang","Heavy Blade"],"picked":"Entrench","floor":7}],"player_experience":199547,"relics_obtained":[{"floor":7,"key":"Blood Vial"},{"floor":9,"key":"Meat on the Bone"}],"event_choices":[{"damage_healed":0,"gold_gain":0,"player_choice":"Box","damage_taken":0,"relics_obtained":["MealTicket"],"max_hp_gain":0,"max_hp_loss":0,"event_name":"Big Fish","floor":2,"gold_loss":0,"cards_obtained":["Regret"]},{"damage_healed":0,"gold_gain":75,"player_choice":"Gather Gold","damage_taken":11,"max_hp_gain":0,"max_hp_loss":0,"event_name":"World of Goop","floor":5,"gold_loss":0}],"is_beta":false,"boss_relics":[],"items_purged_floors":[],"is_endless":false,"potions_floor_spawned":[3,7],"killed_by":"Lagavulin","ascension_level":6}}