{"host":"bxn2em57qlx5u4i0","time":1612021067,"event":{"mods":["BaseMod","Colored Map","Colored Powertips","Highlight Path","Minty Spire (QoL Compilation)","Random Character Button","Relic Sorter","Relic Stats","StSLib","SuperFastMode"],"gold_per_floor":[113,130,51,51,51,82,82,103,155,155,27,63,83,126,126,216,216,239,289,214,38,58,58,96,121,190,190,210,210,85,106,106,197,197,216,216,236,259,277,318,318,351,374,386,398,441,467,18,18,18,18],"floor_reached":50,"language":"ENG","playtime":1225,"items_purged":["Strike_G","Strike_G","Strike_G","Strike_G"],"score":1257,"play_id":"b0e4f129-eb7b-488a-a486-660a738ca195","local_time":"20210130103747","is_ascension_mode":true,"campfire_choices":[{"data":"Catalyst","floor":7.0,"key":"SMITH"},{"data":"Predator","floor":15,"key":"SMITH"},{"data":"Noxious Fumes","floor":23,"key":"SMITH"},{"data":"Corpse Explosion","floor":27,"key":"SMITH"},{"data":"Burst","floor":29,"key":"SMITH"},{"data":"Predator","floor":32,"key":"SMITH"},{"data":"Night Terror","floor":41,"key":"SMITH"},{"floor":45,"key":"REST"},{"floor":49,"key":"RECALL"}],"circlet_count":0,"master_deck":["AscendersBane","Defend_G","Defend_G","Defend_G","Defend_G","Defend_G","Survivor","Neutralize","Catalyst+1","Predator+1","Crippling Poison+1","PiercingWail","Poisoned Stab","Predator+1","Corpse Explosion+1","Noxious Fumes+1","Burst+1","Night Terror+1","Madness","Mayhem","After Image","Blur"],"relics":["Ring of the Snake","NeowsBlessing","Golden Idol","Regal Pillow","Blood Vial","Pocketwatch","Paper Crane","Busted Crown","MealTicket","Philosopher\u0027s Stone","Ancient Tea Set","Strawberry","Boot","Question Card","MawBank","Orichalcum"],"acts_visited":["Exordium","TheCity","TheBeyond"],"potions_floor_usage":[16,16,24,37,40,46],"damage_taken":[{"damage":0.0,"enemies":"Small Slimes","floor":1.0,"turns":1.0},{"damage":0.0,"enemies":"2 Louse","floor":2.0,"turns":1.0},{"damage":0.0,"enemies":"3 Sentries","floor":6.0,"turns":1.0},{"damage":7,"enemies":"Jaw Worm","floor":8,"turns":4},{"damage":21,"enemies":"Gremlin Nob","floor":12,"turns":4},{"damage":3,"enemies":"Looter","floor":13,"turns":3},{"damage":12,"enemies":"Lagavulin","floor":14,"turns":5},{"damage":22,"enemies":"Slime Boss","floor":16,"turns":11},{"damage":4,"enemies":"3 Byrds","floor":18,"turns":2},{"damage":0,"enemies":"Spheric Guardian","floor":22,"turns":3},{"damage":20,"enemies":"Slavers","floor":24,"turns":3},{"damage":0,"enemies":"Snecko","floor":25,"turns":4},{"damage":0,"enemies":"Cultist and Chosen","floor":28,"turns":4},{"damage":0,"enemies":"3 Cultists","floor":31,"turns":2},{"damage":26,"enemies":"Automaton","floor":33,"turns":8},{"damage":4,"enemies":"3 Shapes","floor":35,"turns":3},{"damage":0,"enemies":"3 Darklings","floor":37,"turns":2},{"damage":16,"enemies":"Transient","floor":39,"turns":5},{"damage":12,"enemies":"Reptomancer","floor":40,"turns":3},{"damage":7,"enemies":"Nemesis","floor":42,"turns":5},{"damage":41,"enemies":"Reptomancer","floor":46,"turns":6},{"damage":0,"enemies":"Maw","floor":47,"turns":4},{"damage":35,"enemies":"Awakened One","floor":50,"turns":6}],"seed_played":"-7647357650160914164","potions_obtained":[{"floor":1.0,"key":"SneckoOil"},{"floor":13,"key":"Block Potion"},{"floor":14,"key":"CunningPotion"},{"floor":16,"key":"PowerPotion"},{"floor":22,"key":"LiquidBronze"},{"floor":25,"key":"GhostInAJar"},{"floor":31,"key":"DistilledChaos"},{"floor":40,"key":"PowerPotion"},{"floor":42,"key":"Block Potion"}],"is_trial":false,"path_per_floor":["M","M","$","?","?","E","R","M","T","?","$","E","M","E","R","B",null,"M","?","?","$","M","R","E","M","T","R","M","R","$","M","R","B",null,"M","?","M","T","M","E","R","E","T","?","R","E","M","$","R","B"],"character_chosen":"THE_SILENT","items_purchased":["Crippling Poison","PowerPotion","Noxious Fumes","After Image","Blur","Poison Potion"],"campfire_rested":1,"item_purchase_floors":[3,11,21,48,48,48],"current_hp_per_floor":[59,59,59,59,59,59,59,52,52,52,52,33,32,22,22,2,46,44,44,44,44,46,46,28,30,30,30,32,32,47,49,49,25,51,49,49,51,58,44,34,34,29,29,19,54,15,17,32,32,0,0],"gold":18,"neow_bonus":"THREE_ENEMY_KILL","is_daily":false,"chose_seed":false,"campfire_upgraded":7,"win_rate":0.0,"timestamp":1612021067,"path_taken":["M","M","$","?","?","E","R","M","T","?","$","E","M","E","R","BOSS","M","?","?","$","M","R","E","M","T","R","?","R","$","M","R","BOSS","M","?","?","?","M","E","R","E","T","?","R","E","M","?","R","BOSS"],"items_purchased_type":["Card","Potion","Card","Card","Card","Potion"],"build_version":"2020-12-22","purchased_purges":4,"victory":false,"max_hp_per_floor":[66,66,66,60,60,60,60,60,60,60,60,60,60,60,60,60,60,60,60,60,60,60,60,60,60,60,60,60,60,60,60,60,60,60,60,60,60,67,67,67,67,67,67,67,67,67,67,67,67,67,67],"relic_stats":{"Regal Pillow":15,"counters":[23,90],"Golden Idol":132,"Orichalcum":[18],"Boot":[23],"Question Card":5,"MawBank":60,"Blood Vial":38,"Busted Crown":34,"MealTicket":30,"obtain_stats":[{"Regal Pillow":6,"NeowsBlessing":0,"Golden Idol":4,"Paper Crane":14,"Orichalcum":46,"Ancient Tea Set":36,"Boot":40,"Question Card":42,"MawBank":43,"Blood Vial":9,"Busted Crown":17,"Strawberry":38,"MealTicket":24,"Philosopher\u0027s Stone":34,"Ring of the Snake":0,"Pocketwatch":12},{"Regal Pillow":3,"NeowsBlessing":0,"Golden Idol":2,"Paper Crane":7,"Orichalcum":21,"Ancient Tea Set":16,"Boot":19,"Question Card":20,"MawBank":20,"Blood Vial":4,"Busted Crown":8,"Strawberry":17,"MealTicket":11,"Philosopher\u0027s Stone":15,"Ring of the Snake":0,"Pocketwatch":5},{"Regal Pillow":3,"NeowsBlessing":0,"Golden Idol":2,"Paper Crane":19,"Orichalcum":80,"Ancient Tea Set":59,"Boot":69,"Question Card":74,"MawBank":74,"Blood Vial":7,"Busted Crown":30,"Strawberry":61,"MealTicket":38,"Philosopher\u0027s Stone":56,"Ring of the Snake":0,"Pocketwatch":11}],"Ring of the Snake":[46],"Pocketwatch":[107]},"card_choices":[{"not_picked":["Footwork","Choke"],"picked":"Catalyst","floor":1.0},{"not_picked":["Accuracy","Dodge and Roll"],"picked":"Predator","floor":2.0},{"not_picked":["Flechettes","Bane"],"picked":"PiercingWail","floor":6.0},{"not_picked":["Underhanded Strike","Caltrops"],"picked":"Poisoned Stab","floor":8},{"not_picked":["Acrobatics","Blade Dance","Quick Slash"],"picked":"SKIP","floor":12},{"not_picked":["Acrobatics","Riddle With Holes"],"picked":"Predator","floor":13},{"not_picked":["Deadly Poison","Dodge and Roll","Finisher"],"picked":"SKIP","floor":14},{"not_picked":["Adrenaline","Unload"],"picked":"Corpse Explosion","floor":16},{"not_picked":["Slice"],"picked":"SKIP","floor":18},{"not_picked":["Prepared"],"picked":"SKIP","floor":22},{"not_picked":["Bane"],"picked":"SKIP","floor":24},{"not_picked":["Blade Dance"],"picked":"SKIP","floor":25},{"not_picked":[],"picked":"Burst","floor":28},{"not_picked":["Dodge and Roll"],"picked":"SKIP","floor":31},{"not_picked":[],"picked":"Night Terror","floor":33},{"not_picked":["Infinite Blades"],"picked":"SKIP","floor":35},{"not_picked":["Dodge and Roll"],"picked":"SKIP","floor":37},{"not_picked":["Crippling Poison"],"picked":"SKIP","floor":39},{"not_picked":["Expertise"],"picked":"SKIP","floor":40},{"not_picked":["Sucker Punch+1"],"picked":"SKIP","floor":42},{"not_picked":["Flash of Steel"],"picked":"Madness","floor":44},{"not_picked":["Flash of Steel"],"picked":"Mayhem","floor":44},{"not_picked":["Poisoned Stab","Quick Slash"],"picked":"SKIP","floor":46},{"not_picked":["Acrobatics","All Out Attack"],"picked":"SKIP","floor":47}],"player_experience":2977687,"relics_obtained":[{"floor":6.0,"key":"Regal Pillow"},{"floor":9,"key":"Blood Vial"},{"floor":12,"key":"Pocketwatch"},{"floor":14,"key":"Paper Crane"},{"floor":24,"key":"MealTicket"},{"floor":36,"key":"Ancient Tea Set"},{"floor":38,"key":"Strawberry"},{"floor":40,"key":"Boot"},{"floor":42,"key":"Question Card"},{"floor":43,"key":"MawBank"},{"floor":46,"key":"Orichalcum"}],"event_choices":[{"damage_healed":0.0,"max_hp_gain":0.0,"max_hp_loss":6.0,"gold_gain":0.0,"event_name":"Golden Idol","player_choice":"Lose Max HP","floor":4.0,"gold_loss":0.0,"damage_taken":0.0,"relics_obtained":["Golden Idol"]},{"damage_healed":0.0,"max_hp_gain":0.0,"max_hp_loss":0.0,"gold_gain":0.0,"event_name":"Living Wall","player_choice":"Grow","floor":5.0,"gold_loss":0.0,"damage_taken":0.0,"cards_upgraded":["Crippling Poison"]},{"damage_healed":0,"gold_gain":0,"player_choice":"Ignored","damage_taken":0,"max_hp_gain":0,"max_hp_loss":0,"event_name":"Liars Game","floor":10,"gold_loss":0},{"damage_healed":0,"gold_gain":50,"player_choice":"Stole From Cult","damage_taken":0,"max_hp_gain":0,"max_hp_loss":0,"event_name":"Nest","floor":19,"gold_loss":0},{"cards_removed":["Strike_G"],"damage_healed":0,"gold_gain":0,"player_choice":"Gave Gold","damage_taken":0,"max_hp_gain":0,"max_hp_loss":0,"event_name":"Beggar","floor":20,"gold_loss":75},{"damage_healed":0,"gold_gain":0,"player_choice":"Relic","damage_taken":0,"max_hp_gain":0,"max_hp_loss":0,"event_name":"Wheel of Change","floor":36,"gold_loss":0},{"damage_healed":0,"gold_gain":0,"player_choice":"Memory 3","damage_taken":10,"max_hp_gain":0,"max_hp_loss":0,"event_name":"SensoryStone","floor":44,"gold_loss":0}],"is_beta":false,"boss_relics":[{"not_picked":["Calling Bell","SlaversCollar"],"picked":"Busted Crown"},{"not_picked":["WristBlade","Tiny House"],"picked":"Philosopher\u0027s Stone"}],"items_purged_floors":[11,21,30,48],"is_endless":false,"potions_floor_spawned":[1,13,14,16,22,25,31,40,42],"killed_by":"Awakened One","ascension_level":20}}