{"host":"qxeepl7ydvsgmfdb","time":1612010964,"event":{"mods":["AchievementEnabler","BaseMod","Colored Powertips","Minty Spire (QoL Compilation)","Quick Restart","slay the spire mod where everything is the same but ironclad has a cowboy hat"],"gold_per_floor":[116,116,129,129,129,129,145,145,445,472,52,52,71,100,100,203,203,219,144,178,277,292,320,320,320],"floor_reached":24,"language":"ENG","playtime":885,"items_purged":["Strike_G"],"score":344,"play_id":"3f4aa6b2-115e-4e2c-9b27-9fe8ab230235","local_time":"20210130074924","is_ascension_mode":true,"campfire_choices":[{"data":"Backstab","floor":6.0,"key":"SMITH"},{"data":"Deflect","floor":8.0,"key":"SMITH"},{"floor":12.0,"key":"REST"},{"floor":15.0,"key":"REST"}],"circlet_count":0,"master_deck":["AscendersBane","Strike_G","Strike_G","Strike_G","Defend_G","Defend_G","Defend_G","Defend_G","Defend_G","Survivor","Neutralize","Backstab+1","Blade Dance","Deflect+1","Phantasmal Killer","Deadly Poison","All Out Attack","Accuracy","After Image","PiercingWail+1","Poisoned Stab+1","Terror","Deadly Poison"],"relics":["Ring of the Snake","NeowsBlessing","Old Coin","Centennial Puzzle","Shuriken","Omamori","SlaversCollar","Red Mask","Gambling Chip"],"acts_visited":["Exordium","TheCity"],"potions_floor_usage":[],"damage_taken":[{"damage":0.0,"enemies":"Jaw Worm","floor":1.0,"turns":1.0},{"damage":0.0,"enemies":"Cultist","floor":3.0,"turns":1.0},{"damage":0.0,"enemies":"2 Louse","floor":7.0,"turns":1.0},{"damage":26.0,"enemies":"Lagavulin","floor":10.0,"turns":9.0},{"damage":7.0,"enemies":"Exordium Thugs","floor":13.0,"turns":4.0},{"damage":8.0,"enemies":"3 Sentries","floor":14.0,"turns":4.0},{"damage":54.0,"enemies":"Hexaghost","floor":16.0,"turns":10.0},{"damage":20.0,"enemies":"2 Thieves","floor":18.0,"turns":4.0},{"damage":4.0,"enemies":"Masked Bandits","floor":20.0,"turns":5.0},{"damage":11.0,"enemies":"3 Byrds","floor":22.0,"turns":5.0},{"damage":16.0,"enemies":"Gremlin Leader","floor":23.0,"turns":6.0},{"damage":11,"enemies":"Centurion and Healer","floor":24,"turns":2}],"seed_played":"-5090717354712402635","potions_obtained":[{"floor":1.0,"key":"Explosive Potion"},{"floor":2.0,"key":"GhostInAJar"},{"floor":14.0,"key":"BlessingOfTheForge"},{"floor":16.0,"key":"LiquidMemories"}],"is_trial":false,"path_per_floor":["M","?","M","$","?","R","M","R","T","E","$","R","M","E","R","B",null,"M","?","?","?","M","E","M"],"character_chosen":"THE_SILENT","items_purchased":["Shuriken","PowerPotion","Deadly Poison"],"campfire_rested":2,"item_purchase_floors":[11,11,11],"current_hp_per_floor":[63,63,63,63,63,63,63,63,63,37,37,58,51,43,64,10,55,35,35,31,31,20,4,0,0],"gold":320,"neow_bonus":"THREE_ENEMY_KILL","is_daily":false,"chose_seed":false,"campfire_upgraded":2,"win_rate":0.0,"timestamp":1612010964,"path_taken":["M","?","M","?","?","R","?","R","T","E","?","R","M","E","R","BOSS","M","?","?","?","?","E","M"],"items_purchased_type":["Relic","Potion","Card"],"build_version":"2020-12-22","purchased_purges":1,"victory":false,"max_hp_per_floor":[70,70,70,70,70,70,70,70,70,70,70,70,70,70,70,70,70,70,70,70,70,70,70,70,70],"card_choices":[{"not_picked":["Concentrate","Poisoned Stab"],"picked":"Backstab","floor":1.0},{"not_picked":["Caltrops","Deflect"],"picked":"Blade Dance","floor":3.0},{"not_picked":["Tactician","Flying Knee"],"picked":"Deflect","floor":7.0},{"not_picked":["All Out Attack","Terror"],"picked":"Phantasmal Killer","floor":10.0},{"not_picked":["Acrobatics","Backflip"],"picked":"All Out Attack","floor":13.0},{"not_picked":["Venomology","Caltrops"],"picked":"Accuracy","floor":14.0},{"not_picked":["Venomology","Phantasmal Killer"],"picked":"After Image","floor":16.0},{"not_picked":["All Out Attack","Blur"],"picked":"PiercingWail+1","floor":18.0},{"not_picked":["Prepared","Cloak And Dagger"],"picked":"Poisoned Stab+1","floor":20.0},{"not_picked":["Dash","Prepared+1"],"picked":"Terror","floor":22.0},{"not_picked":["Caltrops","Doppelganger"],"picked":"Deadly Poison","floor":23.0}],"player_experience":253878,"relics_obtained":[{"floor":9.0,"key":"Old Coin"},{"floor":10.0,"key":"Centennial Puzzle"},{"floor":14.0,"key":"Omamori"},{"floor":20.0,"key":"Red Mask"},{"floor":23.0,"key":"Gambling Chip"}],"event_choices":[{"damage_healed":0.0,"max_hp_gain":0.0,"max_hp_loss":0.0,"gold_gain":0.0,"event_name":"Lab","player_choice":"Got Potions","floor":2.0,"gold_loss":0.0,"damage_taken":0.0},{"damage_healed":0.0,"max_hp_gain":0.0,"max_hp_loss":0.0,"gold_gain":0.0,"event_name":"Match and Keep!","player_choice":"0 cards matched","floor":5.0,"gold_loss":0.0,"damage_taken":0.0,"cards_obtained":[]},{"cards_removed":["Strike_G"],"damage_healed":0.0,"max_hp_gain":0.0,"max_hp_loss":0.0,"gold_gain":0.0,"event_name":"Beggar","player_choice":"Gave Gold","floor":19.0,"gold_loss":75.0,"damage_taken":0.0},{"damage_healed":0.0,"max_hp_gain":0.0,"max_hp_loss":0.0,"gold_gain":0.0,"event_name":"Masked Bandits","player_choice":"Fought Bandits","floor":20.0,"gold_loss":0.0,"damage_taken":0.0},{"damage_healed":0.0,"max_hp_gain":0.0,"max_hp_loss":0.0,"gold_gain":99.0,"event_name":"Nest","player_choice":"Stole From Cult","floor":21.0,"gold_loss":0.0,"damage_taken":0.0}],"is_beta":false,"boss_relics":[{"not_picked":["Astrolabe","Pandora\u0027s Box"],"picked":"SlaversCollar"}],"items_purged_floors":[11],"is_endless":false,"potions_floor_spawned":[1,13,14,16],"killed_by":"Centurion and Healer","ascension_level":11}}