{"host":"mp803s0sc2i1u2gf","time":1612020448,"event":{"mods":["AchievementEnabler","Aspiration","BaseMod","Better Altar","Better Match","Better Note","Better Sensory Stone","Better Skull","Better Third Choice","Better Vampires","BetterRewards","Displayed Cursed Tome","Downfall","Emptier Cage","Highlight Path","Infinite Spire","Marisa????????","Minty Spire (QoL Compilation)","Permanent Neow","Replay The Spire","StSLib","Unceasing Turn Reminder"],"gold_per_floor":[110,121,21,21,21,21,53,53,80,107,107,127,158,108,108,207,207,223,223,223,223,234,267,267,281,281,312,282,297,297,315,315,315,315],"floor_reached":33,"language":"ENG","playtime":1761,"items_purged":["Strike_P"],"score":414,"play_id":"1e7f79b8-6c19-4d1c-9387-7b2a8c999fca","local_time":"20210130162728","is_ascension_mode":true,"campfire_choices":[{"floor":6,"key":"REST"},{"data":"Pot Of Greed","floor":8,"key":"SMITH"},{"floor":15,"key":"DIG"},{"data":"WindmillStrike","floor":24,"key":"SMITH"},{"floor":30,"key":"REST"},{"data":"LessonLearned","floor":32,"key":"SMITH"}],"circlet_count":0,"master_deck":["Strike_P","Strike_P","Strike_P","Defend_P","Defend_P","Eruption","Vigilance","TalkToTheHand","Wallop+1","Replay:ManipulateFuture","Corpse Explosion","Pot Of Greed+1","Pot Of Greed","Evaluate","EmptyBody+1","WindmillStrike+1","ClearTheMind+1","CrushJoints","LessonLearned+1","ForeignInfluence+1","TalkToTheHand+1"],"relics":["PureWater","aspiration:HatOfInfinitePower","Regal Pillow","Grinning Jar","MealTicket","Durian","infinitespire:Bottled Soul","aspiration:FetidBarrel","aspiration:MarisaSkillbook","Matryoshka","Potion Belt","Dream Catcher","Ginger","Pondfish Scales"],"acts_visited":["Exordium","TheCity"],"potions_floor_usage":[23,27,29],"damage_taken":[{"damage":0,"enemies":"Small Slimes","floor":1,"turns":2},{"damage":2,"enemies":"Jaw Worm","floor":2,"turns":4},{"damage":0,"enemies":"3 Sentries","floor":7,"turns":2},{"damage":37,"enemies":"Gremlin Nob","floor":10,"turns":5},{"damage":0,"enemies":"Cultist","floor":12,"turns":2},{"damage":0,"enemies":"3 Sentries","floor":13,"turns":2},{"damage":13,"enemies":"The Guardian","floor":16,"turns":10},{"damage":13,"enemies":"2 Thieves","floor":18,"turns":2},{"damage":0,"enemies":"Chosen","floor":22,"turns":3},{"damage":20,"enemies":"Gremlin Leader","floor":23,"turns":4},{"damage":2,"enemies":"Snecko","floor":25,"turns":4},{"damage":25,"enemies":"Book of Stabbing","floor":27,"turns":5},{"damage":11,"enemies":"Shelled Parasite and Fungi","floor":29,"turns":3},{"damage":7,"enemies":"Cultist and Chosen","floor":31,"turns":5},{"damage":54,"enemies":"Champ","floor":33,"turns":7}],"seed_played":"5469225318499718682","potions_obtained":[{"floor":7,"key":"Languid Potion"},{"floor":16,"key":"ColorlessPotion"},{"floor":23,"key":"FearPotion"},{"floor":28,"key":"AttackPotion"},{"floor":28,"key":"Venom Potion"},{"floor":31,"key":"SpeedPotion"}],"is_trial":false,"path_per_floor":["M","M","$","?","?","R","E","R","T","E","?","M","E","?","R","B",null,"M","?","?","T","M","E","R","M","T","E","?","M","R","M","R","B"],"character_chosen":"WATCHER","items_purchased":["Replay:ManipulateFuture"],"campfire_rested":2,"item_purchase_floors":[3],"current_hp_per_floor":[51,49,49,22,22,58,58,58,58,26,19,19,19,19,19,6,77,64,69,69,69,69,49,49,47,47,22,22,11,49,42,42,0,0],"gold":315,"neow_bonus":"ONE_RARE_RELIC","is_daily":false,"chose_seed":false,"campfire_upgraded":3,"win_rate":0.0,"timestamp":1612020448,"path_taken":["M","M","$","?","?","R","E","R","T","E","?","?","E","?","R","BOSS","M","?","?","?","?","E","R","M","T","E","?","?","R","M","R","BOSS"],"items_purchased_type":["Card"],"build_version":"2020-12-22","purchased_purges":1,"victory":false,"max_hp_per_floor":[72,72,72,72,72,72,72,72,72,77,77,77,77,77,77,77,77,77,77,77,77,77,77,77,77,77,77,77,77,77,77,77,77,77],"card_choices":[{"not_picked":["Replay:ManipulateFuture","ThirdEye"],"picked":"TalkToTheHand","floor":1},{"not_picked":["Replay:BluntJabs","Nirvana"],"picked":"Wallop","floor":2},{"not_picked":["Ragnarok","Adaptation","FollowUp"],"picked":"SKIP","floor":7},{"not_picked":["Replay:BluntJabs","Consecrate"],"picked":"Replay:AtTheReady","floor":10},{"not_picked":["Prostrate","Pray","CarveReality"],"picked":"SKIP","floor":12},{"not_picked":["TalkToTheHand","Replay:Cycle"],"picked":"Evaluate","floor":13},{"not_picked":["Wireheading","Pray","PathToVictory"],"picked":"EmptyBody","floor":18},{"not_picked":["EmptyBody+1","CarveReality","LikeWater+1"],"picked":"WindmillStrike","floor":22},{"not_picked":["ThirdEye","Consecrate+1","CrushJoints"],"picked":"ClearTheMind+1","floor":23},{"not_picked":["Replay:BluntJabs","EmptyBody","Replay:Cycle+1"],"picked":"CrushJoints","floor":25},{"not_picked":["Adaptation","Replay:AtTheReady","EmptyMind+1"],"picked":"LessonLearned","floor":27},{"not_picked":["Replay:AtTheReady+1","Replay:BluntJabs","CrushJoints"],"picked":"ForeignInfluence+1","floor":29},{"not_picked":["FollowUp","EmptyBody","WreathOfFlame"],"picked":"TalkToTheHand+1","floor":30},{"not_picked":["FlyingSleeves","ThirdEye","Blasphemy","BowlingBash"],"picked":"SKIP","floor":31}],"player_experience":374593,"relics_obtained":[{"floor":7,"key":"Grinning Jar"},{"floor":9,"key":"MealTicket"},{"floor":10,"key":"Durian"},{"floor":13,"key":"infinitespire:Bottled Soul"},{"floor":15,"key":"aspiration:FetidBarrel"},{"floor":21,"key":"Matryoshka"},{"floor":23,"key":"Potion Belt"},{"floor":26,"key":"Dream Catcher"},{"floor":26,"key":"Ginger"},{"floor":27,"key":"Pondfish Scales"}],"event_choices":[{"cards_removed":["Defend_P"],"damage_healed":0,"gold_gain":0,"player_choice":"Card Removal","damage_taken":7,"max_hp_gain":0,"max_hp_loss":0,"event_name":"Golden Wing","floor":11,"gold_loss":0},{"cards_removed":["Defend_P"],"damage_healed":0,"gold_gain":0,"player_choice":"Card Removal","damage_taken":0,"max_hp_gain":0,"max_hp_loss":0,"event_name":"The Cleric","floor":14,"gold_loss":50},{"cards_removed":["Replay:AtTheReady"],"damage_healed":5,"gold_gain":0,"player_choice":"Offered Common","damage_taken":0,"max_hp_gain":0,"max_hp_loss":0,"event_name":"Bonfire Elementals","floor":19,"gold_loss":0},{"cards_removed":["Replay:AtTheReady"],"damage_healed":5,"gold_gain":0,"player_choice":"Offered Special","damage_taken":0,"max_hp_gain":0,"max_hp_loss":0,"event_name":"Bonfire Elementals","floor":19,"gold_loss":0},{"cards_removed":["Corpse Explosion"],"damage_healed":0,"gold_gain":0,"player_choice":"Give","damage_taken":0,"max_hp_gain":0,"max_hp_loss":0,"event_name":"betterNote:BetterNote","floor":20,"gold_loss":0,"cards_obtained":["Firewall"]},{"damage_healed":0,"gold_gain":0,"player_choice":"Bought 2 Potions","damage_taken":0,"max_hp_gain":0,"max_hp_loss":0,"event_name":"The Woman in Blue","floor":28,"gold_loss":0}],"is_beta":false,"boss_relics":[{"not_picked":["Ring of Chaos","Snecko Heart"],"picked":"aspiration:MarisaSkillbook"}],"items_purged_floors":[3],"is_endless":false,"potions_floor_spawned":[7,16,23,31],"killed_by":"Champ","ascension_level":2}}