{"host":"roto7j7840a50pxh","time":1612039461,"event":{"mods":["Act Like it!","BaseMod","Better Altar","Better Note","Better Sensory Stone","Better Skull","Better Third Choice","BetterRewards","Colored Map","Colored Powertips","Downfall","Hermit","Highlight Path","Hubris","Infinite Spire","Minty Spire (QoL Compilation)","Replay The Spire","Robot Space Explorer","Shade Mod","Spicy Shops","StSLib","The Construct","The Cursed","The Dragon Tamer","The Hierophant","The Necromancer","The Runesmith","The Servant 0.9.4","TheVacant"],"gold_per_floor":[99,99,118,118,118,133,133,83,111,111,187,218,218,230,246,349,349,349,361,372,385,385,385,409,33,43,58,73,73,73,90,101,206,206,206,217,217,233,244,258,258,358,375,389,409,409,419,437,449,349],"floor_reached":51,"language":"ENG","playtime":4452,"items_purged":["Regret","Clumsy"],"score":634,"play_id":"341fd20c-7a25-4063-81ec-6246d629f23c","local_time":"20210130154421","is_ascension_mode":false,"campfire_choices":[{"data":"champ:Taunt","floor":1.0,"key":"SMITH"},{"data":"champ:TornadoPunch","floor":10.0,"key":"SMITH"},{"data":"champ:FanOfKnives","floor":13.0,"key":"SMITH"},{"data":"champ:MurderStrike","floor":18.0,"key":"SMITH"},{"data":"champ:EnragedBash","floor":23.0,"key":"SMITH"},{"data":"infinitespire:Collect","floor":30.0,"key":"SMITH"},{"data":"champ:Duel","floor":35.0,"key":"SMITH"}],"circlet_count":0,"master_deck":["champ:Strike","champ:Strike","champ:Strike","champ:Defend+1","champ:Defend","champ:Execute","champ:Taunt+1","champ:FanOfKnives+1","champ:TornadoPunch+1","champ:VampiricStrike+1","champ:CalledShot","champ:Shatter","champ:Duel+1","champ:MurderStrike+1","champ:DefensiveShout","champ:PreciseThrust","champ:FancyFootwork","champ:IgnorePain","champ:BladeFlurry","champ:Circumvent+1","champ:BerserkerStyle","champ:MurderStrike+1","champ:IronFortress+1","champ:FocusedDefense","infinitespire:Collect+1","champ:StanceDance","champ:RisingSlash","champ:TripleStrike","champ:FocusedDefense+1","champ:EnGarde+1","champ:DefensiveStyle","champ:FocusedDefense","champ:Taunt","champ:TornadoPunch","champ:GladiatorStyle","champ:SteelEdge","hubris:Insight","hubris:DuctTapeCard","champ:ViciousMockery","champ:Duel","champ:HeartStrike+1","champ:ShieldWall+1","champ:ArenaPreparation","champ:FlashCut+1"],"relics":["champ:ChampionCrown","Bag of Preparation","hubris:Icosahedron","infinitespire:PuzzleCube","Odd Mushroom","Singing Bowl","Bronze Scales","hubris:ScarierMask","Vajra","hubris:DuctTape","DollysMirror","Lee\u0027s Waffle","hubris:VirtuousBlindfold","infinitespire:ShieldingShard","downfall:GremlinSack"],"acts_visited":["Exordium","TheCity","TheBeyond"],"potions_floor_usage":[44,44,47,50,50],"damage_taken":[{"damage":17.0,"enemies":"Jaw Worm","floor":3.0,"turns":6.0},{"damage":0.0,"enemies":"2 Louse","floor":6.0,"turns":2.0},{"damage":20.0,"enemies":"downfall:FleeingMerchant","floor":8.0,"turns":4.0},{"damage":0.0,"enemies":"The Mushroom Lair","floor":9.0,"turns":2.0},{"damage":15.0,"enemies":"3 Sentries","floor":12.0,"turns":5.0},{"damage":10.0,"enemies":"Small Slimes","floor":14.0,"turns":2.0},{"damage":10.0,"enemies":"Exordium Thugs","floor":15.0,"turns":3.0},{"damage":42.0,"enemies":"SI_SHIV_ARCHETYPE","floor":16.0,"turns":6.0},{"damage":5.0,"enemies":"3 Byrds","floor":19.0,"turns":2.0},{"damage":5.0,"enemies":"Chosen","floor":20.0,"turns":3.0},{"damage":0.0,"enemies":"Centurion and Healer","floor":21.0,"turns":2.0},{"damage":29.0,"enemies":"downfall:FleeingMerchant","floor":25.0,"turns":4.0},{"damage":8.0,"enemies":"Snake Plant","floor":26.0,"turns":3.0},{"damage":10.0,"enemies":"Shelled Parasite and Fungi","floor":27.0,"turns":3.0},{"damage":44.0,"enemies":"Snecko","floor":28.0,"turns":4.0},{"damage":0.0,"enemies":"Sentry and Sphere","floor":31.0,"turns":2.0},{"damage":31.0,"enemies":"Chosen and Byrds","floor":32.0,"turns":2.0},{"damage":62.0,"enemies":"IC_MUSHROOM_ARCHETYPE","floor":33.0,"turns":7.0},{"damage":5.0,"enemies":"Orb Walker","floor":36.0,"turns":2.0},{"damage":4.0,"enemies":"3 Shapes","floor":38.0,"turns":4.0},{"damage":26.0,"enemies":"Maw","floor":39.0,"turns":5.0},{"damage":10.0,"enemies":"Sphere and 2 Shapes","floor":40.0,"turns":2.0},{"damage":17.0,"enemies":"Sphere and 2 Shapes","floor":42.0,"turns":2.0},{"damage":33,"enemies":"Writhing Mass","floor":43,"turns":5},{"damage":2,"enemies":"4 Shapes","floor":44,"turns":5},{"damage":52,"enemies":"Transient","floor":45,"turns":5},{"damage":22,"enemies":"Maw","floor":47,"turns":6},{"damage":7,"enemies":"Jaw Worm Horde","floor":48,"turns":2},{"damage":17,"enemies":"4 Shapes","floor":49,"turns":4},{"damage":101,"enemies":"WA_ARCHETYPE_DIVINITY","floor":50,"turns":13}],"seed_played":"-8350428637908203526","potions_obtained":[{"floor":6.0,"key":"BlessingOfTheForge"},{"floor":12.0,"key":"Languid Potion"},{"floor":14.0,"key":"AttackPotion"},{"floor":16.0,"key":"Elixir"},{"floor":27.0,"key":"SteroidPotion"},{"floor":28.0,"key":"champ:TechniquePotion"},{"floor":31.0,"key":"champ:OpenerPotion"},{"floor":33.0,"key":"Toxic Potion"},{"floor":36.0,"key":"Adrenaline Potion"},{"floor":43,"key":"Strength Potion"},{"floor":44,"key":"SkillPotion"},{"floor":48,"key":"PowerPotion"}],"is_trial":false,"path_per_floor":["R","?","M","?","?","M","T","$","?","R","T","E","R","M","M","B",null,"R","M","M","M","?","R","T","$","M","M","M","AVR","R","M","M","B",null,"R","M","?","M","M","M","T","?","M","M","M","?","M","M","M","B",null],"character_chosen":"THE_CHAMP","items_purchased":["champ:CalledShot","hubris:DuctTape","champ:BerserkerStyle","DollysMirror"],"campfire_rested":0,"item_purchase_floors":[8,25,25,25],"current_hp_per_floor":[90,90,83,83,83,83,83,83,83,83,83,78,78,80,80,68,92,92,92,92,92,92,92,92,78,72,72,64,101,101,101,101,65,101,101,101,101,97,95,95,95,100,89,87,87,87,90,93,96,41],"gold":349,"neow_bonus":"RANDOM_COMMON_RELIC","is_daily":false,"chose_seed":false,"campfire_upgraded":7,"win_rate":0.0,"timestamp":1612039461,"path_taken":["R","?","M","?","?","M","T","$","?","R","?","E","R","M","M","BOSS","R","M","M","M","?","R","T","$","M","M","M","AVR","R","M","M","BOSS","R","M","?","M","M","M","T","?","M","?","M","?","M","M","M","BOSS"],"items_purchased_type":["Card","Relic","Card","Relic"],"build_version":"2020-12-22","purchased_purges":2,"victory":true,"max_hp_per_floor":[90,90,90,90,90,90,90,90,90,90,90,90,90,92,92,92,92,92,92,92,92,92,92,92,92,94,94,94,101,101,101,101,101,101,101,101,101,101,101,101,101,103,103,103,103,103,103,103,103,103],"card_choices":[{"not_picked":["champ:RecklessLeap","champ:FocusedBerserking"],"picked":"champ:FanOfKnives","floor":3.0},{"not_picked":["champ:Circumvent","champ:FlashCut"],"picked":"champ:TornadoPunch","floor":6.0},{"not_picked":["champ:FlashCut","champ:HeartStrike"],"picked":"champ:VampiricStrike","floor":8.0},{"not_picked":["champ:EndlessRage","champ:PreciseThrust"],"picked":"champ:Shatter","floor":9.0},{"not_picked":["champ:DefensiveShout","champ:EnGarde"],"picked":"champ:Duel","floor":12.0},{"not_picked":["champ:Shatter","champ:RecklessLeap","champ:Haymaker"],"picked":"Singing Bowl","floor":14.0},{"not_picked":["champ:Shatter","champ:PerfectedStrike"],"picked":"champ:FocusedBerserking","floor":15.0},{"not_picked":["champ:Improvising","champ:LastStand"],"picked":"champ:MurderStrike","floor":16.0},{"not_picked":["champ:Haymaker","champ:AdrenalArmor+1"],"picked":"champ:DefensiveShout","floor":19.0},{"not_picked":["champ:Haymaker","champ:TornadoPunch"],"picked":"champ:PreciseThrust","floor":20.0},{"not_picked":["champ:FaceSlap","champ:Shatter+1"],"picked":"champ:FancyFootwork","floor":21.0},{"not_picked":["champ:RageSigil","champ:Devastate"],"picked":"champ:Circumvent+1","floor":25.0},{"not_picked":["champ:DefensiveShout","champ:PreciseThrust","champ:Shatter+1"],"picked":"Singing Bowl","floor":26.0},{"not_picked":["champ:EndlessRage+1","champ:BerserkersShout"],"picked":"champ:IronFortress+1","floor":27.0},{"not_picked":["champ:BerserkerStyle+1","champ:EnGarde"],"picked":"champ:FocusedDefense","floor":28.0},{"not_picked":["champ:Backstep","champ:RecklessLeap"],"picked":"champ:StanceDance","floor":31.0},{"not_picked":["champ:CalledShot","champ:FanOfKnives+1"],"picked":"champ:RisingSlash","floor":32.0},{"not_picked":["champ:MurderStrike","champ:HeavySlash"],"picked":"champ:TripleStrike","floor":33.0},{"not_picked":["champ:CrownThrow","champ:PerfectedStrike"],"picked":"champ:FocusedDefense+1","floor":36.0},{"not_picked":["champ:TornadoPunch","champ:Haymaker+1"],"picked":"champ:EnGarde+1","floor":38.0},{"not_picked":["champ:AdrenalArmor+1","champ:ViciousMockery+1"],"picked":"champ:DefensiveStyle","floor":39.0},{"not_picked":["champ:Parry","champ:Backstep"],"picked":"champ:FocusedDefense","floor":40.0},{"not_picked":["champ:ShieldSigil","champ:BladeFlurry","champ:AdrenalArmor"],"picked":"Singing Bowl","floor":42.0},{"not_picked":["champ:TornadoPunch","champ:BerserkersShout"],"picked":"champ:ViciousMockery","floor":43},{"not_picked":["champ:BladeFlurry+1","champ:Backstep+1"],"picked":"champ:Duel","floor":44},{"not_picked":["champ:Endure","champ:TornadoPunch+1"],"picked":"champ:HeartStrike+1","floor":45},{"not_picked":["champ:BerserkerStyle+1","champ:BladeFlurry+1"],"picked":"champ:ShieldWall+1","floor":47},{"not_picked":["champ:ShieldWall","champ:FaceSlap"],"picked":"champ:ArenaPreparation","floor":48},{"not_picked":["champ:RapidStrikes+1","champ:FocusedBerserking+1"],"picked":"champ:FlashCut+1","floor":49}],"player_experience":1751093,"relics_obtained":[{"floor":7.0,"key":"infinitespire:PuzzleCube"},{"floor":9.0,"key":"Odd Mushroom"},{"floor":11.0,"key":"Singing Bowl"},{"floor":12.0,"key":"Bronze Scales"},{"floor":24.0,"key":"Vajra"},{"floor":41.0,"key":"infinitespire:ShieldingShard"},{"floor":42.0,"key":"downfall:GremlinSack"}],"event_choices":[{"damage_healed":0.0,"max_hp_gain":0.0,"max_hp_loss":0.0,"gold_gain":0.0,"event_name":"Mushrooms","player_choice":"Fought Mushrooms","floor":9.0,"gold_loss":0.0,"damage_taken":0.0}],"is_beta":false,"boss_relics":[{"not_picked":["Fusion Hammer","Black Star"],"picked":"hubris:ScarierMask"},{"not_picked":["Replay:Drink Me","hubris:HollowSoul"],"picked":"hubris:VirtuousBlindfold"}],"items_purged_floors":[25,29],"is_endless":false,"potions_floor_spawned":[6,12,14,16,27,28,31,32,33,36,43,44,48],"ascension_level":0}}