{"host":"na09lpbrez4gbfiz","time":1612047155,"event":{"mods":["Act Like it!","BaseMod","BetterRewards","Colored Map","Colored Powertips","DeckTracker","Googly Eyes","Highlight Path","Minty Spire (QoL Compilation)","Quick Restart","Spicy Shops","StSLib","SuperFastMode","Synergy Search"],"gold_per_floor":[118,43,53,53,53,53,86,86,86,117,117,21,39,91,91,91,91],"floor_reached":16,"language":"ENG","playtime":339,"items_purged":["Strike_R"],"score":180,"play_id":"449838eb-0984-46b9-a1aa-56e831985e8f","local_time":"20210130235235","is_ascension_mode":true,"campfire_choices":[{"data":"Bash","floor":6,"key":"SMITH"},{"floor":8,"key":"REST"},{"floor":11,"key":"REST"},{"floor":15,"key":"REST"}],"circlet_count":0,"master_deck":["AscendersBane","Strike_R","Strike_R","Strike_R","Defend_R","Defend_R","Defend_R","Bash+1","Shrug It Off","Shrug It Off","Body Slam","Doubt","Carnage","Ghostly Armor"],"relics":["Philosopher\u0027s Stone","Kunai","Prayer Wheel","Frozen Egg 2","PreservedInsect","Nunchaku"],"acts_visited":["Exordium"],"potions_floor_usage":[7,7],"damage_taken":[{"damage":7,"enemies":"2 Louse","floor":1,"turns":3},{"damage":8,"enemies":"Jaw Worm","floor":3,"turns":3},{"damage":21,"enemies":"3 Sentries","floor":7,"turns":11},{"damage":35,"enemies":"Gremlin Nob","floor":10,"turns":5},{"damage":0,"enemies":"Cultist","floor":13,"turns":3},{"damage":64,"enemies":"Slime Boss","floor":16,"turns":8}],"seed_played":"3345118702471758121","potions_obtained":[{"floor":1,"key":"BlessingOfTheForge"},{"floor":3,"key":"ColorlessPotion"}],"is_trial":false,"path_per_floor":["M","$","M","?","?","R","E","R","T","E","R","$","M","T","R","B"],"character_chosen":"IRONCLAD","items_purchased":["PreservedInsect","Carnage"],"campfire_rested":3,"item_purchase_floors":[12,12],"current_hp_per_floor":[61,61,53,53,46,46,25,47,47,12,34,34,34,34,56,0,0],"gold":91,"neow_bonus":"BOSS_RELIC","is_daily":false,"chose_seed":false,"campfire_upgraded":1,"win_rate":0.0,"timestamp":1612047155,"path_taken":["M","$","M","?","?","R","E","R","T","E","R","$","M","?","R","BOSS"],"items_purchased_type":["Relic","Card"],"build_version":"2020-12-22","purchased_purges":1,"victory":false,"max_hp_per_floor":[75,75,75,75,75,75,75,75,75,75,75,75,75,75,75,75,75],"card_choices":[{"not_picked":["Warcry","Armaments"],"picked":"Shrug It Off","floor":1},{"not_picked":["Power Through","Cleave"],"picked":"Shrug It Off","floor":3},{"not_picked":["Body Slam","Rupture","Anger"],"picked":"SKIP","floor":7},{"not_picked":["Pummel","Sword Boomerang","Body Slam"],"picked":"SKIP","floor":10},{"not_picked":["Pummel","Sword Boomerang"],"picked":"Body Slam","floor":10},{"not_picked":["Perfected Strike","Wild Strike"],"picked":"Ghostly Armor","floor":13},{"not_picked":["Perfected Strike","Pommel Strike","Cleave"],"picked":"SKIP","floor":13}],"player_experience":215108,"relics_obtained":[{"floor":7,"key":"Kunai"},{"floor":9,"key":"Prayer Wheel"},{"floor":10,"key":"Frozen Egg 2"},{"floor":14,"key":"Nunchaku"}],"event_choices":[{"cards_removed":["Defend_R"],"damage_healed":0,"gold_gain":0,"player_choice":"Forget","damage_taken":0,"max_hp_gain":0,"max_hp_loss":0,"event_name":"Living Wall","floor":4,"gold_loss":0},{"cards_removed":["Strike_R"],"damage_healed":0,"gold_gain":0,"player_choice":"Card Removal","damage_taken":7,"max_hp_gain":0,"max_hp_loss":0,"event_name":"Golden Wing","floor":5,"gold_loss":0}],"is_beta":false,"boss_relics":[],"items_purged_floors":[2],"is_endless":false,"potions_floor_spawned":[1,3],"killed_by":"Slime Boss","ascension_level":14}}