{"host":"bxn2em57qlx5u4i0","time":1612021440,"event":{"mods":["BaseMod","Colored Map","Colored Powertips","Highlight Path","Minty Spire (QoL Compilation)","Random Character Button","Relic Sorter","Relic Stats","StSLib","SuperFastMode"],"gold_per_floor":[115,115,115,14,29,29,55,55,81,115,134,34,34,334,334,334,334],"floor_reached":16,"language":"ENG","playtime":364,"items_purged":["Strike_G","Strike_G"],"score":212,"play_id":"a022eea1-b9c9-455e-a216-3658bfd01203","local_time":"20210130104400","is_ascension_mode":true,"campfire_choices":[{"data":"Terror","floor":6,"key":"SMITH"},{"floor":8,"key":"REST"},{"data":"Noxious Fumes","floor":13,"key":"SMITH"},{"data":"Footwork","floor":15,"key":"SMITH"}],"circlet_count":0,"master_deck":["AscendersBane","Strike_G","Strike_G","Defend_G","Defend_G","Defend_G","Defend_G","Defend_G","Survivor","Neutralize","Masterful Stab","Dagger Throw","Terror+1","Blur","Footwork+1","Noxious Fumes+1"],"relics":["Ring of the Snake","Incense Burner","Art of War","Bag of Preparation","Lantern","Potion Belt","Old Coin"],"acts_visited":["Exordium"],"potions_floor_usage":[10,16],"damage_taken":[{"damage":4,"enemies":"Jaw Worm","floor":1,"turns":7},{"damage":0,"enemies":"Cultist","floor":5,"turns":3},{"damage":17,"enemies":"Lagavulin","floor":7,"turns":6},{"damage":21,"enemies":"3 Sentries","floor":10,"turns":22},{"damage":0,"enemies":"2 Louse","floor":11,"turns":2},{"damage":17,"enemies":"Hexaghost","floor":16,"turns":9}],"seed_played":"4976716280032203735","potions_obtained":[{"floor":1,"key":"Explosive Potion"},{"floor":10,"key":"SpeedPotion"}],"is_trial":false,"path_per_floor":["M","?","?","$","M","R","E","R","T","E","M","$","R","T","R","B"],"character_chosen":"THE_SILENT","items_purchased":["Dagger Throw"],"campfire_rested":1,"item_purchase_floors":[4],"current_hp_per_floor":[40,35,35,35,35,35,18,37,37,16,16,16,16,16,16,0,0],"gold":334,"neow_bonus":"ONE_RARE_RELIC","is_daily":false,"chose_seed":false,"campfire_upgraded":3,"win_rate":0.0,"timestamp":1612021440,"path_taken":["M","?","?","$","M","R","E","R","T","E","?","$","R","?","R","BOSS"],"items_purchased_type":["Card"],"build_version":"2020-12-22","purchased_purges":2,"victory":false,"max_hp_per_floor":[66,66,66,66,66,66,66,66,66,66,66,66,66,66,66,66,66],"relic_stats":{"counters":[6,49],"Art of War":[6],"Bag of Preparation":[6],"obtain_stats":[{"Potion Belt":10,"Lantern":9,"Incense Burner":0,"Art of War":2,"Bag of Preparation":7,"Ring of the Snake":0,"Old Coin":14},{"Potion Belt":4,"Lantern":3,"Incense Burner":0,"Art of War":1,"Bag of Preparation":3,"Ring of the Snake":0,"Old Coin":5},{"Potion Belt":38,"Lantern":16,"Incense Burner":0,"Art of War":7,"Bag of Preparation":16,"Ring of the Snake":0,"Old Coin":40}],"Ring of the Snake":[12]},"card_choices":[{"not_picked":["Cloak And Dagger","Riddle With Holes"],"picked":"Masterful Stab","floor":1},{"not_picked":["Poisoned Stab","Predator"],"picked":"Terror","floor":5},{"not_picked":["Flying Knee","Catalyst"],"picked":"Blur","floor":7},{"not_picked":["Cloak And Dagger","Poisoned Stab"],"picked":"Footwork","floor":10},{"not_picked":["Deadly Poison","Flying Knee"],"picked":"Noxious Fumes","floor":11}],"player_experience":2978912,"relics_obtained":[{"floor":7,"key":"Bag of Preparation"},{"floor":9,"key":"Lantern"},{"floor":10,"key":"Potion Belt"},{"floor":14,"key":"Old Coin"}],"event_choices":[{"damage_healed":0,"gold_gain":0,"player_choice":"Success","damage_taken":5,"relics_obtained":["Art of War"],"max_hp_gain":0,"max_hp_loss":0,"event_name":"Scrap Ooze","floor":2,"gold_loss":0},{"cards_removed":["Strike_G"],"damage_healed":0,"gold_gain":0,"player_choice":"Purged","damage_taken":0,"max_hp_gain":0,"max_hp_loss":0,"event_name":"Purifier","floor":3,"gold_loss":0}],"is_beta":false,"boss_relics":[],"items_purged_floors":[4,12],"is_endless":false,"potions_floor_spawned":[1,10],"killed_by":"Hexaghost","ascension_level":20}}