{"host":"favrcuc0pmi4z15q","time":1612027937,"event":{"mods":["Act Like it!","BaseMod","Colored Powertips","Hallownest","Minty Spire (QoL Compilation)","Reliquary","Replay The Spire","Shop Mod","StSLib","The Bug Knight","The Jungle"],"gold_per_floor":[113,113,175,121,136,170,170,170,219,230,53,87,105,136,136,136,136],"floor_reached":16,"language":"ENG","playtime":976,"items_purged":[],"score":256,"play_id":"02907129-2d1c-4512-ba43-f7ff79cab9e9","local_time":"20210130183217","is_ascension_mode":true,"campfire_choices":[{"data":"HollowMod:SiblingsSouls","floor":7,"key":"SMITH"},{"floor":15,"key":"REST"}],"circlet_count":0,"master_deck":["AscendersBane","HollowMod:NailStrikeStart","HollowMod:NailStrikeStart","HollowMod:NailStrikeStart","HollowMod:NailStrikeStart","HollowMod:QuickDashStart","HollowMod:QuickDashStart","HollowMod:QuickDashStart","HollowMod:QuickDashStart","HollowMod:FocusHealStart","HollowMod:PogoStrike","HollowMod:SharpenedNail","HollowMod:SiblingsSouls+1","HollowMod:DoubleDash","HollowMod:HeavyBlow","HollowMod:SharpenedShadows+1","HollowMod:ShadowDash","HollowMod:VengefulVoid","HollowMod:RecoilStrike","HollowMod:SiblingsShadow"],"relics":["HollowMod:VesselMask","NeowsBlessing","Hallownest:DreamNailRelic","Blue Candle","Mummified Hand","Centennial Puzzle","Smiling Mask","Mummified Hand"],"acts_visited":["Hallownest:Greenpath"],"potions_floor_usage":[14,16,16],"damage_taken":[{"damage":0,"enemies":"Hallownest:2_Baldur","floor":1,"turns":1},{"damage":0,"enemies":"Hallownest:2_MossCreeps","floor":5,"turns":1},{"damage":0,"enemies":"Hallownest:eliteVengeflyKing","floor":6,"turns":1},{"damage":0,"enemies":"Hallownest:monsterHuskWarrior","floor":10,"turns":4},{"damage":39,"enemies":"Hallownest:eliteCrystalGuardian","floor":12,"turns":8},{"damage":5,"enemies":"Hallownest:monsterFoolEater","floor":13,"turns":4},{"damage":32,"enemies":"Hallownest:eliteMossKnight","floor":14,"turns":8},{"damage":51,"enemies":"Hallownest:BossHornet","floor":16,"turns":11}],"seed_played":"4899841033080055221","potions_obtained":[{"floor":3,"key":"SkillPotion"},{"floor":3,"key":"Strength Potion"},{"floor":5,"key":"Regen Potion"},{"floor":14,"key":"Dexterity Potion"}],"is_trial":false,"path_per_floor":["M","?","?","$","M","E","R","T","T","M","$","E","M","E","R","B"],"character_chosen":"THE_BUGKNIGHT","items_purchased":["HollowMod:DoubleDash","HollowMod:SharpenedShadows+1","HollowMod:ShadowDash","HollowMod:VengefulVoid"],"campfire_rested":1,"item_purchase_floors":[4,11,11,11],"current_hp_per_floor":[68,68,68,68,68,68,68,68,68,74,74,35,30,19,41,0,0],"gold":136,"neow_bonus":"THREE_ENEMY_KILL","is_daily":false,"chose_seed":false,"campfire_upgraded":1,"win_rate":0.0,"timestamp":1612027937,"path_taken":["M","?","?","$","M","E","R","?","T","M","$","E","M","E","R","BOSS"],"items_purchased_type":["Card","Card","Card","Card"],"build_version":"2020-12-22","purchased_purges":0,"victory":false,"max_hp_per_floor":[75,75,75,75,75,75,75,75,75,75,75,75,75,75,75,75,75],"card_choices":[{"not_picked":["HollowMod:LuriensSpire","HollowMod:VengefulVoid"],"picked":"HollowMod:SharpenedNail","floor":1},{"not_picked":["HollowMod:AbyssShriek","HollowMod:BlackTendrils"],"picked":"HollowMod:SiblingsSouls","floor":3},{"not_picked":["HollowMod:DescendingDark","HollowMod:SiblingsSouls","HollowMod:WraithStrike"],"picked":"SKIP","floor":5},{"not_picked":["HollowMod:AbyssShriek","HollowMod:LifebloodCore","HollowMod:ShadowDash"],"picked":"SKIP","floor":6},{"not_picked":["HollowMod:SharpenedNail","HollowMod:SoulVessel"],"picked":"HollowMod:HeavyBlow","floor":10},{"not_picked":["HollowMod:InfectedCysts","HollowMod:HowlingWraiths"],"picked":"HollowMod:RecoilStrike","floor":12},{"not_picked":["HollowMod:CycloneSlash","HollowMod:GoodIntentions"],"picked":"HollowMod:SiblingsShadow","floor":13},{"not_picked":["HollowMod:SoulSplash","HollowMod:RadiancesLament","HollowMod:SharpenedNail"],"picked":"SKIP","floor":14}],"player_experience":1098264,"relics_obtained":[{"floor":6,"key":"Blue Candle"},{"floor":8,"key":"Mummified Hand"},{"floor":9,"key":"Centennial Puzzle"},{"floor":12,"key":"Smiling Mask"},{"floor":14,"key":"reliquary:SculptingSteel"}],"event_choices":[],"is_beta":false,"boss_relics":[],"items_purged_floors":[],"is_endless":false,"potions_floor_spawned":[5,6,14],"killed_by":"Hallownest:BossHornet","ascension_level":20}}