{"host":"6xsbn6ynqlzwllfm","time":1612032619,"event":{"mods":["2.2 Compatiblity","BaseMod","Bestiary","Colored Map","Colored Powertips","Curses Come First","Highlight Path","Keyboard Shortcuts","Minty Spire (QoL Compilation)","Relic Stats","Slay the Relics Exporter","StSLib","SuperFastMode"],"gold_per_floor":[119,44,55,67,85,117,64,98,98,98,127,127,127,127],"floor_reached":13,"language":"ENG","playtime":415,"items_purged":["Strike_P"],"score":206,"play_id":"8f8b3966-1a16-4d8d-aae7-44bd3fc345e2","local_time":"20210130135019","is_ascension_mode":true,"campfire_choices":[{"data":"Devotion","floor":10,"key":"SMITH"}],"circlet_count":0,"master_deck":["AscendersBane","Strike_P","Strike_P","Strike_P","Defend_P","Defend_P","Defend_P","Eruption","Vigilance","EmptyFist","Scrawl","Devotion+1","TalkToTheHand","WindmillStrike"],"relics":["Snecko Eye","Darkstone Periapt","Shuriken","Bottled Flame","Lantern"],"acts_visited":["Exordium"],"potions_floor_usage":[4,13],"damage_taken":[{"damage":0,"enemies":"Cultist","floor":1,"turns":2},{"damage":0,"enemies":"Jaw Worm","floor":3,"turns":4},{"damage":0,"enemies":"2 Louse","floor":4,"turns":3},{"damage":3,"enemies":"Blue Slaver","floor":5,"turns":3},{"damage":38,"enemies":"Gremlin Nob","floor":6,"turns":4},{"damage":2,"enemies":"Lagavulin","floor":8,"turns":6},{"damage":2,"enemies":"Gremlin Nob","floor":11,"turns":3},{"damage":17,"enemies":"3 Sentries","floor":13,"turns":3}],"seed_played":"1172596735951643993","potions_obtained":[{"floor":1,"key":"SkillPotion"},{"floor":3,"key":"LiquidBronze"}],"is_trial":false,"path_per_floor":["M","$","M","M","M","E","$","E","T","R","E","?","E"],"character_chosen":"WATCHER","items_purchased":["Block Potion"],"campfire_rested":0,"item_purchase_floors":[7],"current_hp_per_floor":[61,61,61,61,58,20,20,18,18,18,16,16,0,0],"gold":127,"neow_bonus":"BOSS_RELIC","is_daily":false,"chose_seed":false,"campfire_upgraded":1,"win_rate":0.0,"timestamp":1612032619,"path_taken":["M","$","M","M","?","E","?","E","T","R","E","?","E"],"items_purchased_type":["Potion"],"build_version":"2020-12-22","purchased_purges":1,"victory":false,"max_hp_per_floor":[68,68,68,68,68,68,68,68,68,68,68,68,68,68],"relic_stats":{"Darkstone Periapt":0,"counters":[8,28],"Shuriken":[3],"Snecko Eye":[49,59,37,51],"obtain_stats":[{"Darkstone Periapt":6,"Bottled Flame":9,"Lantern":11,"Shuriken":8,"Snecko Eye":0,"PureWater":0},{"Darkstone Periapt":5,"Bottled Flame":6,"Lantern":7,"Shuriken":6,"Snecko Eye":0,"PureWater":0},{"Darkstone Periapt":16,"Bottled Flame":22,"Lantern":25,"Shuriken":22,"Snecko Eye":0,"PureWater":0}]},"card_choices":[{"not_picked":["BowlingBash","PathToVictory"],"picked":"EmptyFist","floor":3},{"not_picked":["DeceiveReality","FlyingSleeves"],"picked":"Scrawl","floor":5},{"not_picked":["FearNoEvil","JustLucky"],"picked":"Devotion","floor":6},{"not_picked":["CutThroughFate","BowlingBash"],"picked":"TalkToTheHand","floor":8}],"player_experience":1295220,"relics_obtained":[{"floor":6,"key":"Darkstone Periapt"},{"floor":8,"key":"Shuriken"},{"floor":9,"key":"Bottled Flame"},{"floor":11,"key":"Lantern"}],"event_choices":[{"damage_healed":0,"gold_gain":0,"cards_transformed":["Defend_P"],"player_choice":"Change","damage_taken":0,"max_hp_gain":0,"max_hp_loss":0,"event_name":"Living Wall","floor":12,"gold_loss":0,"cards_obtained":["WindmillStrike"]}],"is_beta":false,"boss_relics":[],"items_purged_floors":[2],"is_endless":false,"potions_floor_spawned":[1,3,11],"killed_by":"3 Sentries","ascension_level":20}}