{"host":"19r1ww88x2tc73i0","time":1612015929,"event":{"mods":["BaseMod","BetterRewards","Colored Map","Minty Spire (QoL Compilation)","Relic Stats","StSLib","SuperFastMode","slay the spire mod where everything is the same but ironclad has a cowboy hat"],"gold_per_floor":[116,134,145,70,120,120,148,148,200,219,248,269,126,164,164,251,278,304,133,156,173,9,9,9],"floor_reached":23,"language":"ENG","playtime":820,"items_purged":["Strike_R"],"score":656,"play_id":"13b09ef2-2596-4ade-b1e8-d30d9ae9f3df","local_time":"25640130211209","is_ascension_mode":true,"campfire_choices":[{"data":"Bash","floor":6,"key":"SMITH"},{"data":"Anger","floor":8,"key":"SMITH"},{"data":"Double Tap","floor":15,"key":"SMITH"}],"circlet_count":0,"master_deck":["AscendersBane","Defend_R","Defend_R","Bash+1","Anger+1","Flex","Headbutt","Battle Trance","Double Tap+1","Twin Strike","Shrug It Off","Fire Breathing","Flame Barrier","Reaper","Burning Pact+1","Flame Barrier+1","Demon Form+1","Cleave","Feel No Pain+1"],"relics":["Burning Blood","Lantern","CeramicFish","Sundial","Astrolabe","Sling","Happy Flower"],"acts_visited":["Exordium","TheCity"],"potions_floor_usage":[7,20,21,23],"damage_taken":[{"damage":5,"enemies":"2 Louse","floor":1,"turns":4},{"damage":2,"enemies":"Jaw Worm","floor":2,"turns":4},{"damage":1,"enemies":"Cultist","floor":3,"turns":3},{"damage":0,"enemies":"Lagavulin","floor":7,"turns":3},{"damage":14,"enemies":"Red Slaver","floor":10,"turns":2},{"damage":5,"enemies":"Gremlin Gang","floor":11,"turns":4},{"damage":13,"enemies":"Blue Slaver","floor":12,"turns":3},{"damage":7,"enemies":"Gremlin Nob","floor":14,"turns":3},{"damage":4,"enemies":"Slime Boss","floor":16,"turns":7},{"damage":1,"enemies":"Chosen","floor":18,"turns":4},{"damage":0,"enemies":"3 Byrds","floor":20,"turns":2},{"damage":12,"enemies":"Snake Plant","floor":21,"turns":4},{"damage":64,"enemies":"Gremlin Leader","floor":23,"turns":5}],"seed_played":"-6030635181291543145","potions_obtained":[{"floor":1,"key":"AttackPotion"},{"floor":2,"key":"Weak Potion"},{"floor":7,"key":"LiquidBronze"},{"floor":16,"key":"DistilledChaos"},{"floor":20,"key":"Swift Potion"}],"is_trial":false,"path_per_floor":["M","M","M","?","?","R","E","R","T","M","M","M","$","E","R","B",null,"M","$","M","M","$","E"],"character_chosen":"IRONCLAD","items_purchased":["Shrug It Off","Fire Breathing","Sling","Happy Flower"],"campfire_rested":0,"item_purchase_floors":[13,13,19,22],"current_hp_per_floor":[68,68,68,68,68,68,68,68,68,60,61,54,54,53,53,55,65,68,68,68,62,62,0,0],"gold":9,"neow_bonus":"REMOVE_TWO","is_daily":false,"chose_seed":false,"campfire_upgraded":3,"win_rate":0.0,"timestamp":1612015929,"path_taken":["M","M","M","?","?","R","E","R","T","M","?","M","$","E","R","BOSS","M","?","M","?","$","E"],"items_purchased_type":["Card","Card","Relic","Relic"],"build_version":"2020-12-22","purchased_purges":1,"victory":false,"max_hp_per_floor":[68,68,68,68,68,68,68,68,68,68,68,68,68,68,68,68,68,68,68,68,68,68,68,68],"relic_stats":{"Happy Flower":[1],"counters":[13,48],"Sundial":[4],"CeramicFish":99,"Astrolabe":["Burning Pact","Flame Barrier","Demon Form"],"obtain_stats":[{"Lantern":7,"Happy Flower":22,"Sundial":14,"CeramicFish":9,"Astrolabe":17,"Sling":19,"Burning Blood":0},{"Lantern":4,"Happy Flower":12,"Sundial":8,"CeramicFish":4,"Astrolabe":9,"Sling":10,"Burning Blood":0},{"Lantern":14,"Happy Flower":43,"Sundial":26,"CeramicFish":14,"Astrolabe":33,"Sling":37,"Burning Blood":0}],"Burning Blood":48},"card_choices":[{"not_picked":["Burning Pact","Body Slam"],"picked":"Anger","floor":1},{"not_picked":["Perfected Strike","Warcry"],"picked":"Flex","floor":2},{"not_picked":["Burning Pact","Heavy Blade"],"picked":"Headbutt","floor":3},{"not_picked":["Iron Wave","Armaments"],"picked":"Battle Trance","floor":7},{"not_picked":["Infernal Blade","Armaments","Perfected Strike"],"picked":"SKIP","floor":10},{"not_picked":["Perfected Strike","Battle Trance"],"picked":"Double Tap","floor":11},{"not_picked":["Rupture","Headbutt"],"picked":"Twin Strike","floor":12},{"not_picked":["Warcry","Disarm"],"picked":"Flame Barrier","floor":14},{"not_picked":["Feed","Berserk"],"picked":"Reaper","floor":16},{"not_picked":["Carnage","Warcry"],"picked":"Cleave","floor":18},{"not_picked":["Armaments","Twin Strike"],"picked":"Feel No Pain+1","floor":20},{"not_picked":["Anger","Cleave","Iron Wave"],"picked":"SKIP","floor":21}],"player_experience":979587,"relics_obtained":[{"floor":7,"key":"Lantern"},{"floor":9,"key":"CeramicFish"},{"floor":14,"key":"Sundial"}],"event_choices":[{"cards_removed":["Strike_R"],"damage_healed":0,"gold_gain":0,"player_choice":"Card Removal","damage_taken":0,"max_hp_gain":0,"max_hp_loss":0,"event_name":"The Cleric","floor":4,"gold_loss":75},{"damage_healed":0,"gold_gain":50,"player_choice":"Pray","damage_taken":0,"max_hp_gain":0,"max_hp_loss":0,"event_name":"Golden Shrine","floor":5,"gold_loss":0}],"is_beta":false,"boss_relics":[{"not_picked":["Black Blood","Busted Crown"],"picked":"Astrolabe"}],"items_purged_floors":[13],"is_endless":false,"potions_floor_spawned":[1,2,7,16,20],"killed_by":"Gremlin Leader","ascension_level":20}}