{"host":"yzb2zje941uub2vb","time":1612029504,"event":{"mods":["BaseMod","Minty Spire (QoL Compilation)","The Construct"],"gold_per_floor":[118,293,303,77,77,108,108,108,108,108,141,161,161,161],"floor_reached":13,"language":"ZHS","playtime":925,"items_purged":["Doubt"],"score":91,"play_id":"802952e8-8dd8-48dd-b5fc-b76b0034fd42","local_time":"20210130185824","is_ascension_mode":false,"campfire_choices":[{"data":"construct:DefenseMode","floor":7,"key":"SMITH"},{"data":"construct:Autoturret","floor":10,"key":"SMITH"}],"circlet_count":0,"master_deck":["construct:Strike_Gold","construct:Strike_Gold","construct:Strike_Gold","construct:Strike_Gold","construct:Strike_Gold","construct:Defend_Gold+1","construct:Defend_Gold","construct:Defend_Gold","construct:Defend_Gold","construct:Defend_Gold","construct:AttackMode","construct:DefenseMode+1","construct:SuppressiveFire","construct:Autoturret+1","construct:ShieldGenerator+2","construct:ModeShift"],"relics":["construct:Cogwheel","construct:MegaBattery","Matryoshka","Bag of Preparation","Lantern","Gambling Chip"],"acts_visited":["Exordium"],"potions_floor_usage":[13],"damage_taken":[{"damage":0,"enemies":"Small Slimes","floor":1,"turns":3},{"damage":10,"enemies":"Jaw Worm","floor":3,"turns":13},{"damage":20,"enemies":"Lagavulin","floor":6,"turns":37},{"damage":21,"enemies":"3 Sentries","floor":11,"turns":29},{"damage":0,"enemies":"2 Louse","floor":12,"turns":3},{"damage":59,"enemies":"Gremlin Nob","floor":13,"turns":6}],"seed_played":"-6063168595287850221","potions_obtained":[{"floor":11,"key":"construct:ShiftPotion"},{"floor":12,"key":"Weak Potion"}],"is_trial":false,"path_per_floor":["M","?","M","$","?","E","R","?","T","R","E","M","E"],"character_chosen":"THE_CONSTRUCT_MOD","items_purchased":["construct:ShieldGenerator"],"campfire_rested":0,"item_purchase_floors":[4],"current_hp_per_floor":[93,93,83,83,80,60,60,60,60,60,39,39,0,0],"gold":161,"neow_bonus":"TEN_PERCENT_HP_BONUS","is_daily":false,"chose_seed":false,"campfire_upgraded":2,"win_rate":0.0,"timestamp":1612029504,"path_taken":["M","?","M","$","?","E","R","?","T","R","E","M","E"],"items_purchased_type":["Card"],"build_version":"2020-12-22","purchased_purges":1,"victory":false,"max_hp_per_floor":[93,93,93,93,93,93,93,93,93,93,93,93,93,93],"card_choices":[{"not_picked":["construct:VentSteam","construct:FocusedBeam"],"picked":"construct:SuppressiveFire","floor":1},{"not_picked":["construct:FierceBash","construct:SaveState"],"picked":"construct:Autoturret","floor":3},{"not_picked":["construct:Boost","construct:Electrocute","construct:ForceCore"],"picked":"SKIP","floor":6},{"not_picked":["construct:Dampening","construct:PowerUp","construct:SuppressiveFire"],"picked":"SKIP","floor":11},{"not_picked":["construct:FierceBash","construct:SaveState"],"picked":"construct:ModeShift","floor":12}],"player_experience":102986,"relics_obtained":[{"floor":6,"key":"Matryoshka"},{"floor":9,"key":"Bag of Preparation"},{"floor":9,"key":"Lantern"},{"floor":11,"key":"Gambling Chip"}],"event_choices":[{"damage_healed":0,"gold_gain":175,"player_choice":"AGREE","damage_taken":0,"max_hp_gain":0,"max_hp_loss":0,"event_name":"Liars Game","floor":2,"gold_loss":0,"cards_obtained":["Doubt"]},{"damage_healed":0,"gold_gain":0,"player_choice":"Success","damage_taken":3,"relics_obtained":["construct:MegaBattery"],"max_hp_gain":0,"max_hp_loss":0,"event_name":"Scrap Ooze","floor":5,"gold_loss":0},{"damage_healed":0,"gold_gain":0,"player_choice":"Grow","damage_taken":0,"max_hp_gain":0,"max_hp_loss":0,"event_name":"Living Wall","floor":8,"gold_loss":0,"cards_upgraded":["construct:Defend_Gold"]}],"is_beta":false,"boss_relics":[],"items_purged_floors":[4],"is_endless":false,"potions_floor_spawned":[11,12],"killed_by":"Gremlin Nob","ascension_level":0}}