{"host":"bx8ylsmj2ob6hd5u","time":1612029141,"event":{"mods":["AchievementEnabler","Act Like it!","Aspiration","BaseMod","Colored Map","Downfall","Duelist Mod","Friendly Minions","Gensokyo","GifTheSpireLib","Hallownest","Hermit","HololiveMod","Hubris","Infinite Spire","Jorbs\u0027s Wanderer Trilogy","KinomotoSakuraMod(????)","Kiyohime????","Koishi","KomeijiMod","Lobotomy","LobotomyExtend","Marisa????????","Minty Spire (QoL Compilation)","Prisma Mod","Rare Cards Sparkle","Reimu??????","Remilia??????","Replay The Spire","StSLib","Td1madao Mod","The Administrix","The Animator","The Bug Knight","The Construct","The Cursed","The Disciple","The Hierophant","The Necromancer","The Poker Player","The Runesmith","The Senshi","The Servant 0.9.4","WarShipGirlsR/????R mod"],"gold_per_floor":[109,120,135,135,154,154,154,166,166,184,200,200,49,64,64,169,169,179,192,192,192,192],"floor_reached":21,"language":"ENG","playtime":1228,"items_purged":[],"score":175,"play_id":"e7ef2868-8ee9-44bb-80da-7ec45ec41e86","local_time":"20210130195221","is_ascension_mode":false,"campfire_choices":[{"floor":6,"key":"REST"},{"floor":12,"key":"REST"},{"data":"Fasting2","floor":15,"key":"SMITH"}],"circlet_count":0,"master_deck":["Strike_P","Strike_P","Strike_P","Strike_P","Defend_P","Defend_P","Defend_P","Defend_P","Eruption+1","Vigilance","Replay:BluntJabs","WindmillStrike","BattleHymn","LikeWater","Demon Form","ClearTheMind","FlurryOfBlows","Fasting2+1","Establishment","Crescendo+1","LikeWater"],"relics":["PureWater","aspiration:Nostalgia","m_ScarletBlood","LetterFromLob","Hallownest:DreamNailRelic","Chameleon Ring","Lee\u0027s Waffle","construct:ClawGrip","hubris:Icosahedron"],"acts_visited":["Exordium","Hallownest:Greenpath"],"potions_floor_usage":[3,3,5,16,16,16,19],"damage_taken":[{"damage":4,"enemies":"Hallownest:2_Baldur","floor":1,"turns":6},{"damage":9,"enemies":"Hallownest:2_Tiktiks_and_1_Crawlid","floor":2,"turns":4},{"damage":0,"enemies":"2_ Uuma","floor":3,"turns":2},{"damage":27,"enemies":"Hallownest:1_Ooma_and_2_Uuma","floor":5,"turns":5},{"damage":26,"enemies":"Hallownest:1_Baldur_1_Crawlid_1_Warrior","floor":8,"turns":5},{"damage":22,"enemies":"Hallownest:Guard_and_Warrior","floor":10,"turns":6},{"damage":0,"enemies":"Hallownest:monsterAspidMother","floor":11,"turns":4},{"damage":4,"enemies":"Hallownest:MossCreep_and_Mosskin","floor":14,"turns":4},{"damage":11,"enemies":"Hallownest:BossFalseKnight","floor":16,"turns":6},{"damage":7,"enemies":"Hallownest:Flukemon_and_Top","floor":18,"turns":6},{"damage":29,"enemies":"Hallownest:Guard_and_Sentry","floor":19,"turns":3},{"damage":50,"enemies":"Hallownest:2_Husk_Sentries","floor":21,"turns":3}],"seed_played":"-3384992215877873348","potions_obtained":[{"floor":2,"key":"EntropicBrew"},{"floor":3,"key":"Dexterity Potion"},{"floor":11,"key":"Adrenaline Potion"},{"floor":18,"key":"Explosive Potion"}],"is_trial":false,"path_per_floor":["M","M","M","?","M","R","?","M","T","M","M","R","$","M","R","B",null,"M","M","?","M"],"character_chosen":"WATCHER","items_purchased":["Lee\u0027s Waffle"],"campfire_rested":2,"item_purchase_floors":[13],"current_hp_per_floor":[68,59,59,59,32,53,53,27,27,5,5,26,79,75,75,64,79,72,43,43,0,0],"gold":192,"neow_bonus":"NOSTALGIA","is_daily":false,"chose_seed":false,"campfire_upgraded":1,"win_rate":0.0,"timestamp":1612029141,"path_taken":["M","M","?","?","M","R","?","M","T","M","?","R","?","M","R","BOSS","M","M","?","M"],"items_purchased_type":["Relic"],"build_version":"2020-12-22","purchased_purges":0,"victory":false,"max_hp_per_floor":[72,72,72,72,72,72,72,72,72,72,72,72,79,79,79,79,79,79,79,79,79,79],"card_choices":[{"not_picked":["JustLucky","Protect"],"picked":"Replay:BluntJabs","floor":1},{"not_picked":["CrushJoints","Replay:BluntJabs"],"picked":"WindmillStrike","floor":2},{"not_picked":["Perseverance","WindmillStrike"],"picked":"BattleHymn","floor":3},{"not_picked":["CrushJoints","CutThroughFate"],"picked":"LikeWater","floor":5},{"not_picked":["Halt","BowlingBash"],"picked":"Demon Form","floor":8},{"not_picked":["Flex","FlurryOfBlows"],"picked":"ClearTheMind","floor":10},{"not_picked":["Protect","CrushJoints"],"picked":"FlurryOfBlows","floor":11},{"not_picked":["EmptyBody","JustLucky"],"picked":"Fasting2","floor":14},{"not_picked":["Double Tap","Limit Break"],"picked":"Establishment","floor":16},{"not_picked":["Study","Protect"],"picked":"Crescendo+1","floor":18},{"not_picked":["Consecrate","CutThroughFate"],"picked":"LikeWater","floor":19}],"player_experience":1519854,"relics_obtained":[{"floor":1,"key":"LetterFromLob"},{"floor":9,"key":"Chameleon Ring"}],"event_choices":[],"is_beta":false,"boss_relics":[{"not_picked":["VioletLotus","Black Star"],"picked":"construct:ClawGrip"}],"items_purged_floors":[],"is_endless":false,"potions_floor_spawned":[2,3,11,14,18],"killed_by":"Hallownest:2_Husk_Sentries","ascension_level":0}}