{"host":"b7aehbxzgm9n1d2s","time":1612013378,"event":{"mods":["A Magickal Journey","Astrologer","BaseMod","Better Altar","Better Third Choice","Clockwork Mod","Curses Come First","DeckTracker","Disable Question Mark Monsters","Downfall","Gremlin Mod","Highlight Path","Ironclad Rager","Minty Spire (QoL Compilation)","Permanent Neow","Quick Restart","READ ME - Guardian Mod","StSLib","The Cursed","The Death Knight","The Exalted","The Forsaken","The Marked","The Runesmith"],"gold_per_floor":[118,128,140,151,151,151,116,129,129,129,99,99,117,117,117,222,222,235,84,84,98,114,114,29,29,29,29,43,43,59,79,79,175,175,189,189,189,62,79,79,95,95,95,105,105,105,125,141,141,141],"floor_reached":51,"language":"ENG","playtime":2490,"items_purged":["Bromod:Strike_Bro"],"score":666,"play_id":"1719fa37-c901-4184-b7fa-60a3cfdcc056","local_time":"20210130142938","is_ascension_mode":false,"campfire_choices":[{"data":"Bromod:ArchwingLauncher","floor":6,"key":"SMITH"},{"data":"Bromod:Redirection","floor":10,"key":"SMITH"},{"data":"Bromod:ContagiousSpread","floor":15,"key":"SMITH"},{"data":"Bromod:Intensify","floor":23,"key":"SMITH"},{"data":"Bromod:Vitality","floor":25,"key":"SMITH"},{"data":"Bromod:RadialBlind","floor":29,"key":"SMITH"},{"data":"Bromod:ToxicBarrage","floor":32,"key":"SMITH"},{"data":"Bromod:BulletJump","floor":40,"key":"SMITH"},{"data":"Bromod:BulletJump","floor":42,"key":"SMITH"},{"floor":45,"key":"REST"},{"floor":49,"key":"REST"}],"circlet_count":0,"master_deck":["Bromod:Strike_Bro","Bromod:Strike_Bro","Bromod:Defend_Bro","Bromod:Defend_Bro","Bromod:Defend_Bro","Bromod:Defend_Bro+1","Bromod:SlashDash+1","Bromod:SlashDash","Bromod:BulletJump+1","Bromod:BulletJump+1","Bromod:Redirection+1","Bromod:ArchwingLauncher+1","Bromod:RadialBlind+1","Bromod:ContagiousSpread+1","Bromod:Vitality+1","Bromod:Intensify+1","Bromod:Stretch+1","Bromod:Thunderbolt+1","Bromod:ContagiousSpread+1","Bromod:SteelFiber+1","Bromod:BulletJump+1","Bromod:ToxicBarrage+1","Bromod:SplitChamber+1","Bromod:NorthWind+1","Bromod:ContagiousSpread+1"],"relics":["Bromod:Ordis","Bromod:AscarisDevice","Bag of Preparation","Letter Opener","Velvet Choker","Orrery","Gremlin Horn","Bottled Lightning","Bromod:ArcaneBarrier","Frozen Egg 2"],"acts_visited":["Exordium","TheCity","TheBeyond"],"potions_floor_usage":[50,50],"damage_taken":[{"damage":0,"enemies":"Small Slimes","floor":1,"turns":2},{"damage":2,"enemies":"Jaw Worm","floor":2,"turns":6},{"damage":0,"enemies":"2 Louse","floor":3,"turns":2},{"damage":2,"enemies":"Blue Slaver","floor":4,"turns":7},{"damage":0,"enemies":"Large Slime","floor":8,"turns":10},{"damage":0,"enemies":"Looter","floor":11,"turns":4},{"damage":1,"enemies":"Gremlin Gang","floor":13,"turns":5},{"damage":4,"enemies":"Slime Boss","floor":16,"turns":28},{"damage":0,"enemies":"Chosen","floor":18,"turns":5},{"damage":0,"enemies":"2 Thieves","floor":21,"turns":3},{"damage":0,"enemies":"3 Cultists","floor":22,"turns":6},{"damage":2,"enemies":"Snake Plant","floor":28,"turns":4},{"damage":0,"enemies":"Centurion and Healer","floor":30,"turns":5},{"damage":0,"enemies":"Shelled Parasite and Fungi","floor":31,"turns":6},{"damage":5,"enemies":"Automaton","floor":33,"turns":7},{"damage":0,"enemies":"3 Darklings","floor":35,"turns":3},{"damage":0,"enemies":"Orb Walker","floor":39,"turns":6},{"damage":5,"enemies":"Maw","floor":41,"turns":7},{"damage":6,"enemies":"3 Darklings","floor":44,"turns":4},{"damage":5,"enemies":"4 Shapes","floor":47,"turns":4},{"damage":0,"enemies":"Sphere and 2 Shapes","floor":48,"turns":7},{"damage":6,"enemies":"Awakened One","floor":50,"turns":10}],"seed_played":"-2963954415133141740","potions_obtained":[{"floor":4,"key":"Swift Potion"},{"floor":13,"key":"sneckomod:MuddlingPotion"},{"floor":18,"key":"BlessingOfTheForge"},{"floor":46,"key":"Bromod:HealthRestore"}],"is_trial":false,"path_per_floor":["M","M","M","M","?","R","?","M","T","R","M","$","M","?","R","B",null,"M","$","?","M","M","R","?","R","T","?","M","R","M","M","R","B",null,"M","?","?","$","M","R","M","R","T","M","R","?","M","M","R","B",null],"character_chosen":"THE_EXALTED","items_purchased":["Orrery","BlessingOfTheForge"],"campfire_rested":2,"item_purchase_floors":[19,38],"current_hp_per_floor":[75,73,73,71,56,56,74,74,74,74,74,74,73,73,73,69,75,75,75,75,75,75,75,75,75,75,75,73,73,73,73,73,68,75,75,75,75,75,75,75,70,70,70,64,75,75,70,70,75,75],"gold":141,"neow_bonus":"RANDOM_COMMON_RELIC","is_daily":false,"chose_seed":false,"campfire_upgraded":9,"win_rate":0.0,"timestamp":1612013378,"path_taken":["M","M","M","M","?","R","?","M","T","R","M","$","M","?","R","BOSS","M","$","?","M","M","R","?","R","T","?","M","R","M","M","R","BOSS","M","?","?","$","M","R","M","R","T","?","R","?","M","M","R","BOSS"],"items_purchased_type":["Relic","Potion"],"build_version":"2020-12-22","purchased_purges":1,"victory":true,"max_hp_per_floor":[75,75,75,75,75,75,75,75,75,75,75,75,75,75,75,75,75,75,75,75,75,75,75,75,75,75,75,75,75,75,75,75,75,75,75,75,75,75,75,75,75,75,75,75,75,75,75,75,75,75],"card_choices":[{"not_picked":["Bromod:BodyCount","Bromod:PointBlank"],"picked":"Bromod:BulletJump","floor":1},{"not_picked":["Bromod:SlipMagazine","Bromod:QuickDraw"],"picked":"Bromod:BulletJump","floor":2},{"not_picked":["Bromod:SlashDash","Bromod:OrganShatter"],"picked":"Bromod:Redirection","floor":3},{"not_picked":["Bromod:PointStrike","Bromod:BriefRespite"],"picked":"Bromod:ArchwingLauncher","floor":4},{"not_picked":["Bromod:Foundry","Bromod:BulletJump"],"picked":"Bromod:RadialBlind","floor":8},{"not_picked":["Bromod:SlashDash","Bromod:Continuity"],"picked":"Bromod:ContagiousSpread","floor":11},{"not_picked":["Bromod:FinishingTouch","Bromod:BulletJump"],"picked":"Bromod:Vitality","floor":13},{"not_picked":["Bromod:HellsChamber","Bromod:ChillingReload"],"picked":"Bromod:Intensify","floor":16},{"not_picked":["Bromod:ArchwingLauncher+1","Bromod:Vitality"],"picked":"Bromod:Stretch+1","floor":18},{"not_picked":["Bromod:SlipMagazine","Bromod:BulletJump"],"picked":"Bromod:Thunderbolt","floor":19},{"not_picked":["Bromod:Redirection+1","Bromod:Fury+1"],"picked":"Bromod:ContagiousSpread+1","floor":19},{"not_picked":["Bromod:Reflection+1","Bromod:HeatedCharge"],"picked":"Bromod:SteelFiber+1","floor":19},{"not_picked":["Bromod:Reflection","Bromod:FastHands","Bromod:BulletJump"],"picked":"SKIP","floor":21},{"not_picked":["Bromod:SlipMagazine","Bromod:Foundry","Bromod:PointStrike"],"picked":"SKIP","floor":22},{"not_picked":["Bromod:BodyCount","Bromod:BriefRespite"],"picked":"Bromod:BulletJump+1","floor":28},{"not_picked":["Bromod:Foundry+1","Bromod:PressurePoint","Bromod:SlashDash"],"picked":"SKIP","floor":30},{"not_picked":["Bromod:SlashDash","Bromod:OrganShatter"],"picked":"Bromod:ToxicBarrage","floor":31},{"not_picked":["Bromod:FashionFrame","Bromod:ConditionOverload"],"picked":"Bromod:SplitChamber","floor":33},{"not_picked":["Bromod:Maglev","Bromod:FinishingTouch","Bromod:PointBlank+1"],"picked":"SKIP","floor":35},{"not_picked":["Bromod:NoReturn+1","Bromod:FastHands","Bromod:RadialBlind+1"],"picked":"SKIP","floor":39},{"not_picked":["Bromod:OrganShatter+1","Bromod:SlipMagazine","Bromod:BodyCount+1"],"picked":"SKIP","floor":41},{"not_picked":["Bromod:TacticalPump+1","Bromod:FinishingTouch"],"picked":"Bromod:NorthWind+1","floor":44},{"not_picked":["Bromod:RadialBlind","Bromod:BodyCount+1"],"picked":"Bromod:ContagiousSpread+1","floor":47},{"not_picked":["Bromod:SeismicWave+1","Bromod:QuickDraw","Bromod:EnergySiphon+1"],"picked":"SKIP","floor":48}],"player_experience":167166,"relics_obtained":[{"floor":9,"key":"Letter Opener"},{"floor":26,"key":"Bottled Lightning"},{"floor":43,"key":"Frozen Egg 2"}],"event_choices":[{"damage_healed":71,"gold_gain":0,"player_choice":"Upgrade","damage_taken":15,"max_hp_gain":0,"max_hp_loss":75,"event_name":"betterThird:BetterShining","floor":5,"gold_loss":0,"cards_upgraded":["Bromod:SlashDash","Bromod:Defend_Bro"]},{"damage_healed":18,"gold_gain":0,"player_choice":"Healed","damage_taken":0,"max_hp_gain":0,"max_hp_loss":0,"event_name":"The Cleric","floor":7,"gold_loss":35},{"damage_healed":0,"gold_gain":0,"player_choice":"Ignored","damage_taken":0,"max_hp_gain":0,"max_hp_loss":0,"event_name":"Golden Wing","floor":14,"gold_loss":0},{"damage_healed":0,"gold_gain":0,"player_choice":"Obtained Relic","damage_taken":0,"relics_obtained":["Gremlin Horn"],"max_hp_gain":0,"max_hp_loss":0,"event_name":"Addict","floor":24,"gold_loss":85},{"cards_removed":["Bromod:SlashDash"],"damage_healed":0,"gold_gain":0,"player_choice":"Removed Attack","damage_taken":0,"max_hp_gain":0,"max_hp_loss":0,"event_name":"Falling","floor":36,"gold_loss":0},{"damage_healed":0,"gold_gain":0,"player_choice":"Forge","damage_taken":0,"max_hp_gain":0,"max_hp_loss":0,"event_name":"Accursed Blacksmith","floor":37,"gold_loss":0,"cards_upgraded":["Bromod:SplitChamber"]},{"damage_healed":0,"gold_gain":0,"player_choice":"Got Potions","damage_taken":0,"max_hp_gain":0,"max_hp_loss":0,"event_name":"Lab","floor":46,"gold_loss":0}],"is_beta":false,"boss_relics":[{"not_picked":["Runesmith:UraniumAnvil","Busted Crown"],"picked":"Velvet Choker"},{"not_picked":["Bromod:ArcaneGrace","theForsaken:PaleLantern"],"picked":"Bromod:ArcaneBarrier"}],"items_purged_floors":[38],"is_endless":false,"potions_floor_spawned":[4,13,18,21,30,41,44,48],"ascension_level":0}}