{"host":"6xsbn6ynqlzwllfm","time":1612021472,"event":{"mods":["2.2 Compatiblity","BaseMod","Bestiary","Colored Map","Colored Powertips","Curses Come First","Highlight Path","Keyboard Shortcuts","Minty Spire (QoL Compilation)","Relic Stats","Slay the Relics Exporter","StSLib","SuperFastMode"],"gold_per_floor":[116,134,151,151,151,184,184,224,285,297,327,360,372,49,49,147,147,161,161,161,86,86,86,86,86],"floor_reached":24,"language":"ENG","playtime":714,"items_purged":["Strike_B"],"score":419,"play_id":"830065a6-6648-4058-964c-06e6a385845a","local_time":"20210130104432","is_ascension_mode":true,"campfire_choices":[{"floor":7.0,"key":"REST"},{"floor":10,"key":"REST"},{"floor":15,"key":"REST"},{"floor":23,"key":"REST"}],"circlet_count":0,"master_deck":["AscendersBane","Defend_B","Defend_B","Defend_B","Zap","Dualcast","Darkness","Doom and Gloom","Defragment","Sunder","Cold Snap","Conserve Battery","Coolheaded","Aggregate","Compile Driver","Seek","Undo","Bite","Bite","Bite","Bite","Bite"],"relics":["Inserter","Bloody Idol","HornCleat","MawBank","Art of War","Sozu"],"acts_visited":["Exordium","TheCity"],"potions_floor_usage":[8,16,18],"damage_taken":[{"damage":6.0,"enemies":"2 Louse","floor":1.0,"turns":4.0},{"damage":3.0,"enemies":"Small Slimes","floor":2.0,"turns":5.0},{"damage":7.0,"enemies":"Jaw Worm","floor":3.0,"turns":3.0},{"damage":50.0,"enemies":"3 Sentries","floor":6.0,"turns":6.0},{"damage":24,"enemies":"Gremlin Nob","floor":8,"turns":4},{"damage":2,"enemies":"3 Louse","floor":11,"turns":3},{"damage":16,"enemies":"Large Slime","floor":12,"turns":7},{"damage":12,"enemies":"The Guardian","floor":16,"turns":10},{"damage":45,"enemies":"3 Byrds","floor":18,"turns":7},{"damage":60,"enemies":"Gremlin Leader","floor":24,"turns":7}],"seed_played":"-8112658918538225436","potions_obtained":[{"floor":1.0,"key":"EntropicBrew"},{"floor":2.0,"key":"BlessingOfTheForge"},{"floor":6.0,"key":"DistilledChaos"},{"floor":12,"key":"FocusPotion"},{"floor":16,"key":"Weak Potion"}],"is_trial":false,"path_per_floor":["M","M","M","?","?","E","R","E","T","R","M","M","?","$","R","B",null,"M","?","?","?","?","R","E"],"character_chosen":"DEFECT","items_purchased":["Aggregate","Blood Vial","Compile Driver"],"campfire_rested":4,"item_purchase_floors":[14,14,14],"current_hp_per_floor":[58,55,48,71,64,14,33,9,9,28,26,10,10,10,29,19,53,10,10,10,10,23,42,0,0],"gold":86,"neow_bonus":"BOSS_RELIC","is_daily":false,"chose_seed":false,"campfire_upgraded":0,"win_rate":0.0,"timestamp":1612021472,"path_taken":["M","M","M","?","?","E","R","E","T","R","M","M","?","$","R","BOSS","M","?","?","?","?","R","E"],"items_purchased_type":["Card","Relic","Card"],"build_version":"2020-12-22","purchased_purges":1,"victory":false,"max_hp_per_floor":[71,71,71,71,64,64,64,64,64,64,64,64,64,64,64,64,64,64,64,64,64,64,64,64,64],"relic_stats":{"Sozu":0,"Inserter":[28],"counters":[10,56],"Bloody Idol":0,"Art of War":[8],"MawBank":72,"obtain_stats":[{"Blood Vial":14,"Sozu":17,"Inserter":0,"HornCleat":6,"Golden Idol":5,"Bloody Idol":20,"Art of War":9,"Cracked Core":0,"MawBank":8},{"Blood Vial":7,"Sozu":8,"Inserter":0,"HornCleat":4,"Golden Idol":3,"Bloody Idol":9,"Art of War":5,"Cracked Core":0,"MawBank":5},{"Blood Vial":32,"Sozu":42,"Inserter":0,"HornCleat":18,"Golden Idol":12,"Bloody Idol":49,"Art of War":22,"Cracked Core":0,"MawBank":22}]},"card_choices":[{"not_picked":["Melter","Rebound"],"picked":"Darkness","floor":1.0},{"not_picked":["Lockon","Redo"],"picked":"Doom and Gloom","floor":2.0},{"not_picked":["Loop","Force Field"],"picked":"Defragment","floor":3.0},{"not_picked":["Streamline","Hyperbeam"],"picked":"Sunder","floor":6.0},{"not_picked":["Beam Cell","Sweeping Beam"],"picked":"Cold Snap","floor":8},{"not_picked":["Hello World","Stack"],"picked":"Conserve Battery","floor":11},{"not_picked":["Redo","Gash"],"picked":"Coolheaded","floor":12},{"not_picked":["Machine Learning","Biased Cognition"],"picked":"Seek","floor":16},{"not_picked":["Sweeping Beam","Skim"],"picked":"Undo","floor":18}],"player_experience":1285378,"relics_obtained":[{"floor":6.0,"key":"HornCleat"},{"floor":8,"key":"MawBank"},{"floor":9,"key":"Art of War"}],"event_choices":[{"damage_healed":23.0,"max_hp_gain":0.0,"max_hp_loss":0.0,"gold_gain":0.0,"event_name":"Big Fish","player_choice":"Banana","floor":4.0,"gold_loss":0.0,"damage_taken":0.0},{"damage_healed":0.0,"max_hp_gain":0.0,"max_hp_loss":7.0,"gold_gain":0.0,"event_name":"Golden Idol","player_choice":"Lose Max HP","floor":5.0,"gold_loss":0.0,"damage_taken":0.0,"relics_obtained":["Golden Idol"]},{"damage_healed":0,"gold_gain":0,"player_choice":"Searched \u00270\u0027 times","damage_taken":0,"max_hp_gain":0,"max_hp_loss":0,"event_name":"Dead Adventurer","floor":13,"gold_loss":0},{"damage_healed":0,"gold_gain":0,"player_choice":"Became a vampire (Vial)","damage_taken":0,"max_hp_gain":0,"max_hp_loss":0,"event_name":"Vampires","floor":19,"relics_lost":["Blood Vial"],"gold_loss":0,"cards_obtained":["Bite","Bite","Bite","Bite","Bite"]},{"damage_healed":0,"gold_gain":0,"player_choice":"Gave Idol","damage_taken":0,"relics_obtained":["Bloody Idol"],"max_hp_gain":0,"max_hp_loss":0,"event_name":"Forgotten Altar","floor":20,"relics_lost":["Golden Idol"],"gold_loss":0},{"cards_removed":["Defend_B"],"damage_healed":0,"gold_gain":0,"player_choice":"Gave Gold","damage_taken":0,"max_hp_gain":0,"max_hp_loss":0,"event_name":"Beggar","floor":21,"gold_loss":75},{"damage_healed":13,"gold_gain":0,"player_choice":"Heal","damage_taken":0,"max_hp_gain":0,"max_hp_loss":0,"event_name":"The Library","floor":22,"gold_loss":0}],"is_beta":false,"boss_relics":[{"not_picked":["Tiny House","Astrolabe"],"picked":"Sozu"}],"items_purged_floors":[14],"is_endless":false,"potions_floor_spawned":[1,2,6,12,16],"killed_by":"Gremlin Leader","ascension_level":19}}