{"host":"2se5dq1do2gp0x9k","time":1612030639,"event":{"mods":["AchievementEnabler","BaseMod","Block Reminder","Colored Map","Colored Powertips","Minty Spire (QoL Compilation)","Relic Stats","StSLib","SuperFastMode"],"gold_per_floor":[118,32,52,71,71,101,101,176,199,220,220,220,220,246,246,246,246],"floor_reached":16,"language":"ENG","playtime":313,"items_purged":[],"score":212,"play_id":"ff57434f-563e-4967-83b5-727c6b9176b4","local_time":"20210130101719","is_ascension_mode":true,"campfire_choices":[{"floor":7,"key":"REST"},{"floor":13,"key":"REST"},{"floor":15,"key":"REST"}],"circlet_count":0,"master_deck":["AscendersBane","Strike_B","Strike_B","Strike_B","Strike_B","Defend_B","Defend_B","Defend_B+1","Defend_B","Zap","Dualcast","Gash","Genetic Algorithm","Undo","Ball Lightning+1","Defragment+1","Chaos","Steam"],"relics":["Cracked Core","NeowsBlessing","Juzu Bracelet","Vajra","Odd Mushroom","Bottled Tornado"],"acts_visited":["Exordium"],"potions_floor_usage":[6,10,16],"damage_taken":[{"damage":0,"enemies":"Cultist","floor":1,"turns":1},{"damage":0,"enemies":"Small Slimes","floor":3,"turns":1},{"damage":0,"enemies":"2 Louse","floor":4,"turns":1},{"damage":36,"enemies":"3 Sentries","floor":6,"turns":9},{"damage":7,"enemies":"The Mushroom Lair","floor":10,"turns":4},{"damage":28,"enemies":"Lagavulin","floor":14,"turns":8},{"damage":25,"enemies":"Slime Boss","floor":16,"turns":5}],"seed_played":"4840074540334002963","potions_obtained":[{"floor":4,"key":"Fire Potion"},{"floor":6,"key":"BlessingOfTheForge"},{"floor":14,"key":"Energy Potion"}],"is_trial":false,"path_per_floor":["M","$","M","M","?","E","R","?","T","?","?","?","R","E","R","B"],"character_chosen":"DEFECT","items_purchased":["Genetic Algorithm"],"campfire_rested":3,"item_purchase_floors":[2],"current_hp_per_floor":[64,64,64,64,43,7,28,17,17,10,10,10,31,3,24,0,0],"gold":246,"neow_bonus":"THREE_ENEMY_KILL","is_daily":false,"chose_seed":false,"campfire_upgraded":0,"win_rate":0.0,"timestamp":1612030639,"path_taken":["M","$","M","?","?","E","R","?","T","?","?","?","R","E","R","BOSS"],"items_purchased_type":["Card"],"build_version":"2020-12-22","purchased_purges":0,"victory":false,"max_hp_per_floor":[71,71,71,71,71,71,71,71,71,71,71,71,71,71,71,71,71],"relic_stats":{"counters":[7,29],"Juzu Bracelet":1,"obtain_stats":[{"NeowsBlessing":0,"Vajra":9,"Juzu Bracelet":6,"Odd Mushroom":10,"Bottled Tornado":14,"Cracked Core":0},{"NeowsBlessing":0,"Vajra":4,"Juzu Bracelet":4,"Odd Mushroom":5,"Bottled Tornado":6,"Cracked Core":0},{"NeowsBlessing":0,"Vajra":12,"Juzu Bracelet":12,"Odd Mushroom":16,"Bottled Tornado":24,"Cracked Core":0}]},"card_choices":[{"not_picked":["Coolheaded","Fusion"],"picked":"Gash","floor":1},{"not_picked":["Turbo","Redo"],"picked":"Undo","floor":3},{"not_picked":["Rebound","Coolheaded"],"picked":"Ball Lightning","floor":4},{"not_picked":["Go for the Eyes","Streamline"],"picked":"Defragment","floor":6},{"not_picked":["Rip and Tear","Beam Cell"],"picked":"Chaos","floor":10},{"not_picked":["Melter","Compile Driver"],"picked":"Steam","floor":14}],"player_experience":3995142,"relics_obtained":[{"floor":6,"key":"Juzu Bracelet"},{"floor":9,"key":"Vajra"},{"floor":10,"key":"Odd Mushroom"},{"floor":14,"key":"Bottled Tornado"}],"event_choices":[{"damage_healed":0,"gold_gain":0,"player_choice":"Entered Light","damage_taken":21,"max_hp_gain":0,"max_hp_loss":0,"event_name":"Shining Light","floor":5,"gold_loss":0,"cards_upgraded":["Ball Lightning","Defend_B"]},{"damage_healed":0,"gold_gain":75,"player_choice":"Gather Gold","damage_taken":11,"max_hp_gain":0,"max_hp_loss":0,"event_name":"World of Goop","floor":8,"gold_loss":0},{"damage_healed":0,"gold_gain":0,"player_choice":"Fought Mushrooms","damage_taken":0,"max_hp_gain":0,"max_hp_loss":0,"event_name":"Mushrooms","floor":10,"gold_loss":0},{"damage_healed":0,"gold_gain":0,"player_choice":"Fled","damage_taken":0,"max_hp_gain":0,"max_hp_loss":0,"event_name":"Scrap Ooze","floor":11,"gold_loss":0},{"damage_healed":0,"gold_gain":0,"player_choice":"Forge","damage_taken":0,"max_hp_gain":0,"max_hp_loss":0,"event_name":"Accursed Blacksmith","floor":12,"gold_loss":0,"cards_upgraded":["Defragment"]}],"is_beta":false,"boss_relics":[],"items_purged_floors":[],"is_endless":false,"potions_floor_spawned":[4,6,14],"killed_by":"Slime Boss","ascension_level":20}}