{"host":"9slw7l0ws16384qq","time":1612037340,"event":{"mods":["A Penny For Your Troubles","BaseMod","Colored Map","Downfall","Evolution","Hubris","Minty Spire (QoL Compilation)","Replay The Spire","StS++","StSLib"],"gold_per_floor":[99,116,131,41,54,54,54,54,87,87,107,123,123,8,27,131,131,131,142,160,160,160,145,198,198,215,215,228,246,280,280,290,393,393,393,406,406,751,761,793,816,866,876,779,479,503,503,353,366,367,367,396,225,225,225,225,225,225],"floor_reached":56,"language":"FRA","playtime":3624,"items_purged":["hexamod:Strike","hexamod:Strike"],"score":822,"play_id":"bd6bd6a2-9558-4e28-820d-53039ff8dbb1","local_time":"20210130210900","is_ascension_mode":false,"campfire_choices":[{"data":"hexamod:SwordOfDarkness","floor":1.0,"key":"SMITH"},{"data":"hexamod:HauntingEcho","floor":8.0,"key":"SMITH"},{"data":"hexamod:HauntingEcho","floor":10.0,"key":"SMITH"},{"data":"hexamod:RadiantFlame","floor":18.0,"key":"SMITH"},{"data":"hexamod:Defend","floor":25.0,"key":"SMITH"},{"data":"hexamod:Defend","floor":27.0,"key":"SMITH"},{"floor":35.0,"key":"RECALL"},{"data":"hexamod:Defend","floor":45.0,"key":"SMITH"},{"data":"hexamod:Defend","floor":47,"key":"SMITH"},{"floor":54,"key":"REST"}],"circlet_count":0,"master_deck":["hexamod:HauntingEcho+1","hexamod:HauntingEcho+1","hexamod:Defend+1","hexamod:Defend+1","hexamod:Defend+1","hexamod:Defend+1","hexamod:Sear","hexamod:Float","hexamod:SwordOfDarkness+1","hexamod:HauntingEcho","hexamod:HexaLevel+1","hexamod:HauntingEcho","hexamod:RadiantFlame+1"],"relics":["hexamod:SpiritBrand","EVO:Axolotl","Garlic","Pet Ghost","downfall:ShatteredFragment","Replay:Grab Bag","ReplayTheSpireMod:Onyx Gauntlets","Busted Crown","SlaversCollar","Oddly Smooth Stone","hubris:Spice","hubris:Towel","Du-Vu Doll","downfall:HeartBlessingGreen","downfall:HeartBlessingRed","downfall:HeartBlessingBlue","Replay:Baseball"],"acts_visited":["Exordium","TheCity","TheBeyond","TheEnding"],"potions_floor_usage":[50,50,50,55,55,55,55,55],"damage_taken":[{"damage":0.0,"enemies":"Cultist","floor":2.0,"turns":3.0},{"damage":0.0,"enemies":"2 Louse","floor":3.0,"turns":2.0},{"damage":5.0,"enemies":"downfall:FleeingMerchant","floor":4.0,"turns":4.0},{"damage":1.0,"enemies":"Jaw Worm","floor":5.0,"turns":2.0},{"damage":12.0,"enemies":"Gremlin Nob","floor":9.0,"turns":3.0},{"damage":7.0,"enemies":"Exordium Wildlife","floor":11.0,"turns":3.0},{"damage":0.0,"enemies":"3 Louse","floor":12.0,"turns":2.0},{"damage":0.0,"enemies":"downfall:FleeingMerchant","floor":14.0,"turns":4.0},{"damage":0.0,"enemies":"Blue Slaver","floor":15.0,"turns":2.0},{"damage":17.0,"enemies":"IC_STATUS_ARCHETYPE","floor":16.0,"turns":5.0},{"damage":0.0,"enemies":"Shell Parasite","floor":19.0,"turns":3.0},{"damage":0.0,"enemies":"Spheric Guardian","floor":20.0,"turns":3.0},{"damage":0.0,"enemies":"downfall:FleeingMerchant","floor":23.0,"turns":4.0},{"damage":0.0,"enemies":"Cultist and Chosen","floor":26.0,"turns":5.0},{"damage":6.0,"enemies":"Snake Plant","floor":28.0,"turns":3.0},{"damage":0.0,"enemies":"Centurion and Healer","floor":29.0,"turns":4.0},{"damage":0.0,"enemies":"Book of Stabbing","floor":30.0,"turns":3.0},{"damage":0.0,"enemies":"Snecko","floor":32.0,"turns":3.0},{"damage":18.0,"enemies":"DF_ARCHETYPE_CLAW","floor":33.0,"turns":6.0},{"damage":8.0,"enemies":"Orb Walker","floor":36.0,"turns":3.0},{"damage":0.0,"enemies":"downfall:FleeingMerchant","floor":38.0,"turns":1.0},{"damage":0.0,"enemies":"3 Darklings","floor":39.0,"turns":5.0},{"damage":14.0,"enemies":"Giant Head","floor":40.0,"turns":6.0},{"damage":0.0,"enemies":"Giant Head","floor":42.0,"turns":5.0},{"damage":0.0,"enemies":"Writhing Mass","floor":43.0,"turns":5.0},{"damage":14,"enemies":"Spire Growth","floor":49,"turns":4},{"damage":1,"enemies":"SI_POISON_ARCHETYPE","floor":50,"turns":7},{"damage":76,"enemies":"downfall:CharBossMerchant","floor":52,"turns":7},{"damage":34,"enemies":"downfall:NeowBoss","floor":55,"turns":18},{"damage":34,"enemies":"downfall:NeowBossFinal","floor":56,"turns":5}],"seed_played":"-8992125515172637714","potions_obtained":[{"floor":9.0,"key":"StSpp:ScatteredPotion"},{"floor":11.0,"key":"SkillPotion"},{"floor":15.0,"key":"PowerPotion"},{"floor":20.0,"key":"PowerPotion"},{"floor":32.0,"key":"Fruit Juice"},{"floor":36.0,"key":"Elixir"}],"is_trial":false,"path_per_floor":["R","M","M","$","M","?","T","R","E","R","M","M","?","$","M","B",null,"R","M","M","?","?","$","T","R","M","R","M","M","E","?","M","B",null,"R","M","?","$","M","E","T","?","M","$","R","?","R","?","M","B",null,"E","$","R","B","B"],"character_chosen":"THE_SPIRIT","items_purchased":["Dexterity Potion","Dexterity Potion","Strength Potion","StSpp:ScatteredWeakPotion","Fire Potion"],"campfire_rested":1,"item_purchase_floors":[44,44,53,53,53],"current_hp_per_floor":[70,70,70,65,64,64,64,64,52,52,45,45,24,24,24,7,70,70,70,70,70,70,70,70,70,70,70,64,64,72,78,83,65,91,91,83,83,83,83,69,69,69,69,69,79,79,79,103,89,88,103,27,27,57,23,0,0,0],"gold":225,"neow_bonus":"THREE_CARDS","is_daily":false,"chose_seed":false,"campfire_upgraded":8,"win_rate":0.0,"timestamp":1612037340,"path_taken":["R","M","M","$","M","?","T","R","E","R","M","M","?","$","M","BOSS","R","M","M","?","?","$","T","R","M","R","M","M","E","?","M","BOSS","R","M","?","$","M","E","T","?","M","?","R","?","R","?","M","BOSS","E","$","R","BOSS","BOSS"],"items_purchased_type":["Potion","Potion","Potion","Potion","Potion"],"build_version":"2020-12-22","purchased_purges":2,"victory":false,"max_hp_per_floor":[70,70,70,70,70,70,70,70,70,70,70,70,70,70,70,70,70,70,70,70,70,70,70,70,70,70,70,70,70,78,78,83,83,91,91,91,91,83,83,83,83,83,83,83,93,93,93,103,103,103,103,103,103,103,103,103,103,103],"card_choices":[{"not_picked":["hexamod:AdvancingGuard","hexamod:HeatMetal"],"picked":"hexamod:SwordOfDarkness","floor":0.0},{"not_picked":["hexamod:FastForward","hexamod:AdvancingGuard"],"picked":"hexamod:HauntingEcho","floor":2.0},{"not_picked":["hexamod:AdvancingGuard","hexamod:PowerFromBeyond","hexamod:NightmareGuise"],"picked":"SKIP","floor":3.0},{"not_picked":["hexamod:AdvancingGuard","hexamod:InspiringFlames"],"picked":"hexamod:HexaLevel","floor":4.0},{"not_picked":["hexamod:BurningTouch","hexamod:NightmareGuise","hexamod:HauntingEcho"],"picked":"SKIP","floor":5.0},{"not_picked":["hexamod:BurningTouch","hexamod:NightmareGuise"],"picked":"hexamod:HauntingEcho","floor":5.0},{"not_picked":["hexamod:EmpoweredFlame","hexamod:RecurringNightmare","hexamod:FirstSeal"],"picked":"SKIP","floor":9.0},{"not_picked":["hexamod:NecessarySacrifice","hexamod:BurningTouch"],"picked":"hexamod:RadiantFlame","floor":11.0},{"not_picked":["hexamod:ThermalTransfer","hexamod:RecurringNightmare","hexamod:CatchUp"],"picked":"SKIP","floor":12.0},{"not_picked":["hexamod:GhostOfSpireFuture","hexamod:AdvancingGuard","hexamod:BacktrackSmack"],"picked":"SKIP","floor":14.0},{"not_picked":["hexamod:ThirdSeal","hexamod:HeatMetal","hexamod:SixthSeal"],"picked":"SKIP","floor":15.0},{"not_picked":["hexamod:BacktrackSmack"],"picked":"SKIP","floor":19.0},{"not_picked":["hexamod:GhostLash"],"picked":"SKIP","floor":20.0},{"not_picked":["hexamod:GhostShield"],"picked":"SKIP","floor":23.0},{"not_picked":["hexamod:PhantomCloak"],"picked":"SKIP","floor":26.0},{"not_picked":["hexamod:NightmareStrike"],"picked":"SKIP","floor":28.0},{"not_picked":["hexamod:SpectersWail"],"picked":"SKIP","floor":29.0},{"not_picked":["hexamod:Haunt"],"picked":"SKIP","floor":30.0},{"not_picked":["hexamod:FlamesFromBeyond"],"picked":"SKIP","floor":32.0},{"not_picked":["hexamod:GhostShield"],"picked":"SKIP","floor":36.0},{"not_picked":[],"picked":"hubris:SpiceAddiction","floor":38.0},{"not_picked":["hexamod:HeatShield"],"picked":"SKIP","floor":39.0},{"not_picked":["hexamod:HeatMetal+1"],"picked":"SKIP","floor":40.0},{"not_picked":["hexamod:SpectersWail"],"picked":"SKIP","floor":43.0},{"not_picked":["hubris:SpiceAddiction"],"picked":"SKIP","floor":49},{"not_picked":["hexamod:AdvancingGuard+1"],"picked":"SKIP","floor":52}],"player_experience":1546006,"relics_obtained":[{"floor":7.0,"key":"Garlic"},{"floor":9.0,"key":"Pet Ghost"},{"floor":24.0,"key":"Oddly Smooth Stone"},{"floor":30.0,"key":"hubris:Spice"},{"floor":42.0,"key":"Du-Vu Doll"},{"floor":46,"key":"Replay:Baseball"}],"event_choices":[{"damage_healed":26.0,"max_hp_gain":0.0,"max_hp_loss":0.0,"gold_gain":0.0,"event_name":"The Library","player_choice":"Heal","floor":31.0,"gold_loss":0.0,"damage_taken":0.0}],"is_beta":false,"boss_relics":[{"not_picked":["Honey Jar","Empty Cage"],"picked":"Replay:Grab Bag"},{"not_picked":["Cursed Key","Philosopher\u0027s Stone"],"picked":"ReplayTheSpireMod:Onyx Gauntlets"},{"not_picked":["hubris:TerracottaHorce","Fusion Hammer"],"picked":"Busted Crown"},{"not_picked":["StSpp:CrystalBall","StSpp:PileOfSugar"],"picked":"SlaversCollar"},{"not_picked":["bronze:MakeshiftBattery","ChewingGum"],"picked":"hubris:Spice"}],"items_purged_floors":[4,14],"is_endless":false,"potions_floor_spawned":[9,11,15,16,19,20,32,36,40,42,43],"killed_by":"downfall:NeowBossFinal","ascension_level":0}}