{"host":"75zx7uhsgygk98v8","time":1612016585,"event":{"mods":["BaseMod","Colored Map","Colored Powertips","Downfall","Googly Eyes","Highlight Path","Minty Spire (QoL Compilation)","StSLib"],"gold_per_floor":[99,16,16,166,176,205,205,223,59,92,77,87,87,187,203,203,203,203],"floor_reached":16,"language":"ENG","playtime":1194,"items_purged":["downfall:Icky"],"score":108,"play_id":"d370c99f-fbac-40dc-a11f-0de717b5d641","local_time":"20210130082305","is_ascension_mode":false,"campfire_choices":[{"floor":1,"key":"RECALL"}],"circlet_count":0,"master_deck":["bronze:Strike","bronze:Strike","bronze:Strike","bronze:Strike","bronze:Defend","bronze:Defend","bronze:Defend","bronze:Defend","bronze:Replicate","bronze:Goto","bronze:WhirlingStrike","bronze:Optimize","bronze:ChosenStrike","bronze:Allocate","bronze:Boost","bronze:ForceShield","bronze:MaxOutput","bronze:FollowUp","bronze:ShipIt","bronze:DelayedGuard","bronze:FineTuning"],"relics":["bronze:BronzeCore","Torii","hexamod:CandleOfCauterizing","bronze:BottledCode"],"acts_visited":["Exordium"],"potions_floor_usage":[],"damage_taken":[{"damage":0,"enemies":"downfall:FleeingMerchant","floor":2,"turns":4},{"damage":8,"enemies":"Small Slimes","floor":5,"turns":3},{"damage":40,"enemies":"Gremlin Nob","floor":6,"turns":5},{"damage":1,"enemies":"2 Louse","floor":8,"turns":2},{"damage":4,"enemies":"downfall:FleeingMerchant","floor":9,"turns":4},{"damage":9,"enemies":"Lagavulin","floor":10,"turns":6},{"damage":0,"enemies":"downfall:FleeingMerchant","floor":11,"turns":4},{"damage":0,"enemies":"Jaw Worm","floor":12,"turns":3},{"damage":0,"enemies":"3 Louse","floor":15,"turns":2},{"damage":17,"enemies":"DF_ARCHETYPE_STREAMLINE","floor":16,"turns":3}],"seed_played":"-6368412593518287991","potions_obtained":[{"floor":8,"key":"Energy Potion"},{"floor":10,"key":"Swift Potion"}],"is_trial":false,"path_per_floor":["R","$","?","?","M","E","T","M","$","E","$","M","?","?","M","B"],"character_chosen":"THE_AUTOMATON","items_purchased":["bronze:Optimize","bronze:MaxOutput"],"campfire_rested":0,"item_purchase_floors":[2,9],"current_hp_per_floor":[77,77,77,77,69,29,29,28,24,15,15,15,15,15,15,0,0,0],"gold":203,"neow_bonus":"TEN_PERCENT_HP_BONUS","is_daily":false,"chose_seed":false,"campfire_upgraded":0,"win_rate":0.0,"timestamp":1612016585,"path_taken":["R","$","?","?","M","E","T","M","$","E","$","M","?","?","M","BOSS"],"items_purchased_type":["Card","Card"],"build_version":"2020-12-22","purchased_purges":1,"victory":false,"max_hp_per_floor":[77,77,77,77,77,77,77,77,77,77,77,77,67,67,67,67,67,67],"card_choices":[{"not_picked":["bronze:Backtrace","bronze:BugBarrage"],"picked":"bronze:WhirlingStrike","floor":2},{"not_picked":["bronze:GetLatest","bronze:WildBeam"],"picked":"bronze:ChosenStrike","floor":5},{"not_picked":["bronze:Deprecate","bronze:Safeguard"],"picked":"bronze:Allocate","floor":6},{"not_picked":["bronze:Return","bronze:DigitalCarnage"],"picked":"bronze:Boost","floor":8},{"not_picked":["bronze:Flail","bronze:CloningBeam"],"picked":"bronze:ForceShield","floor":9},{"not_picked":["bronze:Invalidate","bronze:Shield"],"picked":"bronze:FollowUp","floor":10},{"not_picked":["bronze:Boost","bronze:NullPointer"],"picked":"bronze:ShipIt","floor":11},{"not_picked":["bronze:Branch","bronze:Boost"],"picked":"bronze:DelayedGuard","floor":12},{"not_picked":["bronze:Invalidate","bronze:Turbo"],"picked":"bronze:FineTuning","floor":15}],"player_experience":1281931,"relics_obtained":[{"floor":6,"key":"Torii"},{"floor":10,"key":"hexamod:CandleOfCauterizing"}],"event_choices":[{"damage_healed":0,"gold_gain":0,"player_choice":"Fled","damage_taken":0,"max_hp_gain":0,"max_hp_loss":0,"event_name":"Scrap Ooze","floor":3,"gold_loss":0}],"is_beta":false,"boss_relics":[],"items_purged_floors":[9],"is_endless":false,"potions_floor_spawned":[8,10],"killed_by":"DF_ARCHETYPE_STREAMLINE","ascension_level":0}}