{"host":"39erygfi9n0tobyn","time":1612029062,"event":{"mods":["2.2 Compatiblity","BaseMod","Bestiary","Colored Map","Colored Powertips","Curses Come First","Highlight Path","Keyboard Shortcuts","Minty Spire (QoL Compilation)","Relic Stats","StSLib","SuperFastMode"],"gold_per_floor":[117,117,117,130,130,130,144,144,144,144,172,184,184,196,196,196,196],"floor_reached":16,"language":"ENG","playtime":436,"items_purged":[],"score":100,"play_id":"8cac2d27-5c7c-4b4e-94a0-6d63e3dee2f3","local_time":"20210130145102","is_ascension_mode":false,"campfire_choices":[{"data":"Deadly Poison","floor":6,"key":"SMITH"},{"data":"Neutralize","floor":10,"key":"SMITH"},{"floor":15,"key":"REST"}],"circlet_count":0,"master_deck":["Strike_G","Strike_G","Strike_G","Strike_G","Strike_G","Defend_G","Defend_G+1","Defend_G","Defend_G+1","Defend_G","Survivor","Neutralize+1","Quick Slash","Deadly Poison+1","Dash","Regret","Burst","Blade Dance"],"relics":["Runic Pyramid","Pear","Tough Bandages","Mummified Hand","Bottled Lightning"],"acts_visited":["Exordium"],"potions_floor_usage":[16,16],"damage_taken":[{"damage":2,"enemies":"2 Louse","floor":1,"turns":3},{"damage":0,"enemies":"Jaw Worm","floor":4,"turns":3},{"damage":5,"enemies":"Small Slimes","floor":7,"turns":3},{"damage":19,"enemies":"Gremlin Nob","floor":11,"turns":4},{"damage":3,"enemies":"Red Slaver","floor":12,"turns":3},{"damage":0,"enemies":"Looter","floor":14,"turns":3},{"damage":64,"enemies":"Slime Boss","floor":16,"turns":17}],"seed_played":"-7003157669002024785","potions_obtained":[{"floor":4,"key":"LiquidBronze"},{"floor":12,"key":"Fire Potion"}],"is_trial":false,"path_per_floor":["M","?","?","M","T","R","M","?","T","R","E","M","?","M","R","B"],"character_chosen":"THE_SILENT","items_purchased":[],"campfire_rested":1,"item_purchase_floors":[],"current_hp_per_floor":[68,68,54,54,64,64,59,59,59,59,40,37,37,37,61,0,0],"gold":196,"neow_bonus":"BOSS_RELIC","is_daily":false,"chose_seed":false,"campfire_upgraded":2,"win_rate":0.0,"timestamp":1612029062,"path_taken":["M","?","?","M","?","R","M","?","T","R","E","M","?","?","R","BOSS"],"items_purchased_type":[],"build_version":"2020-12-22","purchased_purges":0,"victory":false,"max_hp_per_floor":[70,70,70,70,80,80,80,80,80,80,80,80,80,80,80,80,80],"relic_stats":{"Tough Bandages":[15],"counters":[7,36],"Mummified Hand":[0],"obtain_stats":[{"Tough Bandages":8,"Pear":5,"Mummified Hand":9,"Bottled Lightning":11,"Ring of the Snake":0,"Runic Pyramid":0},{"Tough Bandages":3,"Pear":2,"Mummified Hand":3,"Bottled Lightning":4,"Ring of the Snake":0,"Runic Pyramid":0},{"Tough Bandages":9,"Pear":6,"Mummified Hand":9,"Bottled Lightning":13,"Ring of the Snake":0,"Runic Pyramid":0}]},"card_choices":[{"not_picked":["Prepared","Deflect"],"picked":"Quick Slash","floor":1},{"not_picked":["Reflex","Bane"],"picked":"Deadly Poison","floor":4},{"not_picked":["Slice","Masterful Stab"],"picked":"Dash","floor":7},{"not_picked":["Outmaneuver","Dagger Spray","Blur"],"picked":"SKIP","floor":11},{"not_picked":["Distraction","Outmaneuver"],"picked":"Burst","floor":12},{"not_picked":["Poisoned Stab","Backflip"],"picked":"Blade Dance","floor":14}],"player_experience":72623,"relics_obtained":[{"floor":5,"key":"Pear"},{"floor":9,"key":"Mummified Hand"},{"floor":11,"key":"Bottled Lightning"}],"event_choices":[{"damage_healed":0,"gold_gain":0,"player_choice":"Leave","damage_taken":0,"max_hp_gain":0,"max_hp_loss":0,"event_name":"The Cleric","floor":2,"gold_loss":0},{"damage_healed":0,"gold_gain":0,"player_choice":"Entered Light","damage_taken":14,"max_hp_gain":0,"max_hp_loss":0,"event_name":"Shining Light","floor":3,"gold_loss":0,"cards_upgraded":["Defend_G","Defend_G"]},{"damage_healed":0,"gold_gain":0,"player_choice":"Box","damage_taken":0,"relics_obtained":["Tough Bandages"],"max_hp_gain":0,"max_hp_loss":0,"event_name":"Big Fish","floor":8,"gold_loss":0,"cards_obtained":["Regret"]},{"damage_healed":0,"gold_gain":0,"player_choice":"Ignored","damage_taken":0,"max_hp_gain":0,"max_hp_loss":0,"event_name":"NoteForYourself","floor":13,"gold_loss":0}],"is_beta":false,"boss_relics":[],"items_purged_floors":[],"is_endless":false,"potions_floor_spawned":[4,12],"killed_by":"Slime Boss","ascension_level":0}}