{"host":"dfndxqnky9iale73","time":1612028246,"event":{"mods":["Act Like it!","Aspiration","BaseMod","Downfall","Gensokyo","Hubris","Marisa????????","Minty Spire (QoL Compilation)","Permanent Neow","Replay The Spire","StSLib","SuperFastMode"],"gold_per_floor":[119,119,119,133,145,145,180,180,204,204,224,234,234,263,263,362,362,374,374,386,406,426,426,459,459,459,459,459,479,512,523,523,523,523],"floor_reached":33,"language":"ENG","playtime":1977,"items_purged":[],"score":388,"play_id":"67d5aafc-68c7-4812-a61f-2d76373ed4a3","local_time":"20210130183726","is_ascension_mode":true,"campfire_choices":[{"data":"Infinite Blades","floor":6,"key":"SMITH"},{"data":"Singularity","floor":8,"key":"SMITH"},{"floor":15,"key":"REST"},{"data":"After Image","floor":23,"key":"SMITH"},{"floor":25,"key":"REST"}],"circlet_count":0,"master_deck":["Defend_MRS","Defend_MRS","MasterSpark","UpSweep","Singularity+1","Infinite Blades+1","SporeBomb","Backstab","MilkyWay","JA","Hidden Blade+1","ChargeUpSpray","DoubleSpark","Blade Dance","After Image+1","Acceleration","MilkyWay","MysteriousBeam","DeepEcoloBomb","OortCloud","Expertise","Footwork","PiercingWail","FairyDestructionRay+1","DoubleSpark","EnergyFlow"],"relics":["MiniHakkero","aspiration:Nostalgia","m_SlimeRing","Pet Ghost","Pear","hubris:CuriousFeather","Replay:Bronze Core","Gensokyo:MosesMiracle","aspiration:DSix","Replay:Baseball","Pen Nib"],"acts_visited":["Gensokyo:Gensokyo","Gensokyo:Gensokyoer"],"potions_floor_usage":[14,14,21,24,33,33],"damage_taken":[{"damage":6,"enemies":"Gensokyo:Gryphon","floor":1,"turns":3},{"damage":0,"enemies":"Gensokyo:Python","floor":4,"turns":2},{"damage":6,"enemies":"Gensokyo:3_Fairies","floor":5,"turns":4},{"damage":1,"enemies":"Gensokyo:Cirno","floor":7,"turns":6},{"damage":7,"enemies":"Gensokyo:3_Kodama","floor":11,"turns":2},{"damage":8,"enemies":"Gensokyo:Kitsune","floor":12,"turns":2},{"damage":0,"enemies":"Gensokyo:Mamizou","floor":14,"turns":4},{"damage":13,"enemies":"Gensokyo:Reimu","floor":16,"turns":3},{"damage":5,"enemies":"Gensokyo:CosmicMonolith","floor":18,"turns":2},{"damage":15,"enemies":"Gensokyo:AngelMirror","floor":20,"turns":2},{"damage":16,"enemies":"Gensokyo:Swordslinger","floor":21,"turns":2},{"damage":10,"enemies":"Gensokyo:Wraith","floor":22,"turns":3},{"damage":7,"enemies":"Gensokyo:Tenshi","floor":24,"turns":2},{"damage":9,"enemies":"Gensokyo:Mirror_and_Dog","floor":29,"turns":3},{"damage":6,"enemies":"Gensokyo:Reisen","floor":30,"turns":4},{"damage":0,"enemies":"Gensokyo:Chomper_and_Gloop","floor":31,"turns":3},{"damage":54,"enemies":"Gensokyo:Eternal_Rivals","floor":33,"turns":3}],"seed_played":"-6229327556971161274","potions_obtained":[{"floor":1,"key":"Strength Potion"},{"floor":5,"key":"Weak Potion"},{"floor":7,"key":"Strength Potion"},{"floor":18,"key":"sneckomod:MuddlingPotion"},{"floor":24,"key":"ColorlessPotion"},{"floor":29,"key":"Weak Potion"}],"is_trial":false,"path_per_floor":["M","?","?","M","M","R","E","R","T","?","M","M","?","E","R","B",null,"M","?","M","M","M","R","E","R","T","?","?","M","E","M","R","B"],"character_chosen":"MARISA","items_purchased":[],"campfire_rested":2,"item_purchase_floors":[],"current_hp_per_floor":[69,69,69,69,63,63,62,62,62,32,25,17,12,12,37,24,70,65,65,50,34,24,24,17,42,42,42,42,33,27,27,52,0,0],"gold":523,"neow_bonus":"NOSTALGIA","is_daily":false,"chose_seed":false,"campfire_upgraded":3,"win_rate":0.0,"timestamp":1612028246,"path_taken":["M","?","?","?","M","R","E","R","T","?","M","M","?","E","R","BOSS","M","?","M","M","M","R","E","R","T","?","?","M","E","M","R","BOSS"],"items_purchased_type":[],"build_version":"2020-12-22","purchased_purges":0,"victory":false,"max_hp_per_floor":[75,75,75,75,75,75,75,75,75,75,75,75,85,85,85,85,85,85,85,85,85,85,85,85,85,85,85,85,85,85,85,85,85,85],"card_choices":[{"not_picked":["DarkMatter","NonDirectionalLaser"],"picked":"Singularity","floor":1},{"not_picked":["GravityBeat","SporeBomb"],"picked":"Infinite Blades","floor":2},{"not_picked":["AsteroidBelt","6A"],"picked":"SporeBomb","floor":2},{"not_picked":["Backstab","Orbital"],"picked":"MilkyWay","floor":4},{"not_picked":["MagicAbsorber","WitchOfGreed"],"picked":"JA","floor":5},{"not_picked":["Slimebound:SlimeSpikes","OneTimeOff"],"picked":"Hidden Blade","floor":7},{"not_picked":["PulseMagic","ShootTheMoon"],"picked":"ChargeUpSpray","floor":11},{"not_picked":["Slimebound:DisruptingSlam","Endless Agony"],"picked":"DoubleSpark","floor":12},{"not_picked":["OpenUniverse","OrrerysSun"],"picked":"Blade Dance","floor":14},{"not_picked":["MaximisePower","A Thousand Cuts"],"picked":"After Image","floor":16},{"not_picked":["IllusionStar","OpenUniverse"],"picked":"Acceleration","floor":18},{"not_picked":["GalacticHalo","UnstableBomb"],"picked":"MilkyWay","floor":20},{"not_picked":["WitchLeyline","GravityBeat"],"picked":"MysteriousBeam","floor":21},{"not_picked":["DC","AsteroidBelt"],"picked":"DeepEcoloBomb","floor":22},{"not_picked":["AsteroidBelt","MachineGunSpark"],"picked":"SatelliteIllusion","floor":24},{"not_picked":["SporeBomb+1","Orbital"],"picked":"FairyDestructionRay+1","floor":29},{"not_picked":["ShootingEcho","Acceleration"],"picked":"DoubleSpark","floor":30},{"not_picked":["GravityBeat","DC"],"picked":"EnergyFlow","floor":31}],"player_experience":238585,"relics_obtained":[{"floor":7,"key":"Pet Ghost"},{"floor":14,"key":"hubris:CuriousFeather"},{"floor":22,"key":"Gensokyo:MosesMiracle"},{"floor":24,"key":"aspiration:DSix"},{"floor":26,"key":"Replay:Baseball"},{"floor":30,"key":"Pen Nib"}],"event_choices":[],"is_beta":false,"boss_relics":[{"not_picked":["Replay:Drink Me","hubris:ScarierMask"],"picked":"Replay:Bronze Core"}],"items_purged_floors":[],"is_endless":false,"potions_floor_spawned":[1,5,7,18,24,29],"killed_by":"Gensokyo:Eternal_Rivals","ascension_level":5}}