{"host":"fdq5pmhluajjrf8d","time":1612043938,"event":{"mods":["BaseMod","Minty Spire (QoL Compilation)"],"gold_per_floor":[119,138,413,433,29,29,47,47,47,82,82,97,97,97,97,176,176,194,225,239,239,258,258,258,258],"floor_reached":24,"language":"ENG","playtime":1850,"items_purged":["Regret"],"score":392,"play_id":"a400ac5c-1522-4953-934d-a5a6fbfaaed6","local_time":"20210130165858","is_ascension_mode":true,"campfire_choices":[{"data":"Limit Break","floor":6,"key":"SMITH"},{"floor":8,"key":"REST"},{"data":"1","floor":11,"key":"LIFT"},{"data":"2","floor":13,"key":"LIFT"},{"data":"3","floor":15,"key":"LIFT"},{"floor":23,"key":"REST"}],"circlet_count":0,"master_deck":["AscendersBane","Strike_R","Strike_R","Strike_R","Strike_R","Strike_R","Defend_R","Defend_R","Defend_R","Defend_R","Bash","Clumsy","Limit Break+1","Sword Boomerang","Pummel","Dropkick","Limit Break","Feel No Pain","Corruption","Havoc"],"relics":["Black Blood","Dead Branch","Calipers","Girya","Red Mask"],"acts_visited":["Exordium","TheCity"],"potions_floor_usage":[2,10,12,16,22],"damage_taken":[{"damage":9,"enemies":"Jaw Worm","floor":1,"turns":4},{"damage":1,"enemies":"Cultist","floor":2,"turns":3},{"damage":8,"enemies":"Small Slimes","floor":4,"turns":3},{"damage":27,"enemies":"Exordium Thugs","floor":7,"turns":6},{"damage":28,"enemies":"3 Sentries","floor":10,"turns":9},{"damage":8,"enemies":"Large Slime","floor":12,"turns":4},{"damage":16,"enemies":"Hexaghost","floor":16,"turns":6},{"damage":37,"enemies":"Shell Parasite","floor":18,"turns":4},{"damage":48,"enemies":"Masked Bandits","floor":19,"turns":4},{"damage":10,"enemies":"3 Byrds","floor":20,"turns":3},{"damage":2,"enemies":"Snake Plant","floor":22,"turns":3},{"damage":63,"enemies":"3 Cultists","floor":24,"turns":5}],"seed_played":"-7764319034417743696","potions_obtained":[{"floor":1,"key":"Strength Potion"},{"floor":7,"key":"EssenceOfSteel"},{"floor":10,"key":"SteroidPotion"},{"floor":14,"key":"FairyPotion"},{"floor":14,"key":"Block Potion"},{"floor":19,"key":"HeartOfIron"}],"is_trial":false,"path_per_floor":["M","M","?","M","$","R","M","R","T","E","R","M","R","?","R","B",null,"M","?","M","?","M","R","M"],"character_chosen":"IRONCLAD","items_purchased":["Dead Branch"],"campfire_rested":2,"item_purchase_floors":[5],"current_hp_per_floor":[65,70,70,68,68,68,47,69,69,47,47,45,45,45,45,35,65,40,34,36,15,25,49,0,0],"gold":258,"neow_bonus":"THREE_RARE_CARDS","is_daily":false,"chose_seed":false,"campfire_upgraded":1,"win_rate":0.0,"timestamp":1612043938,"path_taken":["M","M","?","?","$","R","M","R","T","E","R","?","R","?","R","BOSS","M","?","M","?","M","R","M"],"items_purchased_type":["Relic"],"build_version":"2020-12-22","purchased_purges":1,"victory":false,"max_hp_per_floor":[75,75,75,75,75,75,75,75,75,75,75,75,75,75,75,75,75,75,75,75,80,80,80,80,80],"card_choices":[{"not_picked":["Fiend Fire","Berserk"],"picked":"Limit Break","floor":0},{"not_picked":["Power Through","Searing Blow"],"picked":"Sword Boomerang","floor":1},{"not_picked":["Thunderclap","Perfected Strike"],"picked":"Pummel","floor":2},{"not_picked":["Dark Embrace","Iron Wave"],"picked":"Dropkick","floor":4},{"not_picked":["Searing Blow","Twin Strike","Entrench"],"picked":"SKIP","floor":7},{"not_picked":["Wild Strike","Entrench"],"picked":"Limit Break","floor":10},{"not_picked":["Headbutt","Body Slam"],"picked":"Feel No Pain","floor":12},{"not_picked":["Impervious","Reaper"],"picked":"Corruption","floor":16},{"not_picked":["Inflame","Armaments","Feel No Pain"],"picked":"SKIP","floor":18},{"not_picked":["Shrug It Off","Perfected Strike","True Grit"],"picked":"SKIP","floor":20},{"not_picked":["Heavy Blade","Anger"],"picked":"Havoc","floor":22}],"player_experience":1946251,"relics_obtained":[{"floor":9,"key":"Calipers"},{"floor":10,"key":"Girya"},{"floor":19,"key":"Red Mask"}],"event_choices":[{"damage_healed":0,"gold_gain":275,"player_choice":"Desecrate","damage_taken":0,"max_hp_gain":0,"max_hp_loss":0,"event_name":"Golden Shrine","floor":3,"gold_loss":0,"cards_obtained":["Regret"]},{"damage_healed":0,"gold_gain":0,"player_choice":"Got Potions","damage_taken":0,"max_hp_gain":0,"max_hp_loss":0,"event_name":"Lab","floor":14,"gold_loss":0},{"damage_healed":0,"gold_gain":0,"player_choice":"Fought Bandits","damage_taken":0,"max_hp_gain":0,"max_hp_loss":0,"event_name":"Masked Bandits","floor":19,"gold_loss":0},{"damage_healed":0,"gold_gain":0,"player_choice":"Shed Blood","damage_taken":26,"max_hp_gain":5,"max_hp_loss":0,"event_name":"Forgotten Altar","floor":21,"gold_loss":0}],"is_beta":false,"boss_relics":[{"not_picked":["Sozu","Tiny House"],"picked":"Black Blood"}],"items_purged_floors":[5],"is_endless":false,"potions_floor_spawned":[1,7,10,19],"killed_by":"3 Cultists","ascension_level":20}}