{"host":"na09lpbrez4gbfiz","time":1612046814,"event":{"mods":["Act Like it!","BaseMod","BetterRewards","Colored Map","Colored Powertips","DeckTracker","Googly Eyes","Highlight Path","Minty Spire (QoL Compilation)","Quick Restart","Spicy Shops","StSLib","SuperFastMode","Synergy Search"],"gold_per_floor":[118,68,78,3,23,23,58,58,85,105,105,118,118,135,135,214,214,230,242,332,349,349,349,376,376,376,389,389,417,417,428,428,428,428],"floor_reached":33,"language":"ENG","playtime":814,"items_purged":["Strike_R"],"score":454,"play_id":"cd0b101e-9bab-47bf-85af-cdf731e29c7d","local_time":"20210130234654","is_ascension_mode":true,"campfire_choices":[{"data":"Bash","floor":6.0,"key":"SMITH"},{"data":"Flame Barrier","floor":8.0,"key":"SMITH"},{"floor":13.0,"key":"REST"},{"data":"Demon Form","floor":15.0,"key":"SMITH"},{"floor":23.0,"key":"REST"},{"data":"Bludgeon","floor":25,"key":"SMITH"},{"floor":30,"key":"REST"},{"floor":32,"key":"REST"}],"circlet_count":0,"master_deck":["AscendersBane","Strike_R","Strike_R","Strike_R","Defend_R","Defend_R","Defend_R","Bash+1","Flame Barrier+1","Demon Form+1","Bludgeon+1"],"relics":["Burning Blood","Anchor","Boot","Orichalcum","Philosopher\u0027s Stone","Mummified Hand","Lantern","Ancient Tea Set","Red Mask"],"acts_visited":["Exordium","TheCity"],"potions_floor_usage":[33],"damage_taken":[{"damage":6.0,"enemies":"Jaw Worm","floor":1.0,"turns":4.0},{"damage":0.0,"enemies":"Small Slimes","floor":3.0,"turns":5.0},{"damage":1.0,"enemies":"Cultist","floor":5.0,"turns":4.0},{"damage":43.0,"enemies":"3 Sentries","floor":7.0,"turns":17.0},{"damage":4.0,"enemies":"Red Slaver","floor":10.0,"turns":6.0},{"damage":16.0,"enemies":"Exordium Thugs","floor":12.0,"turns":6.0},{"damage":3.0,"enemies":"Blue Slaver","floor":14.0,"turns":5.0},{"damage":33.0,"enemies":"Slime Boss","floor":16.0,"turns":8.0},{"damage":18.0,"enemies":"Spheric Guardian","floor":18.0,"turns":4.0},{"damage":13.0,"enemies":"3 Byrds","floor":19.0,"turns":2.0},{"damage":15.0,"enemies":"Cultist and Chosen","floor":21.0,"turns":8.0},{"damage":28,"enemies":"Book of Stabbing","floor":24,"turns":4},{"damage":10,"enemies":"Centurion and Healer","floor":27,"turns":5},{"damage":8,"enemies":"Colosseum Slavers","floor":28,"turns":4},{"damage":13,"enemies":"Masked Bandits","floor":29,"turns":4},{"damage":3,"enemies":"Snecko","floor":31,"turns":3},{"damage":79,"enemies":"Automaton","floor":33,"turns":6}],"seed_played":"-2556244242303769629","potions_obtained":[{"floor":5.0,"key":"FearPotion"},{"floor":10.0,"key":"AttackPotion"},{"floor":16.0,"key":"SpeedPotion"},{"floor":19.0,"key":"Swift Potion"},{"floor":21.0,"key":"Fruit Juice"},{"floor":29,"key":"ElixirPotion"},{"floor":31,"key":"EntropicBrew"}],"is_trial":false,"path_per_floor":["M","?","M","$","M","R","E","R","T","M","?","M","R","M","R","B",null,"M","M","?","M","T","R","E","R","T","M","?","?","R","M","R","B"],"character_chosen":"IRONCLAD","items_purchased":[],"campfire_rested":4,"item_purchase_floors":[],"current_hp_per_floor":[68,68,74,74,75,75,38,38,38,40,40,30,52,55,55,28,63,51,44,32,28,28,52,30,30,30,26,24,17,41,44,68,0,0],"gold":428,"neow_bonus":"RANDOM_COMMON_RELIC","is_daily":false,"chose_seed":false,"campfire_upgraded":4,"win_rate":0.0,"timestamp":1612046814,"path_taken":["M","?","M","$","M","R","E","R","T","M","?","M","R","M","R","BOSS","M","M","?","?","?","R","E","R","T","M","?","?","R","M","R","BOSS"],"items_purchased_type":[],"build_version":"2020-12-22","purchased_purges":1,"victory":false,"max_hp_per_floor":[75,75,75,75,75,75,75,75,75,75,75,75,75,75,75,75,75,75,75,75,80,80,80,80,80,80,80,80,80,80,80,80,80,80],"card_choices":[{"not_picked":["Twin Strike","Warcry","Infernal Blade"],"picked":"SKIP","floor":1.0},{"not_picked":["Fire Breathing","Twin Strike"],"picked":"Flame Barrier","floor":3.0},{"not_picked":["Heavy Blade","Feel No Pain","Entrench"],"picked":"SKIP","floor":5.0},{"not_picked":["Cleave","Headbutt","Body Slam"],"picked":"SKIP","floor":7.0},{"not_picked":["Intimidate","Rupture","Clash"],"picked":"SKIP","floor":10.0},{"not_picked":["Battle Trance","Dropkick","Shockwave"],"picked":"SKIP","floor":12.0},{"not_picked":["Flex","Body Slam"],"picked":"Demon Form","floor":14.0},{"not_picked":["Offering","Exhume"],"picked":"Bludgeon","floor":16.0},{"not_picked":["Thunderclap+1","Twin Strike","Evolve"],"picked":"SKIP","floor":18.0},{"not_picked":["Cleave","Perfected Strike","Shockwave"],"picked":"SKIP","floor":19.0},{"not_picked":["Sever Soul","Wild Strike","Entrench"],"picked":"SKIP","floor":21.0},{"not_picked":["Perfected Strike","Body Slam","Bloodletting"],"picked":"SKIP","floor":24},{"not_picked":["Twin Strike","Perfected Strike","Power Through"],"picked":"SKIP","floor":27},{"not_picked":["Headbutt","Clash","Dual Wield"],"picked":"SKIP","floor":31}],"player_experience":215108,"relics_obtained":[{"floor":7.0,"key":"Boot"},{"floor":9.0,"key":"Orichalcum"},{"floor":22.0,"key":"Mummified Hand"},{"floor":24,"key":"Lantern"},{"floor":26,"key":"Ancient Tea Set"},{"floor":29,"key":"Red Mask"}],"event_choices":[{"cards_removed":["Strike_R"],"damage_healed":0.0,"max_hp_gain":0.0,"max_hp_loss":0.0,"gold_gain":0.0,"event_name":"The Cleric","player_choice":"Card Removal","floor":2.0,"gold_loss":50.0,"damage_taken":0.0},{"cards_removed":["Defend_R"],"damage_healed":0.0,"max_hp_gain":0.0,"max_hp_loss":0.0,"gold_gain":0.0,"event_name":"Purifier","player_choice":"Purged","floor":11.0,"gold_loss":0.0,"damage_taken":0.0},{"damage_healed":0.0,"max_hp_gain":0.0,"max_hp_loss":0.0,"gold_gain":90.0,"event_name":"Knowing Skull","player_choice":"GOLD ","floor":20.0,"potions_obtained":[],"gold_loss":0.0,"damage_taken":12.0,"cards_obtained":[]},{"damage_healed":0,"gold_gain":0,"player_choice":"Fight","damage_taken":0,"max_hp_gain":0,"max_hp_loss":0,"event_name":"Colosseum","floor":28,"gold_loss":0},{"damage_healed":0,"gold_gain":0,"player_choice":"Fled From Nobs","damage_taken":0,"max_hp_gain":0,"max_hp_loss":0,"event_name":"Colosseum","floor":28,"gold_loss":0},{"damage_healed":0,"gold_gain":0,"player_choice":"Fought Bandits","damage_taken":0,"max_hp_gain":0,"max_hp_loss":0,"event_name":"Masked Bandits","floor":29,"gold_loss":0}],"is_beta":false,"boss_relics":[{"not_picked":["Black Star","Black Blood"],"picked":"Philosopher\u0027s Stone"}],"items_purged_floors":[4],"is_endless":false,"potions_floor_spawned":[5,10,16,19,21,29,31],"killed_by":"Automaton","ascension_level":14}}