{"host":"w3q5ijqu8eoknil3","time":1612029198,"event":{"mods":["AchievementEnabler","BaseMod","Block Reminder","Colored Map","Colored Powertips","Curses Come First","Dark Map","Minty Spire (QoL Compilation)","Quick Restart","Relic Stats","StSLib","ojb\u0027s Better Paths Mod","ojb\u0027s Info Mod","slay the spire mod where everything is the same but ironclad has a cowboy hat"],"gold_per_floor":[112,112,60,6,21,52,66,83,83,8,8,39,59,69,69,145,145,161,161,175,175,175],"floor_reached":21,"language":"ENG","playtime":587,"items_purged":[],"score":421,"play_id":"7c0ca60a-ff90-4e64-affd-636393f49c94","local_time":"20210130175318","is_ascension_mode":true,"campfire_choices":[{"data":"Poisoned Stab","floor":11.0,"key":"SMITH"},{"data":"Backstab","floor":15,"key":"SMITH"}],"circlet_count":0,"master_deck":["AscendersBane","Strike_G","Strike_G","Strike_G","Defend_G","Defend_G","Defend_G","Defend_G","Defend_G","Survivor","Neutralize","Bane","Riddle With Holes","Poisoned Stab+1","Bane","Backstab+1","Noxious Fumes","Deadly Poison","Flying Knee","After Image+1","Infinite Blades+1","Skewer","Adrenaline","Predator","Adrenaline","Sucker Punch+1"],"relics":["Ring of the Snake","NeowsBlessing","Meat on the Bone","Frozen Egg 2","Bottled Flame","SacredBark"],"acts_visited":["Exordium","TheCity"],"potions_floor_usage":[16,16,21],"damage_taken":[{"damage":0.0,"enemies":"Cultist","floor":1.0,"turns":1.0},{"damage":0.0,"enemies":"Jaw Worm","floor":5.0,"turns":1.0},{"damage":0.0,"enemies":"Gremlin Nob","floor":6.0,"turns":1.0},{"damage":0.0,"enemies":"2 Louse","floor":7.0,"turns":2.0},{"damage":4.0,"enemies":"Lots of Slimes","floor":8.0,"turns":4.0},{"damage":10.0,"enemies":"Lagavulin","floor":12.0,"turns":4.0},{"damage":16,"enemies":"Large Slime","floor":13,"turns":5},{"damage":2,"enemies":"Exordium Wildlife","floor":14,"turns":3},{"damage":24,"enemies":"Slime Boss","floor":16,"turns":8},{"damage":28,"enemies":"2 Thieves","floor":18,"turns":5},{"damage":21,"enemies":"3 Byrds","floor":20,"turns":6},{"damage":38,"enemies":"Shelled Parasite and Fungi","floor":21,"turns":4}],"seed_played":"-8479104875376382075","potions_obtained":[{"floor":1.0,"key":"SpeedPotion"},{"floor":5.0,"key":"SpeedPotion"},{"floor":7.0,"key":"DistilledChaos"},{"floor":8.0,"key":"Block Potion"},{"floor":14,"key":"Strength Potion"},{"floor":20,"key":"BlessingOfTheForge"}],"is_trial":false,"path_per_floor":["M","?","$","$","M","E","M","M","T","?","R","E","M","M","R","B",null,"M","?","M","M"],"character_chosen":"THE_SILENT","items_purchased":["Poisoned Stab","Bane"],"campfire_rested":0,"item_purchase_floors":[3,4],"current_hp_per_floor":[59,59,59,59,59,59,59,55,55,55,55,45,41,39,39,27,56,40,40,31,0,0],"gold":175,"neow_bonus":"THREE_ENEMY_KILL","is_daily":false,"chose_seed":false,"campfire_upgraded":2,"win_rate":0.0,"timestamp":1612029198,"path_taken":["M","?","?","$","M","E","?","M","T","?","R","E","M","M","R","BOSS","M","?","M","M"],"items_purchased_type":["Card","Card"],"build_version":"2020-12-22","purchased_purges":0,"victory":false,"max_hp_per_floor":[66,66,66,66,66,66,66,66,66,66,66,66,66,66,66,66,66,66,66,66,66,66],"relic_stats":{"counters":[12,44],"obtain_stats":[{"Bottled Flame":12,"NeowsBlessing":0,"SacredBark":17,"Frozen Egg 2":9,"Ring of the Snake":0,"Meat on the Bone":6},{"Bottled Flame":6,"NeowsBlessing":0,"SacredBark":9,"Frozen Egg 2":5,"Ring of the Snake":0,"Meat on the Bone":3},{"Bottled Flame":13,"NeowsBlessing":0,"SacredBark":29,"Frozen Egg 2":9,"Ring of the Snake":0,"Meat on the Bone":3}],"Ring of the Snake":[24],"Meat on the Bone":48},"card_choices":[{"not_picked":["Terror","Cloak And Dagger"],"picked":"Bane","floor":1.0},{"not_picked":["Caltrops","Setup"],"picked":"Backstab","floor":5.0},{"not_picked":["Well Laid Plans","Heel Hook"],"picked":"Noxious Fumes","floor":6.0},{"not_picked":["Footwork","Flying Knee"],"picked":"Deadly Poison","floor":7.0},{"not_picked":["Bane","Acrobatics"],"picked":"Flying Knee","floor":8.0},{"not_picked":["Flying Knee","Quick Slash"],"picked":"After Image+1","floor":12},{"not_picked":["Outmaneuver","Predator"],"picked":"Infinite Blades+1","floor":13},{"not_picked":["Acrobatics","Masterful Stab"],"picked":"Skewer","floor":14},{"not_picked":["Venomology","Tools of the Trade+1"],"picked":"Adrenaline","floor":16},{"not_picked":["Dodge and Roll","All Out Attack"],"picked":"Predator","floor":18},{"not_picked":["Prepared+1","Backstab"],"picked":"Sucker Punch+1","floor":20}],"player_experience":1027046,"relics_obtained":[{"floor":6.0,"key":"Meat on the Bone"},{"floor":9.0,"key":"Frozen Egg 2"},{"floor":12,"key":"Bottled Flame"}],"event_choices":[{"damage_healed":0.0,"max_hp_gain":0.0,"max_hp_loss":0.0,"gold_gain":0.0,"cards_transformed":["Strike_G"],"event_name":"Transmorgrifier","player_choice":"Transformed","floor":2.0,"gold_loss":0.0,"damage_taken":0.0,"cards_obtained":["Riddle With Holes"]},{"cards_removed":["Strike_G"],"damage_healed":0.0,"max_hp_gain":0.0,"max_hp_loss":0.0,"gold_gain":0.0,"event_name":"The Cleric","player_choice":"Card Removal","floor":10.0,"gold_loss":75.0,"damage_taken":0.0},{"damage_healed":0,"gold_gain":0,"player_choice":"Copied","damage_taken":0,"max_hp_gain":0,"max_hp_loss":0,"event_name":"Duplicator","floor":19,"gold_loss":0,"cards_obtained":["Adrenaline"]}],"is_beta":false,"boss_relics":[{"not_picked":["Runic Dome","Tiny House"],"picked":"SacredBark"}],"items_purged_floors":[],"is_endless":false,"potions_floor_spawned":[1,5,7,8,14,20],"killed_by":"Shelled Parasite and Fungi","ascension_level":19}}