{"host":"6xsbn6ynqlzwllfm","time":1612009891,"event":{"mods":["2.2 Compatiblity","BaseMod","Bestiary","Colored Map","Colored Powertips","Curses Come First","Highlight Path","Keyboard Shortcuts","Minty Spire (QoL Compilation)","Relic Stats","Slay the Relics Exporter","StSLib","SuperFastMode"],"gold_per_floor":[114,130,205,220,220,220,253,253,253,266,291,312,336,372,372,465,465,483,398,398,398,414,414,414],"floor_reached":23,"language":"ENG","playtime":532,"items_purged":[],"score":506,"play_id":"a0ed5195-72c2-4e86-ae3e-bed704b6d7c4","local_time":"20210130073131","is_ascension_mode":true,"campfire_choices":[{"data":"FlurryOfBlows","floor":6.0,"key":"SMITH"},{"data":"FlurryOfBlows","floor":15,"key":"SMITH"}],"circlet_count":0,"master_deck":["AscendersBane","Strike_P","Strike_P","Strike_P","Defend_P","Defend_P","Defend_P","Defend_P","Eruption","Vigilance","ReachHeaven","FlurryOfBlows+1","FlurryOfBlows+1","EmptyFist","FlyingSleeves+1","Prostrate","SandsOfTime+1","Protect","FlurryOfBlows+1","DeusExMachina","CrushJoints+1","RitualDagger+1","Conclude+1"],"relics":["PureWater","Golden Idol","Letter Opener","Molten Egg 2","The Courier","Philosopher\u0027s Stone","Bronze Scales"],"acts_visited":["Exordium","TheCity"],"potions_floor_usage":[22],"damage_taken":[{"damage":12.0,"enemies":"Small Slimes","floor":1.0,"turns":2.0},{"damage":0.0,"enemies":"2 Louse","floor":2.0,"turns":2.0},{"damage":7.0,"enemies":"Jaw Worm","floor":4.0,"turns":3.0},{"damage":2.0,"enemies":"3 Sentries","floor":7.0,"turns":4.0},{"damage":15.0,"enemies":"Lots of Slimes","floor":10.0,"turns":4.0},{"damage":0.0,"enemies":"Blue Slaver","floor":11.0,"turns":2.0},{"damage":0.0,"enemies":"Looter","floor":12.0,"turns":2.0},{"damage":7.0,"enemies":"Exordium Wildlife","floor":13.0,"turns":4.0},{"damage":5,"enemies":"Gremlin Nob","floor":14,"turns":3},{"damage":0,"enemies":"Slime Boss","floor":16,"turns":3},{"damage":0,"enemies":"Spheric Guardian","floor":18,"turns":2},{"damage":26,"enemies":"2 Thieves","floor":22,"turns":3},{"damage":21,"enemies":"Gremlin Leader","floor":23,"turns":1}],"seed_played":"570329788962297567","potions_obtained":[{"floor":1.0,"key":"SteroidPotion"},{"floor":2.0,"key":"Fire Potion"},{"floor":14,"key":"AttackPotion"}],"is_trial":false,"path_per_floor":["M","M","?","M","?","R","E","?","T","M","M","M","M","E","R","B",null,"M","?","?","?","M","E"],"character_chosen":"WATCHER","items_purchased":[],"campfire_rested":0,"item_purchase_floors":[],"current_hp_per_floor":[55,55,44,37,37,37,35,28,28,13,13,13,6,1,1,1,51,51,51,45,45,19,0,0],"gold":414,"neow_bonus":"TEN_PERCENT_HP_BONUS","is_daily":false,"chose_seed":false,"campfire_upgraded":2,"win_rate":0.0,"timestamp":1612009891,"path_taken":["M","M","?","M","?","R","E","?","T","?","?","M","M","E","R","BOSS","M","?","?","?","M","E"],"items_purchased_type":[],"build_version":"2020-12-22","purchased_purges":0,"victory":false,"max_hp_per_floor":[74,74,74,74,67,67,67,67,67,67,67,67,67,67,67,67,67,67,67,67,67,67,67,67],"relic_stats":{"counters":[13,35],"Golden Idol":57,"Bronze Scales":[15],"Letter Opener":[30],"obtain_stats":[{"Golden Idol":5,"Bronze Scales":19,"Molten Egg 2":9,"Philosopher\u0027s Stone":17,"The Courier":14,"Letter Opener":7,"PureWater":0},{"Golden Idol":3,"Bronze Scales":11,"Molten Egg 2":4,"Philosopher\u0027s Stone":10,"The Courier":9,"Letter Opener":4,"PureWater":0},{"Golden Idol":7,"Bronze Scales":31,"Molten Egg 2":11,"Philosopher\u0027s Stone":29,"The Courier":26,"Letter Opener":11,"PureWater":0}]},"card_choices":[{"not_picked":["FollowUp","EmptyMind"],"picked":"ReachHeaven","floor":1.0},{"not_picked":["Nirvana","ThirdEye"],"picked":"FlurryOfBlows","floor":2.0},{"not_picked":["Evaluate","Crescendo"],"picked":"FlurryOfBlows","floor":4.0},{"not_picked":["FlurryOfBlows","SashWhip"],"picked":"EmptyFist","floor":7.0},{"not_picked":["Prostrate","SashWhip+1"],"picked":"FlyingSleeves+1","floor":10.0},{"not_picked":["ClearTheMind","Establishment"],"picked":"Prostrate","floor":11.0},{"not_picked":["Crescendo","CarveReality+1"],"picked":"SandsOfTime+1","floor":12.0},{"not_picked":["Crescendo","ClearTheMind"],"picked":"Protect","floor":13.0},{"not_picked":["WaveOfTheHand","Evaluate"],"picked":"FlurryOfBlows+1","floor":14},{"not_picked":["DevaForm","Alpha"],"picked":"DeusExMachina","floor":16},{"not_picked":["Wireheading","Evaluate"],"picked":"CrushJoints+1","floor":18},{"not_picked":["FlurryOfBlows+1","SashWhip+1"],"picked":"Conclude+1","floor":22}],"player_experience":1276829,"relics_obtained":[{"floor":7.0,"key":"Letter Opener"},{"floor":9.0,"key":"Molten Egg 2"},{"floor":14,"key":"The Courier"}],"event_choices":[{"damage_healed":0.0,"max_hp_gain":0.0,"max_hp_loss":0.0,"gold_gain":75.0,"event_name":"World of Goop","player_choice":"Gather Gold","floor":3.0,"gold_loss":0.0,"damage_taken":11.0},{"damage_healed":0.0,"max_hp_gain":0.0,"max_hp_loss":7.0,"gold_gain":0.0,"event_name":"Golden Idol","player_choice":"Lose Max HP","floor":5.0,"gold_loss":0.0,"damage_taken":0.0,"relics_obtained":["Golden Idol"]},{"cards_removed":["Strike_P"],"damage_healed":0.0,"max_hp_gain":0.0,"max_hp_loss":0.0,"gold_gain":0.0,"event_name":"Golden Wing","player_choice":"Card Removal","floor":8.0,"gold_loss":0.0,"damage_taken":7.0},{"damage_healed":0,"gold_gain":0,"player_choice":"Obtained Relic","damage_taken":0,"relics_obtained":["Bronze Scales"],"max_hp_gain":0,"max_hp_loss":0,"event_name":"Addict","floor":19,"gold_loss":85},{"damage_healed":0,"gold_gain":0,"player_choice":"Joined the Cult","damage_taken":6,"max_hp_gain":0,"max_hp_loss":0,"event_name":"Nest","floor":20,"gold_loss":0,"cards_obtained":["RitualDagger"]},{"damage_healed":0,"gold_gain":0,"player_choice":"Ignored","damage_taken":0,"max_hp_gain":0,"max_hp_loss":0,"event_name":"Ghosts","floor":21,"gold_loss":0}],"is_beta":false,"boss_relics":[{"not_picked":["Coffee Dripper","Snecko Eye"],"picked":"Philosopher\u0027s Stone"}],"items_purged_floors":[],"is_endless":false,"potions_floor_spawned":[1,2,4,14],"killed_by":"Gremlin Leader","ascension_level":20}}