{"host":"4a0aa7b2d8dxohwr","time":1612012476,"event":{"mods":["ATMod(∞¢Ë™Mod)","Act Like it!","BaseMod","Dota2Spire","Friendly Minions","Gensokyo","GifTheSpireLib","GungeonMod","Marisa£®ÏF”Í°°ƒß¿Ì…≥£©","Minty Spire (QoL Compilation)","Reimu£®≤©¿ˆ¡È√Œ£©","Reliquary","Remilia£®¿Ÿ√◊¿Ú—«£©","Shop Mod","StSLib","The Cursed","The Senshi","The Servant 0.9.4","Youmu£®ªÍ∆«—˝√Œ£©","[IsaacMod]“‘»ˆº‚À˛","°æ“≈ŒÔø®≈∆°øREMEMod"],"gold_per_floor":[117,117,129,36,48,80,80,299,299,299,325,335,348,383,383,458,458,471,489,489,204,214,214,247,44,44,56,381,381,396,630,630,718,718,731,731,731,279,305,305,340,340,412,21,21,21,50,50,50,50,50,50,18,59,84],"floor_reached":56,"language":"ZHS","playtime":3172,"items_purged":["Gensokyo:AllTheWorldsEvil","Strike_RM","Injury","Strike_RM"],"score":2539,"play_id":"fd6e6826-0474-478f-80af-bb08cd8acd3d","local_time":"20210130211436","is_ascension_mode":true,"campfire_choices":[{"data":"AT_FamilyPortrait","floor":15.0,"key":"SMITH"},{"data":"Stigmanizer","floor":23.0,"key":"SMITH"},{"data":"BombardNight","floor":29.0,"key":"SMITH"},{"data":"ScarletNetherworld","floor":32.0,"key":"SMITH"},{"data":"EternalNight","floor":40.0,"key":"SMITH"},{"data":"ScarletCoffin","floor":42.0,"key":"SMITH"},{"floor":49.0,"key":"RECALL"},{"data":"TransientEternity","floor":52.0,"key":"SMITH"}],"circlet_count":0,"master_deck":["AscendersBane","Strike_RM","Strike_RM","Defend_RM","Defend_RM","Defend_RM","Defend_RM","RedMoon+1","ScarletShoot","AT_FamilyPortrait+1","SuperhumanBloodyKnife","StarOfDavid+1","DiffusionOfMisfortune+1","BombardNight+1","Stigmanizer+1","ScarletImprint+1","Defend_RM","ScarletCoffin+1","CurseOfTheBell","ScarletCoffin+1","NightDance","MastersStateliness+1","ScarletNetherworld+1","MillenniumVampire","UnstableMagic+1","TransientEternity+1","EternalNight+1","BloodyHallows","BloodyCatastrophe"],"relics":["ScarletHat","HushsDoor","AT_ATBox","REME_ComplimentaryCards","DemoMod:MemoryAlloy","TypeBBloodRedTea","Dota2Spire:Vanguard","GuppysHead","Gensokyo:Companionship","Mastiff:ReiMu","DemoMod:WhiteGuonStone","Dota2Spire:Satanic","Torii","CeramicFish","Bag of Marbles","Dota2Spire:AssaultCuirass","DemoMod:SuperHotWatch","AT_ForceNature","reliquary:RedCape","MerchantsRug","BelialBook","Kunai","Dota2Spire:MonkeyKingBar","Succubus","AT_MibuBalloonWealth"],"acts_visited":["Exordium","Gensokyo:Gensokyo","Gensokyo:Gensokyoer","TheEnding"],"potions_floor_usage":[55,55],"damage_taken":[{"damage":0.0,"enemies":"Gensokyo:3_Fairies","floor":1.0,"turns":4.0},{"damage":0.0,"enemies":"Gensokyo:2_Kodama","floor":3.0,"turns":6.0},{"damage":0.0,"enemies":"Gensokyo:Gryphon","floor":5.0,"turns":3.0},{"damage":0.0,"enemies":"Gensokyo:Mamizou","floor":6.0,"turns":9.0},{"damage":0.0,"enemies":"Gensokyo:2_Rabbits","floor":8.0,"turns":4.0},{"damage":0.0,"enemies":"Gensokyo:Aya","floor":11.0,"turns":5.0},{"damage":0.0,"enemies":"Gensokyo:LivingMonolith","floor":12.0,"turns":3.0},{"damage":0.0,"enemies":"Gensokyo:Python_and_Kodama","floor":13.0,"turns":3.0},{"damage":40.0,"enemies":"Gensokyo:Mamizou","floor":14.0,"turns":8.0},{"damage":0.0,"enemies":"Gensokyo:Yukari","floor":16.0,"turns":9.0},{"damage":0.0,"enemies":"Gensokyo:AngelMirror","floor":18.0,"turns":3.0},{"damage":0.0,"enemies":"Gensokyo:CosmicMonolith","floor":19.0,"turns":3.0},{"damage":0.0,"enemies":"Gensokyo:Swordslinger","floor":22.0,"turns":3.0},{"damage":0.0,"enemies":"Gensokyo:Koishi","floor":24.0,"turns":6.0},{"damage":0.0,"enemies":"Gensokyo:Chomper_and_Gloop","floor":27.0,"turns":3.0},{"damage":0.0,"enemies":"Gensokyo:Slime_Group","floor":30.0,"turns":5.0},{"damage":0.0,"enemies":"Gensokyo:Tenshi","floor":31.0,"turns":4.0},{"damage":41.0,"enemies":"Gensokyo:Eternal_Rivals","floor":33.0,"turns":12.0},{"damage":0.0,"enemies":"Gensokyo:AncientGuardian","floor":35.0,"turns":8.0},{"damage":0.0,"enemies":"Gensokyo:3_Bats","floor":39.0,"turns":2.0},{"damage":23.0,"enemies":"Gensokyo:Kasen","floor":41.0,"turns":8.0},{"damage":16.0,"enemies":"Gensokyo:Marisa","floor":47.0,"turns":4.0},{"damage":0.0,"enemies":"Gensokyo:Yuyuko","floor":50.0,"turns":5.0},{"damage":4,"enemies":"Shield and Spear","floor":54,"turns":3},{"damage":35,"enemies":"The Heart","floor":55,"turns":7}],"seed_played":"8772185464962278092","potions_obtained":[{"floor":3.0,"key":"SteroidPotion"},{"floor":5.0,"key":"Block Potion"},{"floor":11.0,"key":"SteroidPotion"},{"floor":14.0,"key":"LiquidMemories"},{"floor":31.0,"key":"Dexterity Potion"},{"floor":33.0,"key":"DemoMod:LeadSkinPotion"}],"is_trial":false,"path_per_floor":["M","?","M","COS","M","E","?","M","T","?","E","M","M","E","R","B",null,"M","M","?","$","M","R","E","COS","T","M","?","R","M","E","R","B",null,"M","?","?","$","M","R","E","R","T","$","?","?","E","?","R","B",null,"R","$","E","B",null],"character_chosen":"REMILIA","items_purchased":["reliquary:Buckler","ScarletNetherworld","AT_SilvercatRing","MerchantsRug","Kunai","DemoMod:WeirdEgg","BloodyHallows"],"campfire_rested":0,"item_purchase_floors":[21,21,38,38,44,53,53],"current_hp_per_floor":[63,48,51,51,57,63,53,56,56,56,59,64,75,40,40,44,71,74,77,77,77,80,80,80,80,80,80,80,80,80,80,80,50,73,80,80,40,40,44,44,45,45,45,45,45,38,48,48,48,48,72,72,72,71,80],"gold":84,"neow_bonus":"RANDOM_COMMON_RELIC","is_daily":false,"chose_seed":false,"campfire_upgraded":7,"win_rate":0.0,"timestamp":1612012476,"path_taken":["M","?","M","COS","M","E","?","?","T","?","E","M","M","E","R","BOSS","M","M","?","$","?","R","E","COS","T","?","?","R","M","E","R","BOSS","M","?","?","$","M","R","E","R","T","$","?","?","E","?","R","BOSS","R","$","E","BOSS"],"items_purchased_type":["Relic","Card","Relic","Relic","Relic","Relic","Card"],"build_version":"2020-12-22","purchased_purges":4,"victory":true,"max_hp_per_floor":[70,70,70,70,70,70,80,80,80,80,80,80,80,80,80,80,80,80,80,80,80,80,80,80,80,80,80,80,80,80,80,80,80,80,80,80,80,80,80,80,80,80,80,80,80,80,80,80,80,80,80,80,80,80,80],"card_choices":[{"not_picked":["FavorOfDestiny","RedMagic"],"picked":"SuperhumanBloodyKnife","floor":1.0},{"not_picked":["ScarletDevilSign","BloodHunter"],"picked":"StarOfDavid","floor":3.0},{"not_picked":["AfternoonTea","VampireKiss"],"picked":"DiffusionOfMisfortune","floor":5.0},{"not_picked":["BloodHunter","BlasphemousPunishment","VampireKiss"],"picked":"SKIP","floor":6.0},{"not_picked":["ForbiddenFruit","StarOfDavid"],"picked":"BombardNight","floor":8.0},{"not_picked":["ScarletDevilSign","MiserableFate"],"picked":"Stigmanizer","floor":11.0},{"not_picked":["EmergencyRegeneration","NightLord"],"picked":"ScarletImprint","floor":12.0},{"not_picked":["ScarletSymphony","RedNightlessCastle","Stigmanizer"],"picked":"SKIP","floor":12.0},{"not_picked":["DiffusionOfMisfortune","UnstableMagic","ScarletImprint"],"picked":"SKIP","floor":13.0},{"not_picked":["UnstableMagic","DiffusionOfMisfortune","ForbiddenFruit"],"picked":"SKIP","floor":13.0},{"not_picked":["CharismaGuard","BloodHunter","StarOfDavid"],"picked":"SKIP","floor":14.0},{"not_picked":["BatForm","ScarletMeister"],"picked":"ScarletCoffin","floor":16.0},{"not_picked":["ForbiddenFruit","UnderTheZenith"],"picked":"NightDance","floor":18.0},{"not_picked":["VampireFantasy+1","ScarletGensokyo","Stigmanizer"],"picked":"SKIP","floor":18.0},{"not_picked":["NightDance","Stigmanizer"],"picked":"MastersStateliness","floor":19.0},{"not_picked":["TricksterDevil","BloodHunter","RedRainbow"],"picked":"SKIP","floor":19.0},{"not_picked":["Septette","BloodHunter"],"picked":"MillenniumVampire","floor":22.0},{"not_picked":["UnstableMagic","RedRainbow","ScarletImprint"],"picked":"SKIP","floor":22.0},{"not_picked":["RedMagic","StarOfDavid"],"picked":"UnstableMagic+1","floor":24.0},{"not_picked":["UnstableMagic+1","EndlessAdversity","BloodySeventeenLaser"],"picked":"SKIP","floor":27.0},{"not_picked":["Stigmanizer","ReincarnationDial","ScarletImprint"],"picked":"SKIP","floor":27.0},{"not_picked":["VampireKiss+1","ScarletGensokyo+1","MastersStateliness"],"picked":"SKIP","floor":30.0},{"not_picked":["RedMagic","BombardNight","BloodHunter"],"picked":"SKIP","floor":30.0},{"not_picked":["EmergencyRegeneration","NightLord","BloodHunter"],"picked":"SKIP","floor":31.0},{"not_picked":["KillingBlow","CurseOfVladTepes"],"picked":"TransientEternity","floor":33.0},{"not_picked":["ScarletImprint+1","BloodyTrap","CharismaGuard+1"],"picked":"SKIP","floor":35.0},{"not_picked":["BadLadyScramble","EmergencyRegeneration","ScarletDevil"],"picked":"SKIP","floor":35.0},{"not_picked":["BombardNight","UltimateOffering"],"picked":"EternalNight","floor":39.0},{"not_picked":["StarOfDavid","UnderTheZenith","CeilingFear"],"picked":"SKIP","floor":39.0},{"not_picked":["VampireClaw","DiffusionOfMisfortune","BloodyMagicSquare"],"picked":"SKIP","floor":41.0},{"not_picked":["EndlessAdversity+1","ScarletNetherworld","ScarletDevil"],"picked":"SKIP","floor":47.0},{"not_picked":["ScarletDevilSign","ScarletImprint"],"picked":"BloodyCatastrophe","floor":54}],"player_experience":507662,"relics_obtained":[{"floor":6.0,"key":"TuHaoJin"},{"floor":9.0,"key":"Dota2Spire:Vanguard"},{"floor":11.0,"key":"GuppysHead"},{"floor":14.0,"key":"Mastiff:ReiMu"},{"floor":17.0,"key":"DemoMod:WhiteGuonStone"},{"floor":17.0,"key":"Dota2Spire:Satanic"},{"floor":17.0,"key":"DollysMirror"},{"floor":24.0,"key":"TentaclePot:ReiMu"},{"floor":26.0,"key":"Torii"},{"floor":30.0,"key":"BFFS"},{"floor":31.0,"key":"CeramicFish"},{"floor":41.0,"key":"BelialBook"},{"floor":47.0,"key":"reliquary:Boomerang"},{"floor":47.0,"key":"Bottled Flame"},{"floor":54,"key":"AT_MibuBalloonWealth"}],"event_choices":[],"is_beta":false,"boss_relics":[{"not_picked":["Gambling Chip","AT_SunfireAegis"],"picked":"Calling Bell"},{"not_picked":[]},{"not_picked":["TheAbacus","Akabeko"],"picked":"DemoMod:SuperHotWatch"},{"not_picked":[]}],"items_purged_floors":[21,38,44,53],"is_endless":false,"potions_floor_spawned":[3,5,11,14,24,30,31,33,41,47],"ascension_level":19}}