{"host":"q0ahhcf6jhp3yzzb","time":1612035063,"event":{"mods":["Ascension Unlocker","BaseMod","Bestiary","Minty Spire (QoL Compilation)","Relic Stats","StSLib"],"gold_per_floor":[217,217,227,227,9,9,43,58,111,124,124,158,158,177,177,177,177],"floor_reached":16,"language":"ENG","playtime":510,"items_purged":[],"score":220,"play_id":"9e2b51b7-f0a9-4c6c-af22-a4182be3cc0a","local_time":"20210130123103","is_ascension_mode":true,"campfire_choices":[{"data":"Dagger Spray","floor":6,"key":"SMITH"},{"floor":11,"key":"REST"},{"floor":15,"key":"REST"}],"circlet_count":0,"master_deck":["AscendersBane","Strike_G","Strike_G","Strike_G","Strike_G","Defend_G","Defend_G","Defend_G","Defend_G","Defend_G","Survivor","Neutralize","Dash","Dagger Spray+1","Corpse Explosion","Noxious Fumes","Quick Slash","Outmaneuver","Bane"],"relics":["Ring of the Snake","Toy Ornithopter","Golden Idol","Nunchaku","Lantern","Matryoshka"],"acts_visited":["Exordium"],"potions_floor_usage":[7,12,16,16,16,16],"damage_taken":[{"damage":14,"enemies":"Jaw Worm","floor":1,"turns":10},{"damage":0,"enemies":"Small Slimes","floor":3,"turns":4},{"damage":27,"enemies":"Lagavulin","floor":7,"turns":7},{"damage":0,"enemies":"Cultist","floor":8,"turns":3},{"damage":1,"enemies":"Red Slaver","floor":10,"turns":4},{"damage":21,"enemies":"Gremlin Nob","floor":12,"turns":4},{"damage":3,"enemies":"2 Fungi Beasts","floor":14,"turns":4},{"damage":54,"enemies":"Slime Boss","floor":16,"turns":8}],"seed_played":"-832610664706621418","potions_obtained":[{"floor":1,"key":"SkillPotion"},{"floor":10,"key":"EntropicBrew"},{"floor":12,"key":"Ancient Potion"}],"is_trial":false,"path_per_floor":["M","?","M","?","$","R","E","M","T","M","R","E","?","M","R","B"],"character_chosen":"THE_SILENT","items_purchased":["Corpse Explosion","Strength Potion"],"campfire_rested":2,"item_purchase_floors":[5,5],"current_hp_per_floor":[45,40,40,40,40,40,18,18,18,17,35,19,19,16,34,0,0],"gold":177,"neow_bonus":"HUNDRED_GOLD","is_daily":false,"chose_seed":false,"campfire_upgraded":1,"win_rate":0.0,"timestamp":1612035063,"path_taken":["M","?","M","?","$","R","E","M","T","M","R","E","?","M","R","BOSS"],"items_purchased_type":["Card","Potion"],"build_version":"2020-12-22","purchased_purges":0,"victory":false,"max_hp_per_floor":[66,66,66,60,60,60,60,60,60,60,60,60,60,60,60,60,60],"relic_stats":{"Nunchaku":[4],"counters":[8,44],"Golden Idol":24,"obtain_stats":[{"Nunchaku":7,"Lantern":9,"Matryoshka":12,"Golden Idol":4,"Toy Ornithopter":2,"Ring of the Snake":0},{"Nunchaku":3,"Lantern":4,"Matryoshka":6,"Golden Idol":2,"Toy Ornithopter":1,"Ring of the Snake":0},{"Nunchaku":21,"Lantern":24,"Matryoshka":32,"Golden Idol":14,"Toy Ornithopter":10,"Ring of the Snake":0}],"Toy Ornithopter":30,"Ring of the Snake":[16]},"card_choices":[{"not_picked":["Catalyst","Acrobatics"],"picked":"Dash","floor":1},{"not_picked":["Dodge and Roll","Underhanded Strike"],"picked":"Dagger Spray","floor":3},{"not_picked":["Concentrate","Outmaneuver"],"picked":"Noxious Fumes","floor":7},{"not_picked":["Prepared","After Image"],"picked":"Quick Slash","floor":8},{"not_picked":["Prepared","Caltrops","Flying Knee"],"picked":"SKIP","floor":10},{"not_picked":["Acrobatics","Outmaneuver","Flying Knee"],"picked":"SKIP","floor":12},{"not_picked":["Masterful Stab","Backflip"],"picked":"Bane","floor":14}],"player_experience":817433,"relics_obtained":[{"floor":7,"key":"Nunchaku"},{"floor":9,"key":"Lantern"},{"floor":12,"key":"Matryoshka"}],"event_choices":[{"damage_healed":0,"gold_gain":0,"player_choice":"Success","damage_taken":5,"relics_obtained":["Toy Ornithopter"],"max_hp_gain":0,"max_hp_loss":0,"event_name":"Scrap Ooze","floor":2,"gold_loss":0},{"damage_healed":0,"gold_gain":0,"player_choice":"Lose Max HP","damage_taken":0,"relics_obtained":["Golden Idol"],"max_hp_gain":0,"max_hp_loss":6,"event_name":"Golden Idol","floor":4,"gold_loss":0},{"damage_healed":0,"gold_gain":0,"cards_transformed":["Strike_G"],"player_choice":"Transformed","damage_taken":0,"max_hp_gain":0,"max_hp_loss":0,"event_name":"Transmorgrifier","floor":13,"gold_loss":0,"cards_obtained":["Outmaneuver"]}],"is_beta":false,"boss_relics":[],"items_purged_floors":[],"is_endless":false,"potions_floor_spawned":[1,10,12],"killed_by":"Slime Boss","ascension_level":20}}