{"host":"r53pw7z744tg3fxg","time":1612045389,"event":{"mods":["AchievementEnabler","BaseMod","Colored Map","Colored Powertips","Highlight Path","Minty Spire (QoL Compilation)","Quick Restart","Transform Curses"],"gold_per_floor":[117,192,192,20,30,62,62,97,97,116,116,65,83,83,83,160,160,172,172,142,160,160,160],"floor_reached":22,"language":"ENG","playtime":579,"items_purged":[],"score":412,"play_id":"d0a67f06-4250-4d41-b6f9-e7e705979f74","local_time":"20210130152309","is_ascension_mode":true,"campfire_choices":[{"floor":7.0,"key":"REST"},{"floor":11.0,"key":"REST"},{"floor":15.0,"key":"REST"}],"circlet_count":0,"master_deck":["AscendersBane","Strike_P","Strike_P","Strike_P","Strike_P","Defend_P","Defend_P","Defend_P","Defend_P","Eruption","Vigilance","ConjureBlade","BattleHymn","ReachHeaven","Prostrate","DevaForm","CutThroughFate","BowlingBash","Conclude","LessonLearned","CurseOfTheBell"],"relics":["PureWater","Mango","Centennial Puzzle","Nunchaku","Mercury Hourglass","Shuriken","Calling Bell","Bronze Scales","Sundial","Torii"],"acts_visited":["Exordium","TheCity"],"potions_floor_usage":[22],"damage_taken":[{"damage":5.0,"enemies":"2 Louse","floor":1.0,"turns":3.0},{"damage":7.0,"enemies":"Jaw Worm","floor":5.0,"turns":4.0},{"damage":0.0,"enemies":"Lagavulin","floor":6.0,"turns":4.0},{"damage":51.0,"enemies":"Gremlin Nob","floor":8.0,"turns":6.0},{"damage":0.0,"enemies":"Small Slimes","floor":10.0,"turns":2.0},{"damage":12.0,"enemies":"Looter","floor":13.0,"turns":3.0},{"damage":35.0,"enemies":"The Guardian","floor":16.0,"turns":7.0},{"damage":30.0,"enemies":"Shell Parasite","floor":18.0,"turns":6.0},{"damage":30.0,"enemies":"2 Thieves","floor":21.0,"turns":3.0},{"damage":13,"enemies":"Snake Plant","floor":22,"turns":2}],"seed_played":"-3374064881821968384","potions_obtained":[{"floor":5.0,"key":"Weak Potion"},{"floor":13.0,"key":"SteroidPotion"},{"floor":20.0,"key":"Swift Potion"},{"floor":20.0,"key":"SkillPotion"},{"floor":21.0,"key":"Fire Potion"}],"is_trial":false,"path_per_floor":["M","?","?","$","M","E","R","E","T","M","R","$","M","?","R","B",null,"M","?","?","M","M"],"character_chosen":"WATCHER","items_purchased":["Centennial Puzzle","BowlingBash"],"campfire_rested":3,"item_purchase_floors":[4,12],"current_hp_per_floor":[56,45,41,41,34,34,58,7,7,7,31,31,19,19,43,8,64,34,34,34,4,0,0],"gold":160,"neow_bonus":"ONE_RANDOM_RARE_CARD","is_daily":false,"chose_seed":false,"campfire_upgraded":0,"win_rate":0.0,"timestamp":1612045389,"path_taken":["M","?","?","$","M","E","R","E","T","M","R","?","M","?","R","BOSS","M","?","?","M","M"],"items_purchased_type":["Relic","Card"],"build_version":"2020-12-22","purchased_purges":0,"victory":false,"max_hp_per_floor":[68,68,82,82,82,82,82,82,82,82,82,82,82,82,82,82,82,82,82,82,82,82,82],"card_choices":[{"not_picked":["ThirdEye","FearNoEvil"],"picked":"BattleHymn","floor":1.0},{"not_picked":["FlurryOfBlows","CrushJoints"],"picked":"ReachHeaven","floor":5.0},{"not_picked":["FlyingSleeves","Protect"],"picked":"Prostrate","floor":6.0},{"not_picked":["FlurryOfBlows","CrushJoints"],"picked":"DevaForm","floor":8.0},{"not_picked":["CrushJoints","WaveOfTheHand"],"picked":"CutThroughFate","floor":10.0},{"not_picked":["Halt","Vengeance"],"picked":"Conclude","floor":13.0},{"not_picked":["Scrawl","Brilliance"],"picked":"LessonLearned","floor":16.0},{"not_picked":["EmptyFist","Study","CutThroughFate"],"picked":"SKIP","floor":18.0},{"not_picked":["Conclude+1","EmptyMind","BowlingBash"],"picked":"SKIP","floor":21.0}],"player_experience":1394388,"relics_obtained":[{"floor":6.0,"key":"Nunchaku"},{"floor":8.0,"key":"Mercury Hourglass"},{"floor":9.0,"key":"Shuriken"},{"floor":17.0,"key":"Bronze Scales"},{"floor":17.0,"key":"Sundial"},{"floor":17.0,"key":"Torii"}],"event_choices":[{"damage_healed":0.0,"max_hp_gain":0.0,"max_hp_loss":0.0,"gold_gain":75.0,"event_name":"World of Goop","player_choice":"Gather Gold","floor":2.0,"gold_loss":0.0,"damage_taken":11.0},{"damage_healed":0.0,"max_hp_gain":0.0,"max_hp_loss":0.0,"gold_gain":0.0,"event_name":"Scrap Ooze","player_choice":"Success","floor":3.0,"gold_loss":0.0,"damage_taken":18.0,"relics_obtained":["Mango"]},{"damage_healed":0.0,"max_hp_gain":0.0,"max_hp_loss":0.0,"gold_gain":0.0,"event_name":"Liars Game","player_choice":"Ignored","floor":14.0,"gold_loss":0.0,"damage_taken":0.0},{"damage_healed":0.0,"max_hp_gain":0.0,"max_hp_loss":0.0,"gold_gain":0.0,"event_name":"Beggar","player_choice":"Ignored","floor":19.0,"gold_loss":0.0,"damage_taken":0.0},{"damage_healed":0.0,"max_hp_gain":0.0,"max_hp_loss":0.0,"gold_gain":0.0,"event_name":"The Woman in Blue","player_choice":"Bought 2 Potions","floor":20.0,"gold_loss":0.0,"damage_taken":0.0}],"is_beta":false,"boss_relics":[{"not_picked":["SacredBark","Runic Pyramid"],"picked":"Calling Bell"}],"items_purged_floors":[],"is_endless":false,"potions_floor_spawned":[5,13,21],"killed_by":"Snake Plant","ascension_level":18}}