{"host":"d52brwsy6af8zvaq","time":1612027283,"event":{"mods":["AchievementEnabler","BaseMod","Bestiary","Highlight Path","Minty Spire (QoL Compilation)","Quick Restart","Relic Stats","ojb\u0027s Better Paths Mod"],"gold_per_floor":[111,111,129,129,54,54,83,115,177,202,165,177,189,226,238,250,250],"floor_reached":16,"language":"ENG","playtime":471,"items_purged":[],"score":216,"play_id":"ba90ec5a-0baa-4ae2-8e0f-e24524c82317","local_time":"20210130102123","is_ascension_mode":true,"campfire_choices":[{"data":"Deadly Poison","floor":6.0,"key":"SMITH"},{"floor":12,"key":"REST"},{"data":"Crippling Poison","floor":15,"key":"SMITH"}],"circlet_count":0,"master_deck":["AscendersBane","Strike_G","Strike_G","Strike_G","Strike_G","Defend_G","Defend_G","Defend_G","Defend_G","Defend_G","Survivor","Neutralize+1","Dark Shackles","Cloak And Dagger","Deadly Poison+1","Noxious Fumes","Bouncing Flask","Cloak And Dagger","Parasite","Crippling Poison+1"],"relics":["Ring of the Snake","MawBank","Orichalcum"],"acts_visited":["Exordium"],"potions_floor_usage":[10],"damage_taken":[{"damage":1.0,"enemies":"Small Slimes","floor":1.0,"turns":5.0},{"damage":0.0,"enemies":"2 Louse","floor":3.0,"turns":4.0},{"damage":51.0,"enemies":"Gremlin Nob","floor":7.0,"turns":5.0},{"damage":1.0,"enemies":"Jaw Worm","floor":8.0,"turns":4.0},{"damage":0,"enemies":"Blue Slaver","floor":10,"turns":4},{"damage":12,"enemies":"Lagavulin","floor":14,"turns":5},{"damage":39,"enemies":"Slime Boss","floor":16,"turns":7}],"seed_played":"-2710986712992022247","potions_obtained":[{"floor":3.0,"key":"Weak Potion"},{"floor":8.0,"key":"Block Potion"}],"is_trial":false,"path_per_floor":["M","?","M","?","?","R","E","M","T","M","?","R","?","E","R","B"],"character_chosen":"THE_SILENT","items_purchased":[],"campfire_rested":1,"item_purchase_floors":[],"current_hp_per_floor":[58,63,63,63,63,63,12,11,11,11,11,32,49,37,37,0,0],"gold":250,"neow_bonus":"RANDOM_COLORLESS","is_daily":false,"chose_seed":false,"campfire_upgraded":2,"win_rate":0.0,"timestamp":1612027283,"path_taken":["M","?","M","?","?","R","E","M","T","M","?","R","?","E","R","BOSS"],"items_purchased_type":[],"build_version":"2020-12-22","purchased_purges":0,"victory":false,"max_hp_per_floor":[66,71,71,71,71,71,71,71,71,71,71,71,71,71,71,71,71],"relic_stats":{"counters":[7,34],"Orichalcum":[24],"MawBank":108,"obtain_stats":[{"Orichalcum":14,"MawBank":7,"Ring of the Snake":0},{"Orichalcum":6,"MawBank":3,"Ring of the Snake":0},{"Orichalcum":27,"MawBank":14,"Ring of the Snake":0}],"Ring of the Snake":[14]},"card_choices":[{"not_picked":["Forethought","Jack Of All Trades"],"picked":"Dark Shackles","floor":0.0},{"not_picked":["Dodge and Roll","Calculated Gamble"],"picked":"Cloak And Dagger","floor":1.0},{"not_picked":["Underhanded Strike","Dagger Throw"],"picked":"Deadly Poison","floor":3.0},{"not_picked":["Predator","Catalyst"],"picked":"Noxious Fumes","floor":7.0},{"not_picked":["Footwork","Poisoned Stab"],"picked":"Bouncing Flask","floor":8.0},{"not_picked":["Choke","Setup"],"picked":"Cloak And Dagger","floor":10},{"not_picked":["Storm of Steel","Quick Slash"],"picked":"Crippling Poison","floor":14}],"player_experience":2073279,"relics_obtained":[{"floor":7.0,"key":"MawBank"},{"floor":14,"key":"Orichalcum"}],"event_choices":[{"damage_healed":0.0,"max_hp_gain":5.0,"max_hp_loss":0.0,"gold_gain":0.0,"event_name":"Big Fish","player_choice":"Donut","floor":2.0,"gold_loss":0.0,"damage_taken":0.0},{"damage_healed":0.0,"max_hp_gain":0.0,"max_hp_loss":0.0,"gold_gain":0.0,"event_name":"Living Wall","player_choice":"Grow","floor":4.0,"gold_loss":0.0,"damage_taken":0.0,"cards_upgraded":["Neutralize"]},{"cards_removed":["Strike_G"],"damage_healed":0.0,"max_hp_gain":0.0,"max_hp_loss":0.0,"gold_gain":0.0,"event_name":"The Cleric","player_choice":"Card Removal","floor":5.0,"gold_loss":75.0,"damage_taken":0.0},{"damage_healed":0,"gold_gain":0,"player_choice":"Left Gold","damage_taken":0,"max_hp_gain":0,"max_hp_loss":0,"event_name":"World of Goop","floor":11,"gold_loss":49},{"damage_healed":17,"gold_gain":0,"player_choice":"Healed and dodged fight","damage_taken":0,"max_hp_gain":0,"max_hp_loss":0,"event_name":"Mushrooms","floor":13,"gold_loss":0,"cards_obtained":["Parasite"]}],"is_beta":false,"boss_relics":[],"items_purged_floors":[],"is_endless":false,"potions_floor_spawned":[3,8],"killed_by":"Slime Boss","ascension_level":20}}