{"host":"bxn2em57qlx5u4i0","time":1612009131,"event":{"mods":["BaseMod","Colored Map","Colored Powertips","Highlight Path","Minty Spire (QoL Compilation)","Random Character Button","Relic Sorter","Relic Stats","StSLib","SuperFastMode"],"gold_per_floor":[116,17,17,67,83,109,30,41,41,73,73,73,73,19,19,96,96,108,23,23,36,55,55,55],"floor_reached":23,"language":"ENG","playtime":630,"items_purged":["Strike_G"],"score":444,"play_id":"b7e19a36-679d-46b2-a0d6-67a7e45d0afe","local_time":"20210130071851","is_ascension_mode":true,"campfire_choices":[{"data":"Calculated Gamble","floor":11,"key":"SMITH"},{"data":"Noxious Fumes","floor":13,"key":"SMITH"},{"data":"Burst","floor":15,"key":"SMITH"}],"circlet_count":0,"master_deck":["AscendersBane","Strike_G","Strike_G","Defend_G","Defend_G","Defend_G","Defend_G","Defend_G","Survivor","Neutralize","Dagger Throw","PiercingWail","Poisoned Stab","Burst+1","Noxious Fumes+1","Calculated Gamble+1","Reflex","Backflip","Die Die Die","Deflect","Acrobatics","Deflect"],"relics":["Ring of the Snake","NeowsBlessing","Pear","Vajra","Lantern","Fusion Hammer","Blood Vial"],"acts_visited":["Exordium","TheCity"],"potions_floor_usage":[18,22,23],"damage_taken":[{"damage":0,"enemies":"Small Slimes","floor":1,"turns":1},{"damage":0,"enemies":"Cultist","floor":5,"turns":1},{"damage":0,"enemies":"Lagavulin","floor":6,"turns":1},{"damage":0,"enemies":"2 Louse","floor":8,"turns":3},{"damage":15,"enemies":"3 Sentries","floor":10,"turns":8},{"damage":20,"enemies":"Hexaghost","floor":16,"turns":10},{"damage":4,"enemies":"2 Thieves","floor":18,"turns":4},{"damage":11,"enemies":"Shell Parasite","floor":21,"turns":8},{"damage":39,"enemies":"Chosen and Byrds","floor":22,"turns":8},{"damage":30,"enemies":"Slavers","floor":23,"turns":4}],"seed_played":"-8905354217503967271","potions_obtained":[{"floor":6,"key":"Explosive Potion"},{"floor":8,"key":"Fire Potion"},{"floor":21,"key":"BlessingOfTheForge"},{"floor":22,"key":"SneckoOil"}],"is_trial":false,"path_per_floor":["M","$","?","?","M","E","$","M","T","E","R","?","R","$","R","B",null,"M","?","?","M","M","E"],"character_chosen":"THE_SILENT","items_purchased":["PiercingWail","Noxious Fumes","Backflip"],"campfire_rested":0,"item_purchase_floors":[2,7,14],"current_hp_per_floor":[59,59,52,52,52,62,62,62,62,47,47,47,47,47,47,27,64,60,60,60,51,14,0,0],"gold":55,"neow_bonus":"THREE_ENEMY_KILL","is_daily":false,"chose_seed":false,"campfire_upgraded":3,"win_rate":0.0,"timestamp":1612009131,"path_taken":["M","$","?","?","M","E","$","?","T","E","R","?","R","$","R","BOSS","M","?","?","M","M","E"],"items_purchased_type":["Card","Card","Card"],"build_version":"2020-12-22","purchased_purges":1,"victory":false,"max_hp_per_floor":[66,66,66,66,66,76,76,76,76,76,76,76,76,76,76,76,76,76,76,76,76,76,76,76],"relic_stats":{"Blood Vial":6,"counters":[10,48],"obtain_stats":[{"Blood Vial":19,"Lantern":10,"Pear":6,"NeowsBlessing":0,"Vajra":9,"Fusion Hammer":17,"Ring of the Snake":0},{"Blood Vial":7,"Lantern":5,"Pear":3,"NeowsBlessing":0,"Vajra":4,"Fusion Hammer":6,"Ring of the Snake":0},{"Blood Vial":28,"Lantern":14,"Pear":3,"NeowsBlessing":0,"Vajra":6,"Fusion Hammer":24,"Ring of the Snake":0}],"Ring of the Snake":[20]},"card_choices":[{"not_picked":["PiercingWail","Skewer"],"picked":"Dagger Throw","floor":1},{"not_picked":["Expertise","Skewer"],"picked":"Poisoned Stab","floor":5},{"not_picked":["Acrobatics","Bane"],"picked":"Burst","floor":6},{"not_picked":["Dagger Throw","Concentrate"],"picked":"Calculated Gamble","floor":8},{"not_picked":["Outmaneuver","PiercingWail"],"picked":"Reflex","floor":10},{"not_picked":["Storm of Steel","Unload"],"picked":"Die Die Die","floor":16},{"not_picked":["Poisoned Stab","Blade Dance+1"],"picked":"Deflect","floor":18},{"not_picked":["Predator","Prepared"],"picked":"Acrobatics","floor":21},{"not_picked":["Prepared","Bane"],"picked":"Deflect","floor":22}],"player_experience":2967637,"relics_obtained":[{"floor":6,"key":"Pear"},{"floor":9,"key":"Vajra"},{"floor":10,"key":"Lantern"}],"event_choices":[{"cards_removed":["Strike_G"],"damage_healed":0,"gold_gain":0,"player_choice":"Card Removal","damage_taken":7,"max_hp_gain":0,"max_hp_loss":0,"event_name":"Golden Wing","floor":3,"gold_loss":0},{"damage_healed":0,"gold_gain":50,"player_choice":"Pray","damage_taken":0,"max_hp_gain":0,"max_hp_loss":0,"event_name":"Golden Shrine","floor":4,"gold_loss":0},{"damage_healed":0,"gold_gain":0,"player_choice":"0 cards matched","damage_taken":0,"max_hp_gain":0,"max_hp_loss":0,"event_name":"Match and Keep!","floor":12,"gold_loss":0,"cards_obtained":[]},{"damage_healed":0,"gold_gain":0,"player_choice":"0 cards matched","damage_taken":0,"max_hp_gain":0,"max_hp_loss":0,"event_name":"Match and Keep!","floor":12,"gold_loss":0,"cards_obtained":[]},{"damage_healed":0,"gold_gain":0,"player_choice":"Obtained Relic","damage_taken":0,"relics_obtained":["Blood Vial"],"max_hp_gain":0,"max_hp_loss":0,"event_name":"Addict","floor":19,"gold_loss":85},{"cards_removed":["Strike_G"],"damage_healed":0,"gold_gain":0,"player_choice":"Offered Basic","damage_taken":0,"max_hp_gain":0,"max_hp_loss":0,"event_name":"Bonfire Elementals","floor":20,"gold_loss":0}],"is_beta":false,"boss_relics":[{"not_picked":["Runic Dome","Runic Pyramid"],"picked":"Fusion Hammer"}],"items_purged_floors":[2],"is_endless":false,"potions_floor_spawned":[6,8,10,21,22],"killed_by":"Slavers","ascension_level":20}}