{"host":"juqfttvdeykv99sc","time":1612034681,"event":{"mods":["AchievementEnabler","Aspiration","BaseMod","BetterRewards","Colored Map","Conspire","GifTheSpireLib","Halation","Hubris","Infinite Spire","Minty Spire (QoL Compilation)","Rare Cards Sparkle","Relic Sorter","Replay The Spire","Robot Space Explorer","Shop Mod","Spikes Relics","StSLib","The Jungle"],"gold_per_floor":[114,128,146,146,158,186,186,186,186,186,199,217,252,267,267,369,369,379,379,379],"floor_reached":19,"language":"ENG","playtime":1987,"items_purged":[],"score":181,"play_id":"4cf115ee-16ad-4355-aeba-f73bfc6f119d","local_time":"20210130142441","is_ascension_mode":false,"campfire_choices":[{"data":"RobotSpaceExplorer:Accelerator","floor":7,"key":"SMITH"},{"data":"1","floor":15,"key":"LIFT"}],"circlet_count":0,"master_deck":["RobotSpaceExplorer:Strike+1","RobotSpaceExplorer:Strike+1","RobotSpaceExplorer:Defend","RobotSpaceExplorer:Defend","RobotSpaceExplorer:Defend","RobotSpaceExplorer:Scan","RobotSpaceExplorer:MiniLasers","RobotSpaceExplorer:GlueShot","RobotSpaceExplorer:SurgingStrike","RobotSpaceExplorer:ShockKick","RobotSpaceExplorer:SlimeMissile","RobotSpaceExplorer:Accelerator+1","RobotSpaceExplorer:SurgingStrike","RobotSpaceExplorer:Ammunition","RobotSpaceExplorer:FreezeRay","hubris:NaturalOne","RobotSpaceExplorer:ChargingLaser","RobotSpaceExplorer:MakeshiftVolley+1","RobotSpaceExplorer:GlueShot+1","RobotSpaceExplorer:Smokescreen+1","RobotSpaceExplorer:JunkDive"],"relics":["RobotSpaceExplorer:RoboCore","hubris:Icosahedron","Membership Card","Happy Flower","halation:SwordOfLegend","Anchor","hubris:Towel","hubris:GlazedTorus","Girya","Astrolabe"],"acts_visited":["Exordium","TheCity"],"potions_floor_usage":[6,16,19],"damage_taken":[{"damage":0,"enemies":"Jaw Worm","floor":1,"turns":4},{"damage":0,"enemies":"conspire:RoseBush","floor":2,"turns":2},{"damage":0,"enemies":"2 Louse","floor":3,"turns":2},{"damage":0,"enemies":"Looter","floor":5,"turns":4},{"damage":25,"enemies":"Lagavulin","floor":6,"turns":7},{"damage":0,"enemies":"Exordium Thugs","floor":11,"turns":3},{"damage":10,"enemies":"conspire:2 RoseBushes","floor":12,"turns":4},{"damage":7,"enemies":"Replay:BlueRogue","floor":13,"turns":5},{"damage":9,"enemies":"Large Slime","floor":14,"turns":5},{"damage":14,"enemies":"Fading Forest","floor":16,"turns":11},{"damage":12,"enemies":"Shell Parasite","floor":18,"turns":5},{"damage":63,"enemies":"hubris:Merchant","floor":19,"turns":6}],"seed_played":"7519456235958743536","potions_obtained":[{"floor":2,"key":"Adrenaline Potion"},{"floor":12,"key":"LifebloodPotion"},{"floor":13,"key":"Cursed Concoction"},{"floor":14,"key":"AttackPotion"}],"is_trial":false,"path_per_floor":["M","M","M","?","M","E","R","?","T","?","M","M","E","M","R","B",null,"M","$"],"character_chosen":"RobotSpaceExplorer","items_purchased":["Membership Card","Happy Flower","RobotSpaceExplorer:GlueShot"],"campfire_rested":0,"item_purchase_floors":[0,0,0],"current_hp_per_floor":[75,75,75,75,75,50,65,65,65,50,50,40,33,24,36,40,75,63,0,0],"gold":379,"neow_bonus":"","is_daily":false,"chose_seed":false,"campfire_upgraded":1,"win_rate":0.0,"timestamp":1612034681,"path_taken":["M","M","M","?","M","E","R","?","T","?","M","M","E","M","R","BOSS","M","$"],"items_purchased_type":["Relic","Relic","Card"],"build_version":"2020-12-22","purchased_purges":0,"victory":false,"max_hp_per_floor":[75,75,75,75,75,75,75,75,75,75,75,75,75,75,75,75,75,75,75,75],"card_choices":[{"not_picked":["RobotSpaceExplorer:SwiftStep","RobotSpaceExplorer:Discharger"],"picked":"RobotSpaceExplorer:SurgingStrike","floor":1},{"not_picked":["RobotSpaceExplorer:BigMissile","RobotSpaceExplorer:Counterblock"],"picked":"RobotSpaceExplorer:ShockKick","floor":2},{"not_picked":["RobotSpaceExplorer:SelfCleaning","RobotSpaceExplorer:MiniBoosters","RobotSpaceExplorer:ShovelStrike"],"picked":"SKIP","floor":3},{"not_picked":["RobotSpaceExplorer:GlueSpray","RobotSpaceExplorer:ShovelStrike"],"picked":"RobotSpaceExplorer:SlimeMissile","floor":5},{"not_picked":["RobotSpaceExplorer:Fix","RobotSpaceExplorer:GlueShot"],"picked":"RobotSpaceExplorer:Accelerator","floor":6},{"not_picked":["RobotSpaceExplorer:MetalStrike","RobotSpaceExplorer:StunGrenade","RobotSpaceExplorer:PowerCollector"],"picked":"SKIP","floor":11},{"not_picked":["RobotSpaceExplorer:MakeshiftVolley","RobotSpaceExplorer:FrostMissile"],"picked":"RobotSpaceExplorer:SurgingStrike","floor":12},{"not_picked":["RobotSpaceExplorer:Jetpack","RobotSpaceExplorer:Counterblock"],"picked":"RobotSpaceExplorer:Ammunition","floor":13},{"not_picked":["RobotSpaceExplorer:SurgingShield","RobotSpaceExplorer:Ammunition"],"picked":"RobotSpaceExplorer:FreezeRay","floor":14},{"not_picked":["RobotSpaceExplorer:Scanner","RobotSpaceExplorer:Accelerator"],"picked":"RobotSpaceExplorer:ChargingLaser","floor":16},{"not_picked":["RobotSpaceExplorer:StunGrenade","RobotSpaceExplorer:FranticSearch+1"],"picked":"RobotSpaceExplorer:JunkDive","floor":18}],"player_experience":76364,"relics_obtained":[{"floor":6,"key":"Anchor"},{"floor":9,"key":"hubris:GlazedTorus"},{"floor":13,"key":"Girya"}],"event_choices":[{"damage_healed":0,"gold_gain":0,"player_choice":"Entered Light","damage_taken":15,"max_hp_gain":0,"max_hp_loss":0,"event_name":"Shining Light","floor":10,"gold_loss":0,"cards_upgraded":["RobotSpaceExplorer:Strike","RobotSpaceExplorer:Strike"]}],"is_beta":false,"boss_relics":[{"not_picked":["aspiration:DefectSkillbook","aspiration:SecretTechniqueScroll"],"picked":"Astrolabe"}],"items_purged_floors":[],"is_endless":false,"potions_floor_spawned":[2,12,13,14],"killed_by":"hubris:Merchant","ascension_level":0}}