{"host":"8e3sp1tozjyrh64l","time":1612025484,"event":{"mods":["BaseMod","Better Altar","Better Match","Better Note","Better Sensory Stone","Better Silent Start","Better Skull","Better Third Choice","BetterRewards","Curses Come First","Defuse TimeMaze Blight","Infinite Spire","Minty Spire (QoL Compilation)","Permanent Neow","Rare Cards Sparkle","Relic Sorter","Reliquary","Replay The Spire","Shop Mod","Spicy Shops","StSLib","SuperFastMode","Wandering Minibosses"],"gold_per_floor":[118,135,135,135,135,135,161,176,176,176,201,218,218,234,234,334,334,346,346,21,21,35,35,69,69,69,94,104,122,122,122,122,220,220,233,233,251,263,263,263,276,310,320,350,350,363,383,383,383,26,26,121,121,121],"floor_reached":53,"language":"ENG","playtime":1874,"items_purged":[],"score":879,"play_id":"7fc402eb-bd5d-448c-8463-fd1612e8afe7","local_time":"20210130095124","is_ascension_mode":true,"campfire_choices":[{"data":"Neutralize","floor":6,"key":"SMITH"},{"data":"Dagger Spray","floor":10,"key":"SMITH"},{"data":"Envenom","floor":23,"key":"SMITH"},{"data":"Panache","floor":25,"key":"SMITH"},{"data":"Caltrops","floor":32,"key":"SMITH"},{"data":"Poison Darts","floor":49,"key":"SMITH"},{"floor":51,"key":"REST"}],"circlet_count":0,"master_deck":["Strike_G+1","Strike_G","Strike_G","Defend_G","Defend_G+1","Defend_G+1","Defend_G","Survivor+1","Neutralize+1","Blade Dance+1","Dagger Spray+1","Caltrops+1","Envenom+1","Bash+1","Panache+1","Prepared","Eviscerate+1","Tools of the Trade+1","Noxious Fumes+1","Noxious Fumes+1","Prepared+1","Infinite Blades+1","Prepared+1","Poison Darts+1","Quick Slash+1","Infinite Blades+1","Envenom+1"],"relics":["Ninja Scroll","Orichalcum","Letter Opener","Happy Flower","MerchantsRug","Sizzling Blood","Turnip","Tough Bandages","reliquary:PartyBalloon","Replay:Ringing Soul","reliquary:QuartzCube","reliquary:WritOfMandamus","TwistedFunnel","Simple Rune","Frozen Egg 2","Blue Candle","Ornamental Fan","Ring of Chaos","infinitespire:Cupcake","Replay:Mystery Machine","reliquary:Aerogel","Garlic","reliquary:RadioactivePellet","ClockworkSouvenir","Replay:Grab Bag","Runic Dome","Replay:Bronze Core","Black Star"],"acts_visited":["Exordium","TheCity","TheBeyond","Exordium"],"potions_floor_usage":[7,16,52],"damage_taken":[{"damage":0,"enemies":"2 Louse","floor":1,"turns":2},{"damage":0,"enemies":"Small Slimes","floor":2,"turns":3},{"damage":0,"enemies":"Gremlin Nob","floor":7,"turns":3},{"damage":0,"enemies":"Jaw Worm","floor":8,"turns":2},{"damage":3,"enemies":"3 Sentries","floor":11,"turns":5},{"damage":0,"enemies":"Lots of Slimes","floor":12,"turns":3},{"damage":0,"enemies":"Blue Slaver","floor":14,"turns":3},{"damage":16,"enemies":"Slime Boss","floor":16,"turns":8},{"damage":0,"enemies":"3 Byrds","floor":18,"turns":4},{"damage":1,"enemies":"Spheric Guardian","floor":22,"turns":3},{"damage":15,"enemies":"Slavers","floor":24,"turns":4},{"damage":37,"enemies":"Replay:Snechameleon","floor":27,"turns":3},{"damage":15,"enemies":"Snake Plant","floor":28,"turns":2},{"damage":4,"enemies":"Sentry and Sphere","floor":29,"turns":3},{"damage":31,"enemies":"Automaton","floor":33,"turns":8},{"damage":7,"enemies":"3 Darklings","floor":35,"turns":3},{"damage":13,"enemies":"3 Shapes","floor":37,"turns":2},{"damage":4,"enemies":"Sphere and 2 Shapes","floor":38,"turns":2},{"damage":8,"enemies":"Maw","floor":41,"turns":6},{"damage":22,"enemies":"R_Hoarder","floor":42,"turns":4},{"damage":7,"enemies":"4 Shapes","floor":43,"turns":3},{"damage":35,"enemies":"Nightmare","floor":44,"turns":6},{"damage":18,"enemies":"Jaw Worm Horde","floor":46,"turns":2},{"damage":10,"enemies":"Writhing Mass","floor":47,"turns":3},{"damage":41,"enemies":"Replay:Hell Engine","floor":52,"turns":7}],"seed_played":"-8444461650234260719","potions_obtained":[{"floor":1,"key":"Block Potion"},{"floor":2,"key":"Strength Potion"},{"floor":12,"key":"FearPotion"},{"floor":16,"key":"EssenceOfSteel"},{"floor":22,"key":"Energy Potion"},{"floor":52,"key":"GamblersBrew"}],"is_trial":false,"path_per_floor":["M","M","?","?","?","R","E","M","T","R","E","M","?","M","R","B",null,"M","?","$","?","M","R","E","R","T","E","M","M","AVR","?","R","B",null,"M","AVR","M","M","PTL","PTL","M","E","M","NM","T","M","M","?","R","$","R","B",null],"character_chosen":"THE_SILENT","items_purchased":["Ninja Scroll","Orichalcum","Letter Opener","Happy Flower","MerchantsRug","Panache","TwistedFunnel","reliquary:RadioactivePellet","ClockworkSouvenir","Infinite Blades+1"],"campfire_rested":1,"item_purchase_floors":[0,0,0,0,0,20,20,50,50,50],"current_hp_per_floor":[38,38,24,28,28,28,32,36,36,36,37,41,35,42,45,36,83,83,86,89,89,89,89,81,81,81,48,40,40,40,40,40,16,98,98,108,102,105,105,105,104,86,86,58,58,47,41,41,41,44,80,46,126,126],"gold":121,"neow_bonus":"","is_daily":false,"chose_seed":false,"campfire_upgraded":6,"win_rate":0.0,"timestamp":1612025484,"path_taken":["M","M","?","?","?","R","E","M","T","R","E","M","?","M","R","BOSS","M","?","$","?","M","R","E","R","T","E","?","M","AVR","?","R","BOSS","M","AVR","M","?","PTL","PTL","M","E","M","NM","T","M","M","?","R","$","R","BOSS"],"items_purchased_type":["Relic","Relic","Relic","Relic","Relic","Card","Relic","Relic","Relic","Card"],"build_version":"2020-12-22","purchased_purges":0,"victory":false,"max_hp_per_floor":[70,70,70,74,74,74,74,74,74,74,74,74,74,77,80,83,83,83,86,89,89,89,89,92,92,92,92,95,95,95,95,95,98,98,101,108,111,114,114,114,117,117,120,123,123,126,126,120,120,123,123,126,126,126],"card_choices":[{"not_picked":["Dagger Throw","ReplayTheSpireMod:The Works"],"picked":"Blade Dance","floor":1},{"not_picked":["Dodge and Roll","Quick Slash"],"picked":"Dagger Spray","floor":2},{"not_picked":["ReplayTheSpireMod:Exploit Weakness","Deadly Poison","Sucker Punch"],"picked":"SKIP","floor":7},{"not_picked":["Hidden Blade","Escape Plan","Dagger Throw"],"picked":"SKIP","floor":8},{"not_picked":["Dagger Spray","Dagger Throw","Bane"],"picked":"SKIP","floor":11},{"not_picked":["Backflip","Replay:Poison Smokescreen","Catalyst"],"picked":"SKIP","floor":12},{"not_picked":["Prepared","ReplayTheSpireMod:Scrap Shanks"],"picked":"Caltrops","floor":14},{"not_picked":["Burst","Replay:Bag of Tricks"],"picked":"Envenom","floor":16},{"not_picked":["Flying Knee+1","Escape Plan","Dodge and Roll"],"picked":"SKIP","floor":18},{"not_picked":["Flying Knee+1","Escape Plan","Dodge and Roll"],"picked":"SKIP","floor":18},{"not_picked":["Backflip","Outmaneuver+1","Quick Slash"],"picked":"SKIP","floor":22},{"not_picked":["Storm of Steel","Deadly Poison"],"picked":"Prepared","floor":24},{"not_picked":["Backflip","Underhanded Strike","Dodge and Roll+1"],"picked":"SKIP","floor":27},{"not_picked":["Leg Sweep","Catalyst+1"],"picked":"Eviscerate+1","floor":28},{"not_picked":["Deadly Poison","Doppelganger","Poisoned Stab"],"picked":"SKIP","floor":29},{"not_picked":["Glass Knife","Die Die Die"],"picked":"Tools of the Trade+1","floor":33},{"not_picked":["Hidden Blade+1","Backflip"],"picked":"Noxious Fumes+1","floor":35},{"not_picked":["Bane","Blur"],"picked":"Noxious Fumes+1","floor":37},{"not_picked":["Underhanded Strike+1","Concentrate"],"picked":"Prepared+1","floor":38},{"not_picked":["Sucker Punch+1","Calculated Gamble"],"picked":"Infinite Blades+1","floor":41},{"not_picked":["Dagger Spray","Distraction+1","Tactician"],"picked":"SKIP","floor":42},{"not_picked":["Dagger Spray","Distraction+1","Tactician"],"picked":"SKIP","floor":42},{"not_picked":["Backflip","Toxin Wave"],"picked":"Prepared+1","floor":43},{"not_picked":["Quick Slash+1","Hidden Blade"],"picked":"Poison Darts","floor":44},{"not_picked":["Reflex","Slice"],"picked":"Quick Slash+1","floor":46},{"not_picked":["Skewer","Slice","Dodge and Roll+1"],"picked":"SKIP","floor":47},{"not_picked":["Doppelganger","Burst"],"picked":"Envenom+1","floor":52}],"player_experience":895465,"relics_obtained":[{"floor":7,"key":"Turnip"},{"floor":9,"key":"Tough Bandages"},{"floor":11,"key":"reliquary:PartyBalloon"},{"floor":24,"key":"Simple Rune"},{"floor":26,"key":"Frozen Egg 2"},{"floor":27,"key":"Blue Candle"},{"floor":42,"key":"Replay:Mystery Machine"},{"floor":44,"key":"reliquary:Aerogel"},{"floor":45,"key":"Garlic"}],"event_choices":[{"damage_healed":38,"gold_gain":0,"player_choice":"Upgrade","damage_taken":14,"max_hp_gain":0,"max_hp_loss":70,"event_name":"betterThird:BetterShining","floor":3,"gold_loss":0,"cards_upgraded":["Strike_G","Survivor"]},{"damage_healed":0,"gold_gain":0,"player_choice":"Ignored","damage_taken":0,"max_hp_gain":0,"max_hp_loss":0,"event_name":"Golden Wing","floor":5,"gold_loss":0},{"damage_healed":0,"gold_gain":1,"player_choice":"Relic Relic ","damage_taken":6,"max_hp_gain":0,"max_hp_loss":0,"event_name":"betterThird:BetterScrap","floor":13,"gold_loss":0,"cards_obtained":["Life Link"]},{"cards_removed":["Envenom"],"damage_healed":0,"gold_gain":0,"player_choice":"Take \u0026 Give","damage_taken":0,"max_hp_gain":0,"max_hp_loss":0,"event_name":"betterNote:BetterNote","floor":19,"gold_loss":0,"cards_obtained":["Bash"]},{"cards_removed":["Underhanded Strike"],"damage_healed":5,"gold_gain":0,"player_choice":"Offered Common","damage_taken":0,"max_hp_gain":0,"max_hp_loss":0,"event_name":"Bonfire Elementals","floor":21,"gold_loss":0},{"cards_removed":["Underhanded Strike"],"damage_healed":5,"gold_gain":0,"player_choice":"Offered Special","damage_taken":0,"max_hp_gain":0,"max_hp_loss":0,"event_name":"Bonfire Elementals","floor":21,"gold_loss":0},{"damage_healed":0,"gold_gain":0,"player_choice":"Upgraded","damage_taken":0,"max_hp_gain":0,"max_hp_loss":0,"event_name":"Upgrade Shrine","floor":31,"gold_loss":0,"cards_upgraded":["Blade Dance"]},{"damage_healed":0,"gold_gain":0,"player_choice":"Max HP","damage_taken":0,"max_hp_gain":0,"max_hp_loss":6,"event_name":"Winding Halls","floor":48,"gold_loss":0}],"is_beta":false,"boss_relics":[{"not_picked":["Ectoplasm","reliquary:RedCape"],"picked":"reliquary:WritOfMandamus"},{"not_picked":["Replay:Wanted Poster","Snecko Eye"],"picked":"Ring of Chaos"},{"not_picked":["Snecko Scales","Pandora\u0027s Box"],"picked":"Replay:Grab Bag"},{"not_picked":["Abe\u0027s Treasure","ReplayTheSpireMod:Onyx Gauntlets"],"picked":"Runic Dome"},{"not_picked":["Cursed Key","ChewingGum"],"picked":"Replay:Bronze Core"},{"not_picked":["SlaversCollar","ReplayTheSpireMod:SealedPack"],"picked":"Black Star"}],"items_purged_floors":[],"is_endless":true,"potions_floor_spawned":[1,2,12,16,22,27,38,41,44,52],"ascension_level":1}}