{"host":"yecadp3kwkksam5a","time":1612025116,"event":{"mods":["100% Spire Juice","Arknights The Spire","BaseMod","Minty Spire (QoL Compilation)","StSLib","SuperFastMode","The Cursed","The Runesmith","WarShipGirlsR/??á´Ò³R mod"],"gold_per_floor":[111,121,196,46,46,46,46],"floor_reached":6,"language":"KOR","playtime":264,"items_purged":["Pummel"],"score":93,"play_id":"7423351c-eb7c-4b16-b5cd-9cf5e0627228","local_time":"20210131014516","daily_mods":["Draft","Flight"],"is_ascension_mode":true,"campfire_choices":[],"circlet_count":0,"master_deck":["AscendersBane","Entrench","Second Wind","Warcry","Body Slam","Cleave","Wild Strike","Sentinel","Warcry","Shrug It Off","Intimidate","Seeing Red","Warcry","Warcry","Evolve","Shrug It Off","Armaments+1","Dark Embrace"],"relics":["Burning Blood"],"acts_visited":["Exordium"],"potions_floor_usage":[],"damage_taken":[{"damage":6,"enemies":"Cultist","floor":1,"turns":4},{"damage":12,"enemies":"Jaw Worm","floor":2,"turns":5},{"damage":24,"enemies":"Gremlin Nob","floor":6,"turns":4}],"seed_played":"6965154765905670137","potions_obtained":[{"floor":2,"key":"Dexterity Potion"}],"is_trial":true,"path_per_floor":["M","M","?","$","?","E"],"character_chosen":"IRONCLAD","items_purchased":["Dark Embrace"],"campfire_rested":0,"item_purchase_floors":[4],"current_hp_per_floor":[68,62,51,51,51,27,27],"gold":46,"neow_bonus":"","is_daily":false,"chose_seed":false,"campfire_upgraded":0,"win_rate":0.0,"timestamp":1612025116,"path_taken":["M","?","?","$","?","E"],"items_purchased_type":["Card"],"build_version":"2020-12-22","purchased_purges":1,"victory":false,"max_hp_per_floor":[75,75,75,75,75,75,75],"card_choices":[{"not_picked":["Anger","Disarm"],"picked":"Entrench","floor":0},{"not_picked":["Blood for Blood","Carnage"],"picked":"Second Wind","floor":0},{"not_picked":["Havoc","Headbutt"],"picked":"Warcry","floor":0},{"not_picked":["Havoc","Warcry"],"picked":"Body Slam","floor":0},{"not_picked":["Flame Barrier","Infernal Blade"],"picked":"Cleave","floor":0},{"not_picked":["Clothesline","Iron Wave"],"picked":"Wild Strike","floor":0},{"not_picked":["Wild Strike","Anger"],"picked":"Sentinel","floor":0},{"not_picked":["Rage","Havoc"],"picked":"Warcry","floor":0},{"not_picked":["Power Through","Ghostly Armor"],"picked":"Shrug It Off","floor":0},{"not_picked":["Sword Boomerang","Heavy Blade"],"picked":"Intimidate","floor":0},{"not_picked":["Clash","Twin Strike"],"picked":"Seeing Red","floor":0},{"not_picked":["Clothesline","Cleave"],"picked":"Warcry","floor":0},{"not_picked":["Cleave","Spot Weakness"],"picked":"Warcry","floor":0},{"not_picked":["Anger","Carnage"],"picked":"Evolve","floor":0},{"not_picked":["Reckless Charge","Sword Boomerang"],"picked":"Pummel","floor":0},{"not_picked":["Clash","Combust"],"picked":"Shrug It Off","floor":1},{"not_picked":["Anger","Iron Wave"],"picked":"Armaments","floor":2}],"player_experience":568628,"relics_obtained":[],"event_choices":[{"damage_healed":0,"gold_gain":75,"player_choice":"Gather Gold","damage_taken":11,"max_hp_gain":0,"max_hp_loss":0,"event_name":"World of Goop","floor":3,"gold_loss":0},{"damage_healed":0,"gold_gain":0,"player_choice":"Grow","damage_taken":0,"max_hp_gain":0,"max_hp_loss":0,"event_name":"Living Wall","floor":5,"gold_loss":0,"cards_upgraded":["Armaments"]}],"is_beta":false,"boss_relics":[],"items_purged_floors":[4],"is_endless":false,"potions_floor_spawned":[2],"killed_by":"Gremlin Nob","ascension_level":20}}