{"host":"nsc6ozq3atyrdr3m","time":1612040727,"event":{"mods":["BaseMod","Colored Map","Minty Spire (QoL Compilation)"],"gold_per_floor":[115,126,126,141,154,154,154,164,164,164,164,189,205,135,135,135,135],"floor_reached":16,"language":"FRA","playtime":316,"items_purged":[],"score":143,"play_id":"7923e2dd-0205-44c3-b85b-9553c104a0aa","local_time":"20210130220527","is_ascension_mode":true,"campfire_choices":[{"data":"Neutralize","floor":6,"key":"SMITH"},{"data":"Blade Dance","floor":10,"key":"SMITH"},{"floor":15,"key":"REST"}],"circlet_count":0,"master_deck":["Strike_G","Strike_G","Strike_G","Strike_G","Strike_G","Defend_G","Defend_G","Defend_G","Defend_G","Defend_G","Survivor","Neutralize+1","Blade Dance+1","All Out Attack+1","Regret","PiercingWail","Slice+1","All Out Attack+1"],"relics":["Ring of the Snake","NeowsBlessing","Art of War","Molten Egg 2","InkBottle","Frozen Egg 2"],"acts_visited":["Exordium"],"potions_floor_usage":[12],"damage_taken":[{"damage":0,"enemies":"2 Louse","floor":1,"turns":1},{"damage":0,"enemies":"Cultist","floor":2,"turns":1},{"damage":0,"enemies":"Jaw Worm","floor":4,"turns":1},{"damage":4,"enemies":"Exordium Wildlife","floor":5,"turns":6},{"damage":17,"enemies":"Lots of Slimes","floor":8,"turns":4},{"damage":17,"enemies":"Gremlin Nob","floor":12,"turns":4},{"damage":0,"enemies":"3 Louse","floor":13,"turns":2},{"damage":46,"enemies":"The Guardian","floor":16,"turns":7}],"seed_played":"1339939250583966194","potions_obtained":[{"floor":2,"key":"GhostInAJar"},{"floor":8,"key":"DuplicationPotion"}],"is_trial":false,"path_per_floor":["M","M","?","M","M","R","?","M","T","R","T","E","M","$","R","B"],"character_chosen":"THE_SILENT","items_purchased":["All Out Attack+1"],"campfire_rested":1,"item_purchase_floors":[14],"current_hp_per_floor":[63,63,63,63,59,59,59,42,42,42,42,25,25,25,46,0,0],"gold":135,"neow_bonus":"THREE_ENEMY_KILL","is_daily":false,"chose_seed":false,"campfire_upgraded":2,"win_rate":0.0,"timestamp":1612040727,"path_taken":["M","M","?","?","M","R","?","M","T","R","?","E","?","$","R","BOSS"],"items_purchased_type":["Card"],"build_version":"2020-12-22","purchased_purges":0,"victory":false,"max_hp_per_floor":[70,70,70,70,70,70,70,70,70,70,70,70,70,70,70,70,70],"card_choices":[{"not_picked":["Dagger Spray","Calculated Gamble"],"picked":"Blade Dance","floor":1},{"not_picked":["Outmaneuver","Masterful Stab"],"picked":"All Out Attack","floor":2},{"not_picked":["Distraction","Deadly Poison","Sucker Punch"],"picked":"SKIP","floor":4},{"not_picked":["Choke","Dodge and Roll","Dagger Throw"],"picked":"SKIP","floor":5},{"not_picked":["Escape Plan","Prepared"],"picked":"PiercingWail","floor":8},{"not_picked":["Concentrate","PiercingWail"],"picked":"Slice+1","floor":12},{"not_picked":["Well Laid Plans+1","Calculated Gamble","Infinite Blades+1"],"picked":"SKIP","floor":13}],"player_experience":361093,"relics_obtained":[{"floor":9,"key":"Molten Egg 2"},{"floor":11,"key":"InkBottle"},{"floor":12,"key":"Frozen Egg 2"}],"event_choices":[{"damage_healed":0,"gold_gain":0,"player_choice":"Upgraded","damage_taken":0,"max_hp_gain":0,"max_hp_loss":0,"event_name":"Upgrade Shrine","floor":3,"gold_loss":0,"cards_upgraded":["All Out Attack"]},{"damage_healed":0,"gold_gain":0,"player_choice":"Box","damage_taken":0,"relics_obtained":["Art of War"],"max_hp_gain":0,"max_hp_loss":0,"event_name":"Big Fish","floor":7,"gold_loss":0,"cards_obtained":["Regret"]}],"is_beta":false,"boss_relics":[],"items_purged_floors":[],"is_endless":false,"potions_floor_spawned":[2,8],"killed_by":"The Guardian","ascension_level":8}}