{"host":"xz7n3qy1zq36rzpg","time":1612019058,"event":{"mods":["BaseMod","Colored Map","Colored Powertips","Highlight Path","Minty Spire (QoL Compilation)","Quick Restart","Shop Mod"],"gold_per_floor":[113,132,132,150,150,188,197,241,292,292,332,358,381,51,51,155,155,166,136,163,182,207,235,270,270,570,570,570],"floor_reached":27,"language":"ENG","playtime":1302,"items_purged":["Regret"],"score":306,"play_id":"9ab92b87-3eeb-489c-8188-6662da4ce53c","local_time":"20210130160418","is_ascension_mode":true,"campfire_choices":[{"floor":10,"key":"REST"},{"floor":15,"key":"REST"},{"floor":25,"key":"REST"}],"circlet_count":0,"master_deck":["Strike_G","Strike_G","Strike_G","Strike_G","Defend_G","Defend_G","Defend_G","Defend_G","Defend_G","Survivor","Neutralize","Unload","All Out Attack","Well Laid Plans","Dagger Throw","Poisoned Stab","Slice","Underhanded Strike","Die Die Die+1","Noxious Fumes","Backstab+1","Envenom","Poisoned Stab+1","Sucker Punch+1","Poisoned Stab+1","Adrenaline"],"relics":["Ring of the Snake","Pantograph","CeramicFish","Mummified Hand","Anchor","Molten Egg 2","Mercury Hourglass","SlaversCollar","Lantern","Old Coin"],"acts_visited":["TheCity"],"potions_floor_usage":[11,16,16,24,24,27,27],"damage_taken":[{"damage":1,"enemies":"Small Slimes","floor":1,"turns":4},{"damage":0,"enemies":"Jaw Worm","floor":2,"turns":3},{"damage":0,"enemies":"2 Louse","floor":4,"turns":3},{"damage":28,"enemies":"Gremlin Nob","floor":6,"turns":4},{"damage":17,"enemies":"3 Sentries","floor":8,"turns":7},{"damage":12,"enemies":"Lagavulin","floor":11,"turns":5},{"damage":0,"enemies":"Red Slaver","floor":12,"turns":2},{"damage":8,"enemies":"Exordium Thugs","floor":13,"turns":3},{"damage":33,"enemies":"The Guardian","floor":16,"turns":10},{"damage":4,"enemies":"2 Thieves","floor":18,"turns":3},{"damage":2,"enemies":"Chosen","floor":20,"turns":3},{"damage":0,"enemies":"Centurion and Healer","floor":21,"turns":5},{"damage":14,"enemies":"Snake Plant","floor":22,"turns":3},{"damage":27,"enemies":"Cultist and Chosen","floor":23,"turns":5},{"damage":17,"enemies":"Slavers","floor":24,"turns":3},{"damage":32,"enemies":"Gremlin Leader","floor":27,"turns":5}],"seed_played":"6831798645046067370","potions_obtained":[{"floor":1,"key":"Dexterity Potion"},{"floor":6,"key":"CunningPotion"},{"floor":11,"key":"Swift Potion"},{"floor":12,"key":"Weak Potion"},{"floor":19,"key":"EssenceOfSteel"},{"floor":19,"key":"Weak Potion"},{"floor":24,"key":"Swift Potion"}],"is_trial":false,"path_per_floor":["M","M","?","M","?","E","?","E","T","R","E","M","M","$","R","B",null,"M","?","M","M","M","M","E","R","T","E"],"character_chosen":"THE_SILENT","items_purchased":["Mercury Hourglass"],"campfire_rested":3,"item_purchase_floors":[14],"current_hp_per_floor":[69,69,69,69,62,34,34,17,17,38,26,26,18,18,39,31,70,66,66,64,64,50,23,6,27,27,0,0],"gold":570,"neow_bonus":"ONE_RANDOM_RARE_CARD","is_daily":false,"chose_seed":false,"campfire_upgraded":0,"win_rate":0.0,"timestamp":1612019058,"path_taken":["M","M","?","M","?","E","?","E","T","R","E","?","M","?","R","BOSS","M","?","M","M","?","M","E","R","T","E"],"items_purchased_type":["Relic"],"build_version":"2020-12-22","purchased_purges":1,"victory":false,"max_hp_per_floor":[70,70,70,70,70,70,70,70,70,70,70,70,70,70,70,70,70,70,70,70,70,70,70,70,70,70,70,70],"card_choices":[{"not_picked":["Dodge and Roll","Deflect"],"picked":"All Out Attack","floor":1},{"not_picked":["Slice","Accuracy"],"picked":"Well Laid Plans","floor":2},{"not_picked":["Slice","Acrobatics"],"picked":"Dagger Throw","floor":4},{"not_picked":["Riddle With Holes","Finisher"],"picked":"Poisoned Stab","floor":6},{"not_picked":["Masterful Stab","Heel Hook"],"picked":"Underhanded Strike","floor":8},{"not_picked":["Endless Agony+1","Cloak And Dagger"],"picked":"Die Die Die+1","floor":11},{"not_picked":["PiercingWail","Flying Knee+1"],"picked":"Noxious Fumes","floor":12},{"not_picked":["Prepared","Distraction"],"picked":"Backstab+1","floor":13},{"not_picked":["Doppelganger","Phantasmal Killer"],"picked":"Envenom","floor":16},{"not_picked":["Prepared","Dodge and Roll","PiercingWail"],"picked":"SKIP","floor":18},{"not_picked":["Outmaneuver+1","Blade Dance"],"picked":"Poisoned Stab+1","floor":20},{"not_picked":["Flechettes+1","Finisher+1","Reflex+1"],"picked":"SKIP","floor":21},{"not_picked":["Blade Dance","All Out Attack+1"],"picked":"Sucker Punch+1","floor":22},{"not_picked":["Quick Slash+1","Acrobatics"],"picked":"Poisoned Stab+1","floor":23},{"not_picked":["Accuracy","PiercingWail"],"picked":"Adrenaline","floor":24}],"player_experience":396987,"relics_obtained":[{"floor":6,"key":"CeramicFish"},{"floor":8,"key":"Mummified Hand"},{"floor":9,"key":"Anchor"},{"floor":11,"key":"Molten Egg 2"},{"floor":24,"key":"Lantern"},{"floor":26,"key":"Old Coin"}],"event_choices":[{"damage_healed":0,"gold_gain":0,"player_choice":"Box","damage_taken":0,"relics_obtained":["Pantograph"],"max_hp_gain":0,"max_hp_loss":0,"event_name":"Big Fish","floor":3,"gold_loss":0,"cards_obtained":["Regret"]},{"cards_removed":["Strike_G"],"damage_healed":0,"gold_gain":0,"player_choice":"Card Removal","damage_taken":7,"max_hp_gain":0,"max_hp_loss":0,"event_name":"Golden Wing","floor":5,"gold_loss":0},{"damage_healed":0,"gold_gain":0,"player_choice":"1 cards matched","damage_taken":0,"max_hp_gain":0,"max_hp_loss":0,"event_name":"Match and Keep!","floor":7,"gold_loss":0,"cards_obtained":["Slice"]},{"damage_healed":0,"gold_gain":0,"player_choice":"Bought 2 Potions","damage_taken":0,"max_hp_gain":0,"max_hp_loss":0,"event_name":"The Woman in Blue","floor":19,"gold_loss":0}],"is_beta":false,"boss_relics":[{"not_picked":["Tiny House","Snecko Eye"],"picked":"SlaversCollar"}],"items_purged_floors":[14],"is_endless":false,"potions_floor_spawned":[1,6,11,12,20,23,24],"killed_by":"Gremlin Leader","ascension_level":4}}