{"host":"78ng8b0jg92p48rp","time":1612026569,"event":{"mods":["Aspiration","BaseMod","Minty Spire (QoL Compilation)","Quick Restart","Replay The Spire","StSLib"],"gold_per_floor":[114,114,64,79,79,106,126,161,161,161,86,86,99,115,115,115,115],"floor_reached":16,"language":"ZHS","playtime":629,"items_purged":["Strike_B"],"score":135,"play_id":"0c43f432-afd8-42ae-bef8-e92f83e2cf71","local_time":"20210131010929","is_ascension_mode":false,"campfire_choices":[{"data":"Amplify","floor":10,"key":"SMITH"},{"floor":12,"key":"REST"},{"data":"Leap","floor":15,"key":"SMITH"}],"circlet_count":0,"master_deck":["Strike_B","Strike_B","Strike_B","Defend_B","Defend_B","Defend_B","Defend_B","Zap","Compile Driver","Self Repair+1","Amplify+1","Leap+1","Skim"],"relics":["Cracked Core","NeowsBlessing","Frozen Egg 2","Molten Egg 2","Chameleon Ring","Pantograph"],"acts_visited":["Exordium"],"potions_floor_usage":[],"damage_taken":[{"damage":0,"enemies":"2 Louse","floor":1,"turns":1},{"damage":0,"enemies":"Small Slimes","floor":4,"turns":1},{"damage":0,"enemies":"3 Sentries","floor":6,"turns":1},{"damage":4,"enemies":"Cultist","floor":7,"turns":5},{"damage":36,"enemies":"Lagavulin","floor":8,"turns":8},{"damage":21,"enemies":"3 Louse","floor":13,"turns":4},{"damage":6,"enemies":"Looter","floor":14,"turns":4},{"damage":79,"enemies":"Fading Forest","floor":16,"turns":7}],"seed_played":"-6343727091385945382","potions_obtained":[{"floor":6,"key":"Dexterity Potion"},{"floor":7,"key":"DistilledChaos"}],"is_trial":false,"path_per_floor":["M","?","?","M","?","E","M","E","T","R","$","R","M","M","R","B"],"character_chosen":"DEFECT","items_purchased":[],"campfire_rested":1,"item_purchase_floors":[],"current_hp_per_floor":[75,75,75,75,75,75,75,49,49,49,49,71,60,74,74,0,0],"gold":115,"neow_bonus":"THREE_ENEMY_KILL","is_daily":false,"chose_seed":false,"campfire_upgraded":2,"win_rate":0.0,"timestamp":1612026569,"path_taken":["M","?","?","M","?","E","M","E","T","R","$","R","M","?","R","BOSS"],"items_purchased_type":[],"build_version":"2020-12-22","purchased_purges":1,"victory":false,"max_hp_per_floor":[75,75,75,75,75,75,75,75,75,75,75,75,75,75,75,75,75],"card_choices":[{"not_picked":["Melter","BootSequence"],"picked":"Compile Driver","floor":1},{"not_picked":["Beam Cell","Ball Lightning"],"picked":"Self Repair+1","floor":4},{"not_picked":["Barrage+1","Gash+1","Doom and Gloom+1"],"picked":"SKIP","floor":6},{"not_picked":["Gash+1","Streamline+1","Undo"],"picked":"SKIP","floor":7},{"not_picked":["Multi-Cast","Rip and Tear+1"],"picked":"Amplify","floor":8},{"not_picked":["BasicCrystalCard","Coolheaded"],"picked":"Leap","floor":13},{"not_picked":["Ball Lightning+1","Gash+1"],"picked":"Skim","floor":14}],"player_experience":70750,"relics_obtained":[{"floor":6,"key":"Molten Egg 2"},{"floor":8,"key":"Chameleon Ring"},{"floor":9,"key":"Pantograph"}],"event_choices":[{"cards_removed":["Injury"],"damage_healed":0,"gold_gain":0,"player_choice":"Card Removal","damage_taken":0,"max_hp_gain":0,"max_hp_loss":0,"event_name":"The Cleric","floor":3,"gold_loss":50},{"cards_removed":["Dualcast"],"damage_healed":0,"gold_gain":0,"player_choice":"Purged","damage_taken":0,"max_hp_gain":0,"max_hp_loss":0,"event_name":"Purifier","floor":5,"gold_loss":0}],"is_beta":false,"boss_relics":[],"items_purged_floors":[11],"is_endless":false,"potions_floor_spawned":[6,7],"killed_by":"Fading Forest","ascension_level":0}}