{"host":"h1qktzcccqnez8tx","time":1612012142,"event":{"mods":["AchievementEnabler","BaseMod","Bestiary","Better Note","Block Reminder","Colored Map","Colored Powertips","Curses Come First","Downfall","Highlight Path","Infinite Spire","Minty Spire (QoL Compilation)","Permanent Neow","Quick Restart","Relic Stats","Replay The Spire","Say the Spire","StSLib","UnlockEverythingMod"],"gold_per_floor":[117,137,212,223,99,99,110,129,155,174,174,209,209,227,227,323,323,335,348,104,120,70,70,85,110,134,166,126,145,145,31,31,31,31,31],"floor_reached":33,"language":"ENG","playtime":3039,"items_purged":["Slimebound:Strike_Slimebound"],"score":289,"play_id":"95c73b48-4e47-4302-94c2-be9ee38a37bd","local_time":"20210130140902","is_ascension_mode":false,"campfire_choices":[{"data":"Slimebound:SplitBruiser","floor":6,"key":"SMITH"},{"data":"Slimebound:CorrosiveSpit","floor":11,"key":"SMITH"},{"data":"Slimebound:Split","floor":15,"key":"SMITH"},{"data":"Slimebound:Grow","floor":23,"key":"SMITH"},{"data":"Slimebound:GoopTackle","floor":30,"key":"SMITH"},{"floor":32,"key":"REST"}],"circlet_count":0,"master_deck":["Slimebound:Strike_Slimebound","Slimebound:Strike_Slimebound","Slimebound:Tackle","Slimebound:Defend_Slimebound","Slimebound:Defend_Slimebound","Slimebound:Defend_Slimebound+1","Slimebound:Defend_Slimebound","Slimebound:Split+1","Slimebound:CorrosiveSpit+1","Slimebound:SplitBruiser+1","Slimebound:SpikyOuterGoop","Slimebound:RollThrough","Slimebound:GoopSpray+1","Slimebound:ViciousTackle","Slimebound:Schlurp","Slimebound:Schlurp+1","Slimebound:HungryTackle","Slimebound:LeechLife","Slimebound:LeechEnergy","Slimebound:OozeBath","Slimebound:SlimeSpikes","Slimebound:TongueLash","Slimebound:HauntingLick","Slimebound:RejuvenatingLick","Slimebound:Grow+1","Slimebound:LeechingTouch","Slimebound:Schlurp+1","Slimebound:SlimeSpikes+1","Slimebound:GoopTackle+1","Slimebound:FinishingTackle","Slimebound:Dissolve","Slimebound:LevelUp"],"relics":["Slimebound:AbsorbEndCombat","Oddly Smooth Stone","Replay:Mystery Machine","Philosopher\u0027s Stone","Art of War","Omamori","Tiny Chest"],"acts_visited":["Exordium","TheCity"],"potions_floor_usage":[12,25,33],"damage_taken":[{"damage":3,"enemies":"Cultist","floor":1,"turns":3},{"damage":0,"enemies":"Small Slimes","floor":2,"turns":2},{"damage":0,"enemies":"2 Louse","floor":4,"turns":3},{"damage":11,"enemies":"Large Slime","floor":7,"turns":5},{"damage":7,"enemies":"Exordium Thugs","floor":8,"turns":4},{"damage":11,"enemies":"3 Louse","floor":10,"turns":4},{"damage":9,"enemies":"Gremlin Nob","floor":12,"turns":5},{"damage":8,"enemies":"Large Slime","floor":14,"turns":8},{"damage":9,"enemies":"The Guardian","floor":16,"turns":10},{"damage":6,"enemies":"Chosen","floor":18,"turns":3},{"damage":20,"enemies":"Spheric Guardian","floor":19,"turns":5},{"damage":17,"enemies":"Snake Plant","floor":21,"turns":3},{"damage":10,"enemies":"Snecko","floor":24,"turns":6},{"damage":19,"enemies":"Slavers","floor":25,"turns":5},{"damage":26,"enemies":"Book of Stabbing","floor":27,"turns":5},{"damage":20,"enemies":"Sentry and Sphere","floor":29,"turns":4},{"damage":70,"enemies":"Collector","floor":33,"turns":7}],"seed_played":"838250103923523335","potions_obtained":[{"floor":2,"key":"champ:CounterPotion"},{"floor":8,"key":"Energy Potion"},{"floor":10,"key":"LifebloodPotion"},{"floor":16,"key":"SpeedPotion"}],"is_trial":false,"path_per_floor":["M","M","?","M","$","R","M","M","T","M","R","E","?","M","R","B",null,"M","M","$","M","?","R","M","E","T","E","?","M","R","$","R","B"],"character_chosen":"SLIMEBOUND","items_purchased":["Slimebound:GoopSpray","Slimebound:ViciousTackle","Slimebound:HauntingLick","Slimebound:RejuvenatingLick","Slimebound:Grow","Slimebound:LeechingTouch","Slimebound:LevelUp"],"campfire_rested":1,"item_purchase_floors":[5,5,20,20,20,20,31],"current_hp_per_floor":[64,65,65,65,65,65,60,59,59,56,56,53,53,65,65,58,65,65,51,51,40,40,40,48,37,37,35,35,37,37,37,56,0,0,0],"gold":31,"neow_bonus":"RANDOM_EVENT","is_daily":false,"chose_seed":false,"campfire_upgraded":5,"win_rate":0.0,"timestamp":1612012142,"path_taken":["M","M","?","M","$","R","M","M","T","M","R","E","?","M","R","BOSS","M","M","$","M","?","R","M","E","T","E","?","M","R","$","R","BOSS"],"items_purchased_type":["Card","Card","Card","Card","Card","Card","Card"],"build_version":"2020-12-22","purchased_purges":1,"victory":false,"max_hp_per_floor":[65,65,65,65,65,65,65,65,65,65,65,65,65,65,65,65,65,65,65,65,65,65,65,65,65,65,65,65,65,65,65,65,65,65,65],"relic_stats":{"counters":[17,78],"Tiny Chest":0,"Art of War":[2],"obtain_stats":[{"Oddly Smooth Stone":9,"Philosopher\u0027s Stone":17,"Tiny Chest":27,"Slimebound:AbsorbEndCombat":0,"Art of War":25,"Omamori":26,"Replay:Mystery Machine":12},{"Oddly Smooth Stone":5,"Philosopher\u0027s Stone":9,"Tiny Chest":15,"Slimebound:AbsorbEndCombat":0,"Art of War":14,"Omamori":14,"Replay:Mystery Machine":7},{"Oddly Smooth Stone":16,"Philosopher\u0027s Stone":42,"Tiny Chest":67,"Slimebound:AbsorbEndCombat":0,"Art of War":62,"Omamori":62,"Replay:Mystery Machine":25}]},"card_choices":[{"not_picked":["Slimebound:SlimeTap","Slimebound:SlimeBarrage"],"picked":"Slimebound:SplitBruiser","floor":1},{"not_picked":["Slimebound:FinishingTackle","Slimebound:ItLooksTasty"],"picked":"Slimebound:SpikyOuterGoop","floor":2},{"not_picked":["Slimebound:TongueLash","Slimebound:SplitLeeching"],"picked":"Slimebound:RollThrough","floor":4},{"not_picked":["Slimebound:GrowthPunch","Slimebound:LeechingTouch"],"picked":"Slimebound:Schlurp","floor":7},{"not_picked":["Slimebound:HauntingLick","Slimebound:LeechEnergy"],"picked":"Slimebound:Schlurp","floor":8},{"not_picked":["Slimebound:SplitAcid","Slimebound:Replication"],"picked":"Slimebound:HungryTackle","floor":10},{"not_picked":["Slimebound:Schlurp","Slimebound:Prepare"],"picked":"Slimebound:LeechLife","floor":12},{"not_picked":["Slimebound:Equalize","Slimebound:DivideAndConquer"],"picked":"Slimebound:LeechEnergy","floor":14},{"not_picked":["Slimebound:WasteNot","Slimebound:DuplicatedForm"],"picked":"Slimebound:OozeBath","floor":16},{"not_picked":["Slimebound:RollThrough","Slimebound:Schlurp"],"picked":"Slimebound:SlimeSpikes","floor":18},{"not_picked":["Slimebound:SlimeBrawl","Slimebound:ComboTackle"],"picked":"Slimebound:TongueLash","floor":19},{"not_picked":["Slimebound:MegaLick+1","Slimebound:HauntingLick+1"],"picked":"Slimebound:Schlurp","floor":21},{"not_picked":["Slimebound:RollThrough+1","Slimebound:SplitLeeching+1"],"picked":"Slimebound:SlimeSpikes+1","floor":24},{"not_picked":["Slimebound:LeechingTouch","Slimebound:PrepareCrush"],"picked":"Slimebound:GoopTackle","floor":25},{"not_picked":["Slimebound:SlimeSpikes","Slimebound:Prepare"],"picked":"Slimebound:FinishingTackle","floor":27},{"not_picked":["Slimebound:LivingWall","Slimebound:Replication"],"picked":"Slimebound:Dissolve","floor":29}],"player_experience":276700,"relics_obtained":[{"floor":9,"key":"Oddly Smooth Stone"},{"floor":12,"key":"Replay:Mystery Machine"},{"floor":25,"key":"Art of War"},{"floor":26,"key":"Omamori"},{"floor":27,"key":"Tiny Chest"}],"event_choices":[{"damage_healed":0,"gold_gain":0,"player_choice":"Upgraded","damage_taken":0,"max_hp_gain":0,"max_hp_loss":0,"event_name":"Upgrade Shrine","floor":13,"gold_loss":0,"cards_upgraded":["Slimebound:GoopSpray"]},{"damage_healed":0,"gold_gain":0,"player_choice":"Bet on Owner","damage_taken":0,"max_hp_gain":0,"max_hp_loss":0,"event_name":"The Joust","floor":22,"gold_loss":50},{"damage_healed":0,"gold_gain":0,"player_choice":"Upgraded Two","damage_taken":0,"max_hp_gain":0,"max_hp_loss":0,"event_name":"Designer","floor":28,"gold_loss":40,"cards_upgraded":["Slimebound:Schlurp","Slimebound:Schlurp"]}],"is_beta":false,"boss_relics":[{"not_picked":["Honey Jar","infinitespire:Cupcake"],"picked":"Philosopher\u0027s Stone"}],"items_purged_floors":[31],"is_endless":false,"potions_floor_spawned":[2,8,10,16,18,21,24],"killed_by":"Collector","ascension_level":0}}