{"host":"yzb2zje941uub2vb","time":1612047555,"event":{"mods":["AchievementEnabler","BaseMod","Marisa£®ÏF”Í°°ƒß¿Ì…≥£©","Minty Spire (QoL Compilation)","The Construct"],"gold_per_floor":[111,124,135,85,85,118,43,62,62,62,91,91,107,107,107,207,207,220,231,246,88,88,88,117,117,117,44,44,44,144,156,156,256,256,267,20,20,20,36,36,53,88,88,100,112,124,136,163,175,187,199,211,30,61,61,61],"floor_reached":55,"language":"ZHS","playtime":2657,"items_purged":["Strike_MRS","Strike_MRS","Defend_MRS"],"score":721,"play_id":"0c4b8afd-05fd-42fc-8043-8acec3391a59","local_time":"20210130235915","is_ascension_mode":false,"campfire_choices":[{"data":"PropBag","floor":10,"key":"SMITH"},{"floor":12,"key":"REST"},{"floor":15,"key":"REST"},{"data":"MillisecondPulsars","floor":23,"key":"SMITH"},{"data":"CasketOfStar","floor":25,"key":"SMITH"},{"floor":32,"key":"REST"},{"floor":40,"key":"RECALL"},{"data":"6A","floor":47,"key":"SMITH"},{"floor":49,"key":"REST"},{"data":"IllusionStar","floor":52,"key":"SMITH"}],"circlet_count":0,"master_deck":["Defend_MRS","Defend_MRS","Defend_MRS","MasterSpark+1","UpSweep","SuperPerseids","6A+1","PropBag+1","6A+1","DoubleSpark+1","CasketOfStar+1","WitchLeyline+1","Flash of Steel+1","MillisecondPulsars+1","FinalSpark+1","ManaConvection","GravityBeat+1","WitchLeyline+1","FinalSpark+1","JA+1","GrandCross+1","IllusionStar+1","FairyDestructionRay+1","MysteriousBeam+1","CollectingQuirk+1","OrrerysSun+1","CollectingQuirk+1","Madness","Madness","MysteriousBeam+1","ChargingUp+1","GravityBeat+1","Secret Technique","LuminesStrike+1","PulseMagic","EventHorizon+1"],"relics":["MiniHakkero","Molten Egg 2","HandmadeGrimoire","ExperimentalFamiliar","Nunchaku","Lizard Tail","FossilizedHelix","Frozen Egg 2","SacredBark","Pen Nib","MawBank","Eternal Feather","Ornamental Fan"],"acts_visited":["Exordium","TheCity","TheBeyond","TheEnding"],"potions_floor_usage":[30,30,33,33,50],"damage_taken":[{"damage":0,"enemies":"Small Slimes","floor":1,"turns":3},{"damage":0,"enemies":"Cultist","floor":2,"turns":3},{"damage":0,"enemies":"2 Louse","floor":3,"turns":2},{"damage":23,"enemies":"Gremlin Nob","floor":6,"turns":5},{"damage":0,"enemies":"Gremlin Gang","floor":8,"turns":5},{"damage":22,"enemies":"Lagavulin","floor":11,"turns":5},{"damage":16,"enemies":"Exordium Thugs","floor":13,"turns":5},{"damage":52,"enemies":"The Guardian","floor":16,"turns":7},{"damage":1,"enemies":"Shell Parasite","floor":18,"turns":2},{"damage":10,"enemies":"Spheric Guardian","floor":19,"turns":3},{"damage":0,"enemies":"Cultist and Chosen","floor":20,"turns":3},{"damage":0,"enemies":"Gremlin Leader","floor":24,"turns":3},{"damage":21,"enemies":"Colosseum Slavers","floor":30,"turns":4},{"damage":22,"enemies":"Colosseum Nobs","floor":30,"turns":4},{"damage":7,"enemies":"Snake Plant","floor":31,"turns":2},{"damage":81,"enemies":"Champ","floor":33,"turns":6},{"damage":0,"enemies":"Orb Walker","floor":35,"turns":2},{"damage":0,"enemies":"3 Darklings","floor":39,"turns":2},{"damage":0,"enemies":"Maw","floor":41,"turns":5},{"damage":17,"enemies":"Reptomancer","floor":42,"turns":4},{"damage":9,"enemies":"4 Shapes","floor":48,"turns":1},{"damage":43,"enemies":"Donu and Deca","floor":50,"turns":5},{"damage":23,"enemies":"Shield and Spear","floor":54,"turns":3},{"damage":60,"enemies":"The Heart","floor":55,"turns":2}],"seed_played":"1237707963429770201","potions_obtained":[{"floor":1,"key":"SpeedPotion"},{"floor":11,"key":"DistilledChaos"},{"floor":18,"key":"SkillPotion"},{"floor":19,"key":"SkillPotion"},{"floor":30,"key":"ColorlessPotion"},{"floor":39,"key":"FearPotion"},{"floor":41,"key":"Swift Potion"}],"is_trial":false,"path_per_floor":["M","M","M","?","?","E","$","M","T","R","E","R","M","?","R","B",null,"M","M","M","$","?","R","E","R","T","$","?","?","?","M","R","B",null,"M","$","?","?","M","R","M","E","T","?","?","?","R","M","R","B",null,"R","$","E","B"],"character_chosen":"MARISA","items_purchased":["FinalSpark+1","GrandCross+1","IllusionStar","CollectingQuirk+1","PulseMagic"],"campfire_rested":4,"item_purchase_floors":[21,27,27,36,53],"current_hp_per_floor":[82,82,82,82,82,59,59,59,59,59,37,61,45,45,69,17,82,81,71,71,71,71,71,71,71,71,71,71,71,28,21,45,29,82,82,82,82,72,72,72,72,55,55,55,55,55,55,46,70,27,82,82,82,59,0,0],"gold":61,"neow_bonus":"TEN_PERCENT_HP_BONUS","is_daily":false,"chose_seed":false,"campfire_upgraded":5,"win_rate":0.0,"timestamp":1612047555,"path_taken":["M","M","M","?","?","E","$","M","T","R","E","R","?","?","R","BOSS","M","?","M","$","?","R","E","R","T","$","?","?","?","M","R","BOSS","M","$","?","?","M","R","M","E","T","?","?","?","R","M","R","BOSS","R","$","E","BOSS"],"items_purchased_type":["Card","Card","Card","Card","Card"],"build_version":"2020-12-22","purchased_purges":3,"victory":false,"max_hp_per_floor":[82,82,82,82,82,82,82,82,82,82,82,82,82,82,82,82,82,82,82,82,82,82,82,82,82,82,82,82,82,82,82,82,82,82,82,82,82,82,82,82,82,82,82,82,82,82,82,82,82,82,82,82,82,82,82,82],"card_choices":[{"not_picked":["GrandCross","LuminesStrike"],"picked":"SuperPerseids","floor":1},{"not_picked":["ShootingEcho","NonDirectionalLaser"],"picked":"6A","floor":2},{"not_picked":["DC","IllusionStar"],"picked":"PropBag","floor":3},{"not_picked":["AsteroidBelt","EnergyRecoil"],"picked":"6A+1","floor":6},{"not_picked":["DC+1","NonDirectionalLaser+1"],"picked":"DoubleSpark+1","floor":8},{"not_picked":["GasGiant","UnstableBomb+1"],"picked":"CasketOfStar","floor":11},{"not_picked":["ShootTheMoon+1","DragonMeteor+1"],"picked":"WitchLeyline+1","floor":13},{"not_picked":["EscapeVelocity","BinaryStars"],"picked":"FinalSpark+1","floor":16},{"not_picked":["AsteroidBelt","GalacticHalo"],"picked":"ManaConvection","floor":18},{"not_picked":["DarkMatter+1","MeteoricShower+1"],"picked":"GravityBeat+1","floor":19},{"not_picked":["IllusionStar+1","PowerUp"],"picked":"WitchLeyline+1","floor":20},{"not_picked":["SporeBomb+1","PulseMagic"],"picked":"JA+1","floor":24},{"not_picked":["6A+1","NonDirectionalLaser+1"],"picked":"FairyDestructionRay+1","floor":30},{"not_picked":["ChargeUpSpray+1","Robbery+1"],"picked":"MysteriousBeam+1","floor":31},{"not_picked":["AbsoluteMagnitude+1","TreasureHunter+1"],"picked":"CollectingQuirk+1","floor":33},{"not_picked":["AsteroidBelt","OpenUniverse"],"picked":"OrrerysSun+1","floor":35},{"not_picked":["WitchOfGreed+1","ManaConvection+1"],"picked":"MysteriousBeam+1","floor":39},{"not_picked":["DC+1","IllusionStar+1"],"picked":"ChargingUp+1","floor":41},{"not_picked":["DC+1","MaximisePower"],"picked":"GravityBeat+1","floor":42},{"not_picked":["Purity","Swift Strike+1"],"picked":"Secret Technique","floor":44},{"not_picked":["WitchOfGreed+1","ManaConvection+1"],"picked":"LuminesStrike+1","floor":48},{"not_picked":["WitchLeyline+1","DC+1"],"picked":"EventHorizon+1","floor":54}],"player_experience":106960,"relics_obtained":[{"floor":6,"key":"Molten Egg 2"},{"floor":11,"key":"HandmadeGrimoire"},{"floor":24,"key":"Nunchaku"},{"floor":26,"key":"Lizard Tail"},{"floor":30,"key":"FossilizedHelix"},{"floor":30,"key":"Frozen Egg 2"},{"floor":42,"key":"Pen Nib"},{"floor":43,"key":"MawBank"},{"floor":54,"key":"Eternal Feather"}],"event_choices":[{"cards_removed":["Strike_MRS"],"damage_healed":0,"gold_gain":0,"player_choice":"Card Removal","damage_taken":0,"max_hp_gain":0,"max_hp_loss":0,"event_name":"The Cleric","floor":4,"gold_loss":50},{"damage_healed":0,"gold_gain":0,"player_choice":"Bought 0 Potions","damage_taken":0,"max_hp_gain":0,"max_hp_loss":0,"event_name":"The Woman in Blue","floor":5,"gold_loss":0},{"damage_healed":0,"gold_gain":0,"player_choice":"2 cards matched","damage_taken":0,"max_hp_gain":0,"max_hp_loss":0,"event_name":"Match and Keep!","floor":14,"gold_loss":0,"cards_obtained":["Flash of Steel","MillisecondPulsars"]},{"damage_healed":0,"gold_gain":0,"player_choice":"Ignored","damage_taken":0,"max_hp_gain":0,"max_hp_loss":0,"event_name":"Vampires","floor":22,"gold_loss":0},{"damage_healed":0,"gold_gain":0,"player_choice":"Ignored","damage_taken":0,"max_hp_gain":0,"max_hp_loss":0,"event_name":"Ghosts","floor":28,"gold_loss":0},{"cards_removed":["Strike_MRS"],"damage_healed":0,"gold_gain":0,"player_choice":"Elegance","damage_taken":0,"max_hp_gain":0,"max_hp_loss":0,"event_name":"Back to Basics","floor":29,"gold_loss":0},{"damage_healed":0,"gold_gain":0,"player_choice":"Fight","damage_taken":0,"max_hp_gain":0,"max_hp_loss":0,"event_name":"Colosseum","floor":30,"gold_loss":0},{"damage_healed":0,"gold_gain":0,"player_choice":"Fought Nobs","damage_taken":0,"max_hp_gain":0,"max_hp_loss":0,"event_name":"Colosseum","floor":30,"gold_loss":0},{"damage_healed":0,"gold_gain":0,"player_choice":"Ignored","damage_taken":0,"max_hp_gain":0,"max_hp_loss":0,"event_name":"Mysterious Sphere","floor":37,"gold_loss":0},{"damage_healed":0,"gold_gain":0,"player_choice":"Embrace Madness","damage_taken":10,"max_hp_gain":0,"max_hp_loss":0,"event_name":"Winding Halls","floor":38,"gold_loss":0,"cards_obtained":["Madness","Madness"]},{"damage_healed":0,"gold_gain":0,"player_choice":"Memory 1","damage_taken":0,"max_hp_gain":0,"max_hp_loss":0,"event_name":"SensoryStone","floor":44,"gold_loss":0},{"damage_healed":0,"gold_gain":0,"player_choice":"Ignored","damage_taken":0,"max_hp_gain":0,"max_hp_loss":0,"event_name":"Tomb of Lord Red Mask","floor":45,"gold_loss":0},{"damage_healed":0,"gold_gain":0,"player_choice":"Upgraded","damage_taken":0,"max_hp_gain":0,"max_hp_loss":0,"event_name":"Upgrade Shrine","floor":46,"gold_loss":0,"cards_upgraded":["MasterSpark"]}],"is_beta":false,"boss_relics":[{"not_picked":["SlaversCollar","Empty Cage"],"picked":"ExperimentalFamiliar"},{"not_picked":["Philosopher\u0027s Stone","Snecko Eye"],"picked":"SacredBark"}],"items_purged_floors":[7,36,53],"is_endless":false,"potions_floor_spawned":[1,11,18,19,30,39,41],"killed_by":"The Heart","ascension_level":0}}