{"host":"ocll6kdfqxraqtza","time":1612028607,"event":{"mods":["2.2 Compatiblity","Act Like it!","Aspiration","BaseMod","Better Third Choice","Gensokyo","Hallownest","Hermit","Hubris","Jorbs\u0027s Wanderer Trilogy","Luminous","Marisa（霧雨　魔理沙）","Minty Spire (QoL Compilation)","Reimu（博??梦）","Replay The Spire","Shade Mod","StSLib","The Alterego","The Bug Knight","The Cursed","The Hierophant","The Marked","The Runesmith","TheBandit","Wandering Minibosses"],"gold_per_floor":[110,20,20,20,33,62,62,268,268,268,285,310,70,70,70,70,70],"floor_reached":16,"language":"ENG","playtime":445,"items_purged":[],"score":110,"play_id":"6909db70-2935-4517-a56e-380996b00880","local_time":"20210131014327","is_ascension_mode":true,"campfire_choices":[{"data":"TheCursedMod:AntiAging","floor":7.0,"key":"SMITH"}],"circlet_count":0,"master_deck":["TheCursedMod:Strike_TheCursed","TheCursedMod:Defend_TheCursed","TheCursedMod:Defend_TheCursed","TheCursedMod:Defend_TheCursed","TheCursedMod:CursedWand","TheCursedMod:CleanUpWorkshop","TheCursedMod:Dregs","TheCursedMod:SpitefulStrike","ReplayTheSpireMod:Trickstab","TheCursedMod:RavingStaff","TheCursedMod:AntiAging+1","TheCursedMod:WearCloak","Dagger Throw","Bouncing Flask+1","TheCursedMod:CursedShiv","TheCursedMod:VoidForm"],"relics":["TheCursedMod:BlackMagic101","aspiration:Nostalgia","Ring of the Snake","hubris:Towel","Hallownest:DreamNailRelic","Oddly Smooth Stone","hubris:SphereOfDissonance","Bag of Marbles","Onion Ring"],"acts_visited":["Hallownest:Greenpath"],"potions_floor_usage":[12,16],"damage_taken":[{"damage":0.0,"enemies":"Hallownest:2_MossCreeps","floor":1.0,"turns":6.0},{"damage":0.0,"enemies":"Hallownest:monsterHuskWarrior","floor":5.0,"turns":4.0},{"damage":51.0,"enemies":"Hallownest:eliteCrystalGuardian","floor":6.0,"turns":7.0},{"damage":3,"enemies":"Hallownest:2_Tiktiks_and_1_Crawlid","floor":11,"turns":2},{"damage":14,"enemies":"Hallownest:eliteMossKnight","floor":12,"turns":8},{"damage":37,"enemies":"Hallownest:BossHornet","floor":16,"turns":5}],"seed_played":"-9138518686167023363","potions_obtained":[{"floor":5.0,"key":"Ancient Potion"},{"floor":6.0,"key":"GamblersBrew"}],"is_trial":false,"path_per_floor":["M","$","?","?","M","E","R","?","T","?","M","E","$","?","R","B"],"character_chosen":"THE_CURSED","items_purchased":["ReplayTheSpireMod:Trickstab","Onion Ring"],"campfire_rested":0,"item_purchase_floors":[2,13],"current_hp_per_floor":[75,75,75,75,75,24,24,24,24,24,21,10,10,10,31,0,0],"gold":70,"neow_bonus":"NOSTALGIA","is_daily":false,"chose_seed":false,"campfire_upgraded":1,"win_rate":0.0,"timestamp":1612028607,"path_taken":["M","$","?","?","?","E","R","?","T","?","?","E","?","?","R","BOSS"],"items_purchased_type":["Card","Relic"],"build_version":"2020-12-22","purchased_purges":0,"victory":false,"max_hp_per_floor":[75,75,75,75,75,75,75,75,75,75,75,78,78,71,71,74,74],"card_choices":[{"not_picked":["TheCursedMod:CursedAmulet","TheCursedMod:RapidMovement"],"picked":"TheCursedMod:SpitefulStrike","floor":1.0},{"not_picked":["TheCursedMod:CursedBlade","TheCursedMod:PrepareRite"],"picked":"TheCursedMod:RavingStaff","floor":5.0},{"not_picked":["TheCursedMod:CircleOfCorruption","TheCursedMod:PrepareRite"],"picked":"TheCursedMod:AntiAging","floor":6.0},{"not_picked":["TheCursedMod:SmokeScreen","TheCursedMod:CursedAmulet"],"picked":"TheCursedMod:WearCloak","floor":8.0},{"not_picked":["TheCursedMod:CircleOfBlood","TheCursedMod:CursedSpellbook"],"picked":"TheCursedMod:CursedShiv","floor":11},{"not_picked":["TheCursedMod:ReleasedKnowledge","TheCursedMod:Stigma"],"picked":"TheCursedMod:VoidForm","floor":12}],"player_experience":478875,"relics_obtained":[{"floor":6.0,"key":"Oddly Smooth Stone"},{"floor":9.0,"key":"hubris:SphereOfDissonance"},{"floor":12,"key":"Bag of Marbles"}],"event_choices":[],"is_beta":false,"boss_relics":[],"items_purged_floors":[],"is_endless":false,"potions_floor_spawned":[5,6],"killed_by":"Hallownest:BossHornet","ascension_level":1}}