{"host":"dl909bjyolgrn2uw","time":1612025806,"event":{"mods":["2.2 Compatiblity","AlwaysNeverKeys","BaseMod","Bestiary","Better Altar","Better Note","Better Sensory Stone","Better Skull","Better Vampires","Better-Laid Plans","BetterRewards","Colored Powertips","Curses Come First","Disable Question Mark Monsters","Displayed Cursed Tome","Emptier Cage","Evolution","Minty Spire (QoL Compilation)","Permanent Neow","Quick Restart","Rare Cards Sparkle","Relic Stats","Shop Mod","Spicy Shops","StSLib","SuperFastMode","Transform Curses"],"gold_per_floor":[118,136,286,286,303,303,329,344,344,372,372,401,414,432,432,510,510,527,442,238,254,254,286,300,330,354,379,379,399,430,464,464,538,538,554,554,554,571,583,617,617,632,632,632,645,656,676,692,692,692],"floor_reached":51,"language":"ENG","playtime":3784,"items_purged":["Strike_G","Strike_G","Strike_G","Strike_G","Strike_G"],"score":2184,"play_id":"c449d621-ae63-4f2c-babb-bf2413a4b36e","local_time":"20210130105646","is_ascension_mode":true,"campfire_choices":[{"data":"Catalyst","floor":6.0,"key":"SMITH"},{"data":"Footwork","floor":11.0,"key":"SMITH"},{"data":"Night Terror","floor":15.0,"key":"SMITH"},{"data":"Adrenaline","floor":32.0,"key":"SMITH"},{"data":"Backflip","floor":41,"key":"SMITH"},{"floor":44,"key":"REST"},{"data":"Tactician","floor":49,"key":"SMITH"}],"circlet_count":0,"master_deck":["AscendersBane","Defend_G+1","Defend_G+1","Defend_G+1","Defend_G+1","Defend_G+1","Survivor+1","Neutralize+1","Corpse Explosion+1","Footwork+1","Noxious Fumes+1","Noxious Fumes+1","Catalyst+1","Footwork+1","Backflip+1","Deadly Poison+1","Venomology+1","Caltrops+1","PiercingWail+1","PiercingWail+1","Deadly Poison+1","Noxious Fumes+1","Footwork+1","Backflip+1","Well Laid Plans+1","Backflip+1","Calculated Gamble+1","Tactician+1","Night Terror+1","Adrenaline+1","Leg Sweep+1","Leg Sweep+1","Footwork+1","Leg Sweep+1","Dodge and Roll+1","Footwork+1","Acrobatics+1","Malaise+1","Backflip+1","Deflect","Tactician+1","Outmaneuver+1"],"relics":["Ring of the Snake","EVO:Axolotl","Orrery","DollysMirror","Membership Card","TwistedFunnel","Omamori","OrangePellets","Gambling Chip","White Beast Statue","Sundial","Eternal Feather","Ginger","Question Card","Busted Crown","Gremlin Horn","Ice Cream","Oddly Smooth Stone","Darkstone Periapt","Bronze Scales","PreservedInsect","Juzu Bracelet","Red Mask","SlaversCollar","Mark of the Bloom","Turnip","Meat on the Bone"],"acts_visited":["TheCity","TheBeyond"],"potions_floor_usage":[40,42,45,46,46,46,50,50,50],"damage_taken":[{"damage":0.0,"enemies":"Small Slimes","floor":1.0,"turns":2.0},{"damage":0.0,"enemies":"Cultist","floor":2.0,"turns":4.0},{"damage":1.0,"enemies":"2 Louse","floor":5.0,"turns":3.0},{"damage":3.0,"enemies":"Gremlin Nob","floor":7.0,"turns":3.0},{"damage":6.0,"enemies":"Large Slime","floor":8.0,"turns":3.0},{"damage":14.0,"enemies":"Lagavulin","floor":10.0,"turns":4.0},{"damage":4.0,"enemies":"Gremlin Nob","floor":12.0,"turns":3.0},{"damage":0.0,"enemies":"2 Fungi Beasts","floor":13.0,"turns":2.0},{"damage":0.0,"enemies":"Lots of Slimes","floor":14.0,"turns":2.0},{"damage":28.0,"enemies":"Hexaghost","floor":16.0,"turns":4.0},{"damage":0.0,"enemies":"Shell Parasite","floor":18.0,"turns":4.0},{"damage":0.0,"enemies":"3 Byrds","floor":21.0,"turns":4.0},{"damage":0.0,"enemies":"Book of Stabbing","floor":23.0,"turns":7.0},{"damage":0.0,"enemies":"Snecko","floor":24.0,"turns":5.0},{"damage":13.0,"enemies":"Slavers","floor":25.0,"turns":2.0},{"damage":0.0,"enemies":"Book of Stabbing","floor":27.0,"turns":6.0},{"damage":0.0,"enemies":"Sentry and Sphere","floor":29.0,"turns":4.0},{"damage":2.0,"enemies":"Slavers","floor":30.0,"turns":2.0},{"damage":9.0,"enemies":"Masked Bandits","floor":31.0,"turns":5.0},{"damage":3.0,"enemies":"Champ","floor":33.0,"turns":7.0},{"damage":15.0,"enemies":"Orb Walker","floor":35.0,"turns":11.0},{"damage":0.0,"enemies":"3 Shapes","floor":38.0,"turns":3.0},{"damage":0,"enemies":"Spire Growth","floor":39,"turns":5},{"damage":0,"enemies":"Nemesis","floor":40,"turns":5},{"damage":0,"enemies":"Sphere and 2 Shapes","floor":42,"turns":4},{"damage":0,"enemies":"Maw","floor":45,"turns":4},{"damage":0,"enemies":"Writhing Mass","floor":46,"turns":6},{"damage":0,"enemies":"Sphere and 2 Shapes","floor":47,"turns":4},{"damage":0,"enemies":"3 Darklings","floor":48,"turns":4},{"damage":26,"enemies":"Donu and Deca","floor":50,"turns":9}],"seed_played":"-416234044314701559","potions_obtained":[{"floor":2.0,"key":"CunningPotion"},{"floor":5.0,"key":"Explosive Potion"},{"floor":7.0,"key":"FearPotion"},{"floor":8.0,"key":"DistilledChaos"},{"floor":12.0,"key":"CunningPotion"},{"floor":13.0,"key":"LiquidBronze"},{"floor":14.0,"key":"Poison Potion"},{"floor":16.0,"key":"EntropicBrew"},{"floor":21.0,"key":"LiquidMemories"},{"floor":30.0,"key":"FearPotion"},{"floor":31.0,"key":"Dexterity Potion"},{"floor":42,"key":"PowerPotion"},{"floor":46,"key":"Block Potion"},{"floor":47,"key":"DuplicationPotion"}],"is_trial":false,"path_per_floor":["M","M","?","?","M","R","E","M","T","E","R","E","M","M","R","B",null,"M","?","$","M","?","E","M","E","T","E","?","M","E","?","R","B",null,"M","?","?","M","M","E","R","M","T","R","M","M","M","M","R","B",null],"character_chosen":"THE_SILENT","items_purchased":["Orrery","Noxious Fumes","Noxious Fumes","Catalyst","DollysMirror","Membership Card","Caltrops","PiercingWail","PiercingWail","TwistedFunnel","Omamori","Deadly Poison","Noxious Fumes","Footwork","Backflip","OrangePellets","Gambling Chip","Well Laid Plans","Ice Cream","Leg Sweep"],"campfire_rested":1,"item_purchase_floors":[0,0,0,0,0,0,0,0,0,0,0,0,0,0,0,0,0,0,20,20],"current_hp_per_floor":[59,59,59,59,58,58,55,49,49,35,50,46,46,46,61,33,58,58,58,58,58,58,58,58,45,45,45,45,45,43,34,55,52,63,48,49,49,49,49,49,49,49,49,49,49,49,49,49,49,23],"gold":692,"neow_bonus":"","is_daily":false,"chose_seed":false,"campfire_upgraded":6,"win_rate":0.0,"timestamp":1612025806,"path_taken":["M","M","?","?","M","R","E","M","T","E","R","E","M","?","R","BOSS","M","?","$","M","?","E","M","E","T","E","?","M","E","?","R","BOSS","M","?","?","M","M","E","R","M","T","R","M","M","M","M","R","BOSS"],"items_purchased_type":["Relic","Card","Card","Card","Relic","Relic","Card","Card","Card","Relic","Relic","Card","Card","Card","Card","Relic","Relic","Card","Relic","Card"],"build_version":"2020-12-22","purchased_purges":5,"victory":true,"max_hp_per_floor":[66,66,66,66,66,66,66,66,66,66,66,66,66,66,66,66,66,66,66,66,66,66,66,66,66,66,66,66,66,66,66,66,66,66,66,66,66,66,66,66,66,66,66,66,66,66,66,66,66,66],"relic_stats":{"Darkstone Periapt":0,"Mark of the Bloom":111,"Gremlin Horn":[28,28],"counters":[234,957],"Eternal Feather":51,"PreservedInsect":501,"Juzu Bracelet":2,"Ginger":[29],"Question Card":22,"OrangePellets":[4],"Busted Crown":38,"Sundial":[10],"Gambling Chip":[117],"Bronze Scales":[211],"Turnip":[15],"obtain_stats":[{"TwistedFunnel":0,"Whetstone":46,"Ginger":45,"Boot":48,"Sling":37,"Old Coin":40,"Blood Vial":9,"Sundial":7,"MealTicket":7,"Necronomicon":20,"Kunai":48,"Tingsha":8,"Eternal Feather":9,"Pen Nib":24,"Paper Crane":12,"Akabeko":42,"Runic Dome":0,"SlaversCollar":34,"MutagenicStrength":22,"Pandora\u0027s Box":17,"StrikeDummy":31,"Regal Pillow":11,"Singing Bowl":9,"StoneCalendar":28,"Bag of Preparation":46,"Ancient Tea Set":0,"Cursed Key":34,"Smiling Mask":7,"Shovel":45,"Ninja Scroll":25,"WingedGreaves":36,"InkBottle":43,"Ring of the Snake":0,"Potion Belt":26,"Inserter":17,"Golden Idol":3,"Thread and Needle":43,"PreservedInsect":0,"Omamori":23,"Frozen Egg 2":29,"MawBank":12,"Busted Crown":34,"Ornamental Fan":47,"Bloody Idol":19,"Orrery":0,"Turnip":40,"Art of War":27,"Bottled Lightning":25,"Toy Ornithopter":48,"Ice Cream":19,"Mark of the Bloom":37,"Gremlin Horn":9,"Vajra":6,"HoveringKite":34,"EVO:Axolotl":0,"Centennial Puzzle":43,"HornCleat":29,"DollysMirror":47,"Strawberry":27,"Prayer Wheel":0,"Toxic Egg 2":37,"Happy Flower":36,"Astrolabe":17,"Dead Branch":27,"Oddly Smooth Stone":0,"Letter Opener":26,"War Paint":12,"Question Card":12,"Du-Vu Doll":12,"OrangePellets":0,"Bottled Flame":47,"Shuriken":46,"Bronze Scales":26,"Molten Egg 2":43,"Meat on the Bone":47,"Darkstone Periapt":24,"Mango":14,"Snake Skull":19,"Juzu Bracelet":8,"ClockworkSouvenir":47,"Dream Catcher":12,"Nunchaku":37,"TheAbacus":36,"Pantograph":6,"Gambling Chip":0,"Tiny Chest":27,"Red Mask":30,"Cracked Core":0,"Runic Pyramid":17,"Orichalcum":31,"Medical Kit":48,"White Beast Statue":40,"Mercury Hourglass":31,"Peace Pipe":44,"CaptainsWheel":42,"Anchor":26,"Coffee Dripper":0,"Bag of Marbles":0,"Membership Card":19,"FossilizedHelix":37},{"TwistedFunnel":143,"Whetstone":86,"Ginger":201,"Boot":87,"Sling":106,"Old Coin":138,"Blood Vial":148,"Sundial":208,"MealTicket":6,"Necronomicon":12,"Kunai":142,"Tingsha":118,"Eternal Feather":209,"Pen Nib":14,"Paper Crane":68,"Akabeko":85,"Runic Dome":1,"SlaversCollar":224,"MutagenicStrength":156,"Pandora\u0027s Box":97,"StrikeDummy":79,"Regal Pillow":95,"Singing Bowl":6,"StoneCalendar":78,"Bag of Preparation":202,"Ancient Tea Set":18,"Cursed Key":163,"Smiling Mask":177,"Shovel":110,"Ninja Scroll":49,"WingedGreaves":82,"InkBottle":139,"Ring of the Snake":0,"Potion Belt":49,"Inserter":28,"Golden Idol":62,"Thread and Needle":108,"PreservedInsect":33,"Omamori":47,"Frozen Egg 2":192,"MawBank":181,"Busted Crown":52,"Ornamental Fan":59,"Bloody Idol":125,"Orrery":60,"Turnip":228,"Art of War":15,"Bottled Lightning":77,"Toy Ornithopter":142,"Ice Cream":12,"Mark of the Bloom":225,"Gremlin Horn":24,"Vajra":65,"HoveringKite":195,"EVO:Axolotl":0,"Centennial Puzzle":57,"HornCleat":102,"DollysMirror":59,"Strawberry":101,"Prayer Wheel":88,"Toxic Egg 2":165,"Happy Flower":196,"Astrolabe":70,"Dead Branch":129,"Oddly Smooth Stone":60,"Letter Opener":14,"War Paint":41,"Question Card":211,"Du-Vu Doll":8,"OrangePellets":33,"Bottled Flame":202,"Shuriken":86,"Bronze Scales":219,"Molten Egg 2":85,"Meat on the Bone":59,"Darkstone Periapt":128,"Mango":27,"Snake Skull":98,"Juzu Bracelet":24,"ClockworkSouvenir":59,"Dream Catcher":26,"Nunchaku":82,"TheAbacus":196,"Pantograph":38,"Gambling Chip":88,"Tiny Chest":159,"Red Mask":50,"Cracked Core":0,"Runic Pyramid":43,"Orichalcum":17,"Medical Kit":142,"White Beast Statue":56,"Mercury Hourglass":51,"Peace Pipe":58,"CaptainsWheel":57,"Anchor":77,"Coffee Dripper":0,"Bag of Marbles":173,"Membership Card":12,"FossilizedHelix":106},{"TwistedFunnel":611,"Whetstone":410,"Ginger":815,"Boot":415,"Sling":499,"Old Coin":596,"Blood Vial":628,"Sundial":838,"MealTicket":19,"Necronomicon":38,"Kunai":608,"Tingsha":545,"Eternal Feather":841,"Pen Nib":45,"Paper Crane":298,"Akabeko":405,"Runic Dome":1,"SlaversCollar":902,"MutagenicStrength":656,"Pandora\u0027s Box":462,"StrikeDummy":361,"Regal Pillow":453,"Singing Bowl":19,"StoneCalendar":352,"Bag of Preparation":818,"Ancient Tea Set":58,"Cursed Key":683,"Smiling Mask":743,"Shovel":515,"Ninja Scroll":216,"WingedGreaves":386,"InkBottle":601,"Ring of the Snake":0,"Potion Belt":216,"Inserter":101,"Golden Idol":283,"Thread and Needle":503,"PreservedInsect":129,"Omamori":203,"Frozen Egg 2":789,"MawBank":755,"Busted Crown":236,"Ornamental Fan":275,"Bloody Idol":561,"Orrery":280,"Turnip":926,"Art of War":48,"Bottled Lightning":347,"Toy Ornithopter":608,"Ice Cream":38,"Mark of the Bloom":913,"Gremlin Horn":75,"Vajra":292,"HoveringKite":801,"EVO:Axolotl":0,"Centennial Puzzle":264,"HornCleat":482,"DollysMirror":275,"Strawberry":479,"Prayer Wheel":422,"Toxic Egg 2":689,"Happy Flower":802,"Astrolabe":312,"Dead Branch":574,"Oddly Smooth Stone":280,"Letter Opener":45,"War Paint":165,"Question Card":848,"Du-Vu Doll":23,"OrangePellets":129,"Bottled Flame":818,"Shuriken":410,"Bronze Scales":878,"Molten Egg 2":405,"Meat on the Bone":275,"Darkstone Periapt":568,"Mango":90,"Snake Skull":468,"Juzu Bracelet":75,"ClockworkSouvenir":275,"Dream Catcher":86,"Nunchaku":386,"TheAbacus":802,"Pantograph":148,"Gambling Chip":422,"Tiny Chest":665,"Red Mask":221,"Cracked Core":0,"Runic Pyramid":178,"Orichalcum":55,"Medical Kit":608,"White Beast Statue":258,"Mercury Hourglass":229,"Peace Pipe":270,"CaptainsWheel":264,"Anchor":347,"Coffee Dripper":0,"Bag of Marbles":735,"Membership Card":38,"FossilizedHelix":499}],"Ring of the Snake":[400],"Meat on the Bone":0},"card_choices":[{"not_picked":["Backstab","Backflip"],"picked":"Corpse Explosion","floor":0.0},{"not_picked":["Deflect","Quick Slash"],"picked":"Footwork","floor":0.0},{"not_picked":["Deflect","Bane"],"picked":"Backflip","floor":0.0},{"not_picked":["Quick Slash","Infinite Blades"],"picked":"Deadly Poison","floor":0.0},{"not_picked":["Cloak And Dagger","Sucker Punch"],"picked":"Venomology","floor":0.0},{"not_picked":["Quick Slash","Prepared"],"picked":"Backflip","floor":1.0},{"not_picked":["Slice","Concentrate"],"picked":"Calculated Gamble","floor":2.0},{"not_picked":["Slice","Sucker Punch"],"picked":"Tactician","floor":5.0},{"not_picked":["Blade Dance","Cloak And Dagger","Phantasmal Killer"],"picked":"SKIP","floor":7.0},{"not_picked":["Blade Dance","Bane","Dagger Spray"],"picked":"SKIP","floor":8.0},{"not_picked":["Outmaneuver","Reflex","Cloak And Dagger"],"picked":"SKIP","floor":10.0},{"not_picked":["Flying Knee","Dagger Throw","Quick Slash"],"picked":"SKIP","floor":12.0},{"not_picked":["Choke","Blade Dance","Flechettes"],"picked":"Night Terror","floor":13.0},{"not_picked":["Bane","Quick Slash","Riddle With Holes","Concentrate"],"picked":"SKIP","floor":14.0},{"not_picked":["Die Die Die","Venomology","After Image"],"picked":"Adrenaline","floor":16.0},{"not_picked":["Finisher+1","Blade Dance"],"picked":"SKIP","floor":18.0},{"not_picked":["Poisoned Stab"],"picked":"Leg Sweep","floor":21.0},{"not_picked":["Reflex"],"picked":"Leg Sweep","floor":23.0},{"not_picked":["Poisoned Stab","Bane"],"picked":"SKIP","floor":24.0},{"not_picked":["Deadly Poison"],"picked":"Dodge and Roll","floor":25.0},{"not_picked":["Night Terror"],"picked":"Footwork","floor":27.0},{"not_picked":["Endless Agony","Cloak And Dagger"],"picked":"SKIP","floor":29.0},{"not_picked":["Poisoned Stab"],"picked":"Acrobatics","floor":30.0},{"not_picked":["Night Terror"],"picked":"Malaise","floor":33.0},{"not_picked":["Dagger Spray","Underhanded Strike"],"picked":"SKIP","floor":35.0},{"not_picked":["Poisoned Stab","Flying Knee+1"],"picked":"SKIP","floor":38.0},{"not_picked":["Accuracy"],"picked":"Backflip","floor":39},{"not_picked":["Dagger Spray","Riddle With Holes"],"picked":"SKIP","floor":40},{"not_picked":["Caltrops","Dagger Spray+1"],"picked":"SKIP","floor":42},{"not_picked":["Quick Slash"],"picked":"Deflect","floor":45},{"not_picked":["Bane","Backflip"],"picked":"SKIP","floor":46},{"not_picked":["Bane","Backflip"],"picked":"SKIP","floor":46},{"not_picked":["Dagger Spray"],"picked":"Tactician","floor":47},{"not_picked":["Escape Plan+1"],"picked":"Outmaneuver+1","floor":48}],"player_experience":344073,"relics_obtained":[{"floor":7.0,"key":"Sundial"},{"floor":9.0,"key":"Eternal Feather"},{"floor":10.0,"key":"Ginger"},{"floor":12.0,"key":"Question Card"},{"floor":23.0,"key":"Oddly Smooth Stone"},{"floor":25.0,"key":"Darkstone Periapt"},{"floor":26.0,"key":"Bronze Scales"},{"floor":27.0,"key":"PreservedInsect"},{"floor":30.0,"key":"Juzu Bracelet"},{"floor":31.0,"key":"Red Mask"},{"floor":40,"key":"Turnip"},{"floor":43,"key":"Meat on the Bone"}],"event_choices":[{"damage_healed":0.0,"max_hp_gain":0.0,"max_hp_loss":0.0,"gold_gain":150.0,"event_name":"Liars Game","player_choice":"AGREE","floor":3.0,"gold_loss":0.0,"damage_taken":0.0,"cards_obtained":["Doubt"]},{"damage_healed":0.0,"max_hp_gain":0.0,"max_hp_loss":0.0,"gold_gain":0.0,"event_name":"WeMeetAgain","player_choice":"Gave Potion","floor":4.0,"gold_loss":0.0,"damage_taken":0.0,"relics_obtained":["White Beast Statue"]},{"damage_healed":0.0,"max_hp_gain":0.0,"max_hp_loss":0.0,"gold_gain":0.0,"event_name":"Addict","player_choice":"Obtained Relic","floor":19.0,"gold_loss":85.0,"damage_taken":0.0,"relics_obtained":["Gremlin Horn"]},{"damage_healed":0.0,"max_hp_gain":0.0,"max_hp_loss":0.0,"gold_gain":0.0,"event_name":"The Library","player_choice":"Read","floor":22.0,"gold_loss":0.0,"damage_taken":0.0,"cards_obtained":["Footwork"]},{"damage_healed":0.0,"max_hp_gain":0.0,"max_hp_loss":0.0,"gold_gain":0.0,"event_name":"Upgrade Shrine","player_choice":"Upgraded","floor":28.0,"gold_loss":0.0,"damage_taken":0.0,"cards_upgraded":["Well Laid Plans"]},{"damage_healed":0.0,"max_hp_gain":0.0,"max_hp_loss":0.0,"gold_gain":0.0,"event_name":"Masked Bandits","player_choice":"Fought Bandits","floor":31.0,"gold_loss":0.0,"damage_taken":0.0},{"damage_healed":1.0,"max_hp_gain":0.0,"max_hp_loss":0.0,"gold_gain":0.0,"event_name":"betterSkull:BetterSkull","player_choice":"LEAVE ","floor":36.0,"gold_loss":0.0,"damage_taken":0.0,"cards_upgraded":[],"relics_obtained":[]},{"damage_healed":0.0,"max_hp_gain":0.0,"max_hp_loss":0.0,"gold_gain":0.0,"event_name":"MindBloom","player_choice":"Upgrade","floor":37.0,"gold_loss":0.0,"damage_taken":0.0,"cards_upgraded":["Defend_G","Defend_G","Defend_G","Defend_G","Defend_G","Survivor","Neutralize","Corpse Explosion","Footwork","Noxious Fumes","Noxious Fumes","Footwork","Backflip","Deadly Poison","Venomology","Caltrops","PiercingWail","PiercingWail","Deadly Poison","Noxious Fumes","Backflip","Backflip","Calculated Gamble","Tactician","Leg Sweep","Leg Sweep","Footwork","Leg Sweep","Dodge and Roll","Footwork","Acrobatics","Malaise"],"relics_obtained":["Mark of the Bloom"]}],"is_beta":false,"boss_relics":[{"not_picked":["Astrolabe","Sozu"],"picked":"Busted Crown"},{"not_picked":["Snecko Eye","Philosopher\u0027s Stone"],"picked":"SlaversCollar"}],"items_purged_floors":[0,0,0,0,0],"is_endless":false,"potions_floor_spawned":[2,5,7,8,10,12,13,14,16,18,21,23,24,25,27,29,30,31,33,35,38,39,40,42,45,46,47,48],"ascension_level":19}}