{"host":"iq8y45rd2spacc1d","time":1612016832,"event":{"mods":["Aspiration","BaseMod","DeckTracker","GifTheSpireLib","Halation","Hermit","Hubris","Infinite Spire","Minty Spire (QoL Compilation)","Replay The Spire","StSLib","The Bug Knight","The Cursed","The Disciple"],"gold_per_floor":[113,131,151,226,243,243,269,14,14,289,302,320,320,339,339,437,437,451,451,201,201,217,217,217],"floor_reached":23,"language":"ENG","playtime":1890,"items_purged":["Regret"],"score":247,"play_id":"27556cb6-b53c-476e-a9bf-742a69c6499e","local_time":"20210130152712","is_ascension_mode":true,"campfire_choices":[{"floor":6,"key":"REST"},{"floor":15,"key":"REST"}],"circlet_count":0,"master_deck":["Moderato","Allegro","Allegro","Allegro","Allegro","Strike_Br","Strike_Br","Strike_Br","Strike_Br","Defend_Br","Defend_Br","Defend_Br","Defend_Br","SecondHand","PatternShift","TickedOff","BeatsPerMinute","ExoVibe","AlternateTimeline","Engulf","ExoVibe","HandsUpC","ReapSow","Discovery","LockedOrichalcum","Pendulum","Tempo","LockedAnchor+1"],"relics":["Chronometer","hubris:SlimyHat","Onion Ring","infinitespire:Eraser","Black Star","Girya","infinitespire:EmpoweringShard"],"acts_visited":["Exordium","TheCity"],"potions_floor_usage":[7,16,16,23],"damage_taken":[{"damage":4,"enemies":"Cultist","floor":1,"turns":5},{"damage":0,"enemies":"Small Slimes","floor":2,"turns":4},{"damage":1,"enemies":"Jaw Worm","floor":3,"turns":4},{"damage":14,"enemies":"Lots of Slimes","floor":5,"turns":7},{"damage":7,"enemies":"3 Sentries","floor":7,"turns":7},{"damage":0,"enemies":"Exordium Wildlife","floor":11,"turns":2},{"damage":2,"enemies":"Looter","floor":12,"turns":3},{"damage":10,"enemies":"Exordium Thugs","floor":14,"turns":3},{"damage":38,"enemies":"Fading Forest","floor":16,"turns":11},{"damage":15,"enemies":"3 Byrds","floor":18,"turns":7},{"damage":5,"enemies":"Spheric Guardian","floor":22,"turns":3},{"damage":0,"enemies":"Slavers","floor":23,"turns":2}],"seed_played":"8666265631398669572","potions_obtained":[{"floor":5,"key":"Fire Potion"},{"floor":11,"key":"Weak Potion"},{"floor":14,"key":"SkillPotion"},{"floor":18,"key":"Strength Potion"},{"floor":22,"key":"Adrenaline Potion"}],"is_trial":false,"path_per_floor":["M","M","M","?","M","R","E","$","T","?","M","M","?","M","R","B",null,"M","AVR","$","$","M","E"],"character_chosen":"CHRONO_CLASS","items_purchased":["Onion Ring","infinitespire:EmpoweringShard"],"campfire_rested":2,"item_purchase_floors":[8,20],"current_hp_per_floor":[67,67,66,55,41,62,55,55,55,55,55,53,53,43,64,34,71,56,56,56,56,51,22,22],"gold":217,"neow_bonus":"TEN_PERCENT_HP_BONUS","is_daily":false,"chose_seed":false,"campfire_upgraded":0,"win_rate":0.0,"timestamp":1612016832,"path_taken":["M","M","M","?","M","R","E","$","T","?","?","M","?","M","R","BOSS","M","AVR","?","$","M","E"],"items_purchased_type":["Relic","Relic"],"build_version":"2020-12-22","purchased_purges":1,"victory":false,"max_hp_per_floor":[71,71,71,71,71,71,71,71,71,71,71,71,71,71,71,71,71,71,71,71,71,71,71,71],"card_choices":[{"not_picked":["LockedScales","Stagnate"],"picked":"TickedOff","floor":1},{"not_picked":["HandsUpC","Facsimile"],"picked":"BeatsPerMinute","floor":2},{"not_picked":["LockedAnchor","FormalWear"],"picked":"ExoVibe","floor":3},{"not_picked":["Chronoelasticity","LockedMawBank"],"picked":"AlternateTimeline","floor":5},{"not_picked":["Goo","ShortSighted"],"picked":"Engulf","floor":7},{"not_picked":["LockedMedicine","Break"],"picked":"ExoVibe","floor":11},{"not_picked":["Echoward","VestedLegacy"],"picked":"HandsUpC","floor":12},{"not_picked":["Analog","LockedTurtyl"],"picked":"LockedOrichalcum","floor":14},{"not_picked":["RageCommand","Chronoelasticity"],"picked":"Pendulum","floor":16},{"not_picked":["BiteCommand","LockedMedicine"],"picked":"Tempo","floor":18},{"not_picked":["LockedAstrolabe","BiteCommand"],"picked":"LockedAnchor+1","floor":22}],"player_experience":332799,"relics_obtained":[{"floor":7,"key":"hubris:SlimyHat"},{"floor":9,"key":"infinitespire:Eraser"}],"event_choices":[{"damage_healed":0,"gold_gain":75,"player_choice":"Gather Gold","damage_taken":11,"max_hp_gain":0,"max_hp_loss":0,"event_name":"World of Goop","floor":4,"gold_loss":0},{"damage_healed":0,"gold_gain":275,"player_choice":"Desecrate","damage_taken":0,"max_hp_gain":0,"max_hp_loss":0,"event_name":"Golden Shrine","floor":10,"gold_loss":0,"cards_obtained":["Regret"]},{"damage_healed":0,"gold_gain":0,"player_choice":"2 cards matched","damage_taken":0,"max_hp_gain":0,"max_hp_loss":0,"event_name":"Match and Keep!","floor":13,"gold_loss":0,"cards_obtained":["ReapSow","Discovery"]}],"is_beta":false,"boss_relics":[{"not_picked":["Astrolabe","halation:HeavySnake"],"picked":"Black Star"}],"items_purged_floors":[19],"is_endless":false,"potions_floor_spawned":[5,11,14,18,22],"killed_by":"Slavers","ascension_level":3}}