{"host":"yecadp3kwkksam5a","time":1612018099,"event":{"mods":["BaseMod","Minty Spire (QoL Compilation)","Prisma Mod","StSLib","SuperFastMode","The Cursed","WarShipGirlsR/??á´Ò³R mod"],"gold_per_floor":[114,127,147,147,157,187,202,202,202],"floor_reached":8,"language":"KOR","playtime":438,"items_purged":[],"score":85,"play_id":"b6785a9f-0763-4486-aed5-e5229f82723b","local_time":"20210130234819","is_ascension_mode":false,"campfire_choices":[],"circlet_count":0,"master_deck":["PrismaMod:IllyaCommonAttack","PrismaMod:IllyaCommonDefend","PrismaMod:IllyaCommonAttack+1","PrismaMod:IllyaCommonDefend","PrismaMod:IllyaCommonAttack","PrismaMod:IllyaCommonDefend","PrismaMod:IllyaCommonAttack","PrismaMod:IllyaCommonDefend+1","PrismaMod:IllyaCommonAttack","PrismaMod:IllyaCommonDefend","PrismaMod:IllyaUncommonAttack","PrismaMod:IllyaUncommonDefend","Mayhem+1","Mayhem+1","Mayhem+1","Mayhem+1","Mayhem+1","PrismaMod:IllyaStunPoison","PrismaMod:IllyaHassanGift","PrismaMod:IllyaSaphire","PrismaMod:IllyaPoisonBomb"],"relics":["PrismaMod:PrismaRuby","Bird Faced Urn","Lizard Tail"],"acts_visited":[],"potions_floor_usage":[],"damage_taken":[{"damage":8,"enemies":"Jaw Worm","floor":1,"turns":4},{"damage":7,"enemies":"2 Louse","floor":2,"turns":4},{"damage":2,"enemies":"Small Slimes","floor":3,"turns":4},{"damage":1,"enemies":"2 Fungi Beasts","floor":5,"turns":5},{"damage":6,"enemies":"Lagavulin","floor":6,"turns":6},{"damage":2,"enemies":"Looter","floor":7,"turns":4},{"damage":0,"enemies":"3 Sentries","floor":8,"turns":2}],"seed_played":"-6093006890932174602","potions_obtained":[{"floor":1,"key":"ColorlessPotion"},{"floor":3,"key":"FairyPotion"},{"floor":7,"key":"SpeedPotion"}],"is_trial":false,"path_per_floor":["M","M","M","?","M","E","M","E"],"character_chosen":"ILLYA","items_purchased":[],"campfire_rested":0,"item_purchase_floors":[],"current_hp_per_floor":[74,77,82,66,75,78,82,82,82],"gold":202,"neow_bonus":"TEN_PERCENT_HP_BONUS","is_daily":false,"chose_seed":false,"campfire_upgraded":0,"win_rate":0.0,"timestamp":1612018099,"path_taken":["M","M","M","?","M","E","M","E"],"items_purchased_type":[],"build_version":"2020-12-22","purchased_purges":0,"victory":false,"max_hp_per_floor":[82,82,82,82,82,82,82,82,82],"card_choices":[{"not_picked":["PrismaMod:IllyaGrailKun","PrismaMod:IllyaAlice"],"picked":"PrismaMod:IllyaStunPoison","floor":1},{"not_picked":["PrismaMod:IllyaDetonatingBlow","PrismaMod:IllyaUncommonAOEAttack"],"picked":"PrismaMod:IllyaHassanGift","floor":2},{"not_picked":["PrismaMod:IllyaCheapAttack","PrismaMod:IllyaCommonEvoke"],"picked":"PrismaMod:IllyaSaphire","floor":3},{"not_picked":["PrismaMod:IllyaMinorZwei","PrismaMod:IllyaBride","PrismaMod:IllyaPoisoningPhantasm"],"picked":"SKIP","floor":5},{"not_picked":["PrismaMod:IllyaMaid","PrismaMod:IllyaPartialInstallAssassin"],"picked":"PrismaMod:IllyaPoisonBomb","floor":6},{"not_picked":["PrismaMod:IllyaFriendMaker","PrismaMod:IllyaRussianRoulette","PrismaMod:IllyaBerserCAR"],"picked":"SKIP","floor":7}],"player_experience":554437,"relics_obtained":[{"floor":6,"key":"Lizard Tail"}],"event_choices":[{"damage_healed":0,"gold_gain":0,"player_choice":"Entered Light","damage_taken":16,"max_hp_gain":0,"max_hp_loss":0,"event_name":"Shining Light","floor":4,"gold_loss":0,"cards_upgraded":["PrismaMod:IllyaCommonAttack","PrismaMod:IllyaCommonDefend"]}],"is_beta":false,"boss_relics":[],"items_purged_floors":[],"is_endless":false,"potions_floor_spawned":[1,3,7],"killed_by":"3 Sentries","ascension_level":0}}