{"host":"h1qktzcccqnez8tx","time":1612035668,"event":{"mods":["AchievementEnabler","BaseMod","Bestiary","Better Note","Block Reminder","Colored Map","Colored Powertips","Curses Come First","Downfall","Highlight Path","Infinite Spire","Minty Spire (QoL Compilation)","Permanent Neow","Quick Restart","Relic Stats","Replay The Spire","Say the Spire","StSLib","UnlockEverythingMod"],"gold_per_floor":[99,119,139,156,256,272,272,284,299,313,4,4,4,32,48,146,146,146,157,169,188,188,188,188,188,217,232,142,176,190,140,152,152,152,152],"floor_reached":33,"language":"ENG","playtime":2728,"items_purged":["ReplayTheSpireMod:Restless Dread","bronze:CutThrough"],"score":334,"play_id":"204a5b61-2979-42a1-9fab-e2fbab6adc5d","local_time":"20210130204108","daily_mods":["Draft"],"is_ascension_mode":true,"campfire_choices":[{"floor":13,"key":"REST"},{"data":"bronze:Constructor","floor":18,"key":"SMITH"},{"data":"bronze:Assembly","floor":25,"key":"SMITH"}],"circlet_count":0,"master_deck":["bronze:Separator","bronze:Flail","bronze:WhirlingStrike","bronze:Optimize","bronze:DelayedSlice","bronze:Repulsor","bronze:Flail","bronze:Constructor","bronze:OilSpill","bronze:DelayedSlice+1","bronze:InfiniteBeams","bronze:Fortify","bronze:Boost","bronze:Turbo","bronze:Frontload","bronze:WhirlingStrike","bronze:WhirlingStrike","bronze:Backtrace","bronze:Constructor+1","bronze:Invalidate","bronze:MaxOutput+1","bronze:Backtrace","bronze:Verify","bronze:Iterate","bronze:Assembly+1","bronze:DelayedSlice","bronze:ChildClass","bronze:Iterate","bronze:Terminator+1","bronze:ChildClass+1","bronze:Turbo"],"relics":["bronze:BronzeCore","Potion Belt","Dream Catcher","bronze:BronzeIdol","Guardian:PocketSentry","bronze:ElectromagneticCoil","Nloth\u0027s Gift","Meat on the Bone","Mirror","infinitespire:Eraser","Toy Ornithopter"],"acts_visited":["Exordium","TheCity"],"potions_floor_usage":[16,16,16,16,29],"damage_taken":[{"damage":3,"enemies":"Jaw Worm","floor":2,"turns":2},{"damage":0,"enemies":"2 Louse","floor":3,"turns":1},{"damage":0,"enemies":"Cultist","floor":4,"turns":2},{"damage":20,"enemies":"downfall:LadyInBlue","floor":5,"turns":4},{"damage":7,"enemies":"Large Slime","floor":6,"turns":4},{"damage":0,"enemies":"Lots of Slimes","floor":8,"turns":1},{"damage":0,"enemies":"Exordium Thugs","floor":9,"turns":1},{"damage":0,"enemies":"Lots of Slimes","floor":10,"turns":1},{"damage":0,"enemies":"downfall:FleeingMerchant","floor":11,"turns":4},{"damage":0,"enemies":"Gremlin Nob","floor":14,"turns":2},{"damage":1,"enemies":"Blue Slaver","floor":15,"turns":2},{"damage":54,"enemies":"SI_SHIV_ARCHETYPE","floor":16,"turns":7},{"damage":2,"enemies":"Chosen","floor":19,"turns":3},{"damage":12,"enemies":"Shell Parasite","floor":20,"turns":3},{"damage":10,"enemies":"Cultist and Chosen","floor":21,"turns":4},{"damage":12,"enemies":"Book of Stabbing","floor":26,"turns":3},{"damage":0,"enemies":"Sentry and Sphere","floor":27,"turns":3},{"damage":0,"enemies":"downfall:FleeingMerchant","floor":28,"turns":4},{"damage":23,"enemies":"Slavers","floor":29,"turns":5},{"damage":0,"enemies":"Centurion and Healer","floor":30,"turns":4},{"damage":0,"enemies":"Snake Plant","floor":32,"turns":3},{"damage":70,"enemies":"IC_MUSHROOM_ARCHETYPE","floor":33,"turns":6}],"seed_played":"8131058702050800176","potions_obtained":[{"floor":4,"key":"Languid Potion"},{"floor":5,"key":"Elixir"},{"floor":5,"key":"ColorlessPotion"},{"floor":5,"key":"FearPotion"},{"floor":5,"key":"SneckoOil"},{"floor":16,"key":"Strength Potion"},{"floor":19,"key":"AttackPotion"},{"floor":29,"key":"FearPotion"},{"floor":30,"key":"Dexterity Potion"}],"is_trial":true,"path_per_floor":["R_BF","M","M","M","?","M","T","M","M","M","$","?","R","E","M","B",null,"R","M","M","M","?","AVR","T","R","E","M","$","E","M","?","M","B"],"character_chosen":"THE_AUTOMATON","items_purchased":["bronze:BronzeIdol","Guardian:PocketSentry"],"campfire_rested":1,"item_purchase_floors":[11,11],"current_hp_per_floor":[70,67,67,67,47,40,40,40,40,40,40,40,61,61,60,6,70,70,68,56,46,46,46,46,46,46,46,46,35,47,70,70,0,0,0],"gold":152,"neow_bonus":"","is_daily":false,"chose_seed":false,"campfire_upgraded":2,"win_rate":0.0,"timestamp":1612035668,"path_taken":["R_BF","M","M","M","?","M","T","M","?","M","$","?","R","E","M","BOSS","R","M","M","?","?","AVR","T","R","E","M","?","E","?","?","M","BOSS"],"items_purchased_type":["Relic","Relic"],"build_version":"2020-12-22","purchased_purges":2,"victory":false,"max_hp_per_floor":[70,70,70,70,70,70,70,70,70,70,70,70,70,70,70,70,70,70,70,70,70,70,70,70,70,70,70,70,70,70,70,70,70,70,70],"relic_stats":{"Dream Catcher":1,"counters":[22,68],"Nloth\u0027s Gift":1,"obtain_stats":[{"Potion Belt":5,"Dream Catcher":7,"bronze:ElectromagneticCoil":17,"bronze:BronzeCore":0,"Guardian:PocketSentry":11,"Nloth\u0027s Gift":22,"infinitespire:Eraser":26,"Mirror":24,"InkBottle":14,"Toy Ornithopter":29,"bronze:BronzeIdol":11,"Meat on the Bone":23},{"Potion Belt":4,"Dream Catcher":5,"bronze:ElectromagneticCoil":12,"bronze:BronzeCore":0,"Guardian:PocketSentry":9,"Nloth\u0027s Gift":15,"infinitespire:Eraser":16,"Mirror":15,"InkBottle":10,"Toy Ornithopter":19,"bronze:BronzeIdol":9,"Meat on the Bone":15},{"Potion Belt":9,"Dream Catcher":13,"bronze:ElectromagneticCoil":30,"bronze:BronzeCore":0,"Guardian:PocketSentry":20,"Nloth\u0027s Gift":40,"infinitespire:Eraser":43,"Mirror":40,"InkBottle":22,"Toy Ornithopter":55,"bronze:BronzeIdol":20,"Meat on the Bone":40}],"Toy Ornithopter":0,"Meat on the Bone":36},"card_choices":[{"not_picked":["bronze:Shield","bronze:FollowUp"],"picked":"bronze:Separator","floor":0},{"not_picked":["bronze:CutThrough","bronze:WildBeam"],"picked":"bronze:Flail","floor":0},{"not_picked":["bronze:WildBeam","bronze:BitShift"],"picked":"bronze:CutThrough","floor":0},{"not_picked":["bronze:Overheat","bronze:FollowUp"],"picked":"bronze:WhirlingStrike","floor":0},{"not_picked":["bronze:BitShift","bronze:DigitalCarnage"],"picked":"bronze:Optimize","floor":0},{"not_picked":["bronze:Branch","bronze:NullPointer"],"picked":"bronze:DelayedSlice","floor":0},{"not_picked":["bronze:Overheat","bronze:DelayedGuard"],"picked":"bronze:Repulsor","floor":0},{"not_picked":["bronze:BronzeArmor","bronze:Separator"],"picked":"bronze:Flail","floor":0},{"not_picked":["bronze:Optimize","bronze:CutThrough"],"picked":"bronze:Constructor","floor":0},{"not_picked":["bronze:BitShift","bronze:Safeguard"],"picked":"bronze:OilSpill","floor":0},{"not_picked":["bronze:Iterate","bronze:Shell"],"picked":"bronze:DelayedSlice","floor":0},{"not_picked":["bronze:BuggyMess","bronze:Iterate"],"picked":"bronze:InfiniteBeams","floor":0},{"not_picked":["bronze:BugBarrage","bronze:ChildClass"],"picked":"bronze:Fortify","floor":0},{"not_picked":["bronze:Iterate","bronze:MaxOutput"],"picked":"bronze:Boost","floor":0},{"not_picked":["bronze:Return","bronze:BitShift"],"picked":"bronze:Turbo","floor":0},{"not_picked":["bronze:Deprecate","bronze:CutThrough"],"picked":"bronze:Frontload","floor":2},{"not_picked":["bronze:FollowUp","bronze:Shield"],"picked":"bronze:WhirlingStrike","floor":3},{"not_picked":["bronze:Constructor","bronze:Turbo"],"picked":"bronze:WhirlingStrike","floor":4},{"not_picked":["bronze:BitShift","bronze:Iterate"],"picked":"bronze:Backtrace","floor":5},{"not_picked":["bronze:Deprecate","bronze:ItsAFeature"],"picked":"bronze:Constructor","floor":6},{"not_picked":["bronze:BitShift","bronze:WildBeam"],"picked":"bronze:Invalidate","floor":8},{"not_picked":["bronze:Branch","bronze:Deprecate"],"picked":"bronze:MaxOutput","floor":9},{"not_picked":["bronze:Virus","bronze:OilSpill","bronze:Constructor"],"picked":"SKIP","floor":10},{"not_picked":["bronze:BronzeArmor","bronze:DarkDash","bronze:CutThrough"],"picked":"SKIP","floor":11},{"not_picked":["bronze:Allocate","bronze:Separator"],"picked":"bronze:Backtrace","floor":13},{"not_picked":["bronze:DelayedGuard","bronze:CutThrough"],"picked":"bronze:Verify","floor":14},{"not_picked":["bronze:Separator","bronze:CutThrough"],"picked":"bronze:Iterate","floor":15},{"not_picked":["bronze:CleanCode","bronze:Mutator"],"picked":"bronze:Assembly","floor":16},{"not_picked":["bronze:BronzeArmor","bronze:WildBeam+1"],"picked":"bronze:DelayedSlice","floor":19},{"not_picked":["bronze:OilSpill","bronze:Iterate"],"picked":"bronze:ChildClass","floor":20},{"not_picked":["bronze:Shield","bronze:Backtrace"],"picked":"bronze:Iterate","floor":21},{"not_picked":["bronze:Repulsor","bronze:WildBeam+1","bronze:BugBarrage"],"picked":"SKIP","floor":26},{"not_picked":["bronze:Overload","bronze:NullPointer","bronze:Boost"],"picked":"SKIP","floor":27},{"not_picked":["bronze:Iterate","bronze:Shell"],"picked":"bronze:Terminator+1","floor":28},{"not_picked":["bronze:ThunderWave","bronze:Format","bronze:Virus"],"picked":"SKIP","floor":29},{"not_picked":["bronze:Fortify","bronze:BitShift"],"picked":"bronze:ChildClass+1","floor":30},{"not_picked":["bronze:DelayedGuard","bronze:BugBarrage"],"picked":"bronze:Turbo","floor":32}],"player_experience":300265,"relics_obtained":[{"floor":5,"key":"Potion Belt"},{"floor":7,"key":"Dream Catcher"},{"floor":14,"key":"InkBottle"},{"floor":24,"key":"Mirror"},{"floor":26,"key":"infinitespire:Eraser"},{"floor":29,"key":"Toy Ornithopter"}],"event_choices":[],"is_beta":false,"boss_relics":[{"not_picked":["Replay:Ancient Bell","infinitespire:Cupcake"],"picked":"bronze:ElectromagneticCoil"}],"items_purged_floors":[23,28],"is_endless":false,"potions_floor_spawned":[4,5,9,15,16,19,29,30],"killed_by":"IC_MUSHROOM_ARCHETYPE","ascension_level":1}}