{"host":"2qv44oxt58ptq59r","time":1612024771,"event":{"mods":["AchievementEnabler","BaseMod","Colored Powertips","Highlight Path","Minty Spire (QoL Compilation)","Permanent Neow","StSLib"],"gold_per_floor":[116,116,126,86,98,98,123,142,168,197,207,217,282,5,5,110,160,177,177,14,0,0,0,16,16,16,16,116,128,4,4,4,99,99,112,126,141,14,64,95,113,113,113,113,130,130,148,161,161,161,161],"floor_reached":50,"language":"ENG","playtime":7517,"items_purged":["Strike_P","Strike_P"],"score":506,"play_id":"1a327f1e-dff5-4dff-beae-5ccdd7603887","local_time":"20210130163931","is_ascension_mode":true,"campfire_choices":[{"data":"Vigilance","floor":6.0,"key":"SMITH"},{"floor":15.0,"key":"REST"},{"data":"Eruption","floor":23.0,"key":"SMITH"},{"data":"WindmillStrike","floor":25.0,"key":"SMITH"},{"floor":32.0,"key":"REST"},{"floor":42.0,"key":"REST"},{"floor":46,"key":"RECALL"},{"floor":49,"key":"REST"}],"circlet_count":0,"master_deck":["Strike_P+1","Defend_P+1","Defend_P+1","Defend_P","Eruption+1","Vigilance+1","Wallop","FlurryOfBlows","Consecrate+1","EmptyFist+1","ReachHeaven","JustLucky","Weave","Wireheading","DeusExMachina","BowlingBash","Adaptation+1","Dark Shackles","WindmillStrike+1","FlurryOfBlows","MentalFortress","DevaForm","LikeWater","Crescendo","ClearTheMind","Prostrate+1","Worship+1","MentalFortress","Panacea","ThirdEye+1","SandsOfTime+1","Nirvana+1"],"relics":["PureWater","Potion Belt","Akabeko","Nunchaku","Bag of Marbles","Bronze Scales","Membership Card","Whetstone","Tiny House","Happy Flower","Ice Cream","Mercury Hourglass","Toy Ornithopter","Kunai","Empty Cage","Matryoshka","Unceasing Top","Smiling Mask","PreservedInsect","Meat on the Bone"],"acts_visited":["Exordium","TheCity","TheBeyond"],"potions_floor_usage":[45,47,48,48],"damage_taken":[{"damage":0.0,"enemies":"Jaw Worm","floor":1.0,"turns":4.0},{"damage":2.0,"enemies":"Small Slimes","floor":3.0,"turns":4.0},{"damage":0.0,"enemies":"Cultist","floor":5.0,"turns":3.0},{"damage":4.0,"enemies":"3 Sentries","floor":7.0,"turns":8.0},{"damage":0.0,"enemies":"Exordium Wildlife","floor":8.0,"turns":4.0},{"damage":7.0,"enemies":"Lagavulin","floor":10.0,"turns":6.0},{"damage":0.0,"enemies":"Exordium Thugs","floor":11.0,"turns":3.0},{"damage":0.0,"enemies":"Large Slime","floor":12.0,"turns":1.0},{"damage":2.0,"enemies":"Lagavulin Event","floor":13.0,"turns":5.0},{"damage":28.0,"enemies":"The Guardian","floor":16.0,"turns":7.0},{"damage":12.0,"enemies":"Shell Parasite","floor":18.0,"turns":4.0},{"damage":0.0,"enemies":"3 Byrds","floor":24.0,"turns":3.0},{"damage":5.0,"enemies":"Colosseum Slavers","floor":28.0,"turns":2.0},{"damage":20.0,"enemies":"Colosseum Nobs","floor":28.0,"turns":4.0},{"damage":7.0,"enemies":"Snecko","floor":29.0,"turns":4.0},{"damage":37.0,"enemies":"Champ","floor":33.0,"turns":9.0},{"damage":16.0,"enemies":"Orb Walker","floor":35.0,"turns":4.0},{"damage":4.0,"enemies":"3 Darklings","floor":36.0,"turns":4.0},{"damage":18.0,"enemies":"Maw","floor":37.0,"turns":7.0},{"damage":0.0,"enemies":"Mind Bloom Boss Battle","floor":39.0,"turns":3.0},{"damage":6.0,"enemies":"Giant Head","floor":40.0,"turns":7.0},{"damage":21.0,"enemies":"Sphere and 2 Shapes","floor":41.0,"turns":3.0},{"damage":0,"enemies":"Jaw Worm Horde","floor":45,"turns":4},{"damage":2,"enemies":"3 Darklings","floor":47,"turns":3},{"damage":29,"enemies":"Transient","floor":48,"turns":5},{"damage":111,"enemies":"Time Eater","floor":50,"turns":13}],"seed_played":"6840838566739167224","potions_obtained":[{"floor":3.0,"key":"BottledMiracle"},{"floor":4.0,"key":"Ancient Potion"},{"floor":4.0,"key":"LiquidBronze"},{"floor":4.0,"key":"Block Potion"},{"floor":5.0,"key":"FearPotion"},{"floor":8.0,"key":"Weak Potion"},{"floor":11.0,"key":"Block Potion"},{"floor":12.0,"key":"StancePotion"},{"floor":17.0,"key":"LiquidMemories"},{"floor":29.0,"key":"Strength Potion"},{"floor":35.0,"key":"SneckoOil"},{"floor":39.0,"key":"DistilledChaos"},{"floor":41.0,"key":"Block Potion"},{"floor":47,"key":"SpeedPotion"},{"floor":48,"key":"Dexterity Potion"}],"is_trial":false,"path_per_floor":["M","?","M","?","M","R","E","M","T","E","M","M","?","$","R","B",null,"M","?","$","?","$","R","M","R","T","?","?","M","$","T","R","B",null,"M","M","M","$","?","E","M","R","T","?","M","R","M","M","R","B"],"character_chosen":"WATCHER","items_purchased":["Membership Card","Whetstone","FairyPotion","Happy Flower","Dark Shackles","Toy Ornithopter","Matryoshka"],"campfire_rested":4,"item_purchase_floors":[14,14,14,20,20,30,38],"current_hp_per_floor":[72,58,56,56,56,56,52,52,52,45,45,45,43,43,64,36,77,65,65,65,65,65,65,65,65,65,65,40,33,33,33,56,24,77,61,62,44,44,49,43,22,45,45,45,50,50,53,46,69,0,0],"gold":161,"neow_bonus":"RANDOM_COMMON_RELIC","is_daily":false,"chose_seed":false,"campfire_upgraded":3,"win_rate":0.0,"timestamp":1612024771,"path_taken":["M","?","M","?","M","R","E","M","T","E","?","M","?","$","R","BOSS","M","?","$","?","?","R","M","R","T","?","?","?","$","?","R","BOSS","M","M","M","$","?","E","M","R","T","?","M","R","M","M","R","BOSS"],"items_purchased_type":["Relic","Relic","Potion","Relic","Card","Relic","Relic"],"build_version":"2020-12-22","purchased_purges":2,"victory":false,"max_hp_per_floor":[72,72,72,72,72,72,72,72,72,72,72,72,72,72,72,72,77,77,77,77,77,77,77,77,77,77,77,77,77,77,77,77,77,77,77,77,77,77,77,77,77,77,77,77,77,77,77,77,77,77,77],"card_choices":[{"not_picked":["Evaluate","FlyingSleeves"],"picked":"Wallop","floor":1.0},{"not_picked":["SandsOfTime","Prostrate"],"picked":"FlurryOfBlows","floor":3.0},{"not_picked":["Evaluate","Tantrum"],"picked":"Consecrate","floor":5.0},{"not_picked":["FlyingSleeves","Consecrate"],"picked":"EmptyFist","floor":7.0},{"not_picked":["Omniscience","Consecrate","ForeignInfluence"],"picked":"SKIP","floor":8.0},{"not_picked":["PathToVictory","Consecrate"],"picked":"ReachHeaven","floor":10.0},{"not_picked":["FearNoEvil","ClearTheMind"],"picked":"JustLucky","floor":11.0},{"not_picked":["Protect","Crescendo"],"picked":"Weave","floor":12.0},{"not_picked":["FlurryOfBlows","Judgement"],"picked":"Wireheading","floor":13.0},{"not_picked":["Brilliance","Judgement"],"picked":"DeusExMachina","floor":16.0},{"not_picked":["Swivel","Pray"],"picked":"BowlingBash","floor":17.0},{"not_picked":["Evaluate","Collect"],"picked":"Adaptation+1","floor":18.0},{"not_picked":["CrushJoints+1","Perseverance+1"],"picked":"WindmillStrike","floor":24.0},{"not_picked":["FollowUp","Prostrate"],"picked":"FlurryOfBlows","floor":28.0},{"not_picked":["Pray+1","ClearTheMind"],"picked":"MentalFortress","floor":29.0},{"not_picked":["Omniscience","DeusExMachina"],"picked":"DevaForm","floor":33.0},{"not_picked":["TalkToTheHand","FearNoEvil+1"],"picked":"LikeWater","floor":35.0},{"not_picked":["Evaluate+1","Weave"],"picked":"Crescendo","floor":36.0},{"not_picked":["EmptyBody+1","WheelKick"],"picked":"ClearTheMind","floor":37.0},{"not_picked":["SashWhip+1","WheelKick"],"picked":"Prostrate+1","floor":39.0},{"not_picked":["FlurryOfBlows","JustLucky+1"],"picked":"Worship+1","floor":40.0},{"not_picked":["Crescendo+1","CutThroughFate"],"picked":"MentalFortress","floor":41.0},{"not_picked":["Forethought","Dramatic Entrance"],"picked":"Panacea","floor":44.0},{"not_picked":["Fasting2","Consecrate+1"],"picked":"ThirdEye+1","floor":45},{"not_picked":["WreathOfFlame","Swivel"],"picked":"SandsOfTime+1","floor":47},{"not_picked":["Protect","ReachHeaven+1"],"picked":"Nirvana+1","floor":48}],"player_experience":5516040,"relics_obtained":[{"floor":7.0,"key":"Akabeko"},{"floor":9.0,"key":"Nunchaku"},{"floor":10.0,"key":"Bag of Marbles"},{"floor":13.0,"key":"Bronze Scales"},{"floor":28.0,"key":"Ice Cream"},{"floor":28.0,"key":"Mercury Hourglass"},{"floor":31.0,"key":"Kunai"},{"floor":39.0,"key":"Unceasing Top"},{"floor":40.0,"key":"Smiling Mask"},{"floor":43.0,"key":"PreservedInsect"},{"floor":43.0,"key":"Meat on the Bone"}],"event_choices":[{"damage_healed":0.0,"max_hp_gain":0.0,"max_hp_loss":0.0,"gold_gain":0.0,"event_name":"Shining Light","player_choice":"Entered Light","floor":2.0,"gold_loss":0.0,"damage_taken":14.0,"cards_upgraded":["Defend_P","Defend_P"]},{"damage_healed":0.0,"max_hp_gain":0.0,"max_hp_loss":0.0,"gold_gain":0.0,"event_name":"The Woman in Blue","player_choice":"Bought 3 Potions","floor":4.0,"gold_loss":0.0,"damage_taken":0.0},{"damage_healed":0.0,"max_hp_gain":0.0,"max_hp_loss":0.0,"gold_gain":30.0,"event_name":"Dead Adventurer","player_choice":"Searched \u00272\u0027 times","floor":13.0,"gold_loss":0.0,"damage_taken":0.0},{"damage_healed":0.0,"max_hp_gain":0.0,"max_hp_loss":0.0,"gold_gain":0.0,"event_name":"Ghosts","player_choice":"Ignored","floor":19.0,"gold_loss":0.0,"damage_taken":0.0},{"damage_healed":0.0,"max_hp_gain":0.0,"max_hp_loss":0.0,"gold_gain":0.0,"event_name":"Masked Bandits","player_choice":"Paid Fearfully","floor":21.0,"gold_loss":14.0,"damage_taken":0.0},{"damage_healed":0.0,"max_hp_gain":0.0,"max_hp_loss":0.0,"gold_gain":0.0,"event_name":"Vampires","player_choice":"Ignored","floor":27.0,"gold_loss":0.0,"damage_taken":0.0},{"damage_healed":0.0,"max_hp_gain":0.0,"max_hp_loss":0.0,"gold_gain":0.0,"event_name":"Colosseum","player_choice":"Fight","floor":28.0,"gold_loss":0.0,"damage_taken":0.0},{"damage_healed":0.0,"max_hp_gain":0.0,"max_hp_loss":0.0,"gold_gain":0.0,"event_name":"Colosseum","player_choice":"Fought Nobs","floor":28.0,"gold_loss":0.0,"damage_taken":0.0},{"damage_healed":0.0,"max_hp_gain":0.0,"max_hp_loss":0.0,"gold_gain":0.0,"event_name":"MindBloom","player_choice":"Fight","floor":39.0,"gold_loss":0.0,"damage_taken":0.0},{"damage_healed":0.0,"max_hp_gain":0.0,"max_hp_loss":0.0,"gold_gain":0.0,"event_name":"SensoryStone","player_choice":"Memory 1","floor":44.0,"gold_loss":0.0,"damage_taken":0.0}],"is_beta":false,"boss_relics":[{"not_picked":["Fusion Hammer","Sozu"],"picked":"Tiny House"},{"not_picked":["Snecko Eye","HolyWater"],"picked":"Empty Cage"}],"items_purged_floors":[20,30],"is_endless":false,"potions_floor_spawned":[3,5,8,11,12,28,29,35,39,41,47,48],"killed_by":"Time Eater","ascension_level":1}}