{"host":"08t08ld674si40tv","time":1612019962,"event":{"mods":["AchievementEnabler","BaseMod","Colored Map","Minty Spire (QoL Compilation)","StSLib","SuperFastMode"],"gold_per_floor":[109,109,128,138,149,181,181,209,283,300,317,329,329,340,340,418,5418,5418,5418,5418,5418,4678,4678,4678,4678,4678,4678,4678,4678],"floor_reached":28,"language":"KOR","playtime":721,"items_purged":["Strike_B+1"],"score":660,"play_id":"c2f311e9-65fb-44e4-b610-4b832623ba96","local_time":"20210131001922","is_ascension_mode":true,"campfire_choices":[{"floor":7,"key":"REST"},{"data":"Pommel Strike","floor":13,"key":"SMITH"},{"floor":15,"key":"REST"},{"floor":23,"key":"REST"},{"data":"Creative AI","floor":25,"key":"SMITH"}],"circlet_count":0,"master_deck":["AscendersBane","Strike_B+1","Defend_B+1","Defend_B+1","Defend_B+1","Defend_B+1","Zap+1","Dualcast","Deep Breath","Pommel Strike+1","Turbo","Coolheaded","Chrysalis","Blur","Fission","Barrage","Master of Strategy","Creative AI+1"],"relics":["Cracked Core","PrismaticShard","Art of War","Lizard Tail","Mercury Hourglass","Ectoplasm","Matryoshka","MealTicket","Juzu Bracelet","Vajra","Orichalcum"],"acts_visited":["Exordium","TheCity"],"potions_floor_usage":[6,8,16,18,24,24],"damage_taken":[{"damage":5,"enemies":"2 Louse","floor":1,"turns":3},{"damage":0,"enemies":"Cultist","floor":3,"turns":2},{"damage":13,"enemies":"Small Slimes","floor":4,"turns":3},{"damage":7,"enemies":"2 Fungi Beasts","floor":5,"turns":3},{"damage":11,"enemies":"Gremlin Nob","floor":6,"turns":3},{"damage":9,"enemies":"Lagavulin","floor":8,"turns":7},{"damage":6,"enemies":"Blue Slaver","floor":10,"turns":3},{"damage":0,"enemies":"Large Slime","floor":11,"turns":4},{"damage":16,"enemies":"Looter","floor":12,"turns":4},{"damage":6,"enemies":"Blue Slaver","floor":14,"turns":3},{"damage":55,"enemies":"Slime Boss","floor":16,"turns":11},{"damage":37,"enemies":"Shell Parasite","floor":18,"turns":6},{"damage":0,"enemies":"Book of Stabbing","floor":24,"turns":5},{"damage":20,"enemies":"3 Byrds","floor":27,"turns":5},{"damage":26,"enemies":"Slavers","floor":28,"turns":3}],"seed_played":"-5404743826605058661","potions_obtained":[{"floor":3,"key":"Fire Potion"},{"floor":4,"key":"SneckoOil"},{"floor":6,"key":"SkillPotion"},{"floor":11,"key":"GamblersBrew"},{"floor":16,"key":"ColorlessPotion"}],"is_trial":false,"path_per_floor":["M","?","M","M","M","E","R","E","T","M","M","M","R","M","R","B",null,"M","?","?","T","$","R","E","R","T","M","E"],"character_chosen":"DEFECT","items_purchased":["Master of Strategy","DistilledChaos","MealTicket","Juzu Bracelet","Swift Potion"],"campfire_rested":3,"item_purchase_floors":[22,22,22,22,22],"current_hp_per_floor":[59,59,59,46,39,28,49,40,40,34,34,18,18,12,33,16,57,20,20,20,20,20,41,41,41,41,21,0,0],"gold":4678,"neow_bonus":"RANDOM_COLORLESS","is_daily":false,"chose_seed":false,"campfire_upgraded":2,"win_rate":0.0,"timestamp":1612019962,"path_taken":["M","?","?","M","M","E","R","E","T","M","M","M","R","M","R","BOSS","M","?","?","?","$","R","E","R","T","M","E"],"items_purchased_type":["Card","Potion","Relic","Relic","Potion"],"build_version":"2020-12-22","purchased_purges":1,"victory":false,"max_hp_per_floor":[71,71,71,71,71,71,71,71,71,71,71,71,71,71,71,71,71,71,71,71,71,71,71,71,71,71,71,71,71],"card_choices":[{"not_picked":["Good Instincts","Mind Blast"],"picked":"Deep Breath","floor":0},{"not_picked":["Wild Strike","Combust"],"picked":"Pommel Strike","floor":1},{"not_picked":["Clash","Rampage","Bane"],"picked":"SKIP","floor":3},{"not_picked":["Wallop","Barrage","Whirlwind"],"picked":"SKIP","floor":4},{"not_picked":["CutThroughFate","Panacea","Headbutt"],"picked":"SKIP","floor":5},{"not_picked":["Good Instincts","Scrape"],"picked":"Turbo","floor":6},{"not_picked":["Rupture","Setup","Havoc"],"picked":"SKIP","floor":8},{"not_picked":["Redo","Hello World"],"picked":"Coolheaded","floor":10},{"not_picked":["Leap","Heatsinks","Reckless Charge"],"picked":"SKIP","floor":11},{"not_picked":["CutThroughFate","JustLucky","Leap"],"picked":"SKIP","floor":12},{"not_picked":["Outmaneuver","Tantrum","Eviscerate"],"picked":"SKIP","floor":14},{"not_picked":["Secret Weapon","Devotion"],"picked":"Chrysalis","floor":16},{"not_picked":["Whirlwind","Skim"],"picked":"Blur","floor":18},{"not_picked":["Conserve Battery","Havoc"],"picked":"Creative AI","floor":24},{"not_picked":["Warcry","Thunderclap","Fusion"],"picked":"SKIP","floor":27}],"player_experience":273688,"relics_obtained":[{"floor":6,"key":"Art of War"},{"floor":8,"key":"Lizard Tail"},{"floor":9,"key":"Mercury Hourglass"},{"floor":21,"key":"Matryoshka"},{"floor":24,"key":"Vajra"},{"floor":26,"key":"Orichalcum"}],"event_choices":[{"damage_healed":0,"gold_gain":0,"player_choice":"Forge","damage_taken":0,"max_hp_gain":0,"max_hp_loss":0,"event_name":"Accursed Blacksmith","floor":2,"gold_loss":0,"cards_upgraded":["Zap"]},{"damage_healed":0,"gold_gain":0,"player_choice":"Simplicity","damage_taken":0,"max_hp_gain":0,"max_hp_loss":0,"event_name":"Back to Basics","floor":19,"gold_loss":0,"cards_upgraded":["Strike_B","Strike_B","Strike_B","Strike_B","Defend_B","Defend_B","Defend_B","Defend_B"]},{"damage_healed":0,"gold_gain":0,"cards_transformed":["Strike_B","Strike_B"],"player_choice":"Became Test Subject","damage_taken":0,"max_hp_gain":0,"max_hp_loss":0,"event_name":"Drug Dealer","floor":20,"gold_loss":0,"cards_obtained":["Fission","Barrage"]}],"is_beta":false,"boss_relics":[{"not_picked":["Black Star","Snecko Eye"],"picked":"Ectoplasm"}],"items_purged_floors":[22],"is_endless":false,"potions_floor_spawned":[3,4,6,11,16],"killed_by":"Slavers","ascension_level":19}}