{"host":"yj06x81tgpxxnx6a","time":1612029876,"event":{"mods":["Act Like it!","BaseMod","Better Third Choice","BetterRewards","GifTheSpireLib","GungeonMod","Halation","Hallownest","Hubris","Infinite Spire","Mimic Mod","Minty Spire (QoL Compilation)","Quick Restart","Reliquary","Replay The Spire","Spire Arcade","StSLib"],"gold_per_floor":[110,110,70,86,11,11,46,46,70,83,83,13,63,90,90,90,90],"floor_reached":16,"language":"ENG","playtime":1296,"items_purged":[],"score":106,"play_id":"22375fb0-2fdd-4154-bfce-38e5f4f1a490","local_time":"20210130110436","is_ascension_mode":false,"campfire_choices":[{"floor":6,"key":"REST"},{"floor":8,"key":"REST"},{"floor":11,"key":"REST"},{"data":"DemoMod:BSG","floor":15,"key":"SMITH"}],"circlet_count":0,"master_deck":["DemoMod:Strike_Huntress","DemoMod:Strike_Huntress","DemoMod:Strike_Huntress","DemoMod:Defend_Huntress","DemoMod:Defend_Huntress","DemoMod:Defend_Huntress","DemoMod:Defend_Huntress","DemoMod:Roll","DemoMod:ManualReload","DemoMod:RustySidearm","DemoMod:CrossBow","DemoMod:JK47","DemoMod:SAA","Hallownest:skillGreenpathMap","Pot Of Greed","Pot Of Greed","DemoMod:BSG+1","DemoMod:Unmoved","Normality","DemoMod:GunShield"],"relics":["DemoMod:Dog","DemoMod:HoleyGrail","Pet Ghost","Replay:Rubber Ducky","Grinning Jar","PreservedInsect","Hallownest:StagBellRelic1","ReplayTheSpireMod:Ring of Exchange","Ring of Greed","Smiling Mask","The Courier","Ancient Tea Set"],"acts_visited":["Exordium"],"potions_floor_usage":[16],"damage_taken":[{"damage":6,"enemies":"Hallownest:monsterHuskGuard","floor":1,"turns":5},{"damage":8,"enemies":"Hallownest:2_Tiktiks_and_1_Crawlid","floor":4,"turns":7},{"damage":27,"enemies":"Hallownest:eliteVengeflyKing","floor":7,"turns":12},{"damage":0,"enemies":"Hallownest:2_MossCreeps","floor":10,"turns":2},{"damage":9,"enemies":"Hallownest:eliteMossKnight","floor":14,"turns":6},{"damage":76,"enemies":"Hallownest:BossHornet","floor":16,"turns":11}],"seed_played":"-3729075845043662111","potions_obtained":[{"floor":4,"key":"SpeedPotion"},{"floor":10,"key":"Venom Potion"},{"floor":14,"key":"Dexterity Potion"}],"is_trial":false,"path_per_floor":["M","?","?","M","?","R","E","R","T","M","R","?","?","E","R","B"],"character_chosen":"HUNTRESS","items_purchased":[],"campfire_rested":3,"item_purchase_floors":[],"current_hp_per_floor":[64,24,47,39,39,60,33,54,54,54,70,70,70,61,61,0,0],"gold":90,"neow_bonus":"RANDOM_COMMON_RELIC","is_daily":false,"chose_seed":false,"campfire_upgraded":1,"win_rate":0.0,"timestamp":1612029876,"path_taken":["M","?","?","M","?","R","E","R","T","?","R","?","?","E","R","BOSS"],"items_purchased_type":[],"build_version":"2020-12-22","purchased_purges":0,"victory":false,"max_hp_per_floor":[70,70,70,70,70,70,70,70,70,70,70,70,70,70,70,70,70],"card_choices":[{"not_picked":["DemoMod:PotionOfGunFriendShip","DemoMod:BattleInHaste"],"picked":"DemoMod:JK47","floor":1},{"not_picked":["DemoMod:LifeOrb","DemoMod:BattleInHaste"],"picked":"DemoMod:SAA","floor":4},{"not_picked":["DemoMod:BattleInHaste","DemoMod:FastSwitch"],"picked":"DemoMod:BSG","floor":7},{"not_picked":["DemoMod:DirectionalPad","DemoMod:FastSwitch"],"picked":"DemoMod:Unmoved","floor":10},{"not_picked":["DemoMod:DoubleSwitch","DemoMod:FastSwitch"],"picked":"DemoMod:GunShield","floor":14}],"player_experience":223977,"relics_obtained":[{"floor":7,"key":"Grinning Jar"},{"floor":9,"key":"PreservedInsect"},{"floor":13,"key":"ReplayTheSpireMod:Ring of Exchange"},{"floor":13,"key":"Ring of Greed"},{"floor":13,"key":"Smiling Mask"},{"floor":13,"key":"The Courier"},{"floor":14,"key":"Ancient Tea Set"}],"event_choices":[],"is_beta":false,"boss_relics":[],"items_purged_floors":[],"is_endless":false,"potions_floor_spawned":[4,10,14],"killed_by":"Hallownest:BossHornet","ascension_level":0}}