{"host":"Ringo","time":1612006924,"event":{"mods":["BaseMod","Colored Map","Conspire","Dota2Spire","Hubris","Minty Spire (QoL Compilation)","Replay The Spire","StSLib","The Construct","[IsaacMod]ÒÔÈö¼âËþ","¡¾ÒÅÎï¿¨ÅÆ¡¿REMEMod"],"gold_per_floor":[99,112,123,134,150,206,240,269,269,301,328,355,372,382,382,457,457,469,481,497,508,526,561,7,41,89,117,132,150,189,230,242,327,339,366,392,422,447,473,511,36,61,61,94,112,145,179,209,209,209,209],"floor_reached":52,"language":"ZHS","playtime":1349,"items_purged":[],"score":3801,"play_id":"fce3145d-bb74-4d5a-8346-9cc01b77f8fd","local_time":"20210130194204","daily_mods":["SealedDeck","Vintage","Heirloom","Time Dilation","Flight","DeadlyEvents","Elite Swarm","Lethality","Binary"],"is_ascension_mode":true,"campfire_choices":[{"data":"Tactician","floor":15,"key":"SMITH"},{"data":"Acrobatics","floor":32,"key":"SMITH"},{"data":"REME_ShadowStrike","floor":32,"key":"SMITH"},{"data":"Finisher","floor":49,"key":"SMITH"},{"data":"REME_SpectralBlade","floor":49,"key":"SMITH"}],"circlet_count":0,"master_deck":["AscendersBane","REME_ShadowStrike+1","Dodge and Roll","Escape Plan+1","Acrobatics+1","Underhanded Strike","Eviscerate+1","Dagger Throw+1","Prepared+1","Tactician+1","REME_Fury+1","Masterful Stab+1","Deflect+1","Backflip+1","REME_SpectralBlade+1","Finisher+1"],"relics":["Ring of the Snake","Busted Crown","HushsDoor","REME_ComplimentaryCards","replay:Trail_Library","Dota2Spire:Satanic","BelialBook","Red Skull","Replay:Accelerometer","hubris:Potato","hubris:PeanutButter","Replay:Bottled Eggs","Dota2Spire:MonkeyKingBar","Bag of Marbles","White Beast Statue","hubris:TenFootPole","Dota2Spire:ShadowBlade","Replay:Mystery Machine","Dota2Spire:Vanguard","Replay:Wax Seal","YumHeart","Replay:Wax Seal","Pantograph","The Courier","Gremlin Food","Dota2Spire:CrimsonGuard","Replay:Arrowhead","Strawberry","Medical Kit","conspire:Dentures","Smiling Mask","hubris:BottledRain","hubris:ToyBattleship","MawBank","conspire:TopHat","Durian","Ring of Chaos","GuppysHead","GuppysPaw","Leech","Ancient Tea Set","Nunchaku","Frozen Egg 2","Bird Faced Urn","Dota2Spire:UrnOfShadows","War Paint","Ginger","Potion Belt","Bottled Flame","Dota2Spire:LinkenSphere","construct:RocketBooster","Bag of Preparation","Orichalcum","Paper Crane","Replay:Rubber Ducky"],"acts_visited":["Exordium","TheCity","TheBeyond"],"potions_floor_usage":[6,24,51,51],"damage_taken":[{"damage":0,"enemies":"Jaw Worm","floor":2,"turns":1},{"damage":0,"enemies":"2 Louse","floor":3,"turns":1},{"damage":0,"enemies":"Small Slimes","floor":4,"turns":1},{"damage":0,"enemies":"3 Louse","floor":5,"turns":1},{"damage":0,"enemies":"Lagavulin","floor":6,"turns":2},{"damage":0,"enemies":"3 Sentries","floor":7,"turns":2},{"damage":0,"enemies":"Gremlin Nob","floor":8,"turns":1},{"damage":0,"enemies":"3 Sentries","floor":10,"turns":1},{"damage":0,"enemies":"Lagavulin","floor":11,"turns":1},{"damage":0,"enemies":"3 Sentries","floor":12,"turns":1},{"damage":0,"enemies":"Exordium Wildlife","floor":13,"turns":1},{"damage":0,"enemies":"Exordium Thugs","floor":14,"turns":1},{"damage":0,"enemies":"Slime Boss","floor":16,"turns":1},{"damage":0,"enemies":"Shell Parasite","floor":18,"turns":1},{"damage":0,"enemies":"3 Byrds","floor":19,"turns":1},{"damage":0,"enemies":"Cultist and Chosen","floor":20,"turns":2},{"damage":0,"enemies":"3 Cultists","floor":21,"turns":2},{"damage":0,"enemies":"Snake Plant","floor":22,"turns":1},{"damage":0,"enemies":"Gremlin Leader","floor":23,"turns":1},{"damage":0,"enemies":"conspire:SneckoGhost","floor":25,"turns":1},{"damage":0,"enemies":"Book of Stabbing","floor":27,"turns":1},{"damage":0,"enemies":"Cultist and Chosen","floor":28,"turns":1},{"damage":0,"enemies":"Shelled Parasite and Fungi","floor":29,"turns":1},{"damage":0,"enemies":"Slavers","floor":30,"turns":2},{"damage":0,"enemies":"conspire:SneckoGhost","floor":31,"turns":1},{"damage":0,"enemies":"hubris:MusketHawk","floor":33,"turns":1},{"damage":0,"enemies":"3 Darklings","floor":35,"turns":1},{"damage":0,"enemies":"Orb Walker","floor":36,"turns":2},{"damage":0,"enemies":"Writhing Mass","floor":37,"turns":1},{"damage":0,"enemies":"Sphere and 2 Shapes","floor":38,"turns":1},{"damage":0,"enemies":"Maw","floor":39,"turns":1},{"damage":0,"enemies":"Giant Head","floor":40,"turns":1},{"damage":0,"enemies":"R_Hoarder","floor":42,"turns":3},{"damage":0,"enemies":"Reptomancer","floor":44,"turns":1},{"damage":0,"enemies":"Writhing Mass","floor":45,"turns":1},{"damage":0,"enemies":"Giant Head","floor":46,"turns":1},{"damage":0,"enemies":"R_Hoarder","floor":47,"turns":1},{"damage":0,"enemies":"Nemesis","floor":48,"turns":1},{"damage":0,"enemies":"Time Eater","floor":50,"turns":1},{"damage":0,"enemies":"Awakened One","floor":51,"turns":2}],"seed_played":"8096739223033547121","potions_obtained":[{"floor":3,"key":"SpeedPotion"},{"floor":5,"key":"REME_GoldPotion"},{"floor":7,"key":"AttackPotion"},{"floor":23,"key":"REME_GoldPotion"},{"floor":25,"key":"SpeedPotion"},{"floor":27,"key":"Elixir"},{"floor":42,"key":"FairyPotion"},{"floor":44,"key":"FearPotion"},{"floor":48,"key":"CunningPotion"}],"is_trial":true,"path_per_floor":["?","M","M","M","M","E","E","E","T","E","E","E","M","M","R","B",null,"M","M","M","M","M","E","$","E","T","E","M","M","E","E","R","B",null,"M","M","M","M","M","E","$","E","T","E","M","E","E","E","R","B","B",null],"character_chosen":"THE_SILENT","items_purchased":["Replay:Arrowhead","Strawberry","Medical Kit","Backflip+1","GuppysHead","GuppysPaw","REME_SpectralBlade","War Paint","Ginger","Potion Belt"],"campfire_rested":0,"item_purchase_floors":[24,24,24,24,34,34,34,41,41,41],"current_hp_per_floor":[59,59,59,59,59,59,59,59,59,59,59,59,59,59,59,59,64,64,64,64,64,64,64,71,71,71,71,71,71,71,76,76,78,54,54,1,1,1,1,1,1,1,1,1,1,1,1,1,1,1,1],"gold":209,"neow_bonus":"","is_daily":false,"chose_seed":false,"campfire_upgraded":5,"win_rate":0.0,"timestamp":1612006924,"path_taken":["?","M","M","M","M","E","E","E","T","E","E","E","M","M","R","BOSS","M","M","M","M","M","E","$","E","T","E","M","M","E","E","R","BOSS","M","M","M","M","M","E","$","E","T","E","M","E","E","E","R","BOSS","BOSS"],"items_purchased_type":["Relic","Relic","Relic","Card","Relic","Relic","Card","Relic","Relic","Relic"],"build_version":"2020-12-18","purchased_purges":0,"victory":true,"max_hp_per_floor":[66,66,66,66,66,66,66,66,66,66,66,66,66,66,66,66,66,66,66,66,66,66,66,73,73,73,73,73,73,73,78,78,78,54,54,1,1,1,1,1,1,1,1,1,1,1,1,1,1,1,1],"card_choices":[],"player_experience":594208,"relics_obtained":[{"floor":2,"key":"Red Skull"},{"floor":3,"key":"Replay:Accelerometer"},{"floor":4,"key":"hubris:Potato"},{"floor":5,"key":"hubris:PeanutButter"},{"floor":6,"key":"Replay:Bottled Eggs"},{"floor":7,"key":"Dota2Spire:MonkeyKingBar"},{"floor":8,"key":"Bag of Marbles"},{"floor":9,"key":"White Beast Statue"},{"floor":10,"key":"hubris:TenFootPole"},{"floor":11,"key":"Dota2Spire:ShadowBlade"},{"floor":12,"key":"Replay:Mystery Machine"},{"floor":13,"key":"Dota2Spire:Vanguard"},{"floor":14,"key":"Replay:Wax Seal"},{"floor":18,"key":"YumHeart"},{"floor":19,"key":"Replay:Wax Seal"},{"floor":20,"key":"Pantograph"},{"floor":21,"key":"The Courier"},{"floor":22,"key":"Gremlin Food"},{"floor":23,"key":"Dota2Spire:CrimsonGuard"},{"floor":25,"key":"conspire:Dentures"},{"floor":26,"key":"Smiling Mask"},{"floor":27,"key":"hubris:BottledRain"},{"floor":28,"key":"hubris:ToyBattleship"},{"floor":29,"key":"MawBank"},{"floor":30,"key":"conspire:TopHat"},{"floor":31,"key":"Durian"},{"floor":35,"key":"Leech"},{"floor":36,"key":"Ancient Tea Set"},{"floor":37,"key":"Nunchaku"},{"floor":38,"key":"Frozen Egg 2"},{"floor":39,"key":"Bird Faced Urn"},{"floor":40,"key":"Dota2Spire:UrnOfShadows"},{"floor":42,"key":"Bottled Flame"},{"floor":43,"key":"Dota2Spire:LinkenSphere"},{"floor":44,"key":"construct:RocketBooster"},{"floor":45,"key":"Bag of Preparation"},{"floor":46,"key":"Orichalcum"},{"floor":47,"key":"Paper Crane"},{"floor":48,"key":"Replay:Rubber Ducky"}],"event_choices":[],"is_beta":true,"boss_relics":[{"not_picked":["Cursed Key","hubris:CrackedHourglass","hubris:RunicObelisk"]},{"not_picked":["Velvet Choker","Honey Jar"],"picked":"Ring of Chaos"},{"not_picked":[]}],"items_purged_floors":[],"is_endless":false,"potions_floor_spawned":[3,5,7,8,10,11,12,13,14,16,18,19,20,21,22,23,25,27,28,29,30,31,33,35,36,37,38,39,40,42,44,45,46,47,48],"ascension_level":20}}