{"host":"t7mx8yfj1no5p62f","time":1612026133,"event":{"mods":["BaseMod","Colored Map","Colored Powertips","Minty Spire (QoL Compilation)","Relic Stats","StSLib"],"gold_per_floor":[110,185,185,49,49,49,80,80,80,114,131,144,144,144,144,223,223,236,161,180,180,196,196,223,243,270,282,282,297,328,212,212,283,283,295,295,1294,582,600,634,652,668,692,398,430,445,445,495,495,495,495,495,495,6,39,39],"floor_reached":57,"language":"ENG","playtime":4031,"items_purged":["Escape Plan","Normality","Normality","Parasite"],"score":2841,"play_id":"9da910f5-ca00-4942-a319-09d97c0613a7","local_time":"20210130120213","is_ascension_mode":true,"campfire_choices":[{"data":"Dagger Spray","floor":6,"key":"SMITH"},{"data":"Dash","floor":8,"key":"SMITH"},{"data":"Grand Finale","floor":13,"key":"SMITH"},{"data":"Wraith Form v2","floor":15,"key":"SMITH"},{"data":"Die Die Die","floor":23,"key":"SMITH"},{"data":"Wraith Form v2","floor":28,"key":"SMITH"},{"data":"Expertise","floor":32,"key":"SMITH"},{"floor":47,"key":"RECALL"},{"floor":49,"key":"REST"},{"data":"Calculated Gamble","floor":53,"key":"SMITH"}],"circlet_count":0,"master_deck":["AscendersBane","Survivor","Neutralize","Dagger Spray+1","Dash+1","Blade Dance","Adrenaline","Blur","Grand Finale+1","Wraith Form v2+1","Corpse Explosion","Wraith Form v2+1","Expertise","Poisoned Stab","Die Die Die+1","Bouncing Flask","Caltrops","PiercingWail","Leg Sweep","PiercingWail","Backflip","Expertise+1","Malaise","Calculated Gamble","Deflect+1","Terror","Caltrops+1","Calculated Gamble+1","Well Laid Plans","After Image"],"relics":["Ring of the Snake","NeowsBlessing","Question Card","Pocketwatch","Juzu Bracelet","Pandora\u0027s Box","MutagenicStrength","Lizard Tail","Ornamental Fan","SlaversCollar","OrangePellets","Gremlin Horn","Lantern","Paper Crane","Orichalcum","TwistedFunnel","MealTicket","Tough Bandages","Bronze Scales"],"acts_visited":["Exordium","TheCity","TheBeyond","TheEnding"],"potions_floor_usage":[16,30,35,41,45,45,45,51,56],"damage_taken":[{"damage":0.0,"enemies":"2 Louse","floor":1.0,"turns":1.0},{"damage":0,"enemies":"3 Sentries","floor":7,"turns":1},{"damage":0,"enemies":"Gremlin Nob","floor":10,"turns":1},{"damage":0,"enemies":"Jaw Worm","floor":11,"turns":2},{"damage":0,"enemies":"Cultist","floor":12,"turns":3},{"damage":20,"enemies":"Slime Boss","floor":16,"turns":8},{"damage":7,"enemies":"Shell Parasite","floor":18,"turns":6},{"damage":0,"enemies":"3 Byrds","floor":20,"turns":2},{"damage":6,"enemies":"Snake Plant","floor":22,"turns":5},{"damage":0,"enemies":"Gremlin Leader","floor":24,"turns":4},{"damage":0,"enemies":"Centurion and Healer","floor":25,"turns":5},{"damage":1,"enemies":"Chosen and Byrds","floor":27,"turns":5},{"damage":4,"enemies":"Snake Plant","floor":29,"turns":7},{"damage":8,"enemies":"Slavers","floor":30,"turns":8},{"damage":39,"enemies":"Collector","floor":33,"turns":10},{"damage":1,"enemies":"Orb Walker","floor":35,"turns":5},{"damage":0,"enemies":"3 Shapes","floor":39,"turns":5},{"damage":16,"enemies":"Giant Head","floor":40,"turns":12},{"damage":8,"enemies":"Writhing Mass","floor":41,"turns":12},{"damage":13,"enemies":"Maw","floor":42,"turns":9},{"damage":12,"enemies":"Nemesis","floor":45,"turns":9},{"damage":0,"enemies":"Spire Growth","floor":46,"turns":8},{"damage":0,"enemies":"2 Orb Walkers","floor":48,"turns":6},{"damage":23,"enemies":"Time Eater","floor":50,"turns":14},{"damage":26,"enemies":"Donu and Deca","floor":51,"turns":11},{"damage":2,"enemies":"Shield and Spear","floor":55,"turns":9},{"damage":28,"enemies":"The Heart","floor":56,"turns":11}],"seed_played":"-4672406060531397887","potions_obtained":[{"floor":5,"key":"SpeedPotion"},{"floor":5,"key":"DuplicationPotion"},{"floor":7,"key":"Strength Potion"},{"floor":22,"key":"Dexterity Potion"},{"floor":24,"key":"EntropicBrew"},{"floor":29,"key":"Block Potion"},{"floor":30,"key":"FairyPotion"},{"floor":33,"key":"CunningPotion"},{"floor":35,"key":"EssenceOfSteel"},{"floor":41,"key":"Poison Potion"},{"floor":55,"key":"ColorlessPotion"}],"is_trial":false,"path_per_floor":["M","?","?","$","?","R","E","R","T","E","M","M","R","?","R","B",null,"M","?","M","?","M","R","E","M","T","M","R","M","E","$","R","B",null,"M","?","?","$","M","E","M","M","T","$","E","M","R","?","R","B","B",null,"R","$","E","B",null],"character_chosen":"THE_SILENT","items_purchased":["Dash","Blade Dance","Expertise","OrangePellets","Gremlin Horn","Lantern","TwistedFunnel","GhostInAJar","After Image","Weak Potion"],"campfire_rested":1,"item_purchase_floors":[4,4,31,38,38,38,44,54,54,54],"current_hp_per_floor":[59,48,53,53,53,53,53,53,53,53,53,53,53,53,53,33,62,55,55,55,55,49,49,49,49,49,48,48,44,36,36,36,21,59,58,58,58,58,58,42,34,21,21,21,9,9,9,9,30,7,18,58,58,68,66,38],"gold":39,"neow_bonus":"THREE_ENEMY_KILL","is_daily":false,"chose_seed":false,"campfire_upgraded":8,"win_rate":0.0,"timestamp":1612026133,"path_taken":["M","?","?","$","?","R","E","R","T","E","M","M","R","?","R","BOSS","M","?","M","?","M","R","E","M","T","M","R","M","E","$","R","BOSS","M","?","?","$","M","E","M","M","T","$","E","M","R","?","R","BOSS","BOSS","R","$","E","BOSS"],"items_purchased_type":["Card","Card","Card","Relic","Relic","Relic","Relic","Potion","Card","Potion"],"build_version":"2020-12-22","purchased_purges":4,"victory":true,"max_hp_per_floor":[66,66,71,71,71,71,71,71,71,71,71,71,71,71,71,71,71,71,71,71,71,71,71,71,71,71,71,71,71,71,71,71,71,71,71,71,71,71,71,71,71,71,71,71,71,71,71,71,71,71,71,71,71,68,68,68],"relic_stats":{"Gremlin Horn":[3,3],"counters":[27,179],"Juzu Bracelet":2,"Orichalcum":[84],"Question Card":22,"OrangePellets":[38],"Lizard Tail":35,"Tough Bandages":[183],"Ornamental Fan":[52],"Bronze Scales":[165],"Pandora\u0027s Box":["Wraith Form v2","Escape Plan","Expertise","Poisoned Stab","Die Die Die","Bouncing Flask","Eviscerate","Caltrops","PiercingWail"],"MealTicket":13,"obtain_stats":[{"TwistedFunnel":44,"Lantern":38,"NeowsBlessing":0,"Gremlin Horn":38,"Juzu Bracelet":10,"Paper Crane":40,"Orichalcum":43,"Question Card":7,"SlaversCollar":34,"OrangePellets":38,"Lizard Tail":24,"Tough Bandages":48,"Ornamental Fan":30,"MutagenicStrength":21,"Bronze Scales":55,"Pandora\u0027s Box":17,"MealTicket":45,"Ring of the Snake":0,"Pocketwatch":9},{"TwistedFunnel":20,"Lantern":16,"NeowsBlessing":0,"Gremlin Horn":16,"Juzu Bracelet":3,"Paper Crane":18,"Orichalcum":20,"Question Card":2,"SlaversCollar":15,"OrangePellets":16,"Lizard Tail":10,"Tough Bandages":23,"Ornamental Fan":14,"MutagenicStrength":8,"Bronze Scales":26,"Pandora\u0027s Box":6,"MealTicket":21,"Ring of the Snake":0,"Pocketwatch":2},{"TwistedFunnel":111,"Lantern":73,"NeowsBlessing":0,"Gremlin Horn":73,"Juzu Bracelet":3,"Paper Crane":90,"Orichalcum":111,"Question Card":2,"SlaversCollar":68,"OrangePellets":73,"Lizard Tail":33,"Tough Bandages":134,"Ornamental Fan":58,"MutagenicStrength":24,"Bronze Scales":168,"Pandora\u0027s Box":16,"MealTicket":120,"Ring of the Snake":0,"Pocketwatch":2}],"Ring of the Snake":[54],"Pocketwatch":[357]},"card_choices":[{"not_picked":["Underhanded Strike","Quick Slash"],"picked":"Dagger Spray","floor":1.0},{"not_picked":["Well Laid Plans","Quick Slash"],"picked":"Adrenaline","floor":7},{"not_picked":["Slice","Poisoned Stab","Flying Knee"],"picked":"Blur","floor":10},{"not_picked":["Dodge and Roll","Deadly Poison","Infinite Blades","Prepared"],"picked":"SKIP","floor":11},{"not_picked":["Caltrops","Slice","Sucker Punch"],"picked":"Grand Finale","floor":12},{"not_picked":["Glass Knife","A Thousand Cuts","Night Terror"],"picked":"Corpse Explosion","floor":16},{"not_picked":["Predator","Blade Dance","Cloak And Dagger","Sucker Punch"],"picked":"SKIP","floor":18},{"not_picked":["Dagger Spray","Poisoned Stab","Eviscerate","Well Laid Plans"],"picked":"SKIP","floor":20},{"not_picked":["Poisoned Stab","Prepared","Quick Slash"],"picked":"Leg Sweep","floor":22},{"not_picked":["Bane","Dagger Spray","Tactician","Footwork"],"picked":"SKIP","floor":24},{"not_picked":["Doppelganger","Infinite Blades","Outmaneuver+1","Distraction"],"picked":"SKIP","floor":25},{"not_picked":["Flechettes","Deflect","Dodge and Roll"],"picked":"PiercingWail","floor":27},{"not_picked":["Finisher","Footwork","Riddle With Holes"],"picked":"Backflip","floor":29},{"not_picked":["Poisoned Stab","Die Die Die","Deflect","Deadly Poison"],"picked":"SKIP","floor":30},{"not_picked":["Night Terror","Doppelganger","Adrenaline"],"picked":"Malaise","floor":33},{"not_picked":["Dodge and Roll","Deflect","Expertise"],"picked":"Calculated Gamble","floor":35},{"not_picked":["Choke","Finisher+1","Quick Slash+1"],"picked":"Deflect+1","floor":39},{"not_picked":["Dagger Throw","Heel Hook","Bouncing Flask"],"picked":"Terror","floor":40},{"not_picked":["Bane+1","Cloak And Dagger","Accuracy","Corpse Explosion"],"picked":"SKIP","floor":41},{"not_picked":["Slice","Eviscerate","Endless Agony","Poisoned Stab"],"picked":"SKIP","floor":42},{"not_picked":["Endless Agony","Reflex","Heel Hook+1"],"picked":"Caltrops+1","floor":45},{"not_picked":["Deadly Poison+1","Cloak And Dagger","Deflect"],"picked":"Calculated Gamble","floor":46},{"not_picked":["Infinite Blades+1","Escape Plan","Catalyst+1"],"picked":"Well Laid Plans","floor":48},{"not_picked":["Grand Finale","Backflip","Skewer","Deflect"],"picked":"SKIP","floor":55}],"player_experience":1888140,"relics_obtained":[{"floor":7,"key":"Question Card"},{"floor":9,"key":"Pocketwatch"},{"floor":10,"key":"Juzu Bracelet"},{"floor":24,"key":"Lizard Tail"},{"floor":30,"key":"Ornamental Fan"},{"floor":40,"key":"Paper Crane"},{"floor":43,"key":"Orichalcum"},{"floor":45,"key":"MealTicket"},{"floor":48,"key":"Tough Bandages"},{"floor":55,"key":"Bronze Scales"}],"event_choices":[{"damage_healed":0.0,"max_hp_gain":0.0,"max_hp_loss":0.0,"gold_gain":75.0,"event_name":"World of Goop","player_choice":"Gather Gold","floor":2.0,"gold_loss":0.0,"damage_taken":11.0},{"damage_healed":0.0,"max_hp_gain":5.0,"max_hp_loss":0.0,"gold_gain":0.0,"event_name":"Big Fish","player_choice":"Donut","floor":3.0,"gold_loss":0.0,"damage_taken":0.0},{"damage_healed":0,"gold_gain":0,"player_choice":"Got Potions","damage_taken":0,"max_hp_gain":0,"max_hp_loss":0,"event_name":"Lab","floor":5,"gold_loss":0},{"damage_healed":0,"gold_gain":0,"cards_transformed":["Strike_G"],"player_choice":"Change","damage_taken":0,"max_hp_gain":0,"max_hp_loss":0,"event_name":"Living Wall","floor":14,"gold_loss":0,"cards_obtained":["Wraith Form v2"]},{"cards_removed":["Eviscerate"],"damage_healed":0,"gold_gain":0,"player_choice":"Gave Gold","damage_taken":0,"max_hp_gain":0,"max_hp_loss":0,"event_name":"Beggar","floor":19,"gold_loss":75},{"damage_healed":0,"gold_gain":0,"player_choice":"Inject Mutagens","damage_taken":0,"relics_obtained":["MutagenicStrength"],"max_hp_gain":0,"max_hp_loss":0,"event_name":"Drug Dealer","floor":21,"gold_loss":0},{"damage_healed":0,"gold_gain":0,"player_choice":"0 cards matched","damage_taken":0,"max_hp_gain":0,"max_hp_loss":0,"event_name":"Match and Keep!","floor":36,"gold_loss":0,"cards_obtained":[]},{"damage_healed":0,"gold_gain":999,"player_choice":"Gold","damage_taken":0,"max_hp_gain":0,"max_hp_loss":0,"event_name":"MindBloom","floor":37,"gold_loss":0,"cards_obtained":["Normality","Normality"]},{"damage_healed":0,"gold_gain":0,"player_choice":"Fight","damage_taken":0,"max_hp_gain":0,"max_hp_loss":0,"event_name":"Mysterious Sphere","floor":48,"gold_loss":0}],"is_beta":false,"boss_relics":[{"not_picked":["Tiny House","Runic Pyramid"],"picked":"Pandora\u0027s Box"},{"not_picked":["SacredBark","Calling Bell"],"picked":"SlaversCollar"}],"items_purged_floors":[31,38,44,54],"is_endless":false,"potions_floor_spawned":[7,10,12,22,24,27,29,30,33,35,41,55],"ascension_level":20}}