{"host":"15dd7v8o90xso62x","time":1612043371,"event":{"mods":["BaseMod","Minty Spire (QoL Compilation)","Quick Restart","StSLib","SuperFastMode"],"gold_per_floor":[113,188,208,224,51,51,51,84,111,111,125,155,155,41,41,120,120,140,140,140,140],"floor_reached":20,"language":"KOR","playtime":381,"items_purged":[],"score":340,"play_id":"4ec67e30-a2ff-4bd9-814e-555fd9e5a02f","local_time":"20210131064931","is_ascension_mode":true,"campfire_choices":[{"data":"Dagger Spray","floor":6.0,"key":"SMITH"},{"data":"Night Terror","floor":10.0,"key":"SMITH"},{"data":"Neutralize","floor":13,"key":"SMITH"},{"data":"Caltrops","floor":15,"key":"SMITH"}],"circlet_count":0,"master_deck":["AscendersBane","Strike_G","Strike_G","Strike_G","Strike_G","Defend_G","Defend_G","Defend_G","Defend_G","Survivor","Neutralize+1","Dagger Spray+1","Backstab","Dagger Throw","Night Terror+1","Caltrops+1","Calculated Gamble","Die Die Die","Cloak And Dagger"],"relics":["Ring of the Snake","Happy Flower","Blue Candle","Meat on the Bone","Lantern","Sozu"],"acts_visited":["Exordium","TheCity"],"potions_floor_usage":[16],"damage_taken":[{"damage":7.0,"enemies":"Jaw Worm","floor":1.0,"turns":6.0},{"damage":0.0,"enemies":"Cultist","floor":3.0,"turns":4.0},{"damage":0.0,"enemies":"2 Louse","floor":4.0,"turns":2.0},{"damage":5.0,"enemies":"3 Sentries","floor":8.0,"turns":5.0},{"damage":3.0,"enemies":"Blue Slaver","floor":11.0,"turns":2.0},{"damage":18,"enemies":"Hexaghost","floor":16,"turns":7},{"damage":17,"enemies":"Spheric Guardian","floor":18,"turns":4}],"seed_played":"1999920316688824926","potions_obtained":[{"floor":3.0,"key":"DistilledChaos"},{"floor":8.0,"key":"CultistPotion"},{"floor":16,"key":"Strength Potion"}],"is_trial":false,"path_per_floor":["M","?","M","M","$","R","T","E","T","R","M","?","R","$","R","B",null,"M","?","?"],"character_chosen":"THE_SILENT","items_purchased":["Happy Flower","Caltrops","Calculated Gamble"],"campfire_rested":0,"item_purchase_floors":[5,14,14],"current_hp_per_floor":[37,26,26,26,26,26,26,21,21,21,30,30,30,30,30,24,56,39,39,39,39],"gold":140,"neow_bonus":"REMOVE_TWO","is_daily":false,"chose_seed":false,"campfire_upgraded":4,"win_rate":0.0,"timestamp":1612043371,"path_taken":["M","?","M","M","$","R","?","E","T","R","?","?","R","$","R","BOSS","M","?","?"],"items_purchased_type":["Relic","Card","Card"],"build_version":"2020-12-22","purchased_purges":0,"victory":false,"max_hp_per_floor":[66,66,66,66,66,66,66,66,66,66,66,66,66,66,66,66,66,66,66,66,66],"card_choices":[{"not_picked":["Bane","Acrobatics"],"picked":"Dagger Spray","floor":1.0},{"not_picked":["Bane","Quick Slash"],"picked":"Backstab","floor":3.0},{"not_picked":["Deadly Poison","Eviscerate"],"picked":"Dagger Throw","floor":4.0},{"not_picked":["Flying Knee","Skewer"],"picked":"Night Terror","floor":8.0},{"not_picked":["Backflip","Setup","Dagger Throw"],"picked":"SKIP","floor":11.0},{"not_picked":["Tools of the Trade","Malaise"],"picked":"Die Die Die","floor":16},{"not_picked":["Predator","Bane"],"picked":"Cloak And Dagger","floor":18}],"player_experience":910244,"relics_obtained":[{"floor":7.0,"key":"Blue Candle"},{"floor":8.0,"key":"Meat on the Bone"},{"floor":9.0,"key":"Lantern"}],"event_choices":[{"damage_healed":0.0,"max_hp_gain":0.0,"max_hp_loss":0.0,"gold_gain":75.0,"event_name":"World of Goop","player_choice":"Gather Gold","floor":2.0,"gold_loss":0.0,"damage_taken":11.0},{"damage_healed":0,"gold_gain":30,"player_choice":"Searched \u00271\u0027 times","damage_taken":0,"max_hp_gain":0,"max_hp_loss":0,"event_name":"Dead Adventurer","floor":12,"gold_loss":0},{"damage_healed":0,"gold_gain":0,"player_choice":"Ignored","damage_taken":0,"max_hp_gain":0,"max_hp_loss":0,"event_name":"Ghosts","floor":19,"gold_loss":0}],"is_beta":false,"boss_relics":[{"not_picked":["Cursed Key","Ring of the Serpent"],"picked":"Sozu"}],"items_purged_floors":[],"is_endless":false,"potions_floor_spawned":[3,8,16],"ascension_level":20}}