{"host":"ow66nzv2xecjoor3","time":1612029621,"event":{"mods":["BaseMod","Bestiary","Block Reminder","Colored Powertips","Curses Come First","Highlight Path","Keyboard Shortcuts","Minty Spire (QoL Compilation)","Permanent Neow","Relic Stats","StSLib","UnlockEverythingMod"],"gold_per_floor":[112,132,152,167,167,167,199,213,261,294,45,45,58,75,75,149,149,162,172,182,195,208,208,240,240,240,272,272,285,315,331,331,404,404,419,472,488,507,507,536,536,561,561,581,253,253,93,103,103,103,103,103,103,49,74,74],"floor_reached":57,"language":"ENG","playtime":3636,"items_purged":["Strike_P"],"score":3051,"play_id":"1f4a8680-672f-4725-9479-6a5614bea64e","local_time":"20210130120021","is_ascension_mode":true,"campfire_choices":[{"data":"Judgement","floor":6.0,"key":"SMITH"},{"data":"Fasting2","floor":12.0,"key":"SMITH"},{"data":"CutThroughFate","floor":15.0,"key":"SMITH"},{"floor":23.0,"key":"REST"},{"floor":28.0,"key":"REST"},{"data":"WaveOfTheHand","floor":32.0,"key":"SMITH"},{"floor":41,"key":"REST"},{"floor":46,"key":"RECALL"},{"floor":49,"key":"REST"},{"data":"Meditate","floor":53,"key":"SMITH"}],"circlet_count":0,"master_deck":["AscendersBane","Strike_P","Strike_P","Strike_P","Defend_P","Defend_P","Defend_P","Defend_P","Eruption","Vigilance","Judgement+1","Wallop+1","Protect","FlyingSleeves","CutThroughFate+1","Adaptation","BowlingBash","Fasting2+1","WaveOfTheHand+1","SpiritShield","Meditate+1","Fasting2","CutThroughFate","Protect+1","Establishment","WheelKick","Protect","WindmillStrike+1","SandsOfTime","Ragnarok","Worship","Sanctity","EmptyMind","Wallop","ThirdEye+1"],"relics":["PureWater","Question Card","Lantern","Bottled Flame","ClockworkSouvenir","Snecko Eye","Centennial Puzzle","Enchiridion","Matryoshka","Shuriken","Philosopher\u0027s Stone","Turnip","HornCleat","Singing Bowl","Kunai","CloakClasp","Medical Kit","OrangePellets","TungstenRod"],"acts_visited":["Exordium","TheCity","TheBeyond","TheEnding"],"potions_floor_usage":[38,55,56,56],"damage_taken":[{"damage":7.0,"enemies":"Small Slimes","floor":1.0,"turns":2.0},{"damage":0.0,"enemies":"Jaw Worm","floor":2.0,"turns":1.0},{"damage":0.0,"enemies":"2 Louse","floor":3.0,"turns":2.0},{"damage":1.0,"enemies":"Red Slaver","floor":4.0,"turns":3.0},{"damage":22.0,"enemies":"Gremlin Nob","floor":7.0,"turns":3.0},{"damage":10.0,"enemies":"3 Louse","floor":8.0,"turns":4.0},{"damage":0.0,"enemies":"3 Sentries","floor":10.0,"turns":3.0},{"damage":1.0,"enemies":"Lots of Slimes","floor":13.0,"turns":4.0},{"damage":0.0,"enemies":"Exordium Wildlife","floor":14.0,"turns":2.0},{"damage":0.0,"enemies":"Slime Boss","floor":16.0,"turns":5.0},{"damage":0.0,"enemies":"Chosen","floor":18.0,"turns":4.0},{"damage":0.0,"enemies":"Spheric Guardian","floor":19.0,"turns":2.0},{"damage":10.0,"enemies":"Cultist and Chosen","floor":20.0,"turns":4.0},{"damage":0.0,"enemies":"Sentry and Sphere","floor":21.0,"turns":2.0},{"damage":3.0,"enemies":"Snake Plant","floor":22.0,"turns":2.0},{"damage":14.0,"enemies":"Slavers","floor":24.0,"turns":6.0},{"damage":18.0,"enemies":"Gremlin Leader","floor":27.0,"turns":6.0},{"damage":0.0,"enemies":"Snecko","floor":29.0,"turns":5.0},{"damage":9.0,"enemies":"Book of Stabbing","floor":30.0,"turns":6.0},{"damage":0.0,"enemies":"Sentry and Sphere","floor":31.0,"turns":2.0},{"damage":0.0,"enemies":"Champ","floor":33.0,"turns":10.0},{"damage":0.0,"enemies":"Orb Walker","floor":35.0,"turns":4.0},{"damage":5.0,"enemies":"2 Orb Walkers","floor":36.0,"turns":2.0},{"damage":4.0,"enemies":"3 Darklings","floor":37.0,"turns":7.0},{"damage":10,"enemies":"4 Shapes","floor":38,"turns":4},{"damage":10,"enemies":"Nemesis","floor":40,"turns":3},{"damage":0,"enemies":"Giant Head","floor":42,"turns":3},{"damage":1,"enemies":"Sphere and 2 Shapes","floor":44,"turns":4},{"damage":0,"enemies":"Writhing Mass","floor":48,"turns":3},{"damage":4,"enemies":"Donu and Deca","floor":50,"turns":8},{"damage":26,"enemies":"Time Eater","floor":51,"turns":12},{"damage":16,"enemies":"Shield and Spear","floor":55,"turns":11},{"damage":36,"enemies":"The Heart","floor":56,"turns":10}],"seed_played":"-4433068373220258327","potions_obtained":[{"floor":4.0,"key":"Fire Potion"},{"floor":8.0,"key":"DistilledChaos"},{"floor":16.0,"key":"EssenceOfSteel"},{"floor":18.0,"key":"AttackPotion"},{"floor":22.0,"key":"Weak Potion"},{"floor":27.0,"key":"Fruit Juice"},{"floor":30.0,"key":"Regen Potion"},{"floor":31.0,"key":"SkillPotion"},{"floor":33.0,"key":"Block Potion"},{"floor":38,"key":"ColorlessPotion"},{"floor":44,"key":"Dexterity Potion"},{"floor":55,"key":"Energy Potion"}],"is_trial":false,"path_per_floor":["M","M","M","M","?","R","E","M","T","E","$","R","M","M","R","B",null,"M","M","M","M","M","R","E","?","T","E","R","M","E","M","R","B",null,"M","?","M","M","?","E","R","E","T","M","$","R","$","M","R","B","B",null,"R","$","E","B",null],"character_chosen":"WATCHER","items_purchased":["ClockworkSouvenir","Fasting2","Medical Kit","Wallop","OrangePellets","SpeedPotion"],"campfire_rested":4,"item_purchase_floors":[11,11,45,45,47,54],"current_hp_per_floor":[54,54,54,53,53,53,31,21,21,21,21,21,20,20,20,20,52,52,52,42,42,39,57,43,22,22,4,29,29,20,20,20,20,55,55,50,46,36,36,26,46,48,48,49,49,49,49,51,72,68,42,65,65,65,49,13],"gold":74,"neow_bonus":"THREE_RARE_CARDS","is_daily":false,"chose_seed":false,"campfire_upgraded":5,"win_rate":0.0,"timestamp":1612029621,"path_taken":["M","M","M","M","?","R","E","M","T","E","$","R","M","M","R","BOSS","M","M","M","M","M","R","E","?","T","E","R","M","E","M","R","BOSS","M","?","M","M","?","E","R","E","T","?","$","R","$","M","R","BOSS","BOSS","R","$","E","BOSS"],"items_purchased_type":["Relic","Card","Relic","Card","Relic","Potion"],"build_version":"2020-12-22","purchased_purges":1,"victory":true,"max_hp_per_floor":[62,62,62,62,62,62,62,62,62,62,62,62,62,62,62,62,62,62,62,62,62,62,62,62,62,62,62,67,67,67,67,67,67,67,67,67,67,67,67,67,67,69,69,71,71,71,71,73,73,73,73,73,73,73,73,73],"relic_stats":{"Singing Bowl":6,"counters":[33,149],"CloakClasp":[277],"Question Card":26,"Medical Kit":[12],"OrangePellets":[11],"Centennial Puzzle":[32],"Shuriken":[33],"Snecko Eye":[148,147,171,140],"Turnip":[9],"Kunai":[16],"obtain_stats":[{"Lantern":9,"Singing Bowl":42,"Enchiridion":25,"CloakClasp":43,"Question Card":7,"Medical Kit":45,"ClockworkSouvenir":11,"OrangePellets":47,"Bottled Flame":10,"Centennial Puzzle":24,"Matryoshka":27,"HornCleat":40,"Shuriken":30,"Snecko Eye":17,"Philosopher\u0027s Stone":34,"Turnip":36,"Kunai":43,"PureWater":0,"TungstenRod":55},{"Lantern":6,"Singing Bowl":27,"Enchiridion":16,"CloakClasp":27,"Question Card":5,"Medical Kit":28,"ClockworkSouvenir":7,"OrangePellets":28,"Bottled Flame":7,"Centennial Puzzle":16,"Matryoshka":17,"HornCleat":26,"Shuriken":19,"Snecko Eye":10,"Philosopher\u0027s Stone":21,"Turnip":23,"Kunai":27,"PureWater":0,"TungstenRod":32},{"Lantern":15,"Singing Bowl":101,"Enchiridion":49,"CloakClasp":101,"Question Card":11,"Medical Kit":105,"ClockworkSouvenir":18,"OrangePellets":105,"Bottled Flame":18,"Centennial Puzzle":49,"Matryoshka":55,"HornCleat":98,"Shuriken":66,"Snecko Eye":29,"Philosopher\u0027s Stone":78,"Turnip":84,"Kunai":101,"PureWater":0,"TungstenRod":139}],"TungstenRod":13},"card_choices":[{"not_picked":["SpiritShield","MasterReality"],"picked":"Judgement","floor":0.0},{"not_picked":["CrushJoints","JustLucky"],"picked":"Wallop","floor":1.0},{"not_picked":["ClearTheMind","JustLucky"],"picked":"Protect","floor":2.0},{"not_picked":["Protect","Evaluate"],"picked":"FlyingSleeves","floor":3.0},{"not_picked":["FlyingSleeves","EmptyFist"],"picked":"CutThroughFate","floor":4.0},{"not_picked":["Brilliance","ForeignInfluence"],"picked":"Adaptation","floor":7.0},{"not_picked":["DeceiveReality","JustLucky","Wireheading"],"picked":"BowlingBash","floor":8.0},{"not_picked":["Evaluate","FollowUp","BowlingBash","Sanctity"],"picked":"SKIP","floor":10.0},{"not_picked":["Prostrate","BattleHymn","SashWhip","FlurryOfBlows"],"picked":"SKIP","floor":13.0},{"not_picked":["JustLucky","WreathOfFlame","Protect"],"picked":"WaveOfTheHand","floor":14.0},{"not_picked":["ConjureBlade","Devotion","Judgement"],"picked":"SpiritShield","floor":16.0},{"not_picked":["Adaptation","FlyingSleeves","Swivel"],"picked":"Meditate","floor":18.0},{"not_picked":["JustLucky","Prostrate","SashWhip"],"picked":"Fasting2","floor":19.0},{"not_picked":["JustLucky","Evaluate","SashWhip"],"picked":"CutThroughFate","floor":20.0},{"not_picked":["EmptyFist+1","ThirdEye+1","PathToVictory"],"picked":"Protect+1","floor":21.0},{"not_picked":["FollowUp+1","Prostrate","Halt","EmptyFist"],"picked":"SKIP","floor":22.0},{"not_picked":["BowlingBash","Meditate","Consecrate"],"picked":"Establishment","floor":24.0},{"not_picked":["Vengeance","FlyingSleeves","Perseverance"],"picked":"WheelKick","floor":27.0},{"not_picked":["Crescendo","SashWhip","EmptyFist"],"picked":"Protect","floor":29.0},{"not_picked":["Adaptation","Evaluate","Devotion"],"picked":"WindmillStrike+1","floor":30.0},{"not_picked":["WreathOfFlame","Vengeance","CutThroughFate"],"picked":"SandsOfTime","floor":31.0},{"not_picked":["Devotion","Alpha","DevaForm"],"picked":"Ragnarok","floor":33.0},{"not_picked":["CutThroughFate","SashWhip","EmptyFist","CrushJoints"],"picked":"SKIP","floor":35.0},{"not_picked":["EmptyBody","ReachHeaven","WaveOfTheHand"],"picked":"Worship","floor":36.0},{"not_picked":["Sanctity","Study","Evaluate+1","JustLucky+1"],"picked":"SKIP","floor":37},{"not_picked":["Study","Evaluate+1","JustLucky+1"],"picked":"Sanctity","floor":37},{"not_picked":["Prostrate","Crescendo","EmptyBody"],"picked":"EmptyMind","floor":38},{"not_picked":["Judgement","Prostrate+1","Halt","WaveOfTheHand"],"picked":"SKIP","floor":40},{"not_picked":["EmptyFist","Conclude","WindmillStrike","JustLucky"],"picked":"Singing Bowl","floor":42},{"not_picked":["SignatureMove","SashWhip","Halt","Protect"],"picked":"Singing Bowl","floor":44},{"not_picked":["BowlingBash","Protect","ThirdEye","Prostrate"],"picked":"Singing Bowl","floor":48},{"not_picked":["BowlingBash","ConjureBlade","ReachHeaven+1"],"picked":"ThirdEye+1","floor":55}],"player_experience":2770509,"relics_obtained":[{"floor":7.0,"key":"Question Card"},{"floor":9.0,"key":"Lantern"},{"floor":10.0,"key":"Bottled Flame"},{"floor":24.0,"key":"Centennial Puzzle"},{"floor":25.0,"key":"Enchiridion"},{"floor":27.0,"key":"Matryoshka"},{"floor":30.0,"key":"Shuriken"},{"floor":36.0,"key":"Turnip"},{"floor":40,"key":"HornCleat"},{"floor":42,"key":"Singing Bowl"},{"floor":43,"key":"Kunai"},{"floor":43,"key":"CloakClasp"},{"floor":55,"key":"TungstenRod"}],"event_choices":[{"damage_healed":0.0,"max_hp_gain":0.0,"max_hp_loss":0.0,"gold_gain":0.0,"event_name":"Liars Game","player_choice":"Ignored","floor":5.0,"gold_loss":0.0,"damage_taken":0.0},{"damage_healed":0.0,"max_hp_gain":0.0,"max_hp_loss":0.0,"gold_gain":0.0,"event_name":"Cursed Tome","player_choice":"Obtained Book","floor":25.0,"gold_loss":0.0,"damage_taken":21.0},{"damage_healed":0.0,"max_hp_gain":0.0,"max_hp_loss":0.0,"gold_gain":0.0,"event_name":"Mysterious Sphere","player_choice":"Fight","floor":36.0,"gold_loss":0.0,"damage_taken":0.0},{"damage_healed":0,"gold_gain":0,"player_choice":"Upgraded","damage_taken":0,"max_hp_gain":0,"max_hp_loss":0,"event_name":"Upgrade Shrine","floor":39,"gold_loss":0,"cards_upgraded":["Wallop"]}],"is_beta":false,"boss_relics":[{"not_picked":["Cursed Key","Ectoplasm"],"picked":"Snecko Eye"},{"not_picked":["Fusion Hammer","Calling Bell"],"picked":"Philosopher\u0027s Stone"}],"items_purged_floors":[45],"is_endless":false,"potions_floor_spawned":[4,8,16,18,22,27,30,31,33,36,38,44,48,55],"ascension_level":20}}