{"host":"h3ybbam5olp21xet","time":1612050923,"event":{"mods":["BaseMod","Downfall","Hermit","Hubris","Infinite Spire","Minty Spire (QoL Compilation)","StSLib","The Bug Knight"],"gold_per_floor":[99,117,133,133,133,143,143,143,4,23,35,61,61,94,114,216,216,216,236,256,272,272,272,272,272],"floor_reached":23,"language":"ENG","playtime":1362,"items_purged":[],"score":218,"play_id":"210fc8d5-4c0a-40c1-81af-fe64a182cc37","local_time":"20210130175523","is_ascension_mode":false,"campfire_choices":[{"data":"champ:Taunt","floor":1,"key":"SMITH"},{"data":"champ:Shatter","floor":8,"key":"SMITH"},{"data":"champ:FocusedBerserking","floor":18,"key":"SMITH"}],"circlet_count":0,"master_deck":["champ:Strike","champ:Strike","champ:Strike","champ:Strike","champ:Defend","champ:Defend","champ:Defend","champ:Defend","champ:Execute","champ:Taunt+1","champ:CrownThrow","champ:BringItOn","champ:Shatter+1","champ:PreciseThrust","champ:FocusedBerserking+1","champ:FanOfKnives","champ:Lariat","champ:AdrenalArmor","champ:GladiatorForm","champ:StanceDance","champ:SteelEdge","champ:GutPunch+1","champ:BerserkersShout+1","champ:Duel+1"],"relics":["champ:ChampionCrown","hubris:Towel","Bag of Marbles","PreservedInsect","champ:LiftRelic","hubris:SphereOfDissonance","hubris:Backtick","hubris:Zylophone","hubris:BottledHeart"],"acts_visited":["Exordium","TheCity"],"potions_floor_usage":[16,16],"damage_taken":[{"damage":20,"enemies":"Jaw Worm","floor":2,"turns":3},{"damage":10,"enemies":"Small Slimes","floor":3,"turns":3},{"damage":20,"enemies":"Cultist","floor":6,"turns":2},{"damage":20,"enemies":"downfall:FleeingMerchant","floor":9,"turns":4},{"damage":33,"enemies":"Exordium Thugs","floor":10,"turns":2},{"damage":25,"enemies":"2 Fungi Beasts","floor":11,"turns":3},{"damage":20,"enemies":"Gremlin Nob","floor":14,"turns":2},{"damage":0,"enemies":"3 Louse","floor":15,"turns":3},{"damage":74,"enemies":"DF_ARCHETYPE_STREAMLINE","floor":16,"turns":6},{"damage":30,"enemies":"3 Byrds","floor":19,"turns":4},{"damage":52,"enemies":"Shell Parasite","floor":20,"turns":4},{"damage":47,"enemies":"Snake Plant","floor":21,"turns":4},{"damage":19,"enemies":"Slavers","floor":23,"turns":4}],"seed_played":"-6930145195520937014","potions_obtained":[{"floor":6,"key":"PowerPotion"},{"floor":10,"key":"Block Potion"},{"floor":11,"key":"SpeedPotion"},{"floor":15,"key":"PowerPotion"},{"floor":19,"key":"SpeedPotion"}],"is_trial":false,"path_per_floor":["R","M","M","?","?","M","T","R","$","M","M","T","?","E","M","B",null,"R","M","M","M","?","E"],"character_chosen":"THE_CHAMP","items_purchased":["champ:FocusedBerserking","champ:FanOfKnives"],"campfire_rested":0,"item_purchase_floors":[9,9],"current_hp_per_floor":[99,99,99,99,84,84,84,84,84,71,71,71,71,71,71,37,99,99,99,87,60,1,0,0,0],"gold":272,"neow_bonus":"TEN_PERCENT_HP_BONUS","is_daily":false,"chose_seed":false,"campfire_upgraded":3,"win_rate":0.0,"timestamp":1612050923,"path_taken":["R","M","M","?","?","M","T","R","$","?","M","?","?","E","M","BOSS","R","M","M","M","?","E"],"items_purchased_type":["Card","Card"],"build_version":"2020-12-22","purchased_purges":0,"victory":false,"max_hp_per_floor":[99,99,99,99,99,99,99,99,99,99,99,99,99,99,99,99,99,99,99,99,99,1,1,1,1],"card_choices":[{"not_picked":["champ:RapidStrikes","champ:Haymaker"],"picked":"champ:CrownThrow","floor":2},{"not_picked":["champ:Parry","champ:AdrenalArmor"],"picked":"champ:BringItOn","floor":3},{"not_picked":["champ:EnGarde","champ:Circumvent"],"picked":"champ:Shatter","floor":6},{"not_picked":["champ:Shatter","champ:DefensiveShout"],"picked":"champ:PreciseThrust","floor":9},{"not_picked":["champ:DeathBlow","champ:EnGarde"],"picked":"champ:Lariat","floor":10},{"not_picked":["champ:EnGarde","champ:IgnorePain"],"picked":"champ:AdrenalArmor","floor":11},{"not_picked":["champ:ShieldWall","champ:ShieldThrow"],"picked":"champ:GladiatorForm","floor":14},{"not_picked":["champ:PerfectedStrike","champ:BladeFlurry"],"picked":"champ:StanceDance","floor":15},{"not_picked":["champ:Devastate","champ:VampiricStrike"],"picked":"champ:SteelEdge","floor":16},{"not_picked":["champ:GladiatorStyle+1","champ:FaceSlap"],"picked":"champ:GutPunch+1","floor":19},{"not_picked":["champ:IronFortress","champ:PreemptiveStrike"],"picked":"champ:BerserkersShout+1","floor":20},{"not_picked":["champ:GladiatorStyle+1","champ:RecklessLeap"],"picked":"champ:Duel+1","floor":21}],"player_experience":610561,"relics_obtained":[{"floor":7,"key":"Bag of Marbles"},{"floor":12,"key":"PreservedInsect"},{"floor":14,"key":"hubris:SphereOfDissonance"}],"event_choices":[],"is_beta":false,"boss_relics":[{"not_picked":["Astrolabe","Snecko Eye"],"picked":"hubris:Backtick"}],"items_purged_floors":[],"is_endless":false,"potions_floor_spawned":[6,10,11,15,19],"killed_by":"Slavers","ascension_level":0}}