{"host":"q9sqrn60n8lvmavn","time":1612044394,"event":{"mods":["AchievementEnabler","AlwaysNeverKeys","BaseMod","Better Third Choice","Better Vampires","Block Reminder","Colored Powertips","Curses Come First","DNKmod","Friendly Minions","Minty Spire (QoL Compilation)","Permanent Neow","Relic Filter Mod","StSLib","Weighted Paths"],"gold_per_floor":[1015,1015,1015,965,980,995,1010,1010,1060,1060,1075,1075,759,774,774,874,874,889,889,904,919,969,999,1024,1024,1074,1074,1104,1119,1119,994,994,1094,1094,1109,1124,1124,1136,1151,1181,1196,1196,1196,1196,1226,1226,951,966,966,966],"floor_reached":51,"language":"ENG","playtime":1852,"items_purged":["Bash","Defend_R","Strike_R","Strike_R"],"score":860,"play_id":"b6b480a5-e73b-4149-9879-6553f71b7937","local_time":"20210130140634","daily_mods":["Specialized","Colorless Cards","Terminal"],"is_ascension_mode":false,"campfire_choices":[{"data":"True Grit","floor":8,"key":"SMITH"},{"data":"Uppercut","floor":12,"key":"SMITH"},{"data":"Armaments","floor":15,"key":"SMITH"},{"data":"Whirlwind","floor":25,"key":"SMITH"},{"data":"Battle Trance","floor":27,"key":"SMITH"},{"data":"Body Slam","floor":32,"key":"SMITH"}],"circlet_count":0,"master_deck":["Strike_R","Strike_R+1","Strike_R","Defend_R","Defend_R+1","Flame Barrier+1","Flame Barrier","Flame Barrier","Uppercut+1","True Grit+1","Battle Trance+1","Armaments+1","Inflame","Whirlwind+1","Body Slam+1"],"relics":["Burning Blood","Smiling Mask","Juzu Bracelet","Membership Card","Red Skull","Coffee Dripper","PreservedInsect","Bag of Preparation","Strawberry","HornCleat","Lantern","Fusion Hammer","Charon\u0027s Ashes","War Paint","Vajra","Gambling Chip","ClockworkSouvenir","Blue Candle"],"acts_visited":["Exordium","TheCity","TheBeyond"],"potions_floor_usage":[16,16,16,21,33,38,39,45,48,50,50],"damage_taken":[{"damage":0,"enemies":"Cultist","floor":1,"turns":4},{"damage":0,"enemies":"Jaw Worm","floor":5,"turns":3},{"damage":0,"enemies":"Small Slimes","floor":6,"turns":4},{"damage":0,"enemies":"Exordium Wildlife","floor":7,"turns":3},{"damage":0,"enemies":"Blue Slaver","floor":11,"turns":4},{"damage":0,"enemies":"Large Slime","floor":14,"turns":5},{"damage":5,"enemies":"Hexaghost","floor":16,"turns":10},{"damage":0,"enemies":"3 Byrds","floor":18,"turns":1},{"damage":0,"enemies":"Shell Parasite","floor":20,"turns":5},{"damage":89,"enemies":"Cultist and Chosen","floor":21,"turns":9},{"damage":2,"enemies":"Book of Stabbing","floor":23,"turns":5},{"damage":0,"enemies":"Gremlin Leader","floor":28,"turns":3},{"damage":0,"enemies":"Sentry and Sphere","floor":29,"turns":4},{"damage":26,"enemies":"Champ","floor":33,"turns":10},{"damage":2,"enemies":"3 Shapes","floor":35,"turns":2},{"damage":0,"enemies":"3 Darklings","floor":36,"turns":3},{"damage":22,"enemies":"2 Orb Walkers","floor":38,"turns":4},{"damage":1,"enemies":"Maw","floor":39,"turns":6},{"damage":41,"enemies":"Reptomancer","floor":40,"turns":3},{"damage":17,"enemies":"Writhing Mass","floor":41,"turns":5},{"damage":1,"enemies":"Nemesis","floor":45,"turns":4},{"damage":0,"enemies":"4 Shapes","floor":48,"turns":1},{"damage":0,"enemies":"Awakened One","floor":50,"turns":10}],"seed_played":"-828330817948855686","potions_obtained":[{"floor":6,"key":"Weak Potion"},{"floor":7,"key":"SkillPotion"},{"floor":11,"key":"Ancient Potion"},{"floor":20,"key":"BloodPotion"},{"floor":28,"key":"DuplicationPotion"},{"floor":29,"key":"AttackPotion"},{"floor":33,"key":"Explosive Potion"},{"floor":36,"key":"Weak Potion"},{"floor":38,"key":"SteroidPotion"},{"floor":39,"key":"PowerPotion"},{"floor":48,"key":"Fruit Juice"}],"is_trial":false,"path_per_floor":["M","?","?","$","M","M","M","R","T","?","M","R","$","M","R","B",null,"M","?","M","M","?","E","T","R","T","R","E","M","?","$","R","B",null,"M","M","?","?","M","E","M","R","T","?","E","R","$","M","R","B",null],"character_chosen":"IRONCLAD","items_purchased":["Membership Card","Red Skull","Battle Trance","Lantern","ClockworkSouvenir","Blue Candle","Strength Potion"],"campfire_rested":0,"item_purchase_floors":[13,13,13,31,47,47,47],"current_hp_per_floor":[98,102,101,100,99,98,97,96,95,76,82,82,82,88,88,88,87,86,85,84,17,17,21,21,21,28,28,34,40,40,40,40,20,77,76,75,74,58,63,28,17,17,17,17,22,22,22,33,33,39],"gold":966,"neow_bonus":"","is_daily":true,"chose_seed":false,"campfire_upgraded":6,"win_rate":0.0,"timestamp":1612044394,"path_taken":["M","?","?","$","M","M","M","R","T","?","M","R","$","M","R","BOSS","M","?","M","M","?","E","?","R","T","R","E","M","?","$","R","BOSS","M","M","?","?","M","E","M","R","T","?","E","R","$","M","R","BOSS"],"items_purchased_type":["Relic","Relic","Card","Relic","Relic","Relic","Potion"],"build_version":"2020-12-22","purchased_purges":4,"victory":true,"max_hp_per_floor":[98,102,101,100,99,98,97,96,95,94,93,92,91,90,89,88,87,86,85,84,83,82,81,80,79,85,84,83,82,81,80,79,78,77,76,75,74,73,72,71,70,69,68,67,66,65,64,68,67,66],"card_choices":[{"not_picked":["Pommel Strike","Flex"],"picked":"Uppercut","floor":1},{"not_picked":["Clothesline","Blind","Thunderclap"],"picked":"SKIP","floor":5},{"not_picked":["Pummel","Thunderclap","Headbutt"],"picked":"SKIP","floor":6},{"not_picked":["Sword Boomerang","Cleave"],"picked":"True Grit","floor":7},{"not_picked":["Purity","Wild Strike","Headbutt"],"picked":"SKIP","floor":11},{"not_picked":["Infernal Blade","Sever Soul"],"picked":"Armaments","floor":14},{"not_picked":["Warcry","Clothesline"],"picked":"Inflame","floor":18},{"not_picked":["Clash","Searing Blow+1","Clothesline"],"picked":"SKIP","floor":20},{"not_picked":["Heavy Blade","Armaments"],"picked":"Whirlwind","floor":21},{"not_picked":["Juggernaut","Whirlwind+1","Uppercut+1"],"picked":"SKIP","floor":23},{"not_picked":["Carnage","Ghostly Armor","Searing Blow+1"],"picked":"SKIP","floor":28},{"not_picked":["Warcry","Flame Barrier","Iron Wave+1"],"picked":"SKIP","floor":29},{"not_picked":["Impatience+1","Body Slam","Warcry+1"],"picked":"SKIP","floor":35},{"not_picked":["Sword Boomerang","Havoc","Iron Wave+1"],"picked":"SKIP","floor":36},{"not_picked":["PanicButton+1","Impatience","Thunderclap"],"picked":"SKIP","floor":39},{"not_picked":["Pommel Strike","Anger+1","Second Wind"],"picked":"SKIP","floor":40},{"not_picked":["Deep Breath+1","Rampage+1","Sword Boomerang"],"picked":"SKIP","floor":41},{"not_picked":["Havoc+1","Sword Boomerang+1","Deep Breath"],"picked":"SKIP","floor":45},{"not_picked":["Shrug It Off","Thinking Ahead","Pommel Strike+1"],"picked":"SKIP","floor":48}],"player_experience":187591,"relics_obtained":[{"floor":9,"key":"Juzu Bracelet"},{"floor":23,"key":"PreservedInsect"},{"floor":24,"key":"Bag of Preparation"},{"floor":26,"key":"Strawberry"},{"floor":28,"key":"HornCleat"},{"floor":38,"key":"Charon\u0027s Ashes"},{"floor":40,"key":"War Paint"},{"floor":43,"key":"Vajra"},{"floor":45,"key":"Gambling Chip"}],"event_choices":[{"damage_healed":0,"gold_gain":0,"player_choice":"Donut","damage_taken":0,"max_hp_gain":5,"max_hp_loss":0,"event_name":"Big Fish","floor":2,"gold_loss":0},{"cards_removed":["Flame Barrier"],"damage_healed":0,"gold_gain":0,"player_choice":"Gave Card","damage_taken":0,"relics_obtained":["Smiling Mask"],"max_hp_gain":0,"max_hp_loss":0,"event_name":"WeMeetAgain","floor":3,"gold_loss":0},{"damage_healed":95,"gold_gain":0,"player_choice":"Upgrade","damage_taken":19,"max_hp_gain":0,"max_hp_loss":95,"event_name":"betterThird:BetterShining","floor":10,"gold_loss":0,"cards_upgraded":["Strike_R","Defend_R"]},{"cards_removed":["Defend_R"],"damage_healed":0,"gold_gain":0,"player_choice":"Offered Basic","damage_taken":0,"max_hp_gain":0,"max_hp_loss":0,"event_name":"Bonfire Elementals","floor":19,"gold_loss":0},{"damage_healed":0,"gold_gain":100,"player_choice":"Bet on Murderer","damage_taken":0,"max_hp_gain":0,"max_hp_loss":0,"event_name":"The Joust","floor":22,"gold_loss":50},{"damage_healed":0,"gold_gain":0,"player_choice":"Read","damage_taken":0,"max_hp_gain":0,"max_hp_loss":0,"event_name":"The Library","floor":30,"gold_loss":0,"cards_obtained":["Body Slam"]},{"damage_healed":0,"gold_gain":0,"player_choice":"Memory 1","damage_taken":0,"max_hp_gain":0,"max_hp_loss":0,"event_name":"SensoryStone","floor":37,"gold_loss":0},{"damage_healed":0,"gold_gain":0,"player_choice":"Fight","damage_taken":0,"max_hp_gain":0,"max_hp_loss":0,"event_name":"Mysterious Sphere","floor":38,"gold_loss":0},{"cards_removed":["Flame Barrier"],"damage_healed":0,"gold_gain":0,"player_choice":"Removed Skill","damage_taken":0,"max_hp_gain":0,"max_hp_loss":0,"event_name":"Falling","floor":44,"gold_loss":0}],"is_beta":false,"boss_relics":[{"not_picked":["Runic Dome","Busted Crown"],"picked":"Coffee Dripper"},{"not_picked":["Runic Pyramid","Mark of Pain"],"picked":"Fusion Hammer"}],"items_purged_floors":[4,13,31,47],"is_endless":false,"potions_floor_spawned":[6,7,11,20,28,29,33,36,38,39,48],"ascension_level":0}}