{"host":"n1v11un6j7y72mz7","time":1612017676,"event":{"mods":["ATMod(°¢èªMod)","BaseMod","Downfall","KomeijiMod","Minty Spire (QoL Compilation)","READ ME - Guardian Mod","StSLib","Waifu the Spire"],"gold_per_floor":[99,118,134,134,134,149,174,74,90,101,1,16,16,34,54,54,54,54],"floor_reached":16,"language":"ZHS","playtime":818,"items_purged":[],"score":96,"play_id":"078c896b-8a44-41a7-ae0a-2f8a97597991","local_time":"20210130224116","is_ascension_mode":false,"campfire_choices":[{"floor":1,"key":"RECALL"},{"data":"bronze:Terminator","floor":8,"key":"SMITH"},{"floor":11,"key":"REST"},{"data":"bronze:FineTuning","floor":13,"key":"SMITH"}],"circlet_count":0,"master_deck":["bronze:Strike","bronze:Strike","bronze:Strike","bronze:Strike","bronze:Defend","bronze:Defend","bronze:Defend","bronze:Defend","bronze:Replicate","bronze:Goto","bronze:Iterate","bronze:Return","bronze:Fortify","bronze:Frontload","bronze:Terminator+1","bronze:AlphaBuild","bronze:FineTuning+1","bronze:Repair","bronze:Assembly","bronze:Turbo"],"relics":["bronze:BronzeCore","AT_ATBox","downfall:HeartBlessingRed","downfall:HeartBlessingBlue"],"acts_visited":["Exordium"],"potions_floor_usage":[15,15,16],"damage_taken":[{"damage":5,"enemies":"Jaw Worm","floor":2,"turns":4},{"damage":10,"enemies":"Small Slimes","floor":3,"turns":2},{"damage":0,"enemies":"Cultist","floor":5,"turns":1},{"damage":14,"enemies":"Red Slaver","floor":6,"turns":3},{"damage":7,"enemies":"Blue Slaver","floor":9,"turns":3},{"damage":24,"enemies":"Exordium Thugs","floor":10,"turns":4},{"damage":2,"enemies":"2 Fungi Beasts","floor":12,"turns":2},{"damage":7,"enemies":"Large Slime","floor":14,"turns":3},{"damage":0,"enemies":"3 Louse","floor":15,"turns":4},{"damage":75,"enemies":"IC_STATUS_ARCHETYPE","floor":16,"turns":13}],"seed_played":"-9013749136082231275","potions_obtained":[{"floor":2,"key":"CalmPotion"},{"floor":10,"key":"SkillPotion"},{"floor":12,"key":"Block Potion"},{"floor":15,"key":"Regen Potion"}],"is_trial":false,"path_per_floor":["R","M","M","?","M","M","T","R","M","M","R","M","R","M","M","B"],"character_chosen":"THE_AUTOMATON","items_purchased":[],"campfire_rested":1,"item_purchase_floors":[],"current_hp_per_floor":[70,65,55,55,55,41,41,41,34,10,44,42,42,42,49,0,0,0],"gold":54,"neow_bonus":"THREE_CARDS","is_daily":false,"chose_seed":false,"campfire_upgraded":2,"win_rate":0.0,"timestamp":1612017676,"path_taken":["R","M","M","?","M","M","T","R","M","M","R","M","R","M","M","BOSS"],"items_purchased_type":[],"build_version":"2020-12-22","purchased_purges":0,"victory":false,"max_hp_per_floor":[70,70,70,70,70,70,70,70,70,70,80,80,80,80,80,80,80,80],"card_choices":[{"not_picked":["bronze:Turbo","bronze:DelayedSlice"],"picked":"bronze:Iterate","floor":0},{"not_picked":["bronze:Repair","bronze:WhirlingStrike"],"picked":"bronze:Return","floor":2},{"not_picked":["bronze:Iterate","bronze:Overheat"],"picked":"bronze:Fortify","floor":3},{"not_picked":["bronze:DarkDash","bronze:OilSpill"],"picked":"bronze:Frontload","floor":5},{"not_picked":["bronze:ClassDefault","bronze:BronzeArmor"],"picked":"bronze:Terminator","floor":6},{"not_picked":["bronze:BitShift","bronze:Iterate"],"picked":"bronze:AlphaBuild","floor":9},{"not_picked":["bronze:Frontload","bronze:WhirlingStrike"],"picked":"bronze:FineTuning","floor":10},{"not_picked":["bronze:Philosophize","bronze:MaxOutput"],"picked":"bronze:Repair","floor":12},{"not_picked":["bronze:Constructor","bronze:Turbo"],"picked":"bronze:Assembly","floor":14},{"not_picked":["bronze:DelayedGuard","bronze:WildBeam"],"picked":"bronze:Turbo","floor":15}],"player_experience":162467,"relics_obtained":[],"event_choices":[],"is_beta":false,"boss_relics":[],"items_purged_floors":[],"is_endless":false,"potions_floor_spawned":[2,10,12,14,15],"killed_by":"IC_STATUS_ARCHETYPE","ascension_level":0}}