{"host":"6dypmz777xraikqf","time":1612013004,"event":{"mods":["AchievementEnabler","BaseMod","BetterRewards","Colored Map","Colored Powertips","Downfall","Highlight Path","Hubris","Infinite Spire","Minty Spire (QoL Compilation)","Replay The Spire","StSLib"],"gold_per_floor":[115,115,126,139,139,139,152,152,178,178,178,207,207,241,241,342,342,329,340,359,59,59,59,88,133,133,133,133,162,183,200,200,300,300,320,343,72,186,205,259,259,292,292,292,335,335,410,460,460,574,574,608,623,674,688,668,702,713,713,713,229,231,237,236,343,393,482,482,495,504,142,154,154,154,169,182,182,182,180,179,179,187,187,263,263,243,64,62,48,48,48,66,66,66,66,66,66,57,7,7,108,108,129,138,155,160,110,219,267,273,282,281,281,281,290,290,290,351,451,402,163,117,117,117,117,132,112,194,208,199,199,183,183,333,398,398,391,497,477,328,320,341,341,341,350,322,303,303,302,291,291,263,263,263,263,258,303],"floor_reached":158,"language":"ENG","playtime":11487,"items_purged":["Strike_B","Amnesia","Strike_B","Defend_B","downfall:Haunted","Ball Lightning","Defend_B+1"],"score":6079,"play_id":"b4f83031-902b-4712-b560-a252281d75b0","local_time":"20210130132324","is_ascension_mode":true,"campfire_choices":[{"data":"Zap","floor":6.0,"key":"SMITH"},{"data":"Defragment","floor":8.0,"key":"SMITH"},{"floor":15.0,"key":"REST"},{"data":"Buffer","floor":23.0,"key":"SMITH"},{"floor":27.0,"key":"REST"},{"data":"Crystallizer","floor":32.0,"key":"SMITH"},{"floor":41.0,"key":"RECALL"},{"data":"hubris:InfiniteBlow","floor":44.0,"key":"SMITH"},{"data":"hubris:InfiniteBlow+1","floor":46.0,"key":"SMITH"},{"data":"hubris:InfiniteBlow+2","floor":49.0,"key":"SMITH"},{"data":"hubris:InfiniteBlow+3","floor":59.0,"key":"SMITH"},{"data":"Strike_B","floor":66.0,"key":"PURGE"},{"data":"hubris:InfiniteBlow+4","floor":74.0,"key":"SMITH"},{"data":"hubris:InfiniteBlow+5","floor":78.0,"key":"SMITH"},{"data":"hubris:InfiniteBlow+6","floor":81.0,"key":"SMITH"},{"data":"hubris:InfiniteBlow+7","floor":83.0,"key":"SMITH"},{"data":"Defend_B","floor":91.0,"key":"PURGE"},{"data":"Defend_B","floor":93.0,"key":"PURGE"},{"data":"Dualcast","floor":95.0,"key":"PURGE"},{"data":"Zap+1","floor":100.0,"key":"PURGE"},{"data":"Strike_B+1","floor":108.0,"key":"PURGE"},{"data":"downfall:Aged","floor":113.0,"key":"PURGE"},{"data":"Sweeping Beam","floor":117.0,"key":"PURGE"},{"data":"Conserve Battery","floor":125.0,"key":"PURGE"},{"data":"downfall:Bewildered","floor":131.0,"key":"PURGE"},{"data":"Conserve Battery+1","floor":134.0,"key":"PURGE"},{"data":"ReplayTheSpireMod:System Scan","floor":144,"key":"PURGE"},{"data":"Spreading Infection","floor":151,"key":"PURGE"},{"data":"hubris:InfiniteBlow+16","floor":154,"key":"SMITH"}],"circlet_count":0,"master_deck":["ReplayTheSpireMod:Brewmster+1","Heatsinks","Genetic Algorithm+1","Amplify+1","Buffer+1","AbeCurse","FIFO Queue","Crystallizer+1","Ghostly+1","Ghostly+1","Ghostly+1","Ghostly+1","Ghostly+1","Hologram+1","BasicCrystalCard+1","Biased Cognition","Coolheaded+1","Skim+1","Coolheaded+1","hubris:InfiniteBlow+17","Darkness+1","Rainbow+1","Tempest+1","Tempest+1","Chaos+1","Tempest+1","Coolheaded+1","ReplayRNGCard+1","ReplayTheSpireMod:Calculation Training+1","Undo+1","Electrodynamics","Stack+1","Chill+1","Thinking Ahead+1","Multi-Cast+1","Double Energy+1","Coolheaded+1","Panacea+1","Secret Technique+1","Consume+1","ReplaySolidLightProjector+1","BootSequence+1","Creative AI","Apotheosis+1","Deep Breath+1","Heatsinks","Seek+1","Reinforced Body+1","infinitespire:NeuralNetwork","Skim+1","Defragment","hubris:NaturalOne","Double Energy+1","Compile Driver+1","Coolheaded+1"],"relics":["Cracked Core","Replay:Rubber Ducky","hubris:DeckOfHolding","ReplayTheSpireMod:Ninjato","ReplayFunnel","Simple Rune","Replay:Grab Bag","Painkiller Herb","Abe\u0027s Treasure","SlaversCollar","Runic Capacitor","Replay:Bandana","Ginger","Toxic Egg 2","Cursed Key","hubris:EmptyBottle","hubris:FunFungus","Prayer Wheel","Smiling Mask","hubris:MobiusCoin","Vajra","CeramicFish","Philosopher\u0027s Stone","Gremlin Food","hubris:ToyBattleship","Letter Opener","Peace Pipe","Coffee Dripper","Tiny Chest","infinitespire:Bottled Soul","Busted Crown","ReplayTheSpireMod:CursedCoin","Calipers","hubris:Icosahedron","Akabeko","hubris:TinFlute","Turnip","Replay:Wanted Poster","hubris:MysteriousPyramids","Enchiridion","Cables","Frozen Egg 2","hubris:TerracottaHorce","Strange Spoon","infinitespire:Beetle Shell","Incense Burner","hubris:Towel","Nuclear Battery","hubris:GlazedTorus"],"acts_visited":["Exordium","TheCity","TheBeyond","Exordium","TheCity","TheBeyond","Exordium","TheCity","TheBeyond","TheEnding"],"potions_floor_usage":[138,138,139,139,141,141,141,141,147,147,149,149,152,152,152,156,156,156,157,157,157],"damage_taken":[{"damage":0.0,"enemies":"Small Slimes","floor":1.0,"turns":4.0},{"damage":11.0,"enemies":"Jaw Worm","floor":3.0,"turns":5.0},{"damage":0.0,"enemies":"Cultist","floor":4.0,"turns":3.0},{"damage":17.0,"enemies":"Exordium Thugs","floor":7.0,"turns":6.0},{"damage":1.0,"enemies":"Replay:BlueRogue","floor":12.0,"turns":7.0},{"damage":23.0,"enemies":"Lagavulin","floor":14.0,"turns":10.0},{"damage":9.0,"enemies":"The Guardian","floor":16.0,"turns":12.0},{"damage":1.0,"enemies":"2 Thieves","floor":18.0,"turns":4.0},{"damage":0.0,"enemies":"Chosen","floor":19.0,"turns":4.0},{"damage":0.0,"enemies":"Snake Plant","floor":20.0,"turns":7.0},{"damage":14.0,"enemies":"Shelled Parasite and Fungi","floor":24.0,"turns":5.0},{"damage":37.0,"enemies":"Slavers","floor":25.0,"turns":8.0},{"damage":0.0,"enemies":"Centurion and Healer","floor":29.0,"turns":10.0},{"damage":0.0,"enemies":"Snecko","floor":30.0,"turns":7.0},{"damage":0.0,"enemies":"Snake Plant","floor":31.0,"turns":6.0},{"damage":2.0,"enemies":"Collector","floor":33.0,"turns":10.0},{"damage":0.0,"enemies":"Orb Walker","floor":35.0,"turns":4.0},{"damage":20.0,"enemies":"3 Shapes","floor":36.0,"turns":4.0},{"damage":5.0,"enemies":"infinitespire:Three Voidlings","floor":38.0,"turns":7.0},{"damage":0.0,"enemies":"Nightmare_Alpha","floor":38.0,"turns":12.0},{"damage":0.0,"enemies":"Transient","floor":39.0,"turns":5.0},{"damage":7.0,"enemies":"R_Hoarder","floor":40.0,"turns":9.0},{"damage":0.0,"enemies":"Nemesis","floor":42.0,"turns":11.0},{"damage":0.0,"enemies":"R_Hoarder","floor":45.0,"turns":9.0},{"damage":0.0,"enemies":"Jaw Worm Horde","floor":47.0,"turns":5.0},{"damage":17.0,"enemies":"Reptomancer","floor":48.0,"turns":8.0},{"damage":32.0,"enemies":"infinitespire:MassOfShapes","floor":50.0,"turns":13.0},{"damage":0.0,"enemies":"2 Louse","floor":52.0,"turns":1.0},{"damage":0.0,"enemies":"Jaw Worm","floor":53.0,"turns":2.0},{"damage":0.0,"enemies":"Small Slimes","floor":55.0,"turns":2.0},{"damage":0.0,"enemies":"Gremlin Nob","floor":57.0,"turns":3.0},{"damage":0.0,"enemies":"Exordium Wildlife","floor":58.0,"turns":4.0},{"damage":0.0,"enemies":"Looter","floor":62.0,"turns":3.0},{"damage":0.0,"enemies":"3 Louse","floor":63.0,"turns":1.0},{"damage":0.0,"enemies":"Large Slime","floor":64.0,"turns":5.0},{"damage":0.0,"enemies":"Replay:BlueRogue","floor":65.0,"turns":4.0},{"damage":0.0,"enemies":"Hexaghost","floor":67.0,"turns":5.0},{"damage":3.0,"enemies":"Spheric Guardian","floor":69.0,"turns":3.0},{"damage":0.0,"enemies":"Shell Parasite","floor":72.0,"turns":3.0},{"damage":0.0,"enemies":"Shelled Parasite and Fungi","floor":73.0,"turns":5.0},{"damage":0.0,"enemies":"3 Cultists","floor":75.0,"turns":2.0},{"damage":0.0,"enemies":"Slavers","floor":76.0,"turns":3.0},{"damage":0.0,"enemies":"Cultist and Chosen","floor":79.0,"turns":4.0},{"damage":0.0,"enemies":"Snake Plant","floor":80.0,"turns":5.0},{"damage":0.0,"enemies":"Gremlin Leader","floor":82.0,"turns":6.0},{"damage":0.0,"enemies":"Automaton","floor":84.0,"turns":5.0},{"damage":0.0,"enemies":"3 Darklings","floor":86.0,"turns":6.0},{"damage":0.0,"enemies":"3 Shapes","floor":88.0,"turns":4.0},{"damage":5.0,"enemies":"Writhing Mass","floor":89.0,"turns":3.0},{"damage":0.0,"enemies":"Reptomancer","floor":98.0,"turns":5.0},{"damage":33.0,"enemies":"Awakened One","floor":101.0,"turns":11.0},{"damage":0.0,"enemies":"Jaw Worm","floor":103.0,"turns":1.0},{"damage":0.0,"enemies":"Small Slimes","floor":105.0,"turns":1.0},{"damage":0.0,"enemies":"2 Louse","floor":106.0,"turns":3.0},{"damage":0.0,"enemies":"Lagavulin","floor":109.0,"turns":4.0},{"damage":0.0,"enemies":"Large Slime","floor":110.0,"turns":2.0},{"damage":0.0,"enemies":"Gremlin Nob","floor":112.0,"turns":4.0},{"damage":0.0,"enemies":"Lots of Slimes","floor":115.0,"turns":1.0},{"damage":0.0,"enemies":"The Guardian","floor":118.0,"turns":5.0},{"damage":9.0,"enemies":"2 Thieves","floor":120.0,"turns":4.0},{"damage":0.0,"enemies":"Spheric Guardian","floor":122.0,"turns":4.0},{"damage":0.0,"enemies":"Gremlin Leader","floor":126.0,"turns":4.0},{"damage":0.0,"enemies":"Shelled Parasite and Fungi","floor":127.0,"turns":8.0},{"damage":0.0,"enemies":"Chosen and Byrds","floor":129.0,"turns":5.0},{"damage":0.0,"enemies":"Cultist and Chosen","floor":130.0,"turns":3.0},{"damage":0.0,"enemies":"Snake Plant","floor":132.0,"turns":4.0},{"damage":22.0,"enemies":"hubris:MusketHawk","floor":135.0,"turns":5.0},{"damage":0.0,"enemies":"3 Darklings","floor":137.0,"turns":3.0},{"damage":0,"enemies":"3 Shapes","floor":138,"turns":4},{"damage":0,"enemies":"Writhing Mass","floor":139,"turns":4},{"damage":1,"enemies":"4 Shapes","floor":141,"turns":4},{"damage":0,"enemies":"R_Hoarder","floor":142,"turns":6},{"damage":0,"enemies":"Transient","floor":146,"turns":5},{"damage":0,"enemies":"Maw","floor":147,"turns":5},{"damage":0,"enemies":"Sphere and 2 Shapes","floor":149,"turns":3},{"damage":0,"enemies":"Writhing Mass","floor":150,"turns":3},{"damage":0,"enemies":"infinitespire:LordOfFortification","floor":152,"turns":18},{"damage":0,"enemies":"Shield and Spear","floor":156,"turns":5},{"damage":21,"enemies":"The Heart","floor":157,"turns":9}],"seed_played":"-1687542041634940162","potions_obtained":[{"floor":3.0,"key":"BlessingOfTheForge"},{"floor":4.0,"key":"Swift Potion"},{"floor":7.0,"key":"GamblersBrew"},{"floor":16.0,"key":"FairyPotion"},{"floor":19.0,"key":"Block Potion"},{"floor":25.0,"key":"Energy Potion"},{"floor":29.0,"key":"Block Potion"},{"floor":35.0,"key":"Elixir"},{"floor":42.0,"key":"GamblersBrew"},{"floor":47.0,"key":"champ:CounterPotion"},{"floor":50.0,"key":"ColorlessPotion"},{"floor":52.0,"key":"Weak Potion"},{"floor":54.0,"key":"SkillPotion"},{"floor":55.0,"key":"Adrenaline Potion"},{"floor":56.0,"key":"Block Potion"},{"floor":64.0,"key":"PotionOfCapacity"},{"floor":67.0,"key":"SkillPotion"},{"floor":69.0,"key":"AttackPotion"},{"floor":73.0,"key":"Swift Potion"},{"floor":88.0,"key":"EssenceOfSteel"},{"floor":98.0,"key":"Dexterity Potion"},{"floor":103.0,"key":"FocusPotion"},{"floor":110.0,"key":"EssenceOfSteel"},{"floor":115.0,"key":"Toxic Potion"},{"floor":118.0,"key":"SteroidPotion"},{"floor":122.0,"key":"FairyPotion"},{"floor":126.0,"key":"Dexterity Potion"},{"floor":127.0,"key":"Regen Potion"},{"floor":141,"key":"GamblersBrew"},{"floor":142,"key":"DuplicationPotion"},{"floor":149,"key":"GamblersBrew"},{"floor":152,"key":"ColorlessPotion"},{"floor":156,"key":"ColorlessPotion"},{"floor":157,"key":"Adrenaline Potion"}],"is_trial":false,"path_per_floor":["M","?","M","M","?","R","M","R","T","T","?","E","?","E","R","B",null,"?","?","?","T","?","T","?","E","T","T","?","?","?","?","T","B",null,"?","?","T","?","?","E","T","E","T","T","E","T","?","E","T","B",null,"?","?","?","?","?","E","?","T","T","T","?","?","?","E","T","B",null,"?","?","T","?","?","T","?","E","T","T","?","?","T","E","T","B",null,"?","T","?","?","T","T","?","T","T","T","T","?","E","T","T","B",null,"?","AVR","?","?","T","T","E","?","T","E","T","?","?","T","T","B",null,"?","T","?","?","?","T","E","?","T","?","?","T","?","T","T","B",null,"?","?","?","T","?","E","T","T","T","?","?","?","?","?","T","B",null,"T","T","E","B",null],"character_chosen":"DEFECT","items_purchased":["Crystallizer","Runic Capacitor","hubris:EmptyBottle","Coolheaded+1","Thinking Ahead+1","Letter Opener","Coolheaded+1","Panacea+1","Secret Technique+1","ReplayTheSpireMod:CursedCoin","Calipers","hubris:MysteriousPyramids","Strange Spoon"],"campfire_rested":2,"item_purchase_floors":[21,21,37,37,61,61,71,71,71,87,87,121,140],"current_hp_per_floor":[68,68,57,57,57,57,40,40,40,40,40,39,39,16,36,27,68,67,67,67,67,67,67,53,16,16,36,34,34,34,34,34,32,34,34,14,14,27,29,34,34,34,34,34,34,34,34,24,24,31,34,34,34,34,34,34,34,34,34,34,34,34,34,34,34,34,34,34,33,33,33,34,34,34,34,34,34,34,34,34,34,34,34,34,34,34,34,34,34,34,34,29,29,29,29,29,29,34,34,34,25,34,34,34,34,34,34,34,34,34,34,34,34,34,34,34,34,34,34,32,32,34,34,18,18,20,34,34,34,34,34,34,34,34,12,29,34,34,34,34,34,34,34,34,34,34,34,34,34,34,34,34,34,34,34,34,14],"gold":303,"neow_bonus":"RANDOM_COLORLESS_2","is_daily":false,"chose_seed":false,"campfire_upgraded":13,"win_rate":0.0,"timestamp":1612013004,"path_taken":["M","?","M","M","?","R","?","R","T","?","?","E","?","E","R","BOSS","?","?","?","T","?","T","?","E","T","T","?","?","?","?","T","BOSS","?","?","T","?","?","E","T","E","T","T","E","T","?","E","T","BOSS","?","?","?","?","?","E","?","T","T","T","?","?","?","E","T","BOSS","?","?","T","?","?","T","?","E","T","T","?","?","T","E","T","BOSS","?","T","?","?","?","T","?","T","T","T","?","?","E","?","T","BOSS","?","AVR","?","?","T","T","E","?","T","E","T","?","?","?","T","BOSS","?","T","?","?","?","T","E","?","T","?","?","T","?","?","T","BOSS","?","?","?","T","?","E","?","T","T","?","?","?","?","?","T","BOSS","T","T","E","BOSS"],"items_purchased_type":["Card","Relic","Relic","Card","Card","Relic","Card","Card","Card","Relic","Relic","Relic","Relic"],"build_version":"2020-12-22","purchased_purges":7,"victory":true,"max_hp_per_floor":[68,68,68,68,68,68,68,68,68,68,68,68,68,68,68,68,68,68,68,68,68,68,68,68,68,68,68,34,34,34,34,34,34,34,34,34,34,34,34,34,34,34,34,34,34,34,34,34,34,34,34,34,34,34,34,34,34,34,34,34,34,34,34,34,34,34,34,34,34,34,34,34,34,34,34,34,34,34,34,34,34,34,34,34,34,34,34,34,34,34,34,34,34,34,34,34,34,34,34,34,34,34,34,34,34,34,34,34,34,34,34,34,34,34,34,34,34,34,34,34,34,34,34,34,34,34,34,34,34,34,34,34,34,34,34,34,34,34,34,34,34,34,34,34,34,34,34,34,34,34,34,34,34,34,34,34,34],"card_choices":[{"not_picked":["Mayhem","Sadistic Nature"],"picked":"ReplayTheSpireMod:Brewmster","floor":0.0},{"not_picked":["Streamline","Doom and Gloom"],"picked":"Heatsinks","floor":1.0},{"not_picked":["Conserve Battery","ReplaySort"],"picked":"Reinforced Body","floor":3.0},{"not_picked":["Lockon","Steam"],"picked":"Genetic Algorithm","floor":4.0},{"not_picked":["Scrape","Redo"],"picked":"Defragment","floor":7.0},{"not_picked":["Auto Shields","hubris:Prefetch"],"picked":"Ball Lightning","floor":12.0},{"not_picked":["Compile Driver","Darkness"],"picked":"Sweeping Beam","floor":14.0},{"not_picked":["Thunder Strike","Hyperbeam"],"picked":"Buffer","floor":16.0},{"not_picked":["Force Field","Panic Button+1"],"picked":"FIFO Queue","floor":18.0},{"not_picked":["Streamline","Compile Driver","Redo+1"],"picked":"SKIP","floor":19.0},{"not_picked":["Sweeping Beam","ReplayTheSpireMod:GoodbyeWorld","Rebound+1"],"picked":"SKIP","floor":20.0},{"not_picked":["Sweeping Beam","ReplayTheSpireMod:GoodbyeWorld","Rebound+1"],"picked":"SKIP","floor":20.0},{"not_picked":["Sunder","Rip and Tear"],"picked":"ReplayTheSpireMod:System Scan","floor":24.0},{"not_picked":["Melter","Panic Button"],"picked":"Conserve Battery","floor":25.0},{"not_picked":["ReplayTheSpireMod:GoodbyeWorld+1","Rip and Tear","Gash"],"picked":"SKIP","floor":29.0},{"not_picked":["BasicCrystalCard+1","Ball Lightning+1"],"picked":"Hologram+1","floor":30.0},{"not_picked":["Hello World+1","ReplayTheSpireMod:GoodbyeWorld"],"picked":"BasicCrystalCard+1","floor":31.0},{"not_picked":["Seek+1","hubris:SpecializedCircuitry"],"picked":"Biased Cognition","floor":33.0},{"not_picked":["Sweeping Beam+1","Cold Snap"],"picked":"Coolheaded+1","floor":35.0},{"not_picked":["Barrage+1","Steam+1"],"picked":"Skim+1","floor":36.0},{"not_picked":["hubris:Fate","infinitespire:DeathsTouch"],"picked":"hubris:InfiniteBlow","floor":38.0},{"not_picked":["Heatsinks+1","Coolheaded+1"],"picked":"Darkness+1","floor":39.0},{"not_picked":["Streamline","Cold Snap+1"],"picked":"Rainbow+1","floor":39.0},{"not_picked":["Reprogram+1","Recycle+1"],"picked":"Conserve Battery+1","floor":40.0},{"not_picked":["ReplayGash+1","Mirror Shield+1"],"picked":"Tempest+1","floor":42.0},{"not_picked":["Streamline+1","Reprogram+1"],"picked":"Tempest+1","floor":45.0},{"not_picked":["Streamline+1","Hello World"],"picked":"Chaos+1","floor":47.0},{"not_picked":["Redo+1","Beam Cell"],"picked":"Tempest+1","floor":47.0},{"not_picked":["FTL+1","Chaos+1"],"picked":"Coolheaded+1","floor":48.0},{"not_picked":["Buffer","hubris:SpecializedCircuitry"],"picked":"ReplayRNGCard+1","floor":50.0},{"not_picked":["Ball Lightning","Hologram+1"],"picked":"ReplayTheSpireMod:Calculation Training+1","floor":52.0},{"not_picked":["Hologram+1","Loop"],"picked":"Undo+1","floor":52.0},{"not_picked":["Barrage","Beam Cell"],"picked":"Electrodynamics","floor":53.0},{"not_picked":["Force Field+1","Beam Cell","Streamline"],"picked":"SKIP","floor":53.0},{"not_picked":["BasicCrystalCard+1","Sweeping Beam","Compile Driver"],"picked":"SKIP","floor":55.0},{"not_picked":["Hologram+1","BasicCrystalCard+1","Conserve Battery+1"],"picked":"SKIP","floor":55.0},{"not_picked":["Capacitor","Steam+1"],"picked":"Stack+1","floor":57.0},{"not_picked":["Panic Button+1","Sweeping Beam"],"picked":"Chill+1","floor":58.0},{"not_picked":["Barrage","Thunder Strike","Redo+1"],"picked":"SKIP","floor":58.0},{"not_picked":["Sweeping Beam","ReplayGash","Streamline"],"picked":"SKIP","floor":62.0},{"not_picked":["Crystallizer","Beam Cell","Stack+1"],"picked":"SKIP","floor":62.0},{"not_picked":["Panic Button+1","Ball Lightning","Darkness+1"],"picked":"SKIP","floor":63.0},{"not_picked":["Leap+1","Cold Snap","ReplayTheSpireMod:Repulse+1"],"picked":"SKIP","floor":63.0},{"not_picked":["Barrage","Fusion+1","Go for the Eyes"],"picked":"SKIP","floor":64.0},{"not_picked":["ReplayTheSpireMod:System Scan+1","Sweeping Beam","Scrape"],"picked":"SKIP","floor":64.0},{"not_picked":["Hologram+1","Redo+1","Rainbow+1"],"picked":"SKIP","floor":65.0},{"not_picked":["Hyperbeam","Meteor Strike"],"picked":"Multi-Cast+1","floor":67.0},{"not_picked":["BasicCrystalCard+1","Conserve Battery+1","Turbo+1"],"picked":"SKIP","floor":69.0},{"not_picked":["Reprogram+1","Barrage","ReplayGash"],"picked":"SKIP","floor":69.0},{"not_picked":["Redo+1","Compile Driver"],"picked":"Consume+1","floor":72.0},{"not_picked":["BasicCrystalCard+1","Storm","Cold Snap+1"],"picked":"SKIP","floor":72.0},{"not_picked":["Defragment","hubris:PowerSurge+1"],"picked":"ReplaySolidLightProjector+1","floor":73.0},{"not_picked":["Sweeping Beam","BasicCrystalCard+1","Tempest+1"],"picked":"SKIP","floor":73.0},{"not_picked":["Hologram+1","Ball Lightning"],"picked":"BootSequence+1","floor":75.0},{"not_picked":["Barrage","Rainbow+1","Panic Button+1"],"picked":"SKIP","floor":75.0},{"not_picked":["Go for the Eyes","Rebound","Hyperbeam"],"picked":"SKIP","floor":76.0},{"not_picked":["Barrage","Stack+1","Go for the Eyes+1"],"picked":"SKIP","floor":79.0},{"not_picked":["Time Bomb+1","Cold Snap","Ball Lightning"],"picked":"SKIP","floor":79.0},{"not_picked":["Rebound","Compile Driver","hubris:DoWhile+1"],"picked":"SKIP","floor":80.0},{"not_picked":["ReplayTheSpireMod:GoodbyeWorld","Barrage","Conserve Battery+1"],"picked":"SKIP","floor":80.0},{"not_picked":["Reprogram+1","Panic Button+1","Auto Shields+1"],"picked":"SKIP","floor":82.0},{"not_picked":["Machine Learning","Meteor Strike"],"picked":"Creative AI","floor":84.0},{"not_picked":["Chaos+1"],"picked":"SKIP","floor":86.0},{"not_picked":["Cold Snap+1"],"picked":"SKIP","floor":86.0},{"not_picked":["Melter+1"],"picked":"SKIP","floor":88.0},{"not_picked":["Leap+1"],"picked":"SKIP","floor":88.0},{"not_picked":["Sweeping Beam"],"picked":"SKIP","floor":89.0},{"not_picked":["Turbo+1"],"picked":"SKIP","floor":89.0},{"not_picked":[],"picked":"Apotheosis+1","floor":92.0},{"not_picked":[],"picked":"Deep Breath+1","floor":92.0},{"not_picked":[],"picked":"Heatsinks","floor":98.0},{"not_picked":[],"picked":"Seek+1","floor":101.0},{"not_picked":[],"picked":"Reinforced Body+1","floor":103.0},{"not_picked":["Barrage"],"picked":"SKIP","floor":103.0},{"not_picked":["Rebound"],"picked":"SKIP","floor":105.0},{"not_picked":["Panic Button+1"],"picked":"SKIP","floor":105.0},{"not_picked":["Steam+1"],"picked":"SKIP","floor":106.0},{"not_picked":["Sweeping Beam"],"picked":"SKIP","floor":106.0},{"not_picked":["ReplayTheSpireMod:Chaos Vortex","infinitespire:FutureSight"],"picked":"infinitespire:NeuralNetwork","floor":108.0},{"not_picked":["hubris:Ukulele"],"picked":"SKIP","floor":109.0},{"not_picked":["Recycle+1"],"picked":"SKIP","floor":110.0},{"not_picked":["Streamline"],"picked":"SKIP","floor":110.0},{"not_picked":["Cold Snap"],"picked":"SKIP","floor":112.0},{"not_picked":["Panic Button+1"],"picked":"SKIP","floor":115.0},{"not_picked":["Blizzard"],"picked":"SKIP","floor":115.0},{"not_picked":["Static Discharge"],"picked":"SKIP","floor":120.0},{"not_picked":["Self Repair"],"picked":"SKIP","floor":120.0},{"not_picked":[],"picked":"Skim+1","floor":122.0},{"not_picked":[],"picked":"Defragment","floor":122.0},{"not_picked":["Redo+1"],"picked":"SKIP","floor":126.0},{"not_picked":["Turbo+1"],"picked":"SKIP","floor":127.0},{"not_picked":["Go for the Eyes+1"],"picked":"SKIP","floor":127.0},{"not_picked":[],"picked":"Double Energy+1","floor":129.0},{"not_picked":["Go for the Eyes"],"picked":"SKIP","floor":129.0},{"not_picked":["FIFO Queue+1"],"picked":"SKIP","floor":130.0},{"not_picked":["Go for the Eyes"],"picked":"SKIP","floor":130.0},{"not_picked":["Turbo+1"],"picked":"SKIP","floor":132.0},{"not_picked":["Sweeping Beam"],"picked":"SKIP","floor":132.0},{"not_picked":["Gash"],"picked":"SKIP","floor":137.0},{"not_picked":["Compile Driver"],"picked":"SKIP","floor":137.0},{"not_picked":[],"picked":"Compile Driver+1","floor":138},{"not_picked":["Chaos+1"],"picked":"SKIP","floor":138},{"not_picked":["Chaos+1"],"picked":"SKIP","floor":138},{"not_picked":["Beam Cell+1"],"picked":"SKIP","floor":139},{"not_picked":["Darkness+1"],"picked":"SKIP","floor":139},{"not_picked":["Compile Driver"],"picked":"SKIP","floor":141},{"not_picked":["Auto Shields+1"],"picked":"SKIP","floor":141},{"not_picked":["Lockon+1"],"picked":"SKIP","floor":142},{"not_picked":[],"picked":"Coolheaded+1","floor":146},{"not_picked":["Consume+1"],"picked":"SKIP","floor":146},{"not_picked":["hubris:SpecializedCircuitry+1"],"picked":"SKIP","floor":147},{"not_picked":["Barrage"],"picked":"SKIP","floor":147},{"not_picked":["Coolheaded+1"],"picked":"SKIP","floor":149},{"not_picked":["Streamline+1"],"picked":"SKIP","floor":149},{"not_picked":["Gash+1"],"picked":"SKIP","floor":150},{"not_picked":["hubris:Ukulele"],"picked":"SKIP","floor":150},{"not_picked":["Sweeping Beam"],"picked":"SKIP","floor":156}],"player_experience":156182,"relics_obtained":[{"floor":9.0,"key":"Replay:Rubber Ducky"},{"floor":10.0,"key":"hubris:DeckOfHolding"},{"floor":12.0,"key":"ReplayTheSpireMod:Ninjato"},{"floor":13.0,"key":"ReplayFunnel"},{"floor":14.0,"key":"Simple Rune"},{"floor":25.0,"key":"Ginger"},{"floor":26.0,"key":"Toxic Egg 2"},{"floor":38.0,"key":"hubris:FunFungus"},{"floor":40.0,"key":"Smiling Mask"},{"floor":42.0,"key":"hubris:MobiusCoin"},{"floor":45.0,"key":"Vajra"},{"floor":48.0,"key":"CeramicFish"},{"floor":54.0,"key":"Gremlin Food"},{"floor":57.0,"key":"hubris:ToyBattleship"},{"floor":65.0,"key":"Peace Pipe"},{"floor":76.0,"key":"Tiny Chest"},{"floor":82.0,"key":"infinitespire:Bottled Soul"},{"floor":98.0,"key":"Akabeko"},{"floor":109.0,"key":"hubris:TinFlute"},{"floor":112.0,"key":"Turnip"},{"floor":124.0,"key":"Enchiridion"},{"floor":126.0,"key":"Cables"},{"floor":128.0,"key":"Frozen Egg 2"},{"floor":142,"key":"infinitespire:Beetle Shell"},{"floor":145,"key":"Incense Burner"},{"floor":156,"key":"hubris:GlazedTorus"}],"event_choices":[{"damage_healed":0.0,"max_hp_gain":0.0,"max_hp_loss":0.0,"gold_gain":0.0,"event_name":"Living Wall","player_choice":"Grow","floor":5.0,"gold_loss":0.0,"damage_taken":0.0,"cards_upgraded":["Genetic Algorithm"]},{"damage_healed":0.0,"max_hp_gain":0.0,"max_hp_loss":34.0,"gold_gain":0.0,"event_name":"Ghosts","player_choice":"Became a Ghost","floor":28.0,"gold_loss":0.0,"damage_taken":0.0,"cards_obtained":["Ghostly","Ghostly","Ghostly","Ghostly","Ghostly"]},{"damage_healed":0.0,"max_hp_gain":0.0,"max_hp_loss":0.0,"gold_gain":0.0,"event_name":"The Woman in Blue","player_choice":"Bought 1 Potion","floor":56.0,"gold_loss":0.0,"damage_taken":0.0},{"damage_healed":0.0,"max_hp_gain":0.0,"max_hp_loss":0.0,"gold_gain":0.0,"event_name":"The Library","player_choice":"Read","floor":70.0,"gold_loss":0.0,"damage_taken":0.0,"cards_obtained":["Double Energy"]},{"damage_healed":0.0,"max_hp_gain":0.0,"max_hp_loss":0.0,"gold_gain":0.0,"event_name":"SensoryStone","player_choice":"Memory 2","floor":92.0,"gold_loss":0.0,"damage_taken":5.0},{"damage_healed":0.0,"max_hp_gain":0.0,"max_hp_loss":0.0,"gold_gain":0.0,"event_name":"Cursed Tome","player_choice":"Obtained Book","floor":124.0,"gold_loss":0.0,"damage_taken":16.0}],"is_beta":false,"boss_relics":[{"not_picked":["Ectoplasm","bronze:MakeshiftBattery"],"picked":"Replay:Grab Bag"},{"not_picked":["Velvet Choker","Busted Crown"],"picked":"Painkiller Herb"},{"not_picked":["hubris:CrackedHourglass","ChewingGum"],"picked":"Abe\u0027s Treasure"},{"not_picked":["Kintsugi","Ring of Chaos"],"picked":"SlaversCollar"},{"not_picked":["hubris:GrandSneckoEye","ReplayTheSpireMod:DimensionalGlitch"],"picked":"Cursed Key"},{"not_picked":["hubris:Stopwatch","Fusion Hammer"],"picked":"Philosopher\u0027s Stone"},{"not_picked":["Inserter","Pandora\u0027s Box"],"picked":"Coffee Dripper"},{"not_picked":["hubris:RunicObelisk","Sozu"],"picked":"Busted Crown"},{"not_picked":["hubris:Stopwatch","ChewingGum","ReplayTheSpireMod:DimensionalGlitch"]},{"not_picked":["Replay:Ancient Bell","Runic Dome"],"picked":"Replay:Wanted Poster"},{"not_picked":["Runic Pyramid","Empty Cage"],"picked":"hubris:TerracottaHorce"},{"not_picked":["hubris:HollowSoul","Black Star"],"picked":"Nuclear Battery"}],"items_purged_floors":[21,37,61,71,87,99,107],"is_endless":true,"potions_floor_spawned":[3,4,7,16,19,20,25,29,35,38,42,47,50,52,55,64,67,69,72,73,82,88,98,103,110,115,118,122,126,127,141,142,146,149,150,152,156,157],"ascension_level":8}}