{"host":"0lnbgkridwifzojt","time":1612036714,"event":{"mods":["BaseMod","Minty Spire (QoL Compilation)","StSLib","The Bug Knight"],"gold_per_floor":[114,129,129,144,159,159,189,189,239,239,269,284,299,329,329,429,429,444,444,459,474,499,499,499,499,549,549,579,594,135,135,135,235,235,250,265,297,297,297,297,312,312,312,312,327,342,357,372,372,372,372],"floor_reached":50,"language":"ENG","playtime":4177,"items_purged":["Defend_R"],"score":609,"play_id":"24e86276-8a57-470e-a657-23cf0498a7d9","local_time":"20210130115834","daily_mods":["Specialized","Colorless Cards","Terminal"],"is_ascension_mode":false,"campfire_choices":[{"data":"Bash","floor":6,"key":"SMITH"},{"data":"Sword Boomerang","floor":10,"key":"SMITH"},{"data":"Armaments","floor":15,"key":"SMITH"},{"data":"Panacea","floor":23,"key":"SMITH"},{"data":"Perfected Strike","floor":25,"key":"SMITH"},{"data":"Feel No Pain","floor":27,"key":"SMITH"},{"data":"Feed","floor":32,"key":"SMITH"},{"data":"Madness","floor":40,"key":"SMITH"},{"data":"Madness","floor":49,"key":"SMITH"}],"circlet_count":0,"master_deck":["Strike_R","Strike_R","Strike_R","Strike_R","Defend_R","Defend_R","Bash+1","Disarm","Disarm","Disarm","Disarm","Disarm","Perfected Strike+1","Feel No Pain+1","Shrug It Off","Sword Boomerang+1","Cleave","Pommel Strike","Armaments+1","Panacea+1","Thinking Ahead","Headbutt","Twin Strike","Feed+1","Dropkick","Swift Strike","Feed","Warcry+1","Pommel Strike","Madness+1","Madness+1","Flash of Steel","Panacea+1","Perfected Strike+1","Pommel Strike+1"],"relics":["Burning Blood","Akabeko","Boot","Bronze Scales","White Beast Statue","Strawberry","Coffee Dripper","Art of War","Oddly Smooth Stone","Pocketwatch","Ginger","Potion Belt","SacredBark","StoneCalendar","Meat on the Bone"],"acts_visited":["Exordium","TheCity","TheBeyond"],"potions_floor_usage":[5,13,13,13,14,16,18,21,28,29,29,33,33,35,37,47,48,50,50,50],"damage_taken":[{"damage":0,"enemies":"Cultist","floor":1,"turns":5},{"damage":0,"enemies":"Jaw Worm","floor":2,"turns":5},{"damage":0,"enemies":"Small Slimes","floor":4,"turns":4},{"damage":0,"enemies":"Exordium Wildlife","floor":5,"turns":7},{"damage":4,"enemies":"3 Sentries","floor":7,"turns":13},{"damage":0,"enemies":"Lagavulin","floor":11,"turns":6},{"damage":0,"enemies":"Blue Slaver","floor":12,"turns":3},{"damage":0,"enemies":"Large Slime","floor":13,"turns":2},{"damage":7,"enemies":"Gremlin Nob","floor":14,"turns":4},{"damage":0,"enemies":"The Guardian","floor":16,"turns":11},{"damage":0,"enemies":"Shell Parasite","floor":18,"turns":3},{"damage":0,"enemies":"Spheric Guardian","floor":20,"turns":6},{"damage":5,"enemies":"Cultist and Chosen","floor":21,"turns":5},{"damage":7,"enemies":"Book of Stabbing","floor":28,"turns":4},{"damage":0,"enemies":"Chosen and Byrds","floor":29,"turns":4},{"damage":17,"enemies":"Collector","floor":33,"turns":9},{"damage":0,"enemies":"Orb Walker","floor":35,"turns":4},{"damage":30,"enemies":"3 Darklings","floor":36,"turns":6},{"damage":36,"enemies":"2 Orb Walkers","floor":37,"turns":5},{"damage":34,"enemies":"4 Shapes","floor":41,"turns":7},{"damage":22,"enemies":"Jaw Worm Horde","floor":45,"turns":4},{"damage":24,"enemies":"Maw","floor":46,"turns":7},{"damage":3,"enemies":"Writhing Mass","floor":47,"turns":6},{"damage":5,"enemies":"Jaw Worm Horde","floor":48,"turns":3},{"damage":50,"enemies":"Time Eater","floor":50,"turns":8}],"seed_played":"-828330817948855686","potions_obtained":[{"floor":2,"key":"AttackPotion"},{"floor":7,"key":"CultistPotion"},{"floor":11,"key":"EntropicBrew"},{"floor":12,"key":"SteroidPotion"},{"floor":13,"key":"Swift Potion"},{"floor":14,"key":"Explosive Potion"},{"floor":16,"key":"ColorlessPotion"},{"floor":18,"key":"SteroidPotion"},{"floor":20,"key":"PowerPotion"},{"floor":21,"key":"EssenceOfSteel"},{"floor":28,"key":"Strength Potion"},{"floor":29,"key":"Fruit Juice"},{"floor":33,"key":"LiquidMemories"},{"floor":35,"key":"ElixirPotion"},{"floor":36,"key":"PowerPotion"},{"floor":37,"key":"SpeedPotion"},{"floor":41,"key":"Swift Potion"},{"floor":45,"key":"FearPotion"},{"floor":46,"key":"Ancient Potion"},{"floor":47,"key":"Explosive Potion"},{"floor":48,"key":"ElixirPotion"}],"is_trial":false,"path_per_floor":["M","M","?","M","M","R","E","?","T","R","E","M","M","E","R","B",null,"M","?","M","M","T","R","?","R","T","R","E","M","$","T","R","B",null,"M","M","?","?","?","R","M","?","T","?","M","M","M","M","R","B"],"character_chosen":"IRONCLAD","items_purchased":["Swift Strike","Ginger"],"campfire_rested":0,"item_purchase_floors":[30,30],"current_hp_per_floor":[78,77,81,80,79,78,77,76,75,74,73,72,71,77,76,75,74,73,72,71,70,69,68,67,66,65,64,63,70,69,68,67,56,65,68,44,18,60,52,52,32,32,32,32,32,26,41,45,45,0,0],"gold":372,"neow_bonus":"","is_daily":true,"chose_seed":false,"campfire_upgraded":9,"win_rate":0.0,"timestamp":1612036714,"path_taken":["M","M","?","M","M","R","E","?","T","R","E","M","?","E","R","BOSS","M","?","?","M","?","R","?","R","T","R","E","M","$","?","R","BOSS","M","M","?","?","?","R","M","?","T","?","M","M","M","?","R","BOSS"],"items_purchased_type":["Card","Relic"],"build_version":"2020-12-22","purchased_purges":1,"victory":false,"max_hp_per_floor":[78,77,81,80,79,78,77,76,75,74,73,72,71,77,76,75,74,73,72,71,70,69,68,67,66,65,64,63,70,69,68,67,66,65,68,67,70,60,59,58,65,64,63,62,65,64,63,65,64,64,64],"card_choices":[{"not_picked":["Fire Breathing","Flex"],"picked":"Perfected Strike","floor":1},{"not_picked":["Body Slam","Rage"],"picked":"Feel No Pain","floor":2},{"not_picked":["Shockwave","Thunderclap"],"picked":"Shrug It Off","floor":4},{"not_picked":["Wild Strike","Finesse"],"picked":"Sword Boomerang","floor":5},{"not_picked":["Thunderclap","Flex","Jack Of All Trades"],"picked":"SKIP","floor":7},{"not_picked":["True Grit","Finesse"],"picked":"Cleave","floor":11},{"not_picked":["Dropkick","Enlightenment"],"picked":"Pommel Strike","floor":12},{"not_picked":["Warcry","Shockwave"],"picked":"Armaments","floor":13},{"not_picked":["Offering","Feel No Pain"],"picked":"Panacea","floor":14},{"not_picked":["Double Tap","Magnetism"],"picked":"Thinking Ahead","floor":16},{"not_picked":["Dual Wield","Warcry","Body Slam"],"picked":"SKIP","floor":18},{"not_picked":["Rage+1","Body Slam"],"picked":"Headbutt","floor":20},{"not_picked":["True Grit","Power Through"],"picked":"Twin Strike","floor":21},{"not_picked":["Power Through+1","Fire Breathing+1"],"picked":"Feed","floor":28},{"not_picked":["Second Wind","Rage+1"],"picked":"Dropkick","floor":29},{"not_picked":["Sadistic Nature","Master of Strategy"],"picked":"Feed","floor":33},{"not_picked":["Blind+1","Shrug It Off"],"picked":"Warcry+1","floor":35},{"not_picked":["Heavy Blade","Clash","Iron Wave+1"],"picked":"SKIP","floor":36},{"not_picked":["Anger","Good Instincts"],"picked":"Pommel Strike","floor":37},{"not_picked":["Rupture+1","Flex+1","Reckless Charge"],"picked":"SKIP","floor":41},{"not_picked":["Jack Of All Trades","Dark Shackles"],"picked":"Flash of Steel","floor":42},{"not_picked":["Sever Soul+1","Entrench","Body Slam+1"],"picked":"SKIP","floor":45},{"not_picked":["Iron Wave","Intimidate"],"picked":"Panacea+1","floor":46},{"not_picked":["Body Slam+1","Shrug It Off"],"picked":"Perfected Strike+1","floor":47},{"not_picked":["Searing Blow+1","Iron Wave"],"picked":"Pommel Strike+1","floor":48}],"player_experience":320081,"relics_obtained":[{"floor":7,"key":"Akabeko"},{"floor":9,"key":"Bronze Scales"},{"floor":11,"key":"White Beast Statue"},{"floor":14,"key":"Strawberry"},{"floor":22,"key":"Art of War"},{"floor":26,"key":"Oddly Smooth Stone"},{"floor":28,"key":"Pocketwatch"},{"floor":31,"key":"Potion Belt"},{"floor":37,"key":"StoneCalendar"},{"floor":43,"key":"Meat on the Bone"}],"event_choices":[{"damage_healed":0,"gold_gain":0,"player_choice":"Donut","damage_taken":0,"max_hp_gain":5,"max_hp_loss":0,"event_name":"Big Fish","floor":3,"gold_loss":0},{"damage_healed":0,"gold_gain":0,"player_choice":"Gave Potion","damage_taken":0,"relics_obtained":["Boot"],"max_hp_gain":0,"max_hp_loss":0,"event_name":"WeMeetAgain","floor":8,"gold_loss":0},{"cards_removed":["Defend_R"],"damage_healed":0,"gold_gain":0,"player_choice":"Offered Basic","damage_taken":0,"max_hp_gain":0,"max_hp_loss":0,"event_name":"Bonfire Elementals","floor":19,"gold_loss":0},{"damage_healed":0,"gold_gain":0,"player_choice":"Ignored","damage_taken":0,"max_hp_gain":0,"max_hp_loss":0,"event_name":"Vampires","floor":24,"gold_loss":0},{"damage_healed":0,"gold_gain":0,"player_choice":"Fight","damage_taken":0,"max_hp_gain":0,"max_hp_loss":0,"event_name":"Mysterious Sphere","floor":37,"gold_loss":0},{"damage_healed":61,"gold_gain":0,"player_choice":"Heal","damage_taken":0,"max_hp_gain":0,"max_hp_loss":9,"event_name":"The Moai Head","floor":38,"gold_loss":0},{"damage_healed":0,"gold_gain":0,"player_choice":"Embrace Madness","damage_taken":8,"max_hp_gain":0,"max_hp_loss":0,"event_name":"Winding Halls","floor":39,"gold_loss":0,"cards_obtained":["Madness","Madness"]},{"damage_healed":0,"gold_gain":0,"player_choice":"Memory 1","damage_taken":0,"max_hp_gain":0,"max_hp_loss":0,"event_name":"SensoryStone","floor":42,"gold_loss":0},{"cards_removed":["Strike_R"],"damage_healed":0,"gold_gain":0,"player_choice":"Removed Attack","damage_taken":0,"max_hp_gain":0,"max_hp_loss":0,"event_name":"Falling","floor":44,"gold_loss":0}],"is_beta":false,"boss_relics":[{"not_picked":["Calling Bell","Runic Dome"],"picked":"Coffee Dripper"},{"not_picked":["Tiny House","Busted Crown"],"picked":"SacredBark"}],"items_purged_floors":[30],"is_endless":false,"potions_floor_spawned":[2,7,11,12,13,14,16,18,20,21,28,29,33,35,36,37,41,45,46,47,48],"killed_by":"Time Eater","ascension_level":0}}