{"host":"jpcy2bclvs7juczu","time":1612038054,"event":{"mods":["Alarm Clock","BaseMod","Bestiary","Block Reminder","Colored Map","Colored Powertips","Curses Come First","Dark Map","Filter the Spire","Minty Spire (QoL Compilation)","Quick Restart","RNG Fix","Random Character Button","Relic Stats","Slay the Relics Exporter","Smile Girya","StSLib","everything is the same but u backflip on backflip","ojb\u0027s Better Paths Mod","ojb\u0027s Info Mod","slay the spire mod where everything is the same but ironclad has a cowboy hat"],"gold_per_floor":[116,130,130,143,160,186,186,216,243,277,277,288,288,308,308,385,385,397,125,143,143,93,126,140,140,165,1,31,62,72,122,122,122,122],"floor_reached":33,"language":"ENG","playtime":1047,"items_purged":[],"score":610,"play_id":"3f884ecd-5c55-44f6-9705-27914bae9fcd","local_time":"20210130152054","is_ascension_mode":true,"campfire_choices":[{"data":"Carnage","floor":7.0,"key":"SMITH"},{"data":"Whirlwind","floor":11.0,"key":"SMITH"},{"data":"Disarm","floor":13.0,"key":"SMITH"},{"floor":15.0,"key":"REST"},{"data":"Battle Trance","floor":25.0,"key":"SMITH"},{"data":"Impervious","floor":32.0,"key":"SMITH"}],"circlet_count":0,"master_deck":["AscendersBane","Bash+1","Carnage+1","Disarm+1","Battle Trance+1","Twin Strike","Rampage","Metallicize","Pommel Strike+1","Clothesline+1","Whirlwind+1","Shrug It Off","Iron Wave","Corruption+1","Flame Barrier","Impervious+1","Flame Barrier+1","Power Through"],"relics":["Pandora\u0027s Box","Juzu Bracelet","Mercury Hourglass","Unceasing Top","Blood Vial","Vajra","Coffee Dripper","Pantograph","Whetstone","Lantern","Darkstone Periapt","Red Mask"],"acts_visited":["Exordium","TheCity"],"potions_floor_usage":[33,33],"damage_taken":[{"damage":10.0,"enemies":"Jaw Worm","floor":1.0,"turns":2.0},{"damage":0.0,"enemies":"Cultist","floor":2.0,"turns":2.0},{"damage":0.0,"enemies":"Small Slimes","floor":4.0,"turns":2.0},{"damage":0.0,"enemies":"Exordium Wildlife","floor":5.0,"turns":2.0},{"damage":26.0,"enemies":"3 Sentries","floor":6.0,"turns":5.0},{"damage":3.0,"enemies":"Gremlin Nob","floor":8.0,"turns":3.0},{"damage":19.0,"enemies":"Lagavulin","floor":10.0,"turns":5.0},{"damage":8.0,"enemies":"3 Louse","floor":12.0,"turns":2.0},{"damage":4.0,"enemies":"Lots of Slimes","floor":14.0,"turns":2.0},{"damage":20.0,"enemies":"The Guardian","floor":16.0,"turns":9.0},{"damage":2.0,"enemies":"Shell Parasite","floor":18.0,"turns":4.0},{"damage":0.0,"enemies":"Spheric Guardian","floor":20.0,"turns":4.0},{"damage":10.0,"enemies":"Gremlin Leader","floor":23.0,"turns":5.0},{"damage":0.0,"enemies":"Shelled Parasite and Fungi","floor":24.0,"turns":5.0},{"damage":19.0,"enemies":"Book of Stabbing","floor":28.0,"turns":4.0},{"damage":14.0,"enemies":"Masked Bandits","floor":29.0,"turns":4.0},{"damage":0.0,"enemies":"Snake Plant","floor":30.0,"turns":3.0},{"damage":37,"enemies":"Automaton","floor":33,"turns":8}],"seed_played":"-4151372297180585241","potions_obtained":[{"floor":6.0,"key":"Explosive Potion"},{"floor":10.0,"key":"SpeedPotion"},{"floor":16.0,"key":"GamblersBrew"},{"floor":23.0,"key":"SneckoOil"},{"floor":28.0,"key":"Weak Potion"}],"is_trial":false,"path_per_floor":["M","M","?","M","M","E","R","E","T","E","R","M","R","M","R","B",null,"M","$","M","?","?","E","M","R","T","$","E","?","M","?","R","B"],"character_chosen":"IRONCLAD","items_purchased":["Pantograph","Lantern"],"campfire_rested":1,"item_purchase_floors":[19,27],"current_hp_per_floor":[58,58,58,58,58,32,32,29,29,12,12,6,6,4,26,8,58,58,58,60,39,39,31,33,33,33,33,16,4,6,6,6,0,0],"gold":122,"neow_bonus":"BOSS_RELIC","is_daily":false,"chose_seed":false,"campfire_upgraded":5,"win_rate":0.0,"timestamp":1612038054,"path_taken":["M","M","?","M","M","E","R","E","T","E","R","M","R","M","R","BOSS","M","$","M","?","?","E","M","R","T","$","E","?","M","?","R","BOSS"],"items_purchased_type":["Relic","Relic"],"build_version":"2020-12-22","purchased_purges":0,"victory":false,"max_hp_per_floor":[75,75,75,75,75,75,75,75,75,75,75,75,75,75,75,75,75,75,75,75,80,80,80,80,80,80,80,80,80,80,80,80,80,80],"relic_stats":{"Blood Vial":24,"Darkstone Periapt":0,"counters":[18,71],"Pantograph":25,"Pandora\u0027s Box":["Carnage","Disarm","Battle Trance","Twin Strike","Rampage","Metallicize","Pommel Strike","Infernal Blade","Clothesline"],"Juzu Bracelet":1,"Whetstone":["Bash","Clothesline"],"obtain_stats":[{"Darkstone Periapt":28,"Lantern":27,"Vajra":10,"Juzu Bracelet":3,"Whetstone":23,"Burning Blood":0,"Mercury Hourglass":6,"Blood Vial":9,"Pantograph":19,"Pandora\u0027s Box":0,"Coffee Dripper":17,"Red Mask":29,"Unceasing Top":8},{"Darkstone Periapt":15,"Lantern":14,"Vajra":7,"Juzu Bracelet":2,"Whetstone":13,"Burning Blood":0,"Mercury Hourglass":5,"Blood Vial":6,"Pantograph":11,"Pandora\u0027s Box":0,"Coffee Dripper":10,"Red Mask":16,"Unceasing Top":6},{"Darkstone Periapt":56,"Lantern":52,"Vajra":21,"Juzu Bracelet":4,"Whetstone":47,"Burning Blood":0,"Mercury Hourglass":13,"Blood Vial":16,"Pantograph":38,"Pandora\u0027s Box":0,"Coffee Dripper":34,"Red Mask":60,"Unceasing Top":16}],"Unceasing Top":[0],"Mercury Hourglass":[206]},"card_choices":[{"not_picked":["Wild Strike","Dark Embrace","Clothesline"],"picked":"SKIP","floor":1.0},{"not_picked":["Rampage","Disarm"],"picked":"Whirlwind","floor":2.0},{"not_picked":["Havoc","Perfected Strike"],"picked":"Shrug It Off","floor":4.0},{"not_picked":["Berserk","Inflame"],"picked":"Iron Wave","floor":5.0},{"not_picked":["True Grit","Sword Boomerang","Dark Embrace"],"picked":"SKIP","floor":6.0},{"not_picked":["Battle Trance","Uppercut"],"picked":"Corruption","floor":8.0},{"not_picked":["Spot Weakness","Iron Wave","Carnage"],"picked":"SKIP","floor":10.0},{"not_picked":["Sword Boomerang","Dual Wield","Combust"],"picked":"SKIP","floor":12.0},{"not_picked":["Headbutt","Warcry"],"picked":"Flame Barrier","floor":14.0},{"not_picked":["Immolate","Offering"],"picked":"Impervious","floor":16.0},{"not_picked":["Rupture","Clash"],"picked":"Flame Barrier+1","floor":18.0},{"not_picked":["Combust","Sword Boomerang","Dual Wield"],"picked":"SKIP","floor":20.0},{"not_picked":["Iron Wave","Pommel Strike","Thunderclap+1"],"picked":"SKIP","floor":23.0},{"not_picked":["Rampage","Wild Strike","Warcry"],"picked":"SKIP","floor":24.0},{"not_picked":["Wild Strike","Inflame+1"],"picked":"Power Through","floor":28.0},{"not_picked":["Thunderclap","Armaments","True Grit"],"picked":"SKIP","floor":30.0}],"player_experience":1515597,"relics_obtained":[{"floor":6.0,"key":"Mercury Hourglass"},{"floor":8.0,"key":"Unceasing Top"},{"floor":9.0,"key":"Blood Vial"},{"floor":10.0,"key":"Vajra"},{"floor":23.0,"key":"Whetstone"},{"floor":28.0,"key":"Darkstone Periapt"},{"floor":29.0,"key":"Red Mask"}],"event_choices":[{"cards_removed":["Infernal Blade"],"damage_healed":0.0,"max_hp_gain":0.0,"max_hp_loss":0.0,"gold_gain":0.0,"event_name":"WeMeetAgain","player_choice":"Gave Card","floor":3.0,"gold_loss":0.0,"damage_taken":0.0,"relics_obtained":["Juzu Bracelet"]},{"damage_healed":0.0,"max_hp_gain":5.0,"max_hp_loss":0.0,"gold_gain":0.0,"event_name":"Forgotten Altar","player_choice":"Shed Blood","floor":21.0,"gold_loss":0.0,"damage_taken":26.0},{"damage_healed":0.0,"max_hp_gain":0.0,"max_hp_loss":0.0,"gold_gain":0.0,"event_name":"Designer","player_choice":"Upgraded Two","floor":22.0,"gold_loss":50.0,"damage_taken":0.0,"cards_upgraded":["Corruption","Pommel Strike"]},{"damage_healed":0.0,"max_hp_gain":0.0,"max_hp_loss":0.0,"gold_gain":0.0,"event_name":"Masked Bandits","player_choice":"Fought Bandits","floor":29.0,"gold_loss":0.0,"damage_taken":0.0},{"damage_healed":0.0,"max_hp_gain":0.0,"max_hp_loss":0.0,"gold_gain":50.0,"event_name":"Nest","player_choice":"Stole From Cult","floor":31.0,"gold_loss":0.0,"damage_taken":0.0}],"is_beta":false,"boss_relics":[{"not_picked":["Fusion Hammer","Cursed Key"],"picked":"Coffee Dripper"}],"items_purged_floors":[],"is_endless":false,"potions_floor_spawned":[6,10,16,23,28,29],"killed_by":"Automaton","ascension_level":20}}