{"host":"ekyl8r8j8fco3zlk","time":1612033916,"event":{"mods":["ATMod(∞¢Ë™Mod)","Act Like it!","Arknights The Spire","BaseMod","CapriCore","Decade(Õı–°√˜)","Dota2Spire","Downfall","Friendly Minions","Gensokyo","Lobotomy","LobotomyExtend","Marisa£®ÏF”Í°°ƒß¿Ì…≥£©","Minty Spire (QoL Compilation)","READ ME - Guardian Mod","Rare Cards Sparkle","Reimu£®≤©¿ˆ¡È√Œ£©","StSLib","The Alterego","The Immortal","The Jungle","TheWitcher","Waifu the Spire","WarShipGirlsR/’ΩΩ¢…Ÿ≈ÆR mod","Yakumo Yukari mod","°æ“≈ŒÔø®≈∆°øREMEMod"],"gold_per_floor":[118,118,83,95,112,145,145,168,194,210,210,210,210,228,228,331,331,346,10,28,47,58,83,83,108,184,184,184,204,204,223,223,328,328,338,357,407,9,59,59,91,102,180,199,2,18,50,69,69,69,69],"floor_reached":52,"language":"ZHS","playtime":1750,"items_purged":[],"score":1004,"play_id":"5da0271c-6ee1-48dd-ae4d-acbbd5b1d7ad","local_time":"20210131031156","is_ascension_mode":false,"campfire_choices":[{"data":"ats:Flexible Camouflage","floor":7,"key":"SMITH"},{"data":"ats:Healing Strengthening","floor":13,"key":"SMITH"},{"data":"Moonlight","floor":15,"key":"SMITH"},{"data":"ats:Disruption Kick","floor":24,"key":"SMITH"},{"data":"ats:Encircling Forest","floor":27,"key":"SMITH"},{"data":"ats:Thermite Blade","floor":30,"key":"SMITH"},{"data":"ats:Calcification","floor":32,"key":"SMITH"},{"data":"ats:Neurotoxin","floor":40,"key":"SMITH"},{"data":"ats:Curse Doll","floor":49,"key":"SMITH"}],"circlet_count":0,"master_deck":["ats:Strike C","ats:Strike G","ats:Strike S","ats:Strike V","ats:Armor Crushing Shot","ats:Defend","ats:Defend","ats:Defend","ats:Emotion Absorption","Moonlight+1","AT_ChampionKick+1","ats:Explosion Area Strengthen","ats:Flexible Camouflage+1","ats:Neurotoxin+1","ats:Support Order","ats:Healing Strengthening+1","ats:Thermite Blade+1","ats:Disruption Kick+1","CurseOfTheBell","ats:Curse Doll+1","ats:Song Of Battle+1","ats:Encircling Forest+1","ats:Assault Order","ats:Poison Spread","ats:Roar Of Ursus+1","ats:Guard Mode+1","ats:Leaping Hammer+1","ats:Calcification+1","ats:True Silver Slash","ats:Serious Mode+1","ats:Closed Bolt Burst Fire+1","ats:Demon Strength+1","ats:Overload+1","ats:Apocalypse+1"],"relics":["ats:Sanity","AT_ATBox","REME_ComplimentaryCards","Oddly Smooth Stone","ats:Originium","Happy Flower","Nunchaku","AT_SunfireAegis","LetterFromLob","Calling Bell","Dota2Spire:EchoSabre","Letter Opener","CaptainsWheel","Frozen Egg 2","Boot","Tiny Chest","AT_RedNoBalance","ats:Tactical Delivery","Lizard Tail","ClockworkSouvenir","Meat on the Bone","CatCart","Dota2Spire:DivineRapier","Dota2Spire:CrimsonGuard","ats:Assault","InkBottle"],"acts_visited":["Exordium","TheCity","TheBeyond"],"potions_floor_usage":[6,16,21,21,25,25,31,33,33,44,50,50],"damage_taken":[{"damage":0,"enemies":"Small Slimes","floor":1,"turns":2},{"damage":11,"enemies":"Jaw Worm","floor":4,"turns":2},{"damage":0,"enemies":"Cultist","floor":5,"turns":3},{"damage":30,"enemies":"Lagavulin","floor":6,"turns":5},{"damage":0,"enemies":"Looter","floor":10,"turns":2},{"damage":10,"enemies":"Large Slime","floor":14,"turns":4},{"damage":0,"enemies":"Slime Boss","floor":16,"turns":5},{"damage":0,"enemies":"3 Byrds","floor":18,"turns":2},{"damage":0,"enemies":"Chosen","floor":20,"turns":4},{"damage":3,"enemies":"Snecko","floor":21,"turns":4},{"damage":8,"enemies":"Centurion and Healer","floor":22,"turns":4},{"damage":0,"enemies":"Gremlin Leader","floor":23,"turns":4},{"damage":27,"enemies":"Book of Stabbing","floor":25,"turns":5},{"damage":9,"enemies":"Snake Plant","floor":29,"turns":5},{"damage":0,"enemies":"Sentry and Sphere","floor":31,"turns":4},{"damage":55,"enemies":"Champ","floor":33,"turns":9},{"damage":0,"enemies":"3 Shapes","floor":35,"turns":3},{"damage":14,"enemies":"3 Darklings","floor":36,"turns":4},{"damage":24,"enemies":"Mind Bloom Boss Battle","floor":37,"turns":4},{"damage":0,"enemies":"Orin","floor":39,"turns":7},{"damage":18,"enemies":"Nemesis","floor":41,"turns":3},{"damage":21,"enemies":"4 Shapes","floor":42,"turns":2},{"damage":0,"enemies":"Transient","floor":44,"turns":5},{"damage":0,"enemies":"Sphere and 2 Shapes","floor":46,"turns":1},{"damage":3,"enemies":"Reptomancer","floor":47,"turns":2},{"damage":6,"enemies":"4 Shapes","floor":48,"turns":1},{"damage":23,"enemies":"Donu and Deca","floor":50,"turns":4}],"seed_played":"-1887516875200400700","potions_obtained":[{"floor":1,"key":"ZuzhouPotion:ReiMu"},{"floor":4,"key":"Fire Potion"},{"floor":10,"key":"AttackPotion"},{"floor":14,"key":"SkillPotion"},{"floor":18,"key":"Fire Potion"},{"floor":22,"key":"DuplicationPotion"},{"floor":23,"key":"Dota2Spire:HealingSalve"},{"floor":29,"key":"Dota2Spire:HealingSalve"},{"floor":31,"key":"Energy Potion"},{"floor":39,"key":"ats:Top Emergency Sanity Potion"},{"floor":41,"key":"Swift Potion"},{"floor":42,"key":"DistilledChaos"},{"floor":46,"key":"Strength Potion"},{"floor":48,"key":"Energy Potion"}],"is_trial":false,"path_per_floor":["M","?","?","M","M","E","R","T","T","M","?","?","R","M","R","B",null,"M","$","M","M","M","E","R","E","T","R","M","M","R","M","R","B",null,"M","M","?","$","?","R","E","M","T","M","$","M","E","M","R","B",null,null],"character_chosen":"DOCTOR_CLASS","items_purchased":["Frozen Egg 2","ats:Song Of Battle+1","ClockworkSouvenir","Meat on the Bone","ats:Assault","Dota2Spire:Clarity"],"campfire_rested":0,"item_purchase_floors":[19,19,38,38,45,45],"current_hp_per_floor":[72,65,72,61,61,31,31,31,31,31,55,55,55,45,45,45,72,72,72,72,69,61,61,61,34,34,34,34,27,27,45,45,13,72,36,22,12,12,37,37,30,27,27,50,50,48,45,39,39,31,31],"gold":69,"neow_bonus":"UPGRADE_CARD","is_daily":false,"chose_seed":false,"campfire_upgraded":9,"win_rate":0.0,"timestamp":1612033916,"path_taken":["M","?","?","M","M","E","R","?","T","?","?","?","R","M","R","BOSS","M","$","M","?","M","E","R","E","T","R","M","M","R","M","R","BOSS","M","M","?","$","?","R","E","M","T","M","$","M","E","M","R","BOSS"],"items_purchased_type":["Relic","Card","Relic","Relic","Relic","Potion"],"build_version":"2020-12-22","purchased_purges":0,"victory":true,"max_hp_per_floor":[72,72,72,72,72,72,72,72,72,72,72,72,72,72,72,72,72,72,72,72,72,72,72,72,72,72,72,72,72,72,72,72,72,72,72,72,72,72,72,72,72,72,72,72,72,72,72,72,72,72,72],"card_choices":[{"not_picked":["ats:Guard Mode","ats:Composite Medical Shells"],"picked":"ats:Explosion Area Strengthen","floor":1},{"not_picked":["ats:Encircling Forest","ats:Very Hot Blade"],"picked":"ats:Flexible Camouflage","floor":4},{"not_picked":["ats:Defend Order","ats:Counter Healing Mode"],"picked":"ats:Neurotoxin","floor":5},{"not_picked":["ats:Revitalization","ats:Literary Storm"],"picked":"ats:Support Order","floor":6},{"not_picked":["ats:Cat Scratch","ats:Ignite"],"picked":"ats:Healing Strengthening","floor":10},{"not_picked":["ats:Ignite","ats:Beaten Up"],"picked":"ats:Thermite Blade","floor":14},{"not_picked":["ats:Dogmatic Field","ats:Echo Reverb"],"picked":"ats:Disruption Kick","floor":16},{"not_picked":["ats:Revitalization","ats:Consecutive Shot Auto"],"picked":"ats:Curse Doll","floor":18},{"not_picked":["ats:Hammer On","ats:Flexible Camouflage+1"],"picked":"ats:Encircling Forest","floor":20},{"not_picked":["ats:Flame Of Heaven+1","ats:Consecutive Shot Auto"],"picked":"ats:Assault Order","floor":21},{"not_picked":["ats:Composite Medical Shells+1","ats:Ignite"],"picked":"ats:Poison Spread","floor":22},{"not_picked":["ats:Leaping Hammer","ats:Explosion Area Strengthen"],"picked":"ats:Roar Of Ursus+1","floor":23},{"not_picked":["ats:Hammer On","ats:Ignite"],"picked":"ats:Guard Mode+1","floor":25},{"not_picked":["ats:Collapsing Strike","ats:Apocalypse"],"picked":"ats:Leaping Hammer+1","floor":29},{"not_picked":["ats:Steam Pump","ats:Rapid Magazine+1"],"picked":"ats:Calcification","floor":31},{"not_picked":["ats:Echo Reverb","ats:Durian"],"picked":"ats:True Silver Slash","floor":33},{"not_picked":["ats:Hook Shot+1","ats:Blood Oath","ats:Revitalization"],"picked":"SKIP","floor":35},{"not_picked":["ats:Thorns+1","ats:Explosion Area Strengthen"],"picked":"ats:Serious Mode+1","floor":36},{"not_picked":["ats:Sunburst+1","ats:Shadow Raid"],"picked":"ats:Closed Bolt Burst Fire+1","floor":37},{"not_picked":["ats:Serious Mode+1","ats:Cat Scratch"],"picked":"ats:Demon Strength+1","floor":39},{"not_picked":["ats:Closed Bolt Burst Fire+1","ats:Curse Doll+1","ats:Cat Scratch"],"picked":"SKIP","floor":41},{"not_picked":["ats:Powerful Strike","ats:Leaping Hammer+1","ats:Healing Strengthening+1"],"picked":"SKIP","floor":42},{"not_picked":["ats:Mental Burst+1","ats:Flexible Camouflage","ats:Hammer On"],"picked":"SKIP","floor":44},{"not_picked":["ats:Ignite","ats:Flexible Camouflage"],"picked":"ats:Overload+1","floor":46},{"not_picked":["ats:Disruption Kick","ats:Absolute Focus+1"],"picked":"ats:Apocalypse+1","floor":47},{"not_picked":["ats:Apocalypse","ats:Explosion Area Strengthen+1","ats:Support Order+1"],"picked":"SKIP","floor":48}],"player_experience":747199,"relics_obtained":[{"floor":6,"key":"ats:Originium"},{"floor":6,"key":"Happy Flower"},{"floor":8,"key":"Nunchaku"},{"floor":9,"key":"AT_SunfireAegis"},{"floor":10,"key":"LetterFromLob"},{"floor":17,"key":"Dota2Spire:EchoSabre"},{"floor":17,"key":"Letter Opener"},{"floor":17,"key":"CaptainsWheel"},{"floor":23,"key":"ats:Originium"},{"floor":23,"key":"Boot"},{"floor":25,"key":"ats:Originium"},{"floor":25,"key":"Tiny Chest"},{"floor":26,"key":"AT_SilverBalance"},{"floor":37,"key":"Lizard Tail"},{"floor":39,"key":"CatCart"},{"floor":41,"key":"Dota2Spire:DivineRapier"},{"floor":43,"key":"Dota2Spire:CrimsonGuard"},{"floor":47,"key":"InkBottle"}],"event_choices":[{"damage_healed":0,"gold_gain":0,"player_choice":"Success","damage_taken":7,"relics_obtained":["Oddly Smooth Stone"],"max_hp_gain":0,"max_hp_loss":0,"event_name":"Scrap Ooze","floor":2,"gold_loss":0},{"damage_healed":18,"gold_gain":0,"player_choice":"Healed","damage_taken":0,"max_hp_gain":0,"max_hp_loss":0,"event_name":"The Cleric","floor":3,"gold_loss":35},{"damage_healed":24,"gold_gain":0,"player_choice":"Banana","damage_taken":0,"max_hp_gain":0,"max_hp_loss":0,"event_name":"Big Fish","floor":11,"gold_loss":0},{"cards_removed":["ats:Defend"],"damage_healed":0,"gold_gain":0,"player_choice":"Purged","damage_taken":0,"max_hp_gain":0,"max_hp_loss":0,"event_name":"Purifier","floor":12,"gold_loss":0},{"damage_healed":0,"gold_gain":0,"player_choice":"Fight","damage_taken":0,"max_hp_gain":0,"max_hp_loss":0,"event_name":"MindBloom","floor":37,"gold_loss":0},{"damage_healed":0,"gold_gain":0,"player_choice":"Fight","damage_taken":0,"max_hp_gain":0,"max_hp_loss":0,"event_name":"OrinTheCat","floor":39,"gold_loss":0}],"is_beta":false,"boss_relics":[{"not_picked":["Runic Pyramid","REME_DuelDisc"],"picked":"Calling Bell"},{"not_picked":["Black Star","AT_MortalBlade"],"picked":"ats:Tactical Delivery"}],"items_purged_floors":[],"is_endless":false,"potions_floor_spawned":[1,4,10,14,18,22,23,29,31,39,41,42,46,48],"ascension_level":0}}