{"host":"c3lc60y5x60jlt1y","time":1612000710,"event":{"mods":["AchievementEnabler","BaseMod","Bestiary","Colored Map","Minty Spire (QoL Compilation)","Quick Restart","StSLib","ojb\u0027s Info Mod"],"gold_per_floor":[119,137,156,156,156,156,169,188,188,2,14,14,14,40,40,141,141,152,163,63,79,92,92,25,25,25,43,43,43,43,43],"floor_reached":30,"language":"ENG","playtime":2739,"items_purged":["Strike_P"],"score":282,"play_id":"fbd0347d-811f-4fad-ad71-fd4de70ee414","local_time":"20210130115830","is_ascension_mode":false,"campfire_choices":[{"data":"Eruption","floor":6.0,"key":"SMITH"},{"data":"Enlightenment","floor":15.0,"key":"SMITH"},{"data":"Vault","floor":23.0,"key":"SMITH"},{"data":"Ragnarok","floor":29.0,"key":"SMITH"}],"circlet_count":0,"master_deck":["Strike_P","Strike_P","Strike_P","Defend_P","Defend_P","Eruption+1","Vigilance","FlurryOfBlows","Conclude","Evaluate","Crescendo","CutThroughFate","SpiritShield","WheelKick","PathToVictory","Enlightenment+1","Tantrum","Ragnarok+1","PathToVictory","Vault+1","Adaptation","WreathOfFlame","MentalFortress+1"],"relics":["PureWater"],"acts_visited":["Exordium","TheCity"],"potions_floor_usage":[],"damage_taken":[{"damage":2.0,"enemies":"Small Slimes","floor":1.0,"turns":3.0},{"damage":3.0,"enemies":"2 Louse","floor":2.0,"turns":2.0},{"damage":6.0,"enemies":"Jaw Worm","floor":3.0,"turns":2.0},{"damage":0.0,"enemies":"3 Louse","floor":7.0,"turns":1.0},{"damage":2.0,"enemies":"Lots of Slimes","floor":8.0,"turns":2.0},{"damage":8.0,"enemies":"Red Slaver","floor":11.0,"turns":3.0},{"damage":10.0,"enemies":"3 Sentries","floor":14.0,"turns":4.0},{"damage":0.0,"enemies":"Slime Boss","floor":16.0,"turns":5.0},{"damage":6.0,"enemies":"3 Byrds","floor":18.0,"turns":3.0},{"damage":20.0,"enemies":"2 Thieves","floor":19.0,"turns":4.0},{"damage":32.0,"enemies":"Cultist and Chosen","floor":21.0,"turns":3.0},{"damage":6.0,"enemies":"Sentry and Sphere","floor":22.0,"turns":3.0},{"damage":0.0,"enemies":"Centurion and Healer","floor":27.0,"turns":4.0},{"damage":21,"enemies":"Snake Plant","floor":30,"turns":1}],"seed_played":"7579096373011547325","potions_obtained":[{"floor":7.0,"key":"SteroidPotion"},{"floor":8.0,"key":"AttackPotion"},{"floor":14.0,"key":"LiquidBronze"},{"floor":21.0,"key":"Energy Potion"},{"floor":22.0,"key":"BottledMiracle"}],"is_trial":false,"path_per_floor":["M","M","M","?","?","R","M","M","T","$","M","?","$","E","R","B",null,"M","M","$","M","M","R","$","?","T","M","$","R","M"],"character_chosen":"WATCHER","items_purchased":["SpiritShield","WheelKick","PathToVictory","WreathOfFlame"],"campfire_rested":0,"item_purchase_floors":[10,10,20,24],"current_hp_per_floor":[77,74,68,61,66,66,66,64,64,64,56,56,56,46,46,46,84,78,58,58,26,20,20,20,20,20,20,20,20,0,0],"gold":43,"neow_bonus":"TEN_PERCENT_HP_BONUS","is_daily":false,"chose_seed":false,"campfire_upgraded":4,"win_rate":0.0,"timestamp":1612000710,"path_taken":["M","M","M","?","?","R","M","M","T","?","M","?","$","E","R","BOSS","M","M","$","M","?","R","?","?","T","M","?","R","?"],"items_purchased_type":["Card","Card","Card","Card"],"build_version":"2020-12-22","purchased_purges":1,"victory":false,"max_hp_per_floor":[79,79,79,79,84,84,84,84,84,84,84,84,84,84,84,84,84,84,84,84,84,84,84,84,84,84,84,84,84,84,84],"card_choices":[{"not_picked":["Protect","Perseverance"],"picked":"FlurryOfBlows","floor":1.0},{"not_picked":["EmptyBody","BowlingBash"],"picked":"Conclude","floor":2.0},{"not_picked":["Nirvana","Collect"],"picked":"Evaluate","floor":3.0},{"not_picked":["FlurryOfBlows","Study"],"picked":"Crescendo","floor":7.0},{"not_picked":["Consecrate","FlyingSleeves"],"picked":"CutThroughFate","floor":8.0},{"not_picked":["ForeignInfluence","CutThroughFate"],"picked":"PathToVictory","floor":11.0},{"not_picked":["Consecrate","EmptyMind"],"picked":"Tantrum","floor":14.0},{"not_picked":["Devotion","DevaForm"],"picked":"Ragnarok","floor":16.0},{"not_picked":["FlurryOfBlows","SashWhip","CarveReality"],"picked":"SKIP","floor":18.0},{"not_picked":["Crescendo","Protect","Consecrate"],"picked":"SKIP","floor":19.0},{"not_picked":["FollowUp","Meditate"],"picked":"Vault","floor":21.0},{"not_picked":["Prostrate","BowlingBash"],"picked":"Adaptation","floor":22.0},{"not_picked":["JustLucky","Evaluate"],"picked":"MentalFortress+1","floor":27.0}],"player_experience":8775707,"relics_obtained":[],"event_choices":[{"cards_removed":["Defend_P"],"damage_healed":0.0,"max_hp_gain":0.0,"max_hp_loss":0.0,"gold_gain":0.0,"event_name":"Golden Wing","player_choice":"Card Removal","floor":4.0,"gold_loss":0.0,"damage_taken":7.0},{"damage_healed":0.0,"max_hp_gain":5.0,"max_hp_loss":0.0,"gold_gain":0.0,"event_name":"Big Fish","player_choice":"Donut","floor":5.0,"gold_loss":0.0,"damage_taken":0.0},{"damage_healed":0.0,"max_hp_gain":0.0,"max_hp_loss":0.0,"gold_gain":0.0,"event_name":"Match and Keep!","player_choice":"1 cards matched","floor":12.0,"gold_loss":0.0,"damage_taken":0.0,"cards_obtained":["Enlightenment"]},{"cards_removed":["Defend_P"],"damage_healed":0.0,"max_hp_gain":0.0,"max_hp_loss":0.0,"gold_gain":0.0,"event_name":"Back to Basics","player_choice":"Elegance","floor":25.0,"gold_loss":0.0,"damage_taken":0.0}],"is_beta":false,"boss_relics":[{"not_picked":["SlaversCollar","Empty Cage","Busted Crown"]}],"items_purged_floors":[20],"is_endless":false,"potions_floor_spawned":[7,8,14,21,22,27],"killed_by":"Snake Plant","ascension_level":0}}