{"host":"4a0aa7b2d8dxohwr","time":1612008782,"event":{"mods":["Act Like it!","BaseMod","Dota2Spire","Friendly Minions","Gensokyo","GifTheSpireLib","GungeonMod","Marisa£®ÏF”Í°°ƒß¿Ì…≥£©","Minty Spire (QoL Compilation)","Reimu£®≤©¿ˆ¡È√Œ£©","Reliquary","Remilia£®¿Ÿ√◊¿Ú—«£©","Shop Mod","StSLib","The Cursed","The Senshi","The Servant 0.9.4","Youmu£®ªÍ∆«—˝√Œ£©","[IsaacMod]“‘»ˆº‚À˛"],"gold_per_floor":[218,21,35,35,35,63,63,79,105,123,123,134,134,153,153,252,252,267,267,133,146,106,106,106,106],"floor_reached":24,"language":"ZHS","playtime":1426,"items_purged":[],"score":196,"play_id":"c5a53fac-c9ac-49f5-8bdf-b301f92878f0","local_time":"20210130201302","is_ascension_mode":false,"campfire_choices":[{"data":"TheCursedMod:CursedWand","floor":11,"key":"SMITH"},{"data":"TheCursedMod:WearCloak","floor":13,"key":"SMITH"},{"data":"TheCursedMod:FleshFromBone","floor":15,"key":"SMITH"},{"data":"TheCursedMod:HellfireBreathing","floor":23,"key":"SMITH"}],"circlet_count":0,"master_deck":["TheCursedMod:Strike_TheCursed","TheCursedMod:Strike_TheCursed","TheCursedMod:Strike_TheCursed","TheCursedMod:Strike_TheCursed","TheCursedMod:Defend_TheCursed","TheCursedMod:Defend_TheCursed","TheCursedMod:Defend_TheCursed","TheCursedMod:Defend_TheCursed","TheCursedMod:CursedWand+1","TheCursedMod:CleanUpWorkshop","TheCursedMod:Dregs","TheCursedMod:SpitefulStrike","TheCursedMod:SoulCrush","TheCursedMod:StunningStrike","TheCursedMod:CursedBlade+1","TheCursedMod:SurpriseAttack","TheCursedMod:WearCloak+1","TheCursedMod:FleshFromBone+1","TheCursedMod:SpitefulPlan","TheCursedMod:VoidForm","CurseOfTheBell","TheCursedMod:HellfireBreathing+1","TheWorld+1","Gensokyo:BlemishedSteel","Gensokyo:MysteriousEgg"],"relics":["TheCursedMod:BlackMagic101","HushsDoor","NineVolt","SteamSale","Mango","Nunchaku","Calling Bell","Dota2Spire:BladeMail","Pantograph","DemoMod:SuperHotWatch"],"acts_visited":["Exordium","Gensokyo:Gensokyo"],"potions_floor_usage":[],"damage_taken":[{"damage":0.0,"enemies":"Gensokyo:Python","floor":1.0,"turns":4.0},{"damage":3.0,"enemies":"Gensokyo:Gryphon","floor":3.0,"turns":5.0},{"damage":28.0,"enemies":"Gensokyo:Aya","floor":6.0,"turns":6.0},{"damage":1.0,"enemies":"Gensokyo:3_Fairies","floor":8.0,"turns":4.0},{"damage":0,"enemies":"Gensokyo:3_Kodama","floor":10,"turns":5},{"damage":0,"enemies":"Gensokyo:VengefulSpirit","floor":12,"turns":3},{"damage":3,"enemies":"Gensokyo:5_Fairies","floor":14,"turns":4},{"damage":3,"enemies":"Gensokyo:Reimu","floor":16,"turns":16},{"damage":12,"enemies":"Gensokyo:AngelMirror","floor":18,"turns":4},{"damage":7,"enemies":"Gensokyo:Chomper","floor":21,"turns":4},{"damage":65,"enemies":"Gensokyo:Tenshi","floor":24,"turns":6}],"seed_played":"-3931932598266893386","potions_obtained":[{"floor":1.0,"key":"DuplicationPotion"},{"floor":3.0,"key":"PowerPotion"},{"floor":6.0,"key":"Dexterity Potion"}],"is_trial":false,"path_per_floor":["M","COS","M","?","?","E","?","M","T","M","R","M","R","M","R","B",null,"M","?","COS","M","?","R","E"],"character_chosen":"THE_CURSED","items_purchased":[],"campfire_rested":0,"item_purchase_floors":[],"current_hp_per_floor":[75,75,72,65,65,37,37,36,36,36,36,36,36,33,33,30,89,77,77,77,70,70,70,5,5],"gold":106,"neow_bonus":"HUNDRED_GOLD","is_daily":false,"chose_seed":false,"campfire_upgraded":4,"win_rate":0.0,"timestamp":1612008782,"path_taken":["M","COS","M","?","?","E","?","M","T","M","R","M","R","?","R","BOSS","M","?","COS","M","?","R","E"],"items_purchased_type":[],"build_version":"2020-12-22","purchased_purges":0,"victory":false,"max_hp_per_floor":[75,75,75,89,89,89,89,89,89,89,89,89,89,89,89,89,89,89,89,89,89,89,89,89,89],"card_choices":[{"not_picked":["TheCursedMod:Evocation","TheCursedMod:CursedSpellbook"],"picked":"TheCursedMod:SpitefulStrike","floor":1.0},{"not_picked":["TheCursedMod:Wield","TheCursedMod:Stigma"],"picked":"TheCursedMod:SoulCrush","floor":3.0},{"not_picked":["TheCursedMod:SoulCrush","TheCursedMod:CursedSpellbook"],"picked":"TheCursedMod:StunningStrike","floor":6.0},{"not_picked":["TheCursedMod:FleshFromBone","TheCursedMod:CircleOfBlood"],"picked":"TheCursedMod:SurpriseAttack","floor":8.0},{"not_picked":["TheCursedMod:ReleasedStrength","TheCursedMod:RavingStaff"],"picked":"TheCursedMod:WearCloak","floor":10},{"not_picked":["TheCursedMod:SmokeScreen","TheCursedMod:RapidMovement"],"picked":"TheCursedMod:FleshFromBone","floor":12},{"not_picked":["TheCursedMod:CursedBoomerang","TheCursedMod:RapidMovement"],"picked":"TheCursedMod:SpitefulPlan","floor":14},{"not_picked":["TheCursedMod:CollectTribute","TheCursedMod:ForbiddenAlchemy"],"picked":"TheCursedMod:VoidForm","floor":16},{"not_picked":["TheCursedMod:CircleOfFlame","TheCursedMod:CursedAmulet+1"],"picked":"TheCursedMod:HellfireBreathing","floor":18},{"not_picked":["TheCursedMod:CursedShiv","TheCursedMod:RavingStaff","TheCursedMod:AshesToAshes"],"picked":"SKIP","floor":21}],"player_experience":506236,"relics_obtained":[{"floor":17,"key":"Dota2Spire:BladeMail"},{"floor":17,"key":"Pantograph"},{"floor":17,"key":"DemoMod:SuperHotWatch"}],"event_choices":[],"is_beta":false,"boss_relics":[{"not_picked":["reliquary:RedCape","reliquary:KinkedSpring"],"picked":"Calling Bell"},{"not_picked":[]}],"items_purged_floors":[],"is_endless":false,"potions_floor_spawned":[1,3,6],"killed_by":"Gensokyo:Tenshi","ascension_level":0}}