{"host":"vk2n6bsv4f6zkux3","time":1612006498,"event":{"mods":["BaseMod","Minty Spire (QoL Compilation)","Quick Restart","Shop Mod","StSLib"],"gold_per_floor":[115,10168,10187,10187,10187,10187,10218,10218,10218,10234,10184,9605,9636,9650,9650,9746,9746,9765,9785,9384,9404,8967,9001,9016,9028,9053,9079,9096,9096,9108,9108,9108,9206,9206,9224,9238,8773,8792,8307,8341,8341,8355,8401,8401,8416,8436,8436,8447,8447,8447,8447,8447,7994,8022,8022],"floor_reached":56,"language":"ENG","playtime":47163,"items_purged":["Strike_B","Strike_B","Defend_B","Defend_B","Defend_B","Defend_B","Darkness"],"score":1556,"play_id":"afdfa8e6-2cf0-4c2b-b143-9d4fe725f130","local_time":"20210130063458","is_ascension_mode":false,"campfire_choices":[{"data":"Zap","floor":6,"key":"SMITH"},{"floor":15,"key":"REST"},{"floor":32,"key":"REST"},{"floor":41,"key":"RECALL"},{"floor":47,"key":"REST"},{"floor":49,"key":"REST"},{"data":"Storm","floor":52,"key":"SMITH"}],"circlet_count":0,"master_deck":["Zap+1","Dualcast","Dramatic Entrance","Conserve Battery","Heatsinks","Swift Strike","All For One","Beam Cell","Cold Snap","Chaos","Defragment","Swift Strike","Reboot+1","Defragment","Heatsinks","Capacitor","Glacier","Creative AI","Hello World","Gash","Self Repair","Tempest","Coolheaded","Storm+1","Consume","Leap","Beam Cell","Genetic Algorithm","Go for the Eyes+1","Conserve Battery","Thunder Strike","Reinforced Body+1","Capacitor","Steam+1","FTL","Violence","Tempest+1","Loop","Violence","Thunder Strike","Blizzard","Gash","Parasite","Turbo+1","Mayhem","Master of Strategy","Flash of Steel","Ball Lightning+1","Gash","Auto Shields+1","Aggregate+1","Turbo+1","Self Repair","White Noise","White Noise"],"relics":["Cracked Core","Gremlin Horn","Juzu Bracelet","Membership Card","MerchantsRug","Bag of Preparation","Ice Cream","CaptainsWheel","Dream Catcher","TungstenRod","DollysMirror","Torii","Inserter","Centennial Puzzle","Boot","Toolbox","PreservedInsect","Ancient Tea Set","Letter Opener","Smiling Mask","Potion Belt","SacredBark","Nunchaku","InkBottle","Cauldron","Orichalcum","OrangePellets","War Paint","Shuriken","Bag of Marbles","Chemical X","Vajra"],"acts_visited":["Exordium","TheCity","TheBeyond","TheEnding"],"potions_floor_usage":[2,3,3,7,7,7,13,16,16,16,18,18,19,21,23,23,33,33,35,38,38,38,40,40,40,42,54,54,54],"damage_taken":[{"damage":0,"enemies":"2 Louse","floor":1,"turns":2},{"damage":0,"enemies":"Jaw Worm","floor":3,"turns":3},{"damage":0,"enemies":"3 Sentries","floor":7,"turns":3},{"damage":0,"enemies":"Cultist","floor":10,"turns":1},{"damage":0,"enemies":"Gremlin Nob","floor":13,"turns":4},{"damage":0,"enemies":"Blue Slaver","floor":14,"turns":2},{"damage":0,"enemies":"The Guardian","floor":16,"turns":10},{"damage":0,"enemies":"2 Thieves","floor":18,"turns":4},{"damage":0,"enemies":"Spheric Guardian","floor":19,"turns":6},{"damage":14,"enemies":"Shelled Parasite and Fungi","floor":21,"turns":5},{"damage":5,"enemies":"Gremlin Leader","floor":23,"turns":4},{"damage":6,"enemies":"Snake Plant","floor":24,"turns":3},{"damage":0,"enemies":"Chosen and Byrds","floor":25,"turns":4},{"damage":5,"enemies":"Book of Stabbing","floor":27,"turns":4},{"damage":13,"enemies":"Centurion and Healer","floor":28,"turns":5},{"damage":13,"enemies":"Snecko","floor":30,"turns":6},{"damage":6,"enemies":"Collector","floor":33,"turns":9},{"damage":24,"enemies":"3 Darklings","floor":35,"turns":5},{"damage":22,"enemies":"3 Shapes","floor":36,"turns":3},{"damage":33,"enemies":"Jaw Worm Horde","floor":38,"turns":3},{"damage":0,"enemies":"Reptomancer","floor":40,"turns":3},{"damage":12,"enemies":"Writhing Mass","floor":42,"turns":5},{"damage":8,"enemies":"Transient","floor":45,"turns":5},{"damage":0,"enemies":"Maw","floor":46,"turns":4},{"damage":0,"enemies":"Writhing Mass","floor":48,"turns":4},{"damage":20,"enemies":"Awakened One","floor":50,"turns":7},{"damage":0,"enemies":"Shield and Spear","floor":54,"turns":3},{"damage":63,"enemies":"The Heart","floor":55,"turns":7}],"seed_played":"-665675477829047939","potions_obtained":[{"floor":5,"key":"Swift Potion"},{"floor":7,"key":"EntropicBrew"},{"floor":14,"key":"SkillPotion"},{"floor":24,"key":"Ancient Potion"},{"floor":27,"key":"AttackPotion"},{"floor":28,"key":"Regen Potion"},{"floor":30,"key":"PotionOfCapacity"},{"floor":36,"key":"Weak Potion"},{"floor":37,"key":"FairyPotion"},{"floor":37,"key":"PowerPotion"},{"floor":37,"key":"Regen Potion"},{"floor":37,"key":"LiquidBronze"},{"floor":38,"key":"Weak Potion"},{"floor":40,"key":"Fruit Juice"},{"floor":45,"key":"SpeedPotion"}],"is_trial":false,"path_per_floor":["M","$","M","?","?","R","E","?","T","M","?","$","E","M","R","B",null,"M","M","$","M","$","E","M","M","T","E","M","?","M","?","R","B",null,"M","M","$","M","$","E","R","M","T","?","M","M","R","M","R","B",null,"R","$","E","B",null],"character_chosen":"DEFECT","items_purchased":["Heatsinks","Gremlin Horn","Juzu Bracelet","Membership Card","Swift Potion","Fruit Juice","EntropicBrew","Swift Strike","All For One","MerchantsRug","Defragment","Swift Strike","Reboot","Dream Catcher","TungstenRod","DollysMirror","EntropicBrew","SkillPotion","Centennial Puzzle","Boot","Toolbox","Self Repair","Tempest","Energy Potion","GamblersBrew","PreservedInsect","Ancient Tea Set","PrismaticShard","Storm","Consume","Fruit Juice","Regen Potion","Capacitor","Nunchaku","InkBottle","Cauldron","Steam","FTL","Violence","Darkness","Loop","Violence","Orichalcum","OrangePellets","Energy Potion","Block Potion","ColorlessPotion","Thunder Strike","Blizzard","Shuriken","Bag of Marbles","Chemical X","SkillPotion","AttackPotion","FocusPotion","Self Repair","White Noise"],"campfire_rested":4,"item_purchase_floors":[2,2,2,2,2,2,2,2,2,2,12,12,12,12,12,12,12,12,20,20,20,20,20,20,20,22,22,22,22,22,22,22,37,37,37,37,37,37,37,37,39,39,39,39,39,39,39,39,39,53,53,53,53,53,53,53,53],"current_hp_per_floor":[75,80,80,68,68,68,68,61,61,61,61,61,61,61,80,80,80,80,80,80,73,73,85,79,85,85,80,67,95,82,64,94,95,100,100,85,85,52,52,52,52,57,57,48,47,54,87,87,110,97,110,110,110,110,54],"gold":8022,"neow_bonus":"RANDOM_COLORLESS","is_daily":false,"chose_seed":false,"campfire_upgraded":2,"win_rate":0.0,"timestamp":1612006498,"path_taken":["M","$","M","?","?","R","E","?","T","M","?","$","E","M","R","BOSS","M","M","$","M","$","E","M","M","T","E","M","?","M","?","R","BOSS","M","M","$","M","$","E","R","M","T","?","M","M","R","M","R","BOSS","R","$","E","BOSS"],"items_purchased_type":["Card","Relic","Relic","Relic","Potion","Potion","Potion","Card","Card","Relic","Card","Card","Card","Relic","Relic","Relic","Potion","Potion","Relic","Relic","Relic","Card","Card","Potion","Potion","Relic","Relic","Relic","Card","Card","Potion","Potion","Card","Relic","Relic","Relic","Card","Card","Card","Card","Card","Card","Relic","Relic","Potion","Potion","Potion","Card","Card","Relic","Relic","Relic","Potion","Potion","Potion","Card","Card"],"build_version":"2020-12-22","purchased_purges":7,"victory":true,"max_hp_per_floor":[75,80,80,80,80,80,80,80,80,80,80,80,80,80,80,80,80,80,80,80,80,80,85,85,85,85,85,85,95,95,100,100,100,100,100,100,100,100,100,100,100,110,110,110,110,110,110,110,110,110,110,110,110,110,110],"card_choices":[{"not_picked":["Impatience","PanicButton"],"picked":"Dramatic Entrance","floor":0},{"not_picked":["Gash","Streamline"],"picked":"Conserve Battery","floor":1},{"not_picked":["Gash","Turbo"],"picked":"Beam Cell","floor":3},{"not_picked":["Leap","Doom and Gloom"],"picked":"Cold Snap","floor":7},{"not_picked":["Streamline","Conserve Battery"],"picked":"Chaos","floor":10},{"not_picked":["Fission","Rip and Tear"],"picked":"Heatsinks","floor":13},{"not_picked":["Tempest","Conserve Battery"],"picked":"Capacitor","floor":14},{"not_picked":["Go for the Eyes","Rebound"],"picked":"Glacier","floor":15},{"not_picked":["Machine Learning","Thunder Strike"],"picked":"Creative AI","floor":16},{"not_picked":["Doom and Gloom","Coolheaded+1"],"picked":"Hello World","floor":18},{"not_picked":["Steam Power","Reprogram"],"picked":"Gash","floor":19},{"not_picked":["Barrage","Melter"],"picked":"Coolheaded","floor":21},{"not_picked":["Masterful Stab","Recycle"],"picked":"Thinking Ahead","floor":23},{"not_picked":["True Grit+1","Blade Dance+1"],"picked":"Leap","floor":24},{"not_picked":["Armaments","CutThroughFate","Blood for Blood"],"picked":"SKIP","floor":25},{"not_picked":["Fasting2","Scrape+1"],"picked":"Beam Cell","floor":27},{"not_picked":["Nirvana","Coolheaded"],"picked":"Genetic Algorithm","floor":28},{"not_picked":["Underhanded Strike","Cloak And Dagger"],"picked":"Go for the Eyes+1","floor":30},{"not_picked":["Conclude+1","Evaluate+1"],"picked":"Conserve Battery","floor":32},{"not_picked":["Double Tap","Glass Knife"],"picked":"Thunder Strike","floor":33},{"not_picked":["Battle Trance+1","CutThroughFate","Collect"],"picked":"SKIP","floor":35},{"not_picked":["CrushJoints+1","Hologram+1"],"picked":"Reinforced Body+1","floor":36},{"not_picked":["Beam Cell+1","Coolheaded+1"],"picked":"Tempest+1","floor":38},{"not_picked":["Seek","Turbo"],"picked":"Gash","floor":40},{"not_picked":["Hologram","Rebound+1"],"picked":"Turbo+1","floor":42},{"not_picked":["PanicButton","Blind"],"picked":"Mayhem","floor":44},{"not_picked":["Trip","Violence"],"picked":"Master of Strategy","floor":44},{"not_picked":["Thinking Ahead","Trip"],"picked":"Flash of Steel","floor":44},{"not_picked":["Hologram+1","Cold Snap+1"],"picked":"Ball Lightning+1","floor":45},{"not_picked":["Redo","Coolheaded"],"picked":"Gash","floor":46},{"not_picked":["Cold Snap","Ball Lightning"],"picked":"Auto Shields+1","floor":47},{"not_picked":["Leap","Turbo"],"picked":"Aggregate+1","floor":48},{"not_picked":["Cold Snap+1","Coolheaded+1"],"picked":"Turbo+1","floor":49},{"not_picked":["Blizzard","Defragment+1"],"picked":"White Noise","floor":54}],"player_experience":77767,"relics_obtained":[{"floor":7,"key":"Ice Cream"},{"floor":9,"key":"CaptainsWheel"},{"floor":13,"key":"Torii"},{"floor":23,"key":"Letter Opener"},{"floor":26,"key":"Smiling Mask"},{"floor":27,"key":"Potion Belt"},{"floor":40,"key":"War Paint"},{"floor":54,"key":"Vajra"}],"event_choices":[{"damage_healed":0,"gold_gain":0,"player_choice":"Success","damage_taken":12,"relics_obtained":["Bag of Preparation"],"max_hp_gain":0,"max_hp_loss":0,"event_name":"Scrap Ooze","floor":4,"gold_loss":0},{"damage_healed":0,"gold_gain":0,"player_choice":"Got Potions","damage_taken":0,"max_hp_gain":0,"max_hp_loss":0,"event_name":"Lab","floor":5,"gold_loss":0},{"cards_removed":["Strike_B"],"damage_healed":0,"gold_gain":0,"player_choice":"Card Removal","damage_taken":7,"max_hp_gain":0,"max_hp_loss":0,"event_name":"Golden Wing","floor":8,"gold_loss":0},{"cards_removed":["Strike_B"],"damage_healed":0,"gold_gain":0,"player_choice":"Card Removal","damage_taken":0,"max_hp_gain":0,"max_hp_loss":0,"event_name":"The Cleric","floor":11,"gold_loss":50},{"cards_removed":["Thinking Ahead"],"damage_healed":18,"gold_gain":0,"player_choice":"Offered Rare","damage_taken":0,"max_hp_gain":10,"max_hp_loss":0,"event_name":"Bonfire Elementals","floor":29,"gold_loss":0},{"damage_healed":0,"gold_gain":0,"player_choice":"Shed Blood","damage_taken":24,"max_hp_gain":5,"max_hp_loss":0,"event_name":"Forgotten Altar","floor":31,"gold_loss":0},{"damage_healed":0,"gold_gain":0,"player_choice":"Memory 3","damage_taken":10,"max_hp_gain":0,"max_hp_loss":0,"event_name":"SensoryStone","floor":44,"gold_loss":0}],"is_beta":false,"boss_relics":[{"not_picked":["Tiny House","SlaversCollar"],"picked":"Inserter"},{"not_picked":["Coffee Dripper","FrozenCore"],"picked":"SacredBark"}],"items_purged_floors":[2,12,20,22,37,39,53],"is_endless":false,"potions_floor_spawned":[7,14,24,27,28,30,36,38,40,45],"ascension_level":0}}