{"host":"981nlwu0905dw1bz","time":1612015819,"event":{"mods":["AchievementEnabler","BaseMod","DeckTracker","Minty Spire (QoL Compilation)","Rare Cards Sparkle","SuperFastMode"],"gold_per_floor":[112,127,127,77,88,88,104,131,131,165,165,165,165,185,185,185,185],"floor_reached":16,"language":"KOR","playtime":322,"items_purged":[],"score":176,"play_id":"57313920-12d5-4784-a605-396ff4d128c0","local_time":"20210130231019","is_ascension_mode":true,"campfire_choices":[{"data":"Deadly Poison","floor":6.0,"key":"SMITH"},{"floor":11.0,"key":"REST"},{"data":"Catalyst","floor":13.0,"key":"SMITH"},{"floor":15.0,"key":"REST"}],"circlet_count":0,"master_deck":["AscendersBane","Strike_G","Strike_G","Strike_G","Strike_G","Defend_G+1","Defend_G","Defend_G+1","Defend_G","Defend_G","Survivor+1","Neutralize","Deadly Poison+1","All Out Attack","Deadly Poison","Catalyst+1","Footwork"],"relics":["Ring of the Snake","Ornamental Fan","Sundial","Incense Burner","War Paint"],"acts_visited":["Exordium"],"potions_floor_usage":[],"damage_taken":[{"damage":5.0,"enemies":"Cultist","floor":1.0,"turns":5.0},{"damage":0.0,"enemies":"Jaw Worm","floor":2.0,"turns":5.0},{"damage":0.0,"enemies":"Small Slimes","floor":5.0,"turns":4.0},{"damage":1.0,"enemies":"Looter","floor":7.0,"turns":3.0},{"damage":17.0,"enemies":"3 Sentries","floor":8.0,"turns":8.0},{"damage":21.0,"enemies":"Lagavulin","floor":10.0,"turns":5.0},{"damage":2.0,"enemies":"Exordium Wildlife","floor":14.0,"turns":3.0},{"damage":62,"enemies":"Slime Boss","floor":16,"turns":7}],"seed_played":"-7999210939894446695","potions_obtained":[{"floor":7.0,"key":"Swift Potion"},{"floor":8.0,"key":"PowerPotion"},{"floor":10.0,"key":"Poison Potion"}],"is_trial":false,"path_per_floor":["M","M","T","?","M","R","M","E","T","E","R","?","R","M","R","B"],"character_chosen":"THE_SILENT","items_purchased":[],"campfire_rested":2,"item_purchase_floors":[],"current_hp_per_floor":[58,58,58,58,58,58,57,40,40,19,40,40,40,38,59,0,0],"gold":185,"neow_bonus":"UPGRADE_CARD","is_daily":false,"chose_seed":false,"campfire_upgraded":2,"win_rate":0.0,"timestamp":1612015819,"path_taken":["M","?","?","?","M","R","M","E","T","E","R","?","R","M","R","BOSS"],"items_purchased_type":[],"build_version":"2020-12-22","purchased_purges":0,"victory":false,"max_hp_per_floor":[70,70,70,70,70,70,70,70,70,70,70,70,70,70,70,70,70],"card_choices":[{"not_picked":["PiercingWail","Accuracy"],"picked":"Deadly Poison","floor":1.0},{"not_picked":["Riddle With Holes","Outmaneuver","Sucker Punch"],"picked":"SKIP","floor":2.0},{"not_picked":["Poisoned Stab","Outmaneuver"],"picked":"All Out Attack","floor":5.0},{"not_picked":["Flechettes","Outmaneuver"],"picked":"Deadly Poison","floor":7.0},{"not_picked":["Acrobatics","Phantasmal Killer"],"picked":"Catalyst","floor":8.0},{"not_picked":["Leg Sweep","Tactician"],"picked":"Footwork","floor":10.0},{"not_picked":["Flying Knee","Dodge and Roll","Deadly Poison"],"picked":"SKIP","floor":14.0}],"player_experience":563051,"relics_obtained":[{"floor":3.0,"key":"Ornamental Fan"},{"floor":8.0,"key":"Sundial"},{"floor":9.0,"key":"Incense Burner"},{"floor":10.0,"key":"War Paint"}],"event_choices":[{"cards_removed":["Strike_G"],"damage_healed":0.0,"max_hp_gain":0.0,"max_hp_loss":0.0,"gold_gain":0.0,"event_name":"The Cleric","player_choice":"Card Removal","floor":4.0,"gold_loss":50.0,"damage_taken":0.0},{"damage_healed":0.0,"max_hp_gain":0.0,"max_hp_loss":0.0,"gold_gain":0.0,"event_name":"Shining Light","player_choice":"Ignored","floor":12.0,"gold_loss":0.0,"damage_taken":0.0}],"is_beta":false,"boss_relics":[],"items_purged_floors":[],"is_endless":false,"potions_floor_spawned":[7,8,10],"killed_by":"Slime Boss","ascension_level":12}}