{"host":"px2oznrenyeljk7o","time":1612005934,"event":{"mods":["100% Spire Juice","A Penny For Your Troubles","AchievementEnabler","Act Like it!","Arknights The Spire","Aspiration","Astrologer","BaseMod","Better Altar","Better Match","Better Note","Better Sensory Stone","Better Skull","Better Third Choice","BetterRewards","ChefMod","Colored Map","Conspire","Curses Come First","Elementarium","Energized Spire","Evolution","Fireblade Mod","Fox Events","Gensokyo","GifTheSpireLib","GungeonMod","Hermit","KinomotoSakuraMod(????)","Koishi","Lobotomy","LobotomyExtend","Luminous","Marisa????????","Menagerie","Minty Spire (QoL Compilation)","Nova Terra(??·??)","Poor People Problems","Potionbrewer","Random Character Button","Rare Cards Sparkle","Reimu??????","Reliquary","Replay The Spire","Robot Space Explorer","Shade Mod","Small Relic Pack","Somnambulant","Spicy Shops","StSLib","Stuff the Spire","The Administrix","The Alterego","The Animator","The Blackbeard","The Blue Laboratory","The Bug Knight","The Clintock","The Construct","The Cursed","The Death Knight","The Disciple","The Florist","The Gatherer","The Hayseed","The Hierophant","The Jungle","The Marked","The Mystic","The Runesmith","The Servant 0.9.4","TheFirefly","TheWitcher","WarShipGirlsR/????R mod","Wide Potions","Yakumo Yukari mod","Yuri Mod","everything is the same but u backflip on backflip","slay the spire mod where everything is the same but ironclad has a cowboy hat","??????REMEMod"],"gold_per_floor":[114,125,138,151,164,164,6,6,6,6,39,53,65,65,65,164,164,184,204,129,129,147,147,147],"floor_reached":23,"language":"ENG","playtime":3532,"items_purged":["alterego_mod:BigMeatyClaws"],"score":195,"play_id":"97a9d9d9-7422-4d42-9642-772eb6778199","local_time":"20210130122534","is_ascension_mode":false,"campfire_choices":[{"data":"Auto Shields","floor":6,"key":"SMITH"},{"floor":15,"key":"REST"}],"circlet_count":0,"master_deck":["alterego_mod:Strike","alterego_mod:Strike","alterego_mod:Strike","alterego_mod:Strike","alterego_mod:Defend","alterego_mod:Defend","alterego_mod:Defend","alterego_mod:Impale","alterego_mod:BrynhildrsRune","Auto Shields+1","alterego_mod:Rip","alterego_mod:Nekomimi","alterego_mod:Undulate","alterego_mod:Bounce","alterego_mod:MagicResistance","alterego_mod:GachaTicket","alterego_mod:Collar+1","Mind Blast","alterego_mod:ClassAdvantage","alterego_mod:ChallengeComplete","alterego_mod:BiFurious","alterego_mod:AlterEgo","alterego_mod:ChallengeComplete","alterego_mod:Mirror","alterego_mod:Birthday"],"relics":["alterego_mod:MasochisticConstitution","EVO:Axolotl","REME_ComplimentaryCards","aspiration:Nostalgia","HollowMod:VesselMask","LetterFromLob","Darkstone Periapt","aspiration:FrozenJewel","potionbrewer:BhaskarasWheel"],"acts_visited":["Exordium","TheCity"],"potions_floor_usage":[4,5,13,19,22,22],"damage_taken":[{"damage":6,"enemies":"Cultist","floor":1,"turns":5},{"damage":1,"enemies":"conspire:RoseBush","floor":2,"turns":4},{"damage":2,"enemies":"Small Slimes","floor":3,"turns":5},{"damage":10,"enemies":"Large Slime","floor":4,"turns":8},{"damage":4,"enemies":"Blue Slaver","floor":5,"turns":5},{"damage":46,"enemies":"Gremlin Nob","floor":11,"turns":7},{"damage":7,"enemies":"Exordium Wildlife","floor":12,"turns":5},{"damage":1,"enemies":"Lots of Slimes","floor":13,"turns":8},{"damage":45,"enemies":"The Guardian","floor":16,"turns":17},{"damage":13,"enemies":"Spheric Guardian","floor":18,"turns":8},{"damage":24,"enemies":"3 Byrds","floor":19,"turns":9},{"damage":25,"enemies":"3 Cultists","floor":22,"turns":7},{"damage":69,"enemies":"Slavers","floor":23,"turns":5}],"seed_played":"-8356207755779046978","potions_obtained":[{"floor":2,"key":"DeathKnight:RimePotion"},{"floor":4,"key":"GamblersBrew"},{"floor":12,"key":"SkillPotion"},{"floor":16,"key":"blueLaboratory:BottledHope"},{"floor":18,"key":"ZuzhouPotion:ReiMu"},{"floor":19,"key":"Adrenaline Potion"}],"is_trial":false,"path_per_floor":["M","M","M","M","M","R","$","?","T","?","E","M","M","M","R","B",null,"M","M","?","?","M","E"],"character_chosen":"The_Alterego","items_purchased":["alterego_mod:MagicResistance","alterego_mod:GachaTicket"],"campfire_rested":1,"item_purchase_floors":[7,7],"current_hp_per_floor":[71,71,73,71,75,75,75,75,75,75,30,24,45,45,68,31,79,67,65,65,75,58,0,0],"gold":147,"neow_bonus":"NOSTALGIA","is_daily":false,"chose_seed":false,"campfire_upgraded":1,"win_rate":0.0,"timestamp":1612005934,"path_taken":["M","M","M","?","M","R","$","?","T","?","E","M","M","M","R","BOSS","M","?","?","?","M","E"],"items_purchased_type":["Card","Card"],"build_version":"2020-12-22","purchased_purges":1,"victory":false,"max_hp_per_floor":[71,72,73,74,75,75,75,75,75,75,76,77,78,78,78,79,79,80,81,81,75,76,76,76],"card_choices":[{"not_picked":["alterego_mod:PerceptionDisorder","alterego_mod:Swimsuit"],"picked":"alterego_mod:Rip","floor":1},{"not_picked":["alterego_mod:Bunnysuit","alterego_mod:PresenceConcealment"],"picked":"alterego_mod:Nekomimi","floor":2},{"not_picked":["alterego_mod:Cycle","alterego_mod:Table"],"picked":"alterego_mod:Undulate","floor":3},{"not_picked":["alterego_mod:DustData","alterego_mod:Undulate"],"picked":"alterego_mod:Bounce","floor":4},{"not_picked":["alterego_mod:PurpleHair","alterego_mod:Punishment"],"picked":"alterego_mod:TrashNCrash","floor":5},{"not_picked":["alterego_mod:SakuraFive","alterego_mod:BusterCard"],"picked":"alterego_mod:ClassAdvantage","floor":11},{"not_picked":["alterego_mod:DestructionOfProperty","alterego_mod:Rip"],"picked":"alterego_mod:ChallengeComplete","floor":12},{"not_picked":["alterego_mod:SakuraLabyrinth","alterego_mod:DeftHands"],"picked":"alterego_mod:BiFurious","floor":13},{"not_picked":["alterego_mod:Palingenesis","alterego_mod:Antipathy"],"picked":"alterego_mod:AlterEgo","floor":16},{"not_picked":["alterego_mod:Bounce","alterego_mod:Rip"],"picked":"alterego_mod:ChallengeComplete","floor":18},{"not_picked":["alterego_mod:DustData","alterego_mod:TrashNCrash+1"],"picked":"alterego_mod:Mirror","floor":19},{"not_picked":["alterego_mod:Undulate+1","alterego_mod:PerceptionDisorder"],"picked":"alterego_mod:Birthday","floor":22}],"player_experience":561688,"relics_obtained":[{"floor":1,"key":"LetterFromLob"},{"floor":9,"key":"Darkstone Periapt"},{"floor":11,"key":"aspiration:FrozenJewel"}],"event_choices":[{"cards_removed":["alterego_mod:Nekomimi"],"damage_healed":0,"gold_gain":0,"player_choice":"Take \u0026 Give","damage_taken":0,"max_hp_gain":0,"max_hp_loss":0,"event_name":"betterNote:BetterNote","floor":10,"gold_loss":0,"cards_obtained":["Mind Blast"]},{"cards_removed":["alterego_mod:TrashNCrash"],"damage_healed":0,"gold_gain":0,"player_choice":"Gave Gold","damage_taken":0,"max_hp_gain":0,"max_hp_loss":0,"event_name":"Beggar","floor":20,"gold_loss":75}],"is_beta":false,"boss_relics":[{"not_picked":["StuffTheSpire:Kangaroo","Runic Dome"],"picked":"potionbrewer:BhaskarasWheel"}],"items_purged_floors":[7],"is_endless":false,"potions_floor_spawned":[2,4,12,16,18,19],"killed_by":"Slavers","ascension_level":0}}