{"host":"aceejw9th3i5ney6","time":1612025292,"event":{"mods":["2.2 Compatiblity","A Penny For Your Troubles","Abigail Mod","AchievementEnabler","Act Like it!","Alarm Clock","AlwaysNeverKeys","Ascension Reborn","Ascension Unlocker","Aspiration","BaseMod","Best Route Mod","Better Synergies","Better Third Choice","Better-Laid Plans","BetterRewards","Block Reminder","Card Forge","Chen","Colored Map","Colored Powertips","Conspire","Consume Value Calculator","Curses Come First","Defuse TimeMaze Blight","Downfall","Emptier Cage","Energized Spire","Evolution","Exacting","Friendly Minions","Gensokyo","Gold Saver","Gremlin Mod","HololiveMod","Hubris","Koishi","Lobotomy","LobotomyExtend","Luminous","Minty Spire (QoL Compilation)","Onozuka Komachi Mod","Permanent Neow","Practice Mode","Railgun Mod","Random Character Button","Reimu??????","Relic Filter","Relic Sorter","Relic Stats","Remilia_Scarlet Moed?????·?????3.3.5","Reorder Act Four","SIMod","Shop Mod","StSLib","Trackpad","Unceasing Turn Reminder","Yuyuko","slay the spire mod where everything is the same but ironclad has a cowboy hat","??????REMEMod"],"gold_per_floor":[119,136,152,170,63,63,104,104,154,154,154,207,536,587,587,587,587],"floor_reached":16,"language":"ENG","playtime":1407,"items_purged":[],"score":112,"play_id":"b2696f68-5b9f-4457-8bf9-44aa0c7cf346","local_time":"20210130114812","is_ascension_mode":false,"campfire_choices":[{"data":"Komachi:EarthSpirit","floor":6,"key":"SMITH"},{"floor":10,"key":"REST"},{"floor":15,"key":"REST"}],"circlet_count":0,"master_deck":["Komachi:Strike","Komachi:Strike","Komachi:Strike","Komachi:Defend","Komachi:Defend","Komachi:Defend","Komachi:ReaperScythe","Komachi:WanderingSpirits","Komachi:PremonitiveStrike","Komachi:SinnerSpirit","Komachi:PremonitiveStrike","Komachi:EarthSpirit+1","Komachi:LonelySpirit","Masterful Stab","REME_CopyPotion","hubris:SlightOfHand","Komachi:ShortenLife","Komachi:FlowRiver","Komachi:SpiritBlade"],"relics":["Komachi:Relic:FerryingBoat","Hammer of Thor","Seething Fire","Anvil of the Gods","EVO:Axolotl","REME_ComplimentaryCards","aspiration:Nostalgia","Chen:Catnip","LetterFromLob","Boot","trackpad:CultistFigurine","REME_IWantAll","REME_LimitBreaker"],"acts_visited":["Exordium"],"potions_floor_usage":[7,7,14,16],"damage_taken":[{"damage":10,"enemies":"Gensokyo:3_Fairies","floor":1,"turns":5},{"damage":1,"enemies":"Gensokyo:2_Kodama","floor":2,"turns":3},{"damage":6,"enemies":"Gensokyo:Gryphon","floor":3,"turns":4},{"damage":0,"enemies":"Gensokyo:LivingMonolith","floor":4,"turns":3},{"damage":20,"enemies":"Gensokyo:Gryphon_and_Rabbit","floor":7,"turns":5},{"damage":8,"enemies":"Gensokyo:Mamizou","floor":12,"turns":6},{"damage":13,"enemies":"Gensokyo:CorruptedTreant","floor":13,"turns":5},{"damage":22,"enemies":"Gensokyo:Cirno","floor":14,"turns":10},{"damage":54,"enemies":"Gensokyo:Reimu","floor":16,"turns":9}],"seed_played":"3566216848056901602","potions_obtained":[{"floor":1,"key":"REME_GoldPotion"},{"floor":2,"key":"LiquidBronze"},{"floor":3,"key":"Explosive Potion"},{"floor":13,"key":"BlessingOfTheForge"}],"is_trial":false,"path_per_floor":["M","M","M","M","COS","R","M","?","T","R","M","E","M","E","R","B"],"character_chosen":"KOMACHI_CLASS","items_purchased":[],"campfire_rested":2,"item_purchase_floors":[],"current_hp_per_floor":[65,64,58,58,58,58,38,38,38,60,60,52,39,17,39,0,0],"gold":587,"neow_bonus":"NOSTALGIA","is_daily":false,"chose_seed":false,"campfire_upgraded":1,"win_rate":0.0,"timestamp":1612025292,"path_taken":["M","M","?","M","COS","R","M","?","T","R","M","E","M","E","R","BOSS"],"items_purchased_type":[],"build_version":"2020-12-22","purchased_purges":0,"victory":false,"max_hp_per_floor":[75,75,75,75,75,75,75,75,75,75,75,75,75,75,75,75,75],"relic_stats":{"counters":[9,50],"Boot":[8],"obtain_stats":[{"aspiration:Nostalgia":0,"Komachi:Relic:FerryingBoat":0,"Hammer of Thor":0,"EVO:Axolotl":0,"Seething Fire":0,"REME_LimitBreaker":14,"Boot":9,"REME_IWantAll":14,"Anvil of the Gods":0,"Chen:Catnip":0,"LetterFromLob":1,"trackpad:CultistFigurine":12,"REME_ComplimentaryCards":0},{"aspiration:Nostalgia":0,"Komachi:Relic:FerryingBoat":0,"Hammer of Thor":0,"EVO:Axolotl":0,"Seething Fire":0,"REME_LimitBreaker":8,"Boot":5,"REME_IWantAll":8,"Anvil of the Gods":0,"Chen:Catnip":0,"LetterFromLob":1,"trackpad:CultistFigurine":6,"REME_ComplimentaryCards":0},{"aspiration:Nostalgia":0,"Komachi:Relic:FerryingBoat":0,"Hammer of Thor":0,"EVO:Axolotl":0,"Seething Fire":0,"REME_LimitBreaker":41,"Boot":20,"REME_IWantAll":33,"Anvil of the Gods":0,"Chen:Catnip":0,"LetterFromLob":5,"trackpad:CultistFigurine":26,"REME_ComplimentaryCards":0}]},"card_choices":[{"not_picked":["Komachi:YesterdayMoney","Komachi:VengefulSpirit"],"picked":"Komachi:WanderingSpirits","floor":1},{"not_picked":["Komachi:GhostlyChain","Komachi:EaseRest"],"picked":"Komachi:PremonitiveStrike","floor":1},{"not_picked":["Komachi:Remorse","Komachi:ThrowAway"],"picked":"Komachi:SinnerSpirit","floor":2},{"not_picked":["Komachi:DoubleCut","Komachi:RiverMist"],"picked":"Komachi:PremonitiveStrike","floor":3},{"not_picked":["Komachi:UnseenSpirit","Komachi:EndlessWay"],"picked":"Komachi:EarthSpirit","floor":4},{"not_picked":["Komachi:RepentantSoul","Komachi:FullSwing"],"picked":"Komachi:LonelySpirit","floor":7},{"not_picked":["Komachi:BoatSanzu","Komachi:UnseenSpirit"],"picked":"Komachi:ShortenLife","floor":12},{"not_picked":["Komachi:LonelySpirit","Komachi:TrueMeditation"],"picked":"Komachi:FlowRiver","floor":13},{"not_picked":["Komachi:Drowning","Komachi:DoubleCut"],"picked":"Komachi:SpiritBlade","floor":14}],"player_experience":244682,"relics_obtained":[{"floor":1,"key":"LetterFromLob"},{"floor":9,"key":"Boot"},{"floor":12,"key":"trackpad:CultistFigurine"},{"floor":14,"key":"REME_LimitBreaker"}],"event_choices":[],"is_beta":false,"boss_relics":[],"items_purged_floors":[],"is_endless":false,"potions_floor_spawned":[1,2,3,13],"killed_by":"Gensokyo:Reimu","ascension_level":0}}