{"host":"3a1ypf1irl30q4k8","time":1612021613,"event":{"mods":["AchievementEnabler","BaseMod","Bestiary","Colored Map","Minty Spire (QoL Compilation)","Relic Stats"],"gold_per_floor":[117,117,132,146,2,2,75,75,125,146,166,166,13,44,44,172,172,191,215,215,233,246,246,272,272,272,286,316,333,349,368,368,464,464,475,488,488,507,250,277,289,289,289,319,331,331,331,13,13,13,13,13,13,46,46,46],"floor_reached":55,"language":"ENG","playtime":4119,"items_purged":["Strike_G"],"score":854,"play_id":"7bcbc842-e714-40bf-b3cc-1c12c937ebd3","local_time":"20210130154653","is_ascension_mode":true,"campfire_choices":[{"data":"Dagger Spray","floor":6.0,"key":"SMITH"},{"data":"1","floor":8.0,"key":"LIFT"},{"floor":12.0,"key":"REST"},{"data":"2","floor":15.0,"key":"LIFT"},{"data":"3","floor":23,"key":"LIFT"},{"data":"Die Die Die","floor":25,"key":"SMITH"},{"data":"Adrenaline","floor":32,"key":"SMITH"},{"data":"Footwork","floor":42,"key":"SMITH"},{"floor":47,"key":"RECALL"},{"data":"Malaise","floor":49,"key":"SMITH"},{"data":"Footwork","floor":52,"key":"SMITH"}],"circlet_count":0,"master_deck":["Strike_G","Strike_G","Strike_G","Defend_G","Defend_G","Defend_G","Survivor","Neutralize","Heel Hook+1","Heel Hook+1","Riddle With Holes+1","Dagger Spray+1","Blade Dance","Neutralize","Die Die Die+1","Outmaneuver","Caltrops","Accuracy","Adrenaline+1","Prepared+1","Backflip","PiercingWail","Noxious Fumes","Terror+1","Sucker Punch+1","Crippling Poison","PiercingWail","Adrenaline","Deflect+1","Malaise+1","Corpse Explosion","Outmaneuver+1","Footwork+1","Dagger Throw+1","Footwork+1","Crippling Poison","Deflect+1","Night Terror","Footwork+1"],"relics":["Astrolabe","Bloody Idol","DollysMirror","Girya","Toy Ornithopter","Akabeko","Mummified Hand","SlaversCollar","Oddly Smooth Stone","Ginger","Centennial Puzzle","Runic Pyramid","Smiling Mask","FossilizedHelix","Eternal Feather","Bag of Marbles"],"acts_visited":["Exordium","TheCity","TheBeyond","TheEnding"],"potions_floor_usage":[22,28,28,30,31,36,36,40,44,50,55],"damage_taken":[{"damage":2.0,"enemies":"2 Louse","floor":1.0,"turns":2.0},{"damage":7.0,"enemies":"Jaw Worm","floor":3.0,"turns":3.0},{"damage":1.0,"enemies":"Small Slimes","floor":4.0,"turns":3.0},{"damage":30.0,"enemies":"Gremlin Nob","floor":7.0,"turns":4.0},{"damage":6.0,"enemies":"Exordium Thugs","floor":10.0,"turns":3.0},{"damage":9.0,"enemies":"Red Slaver","floor":11.0,"turns":2.0},{"damage":7.0,"enemies":"3 Sentries","floor":14.0,"turns":3.0},{"damage":9.0,"enemies":"Slime Boss","floor":16.0,"turns":6.0},{"damage":14.0,"enemies":"2 Thieves","floor":18.0,"turns":3.0},{"damage":0,"enemies":"Spheric Guardian","floor":19,"turns":1},{"damage":5,"enemies":"Cultist and Chosen","floor":21,"turns":4},{"damage":10,"enemies":"3 Cultists","floor":22,"turns":4},{"damage":11,"enemies":"Book of Stabbing","floor":24,"turns":3},{"damage":9,"enemies":"Snecko","floor":27,"turns":3},{"damage":4,"enemies":"Slavers","floor":28,"turns":3},{"damage":12,"enemies":"Snake Plant","floor":29,"turns":2},{"damage":5,"enemies":"Shelled Parasite and Fungi","floor":30,"turns":3},{"damage":0,"enemies":"Snecko","floor":31,"turns":1},{"damage":49,"enemies":"Champ","floor":33,"turns":9},{"damage":4,"enemies":"3 Shapes","floor":35,"turns":5},{"damage":0,"enemies":"3 Darklings","floor":36,"turns":3},{"damage":0,"enemies":"4 Shapes","floor":38,"turns":1},{"damage":23,"enemies":"Giant Head","floor":40,"turns":8},{"damage":0,"enemies":"Jaw Worm Horde","floor":41,"turns":2},{"damage":24,"enemies":"Reptomancer","floor":44,"turns":5},{"damage":0,"enemies":"Maw","floor":45,"turns":6},{"damage":21,"enemies":"Awakened One","floor":50,"turns":12},{"damage":30,"enemies":"Shield and Spear","floor":54,"turns":7},{"damage":66,"enemies":"The Heart","floor":55,"turns":8}],"seed_played":"6438385091753356681","potions_obtained":[{"floor":3.0,"key":"ColorlessPotion"},{"floor":7.0,"key":"Strength Potion"},{"floor":11.0,"key":"Strength Potion"},{"floor":16.0,"key":"Swift Potion"},{"floor":18,"key":"SkillPotion"},{"floor":24,"key":"DistilledChaos"},{"floor":27,"key":"Explosive Potion"},{"floor":29,"key":"SkillPotion"},{"floor":30,"key":"LiquidMemories"},{"floor":33,"key":"Block Potion"},{"floor":35,"key":"PowerPotion"},{"floor":40,"key":"Strength Potion"},{"floor":44,"key":"DuplicationPotion"},{"floor":54,"key":"PowerPotion"}],"is_trial":false,"path_per_floor":["M","?","M","M","$","R","?","R","T","M","M","R","$","E","R","B",null,"M","M","?","M","M","R","E","R","T","M","E","M","M","M","R","B",null,"M","M","?","M","$","E","M","R","T","E","M","?","R","$","R","B",null,"R","$","E","B"],"character_chosen":"THE_SILENT","items_purchased":["DollysMirror","Akabeko","Footwork","Energy Potion","FairyPotion","Night Terror","Eternal Feather"],"campfire_rested":1,"item_purchase_floors":[5,13,39,39,39,48,48],"current_hp_per_floor":[68,65,58,57,57,57,27,27,27,21,12,31,31,34,34,25,65,51,51,51,51,51,51,45,45,45,41,52,45,50,60,60,16,65,65,65,65,65,65,52,57,57,57,43,48,48,48,48,65,44,65,65,65,40,0,0],"gold":46,"neow_bonus":"BOSS_RELIC","is_daily":false,"chose_seed":false,"campfire_upgraded":6,"win_rate":0.0,"timestamp":1612021613,"path_taken":["M","?","M","M","$","R","?","R","T","M","M","R","$","E","R","BOSS","M","M","?","M","M","R","E","R","T","M","E","M","M","M","R","BOSS","M","M","?","M","$","E","?","R","T","E","M","?","R","$","R","BOSS","R","$","E","BOSS"],"items_purchased_type":["Relic","Relic","Card","Potion","Potion","Card","Relic"],"build_version":"2020-12-22","purchased_purges":1,"victory":false,"max_hp_per_floor":[70,65,65,65,65,65,65,65,65,65,65,65,65,65,65,65,65,65,65,65,65,65,65,65,65,65,65,65,65,65,65,65,65,65,65,65,65,65,65,65,65,65,65,65,65,65,65,65,65,65,65,65,65,65,65,65],"relic_stats":{"Centennial Puzzle":[27],"counters":[29,119],"Mummified Hand":[69],"Astrolabe":["Heel Hook","Heel Hook","Riddle With Holes"],"Bloody Idol":74,"Eternal Feather":17,"Ginger":[10],"Smiling Mask":0,"obtain_stats":[{"Girya":7,"Golden Idol":2,"Astrolabe":0,"Oddly Smooth Stone":24,"Eternal Feather":48,"Ginger":26,"Smiling Mask":40,"Akabeko":13,"SlaversCollar":17,"Centennial Puzzle":28,"DollysMirror":5,"Mummified Hand":14,"Bloody Idol":20,"Bag of Marbles":54,"Toy Ornithopter":9,"FossilizedHelix":44,"Ring of the Snake":0,"Runic Pyramid":34},{"Girya":4,"Golden Idol":1,"Astrolabe":0,"Oddly Smooth Stone":13,"Eternal Feather":26,"Ginger":13,"Smiling Mask":23,"Akabeko":6,"SlaversCollar":8,"Centennial Puzzle":15,"DollysMirror":3,"Mummified Hand":7,"Bloody Idol":10,"Bag of Marbles":28,"Toy Ornithopter":4,"FossilizedHelix":25,"Ring of the Snake":0,"Runic Pyramid":19},{"Girya":12,"Golden Idol":2,"Astrolabe":0,"Oddly Smooth Stone":41,"Eternal Feather":92,"Ginger":41,"Smiling Mask":79,"Akabeko":17,"SlaversCollar":26,"Centennial Puzzle":47,"DollysMirror":8,"Mummified Hand":20,"Bloody Idol":30,"Bag of Marbles":111,"Toy Ornithopter":12,"FossilizedHelix":86,"Ring of the Snake":0,"Runic Pyramid":62}],"Toy Ornithopter":50},"card_choices":[{"not_picked":["Cloak And Dagger","Deflect"],"picked":"Well Laid Plans","floor":1.0},{"not_picked":["Concentrate","Blade Dance"],"picked":"Dagger Spray","floor":3.0},{"not_picked":["Acrobatics","Dodge and Roll"],"picked":"Blade Dance","floor":4.0},{"not_picked":["Deadly Poison","Quick Slash"],"picked":"Die Die Die","floor":7.0},{"not_picked":["Masterful Stab","Dagger Spray"],"picked":"Outmaneuver","floor":10.0},{"not_picked":["Dodge and Roll","Bane"],"picked":"Caltrops","floor":11.0},{"not_picked":["Finisher","Dagger Spray"],"picked":"Accuracy","floor":14.0},{"not_picked":["Venomology","Burst"],"picked":"Adrenaline","floor":16.0},{"not_picked":["Endless Agony","Choke"],"picked":"Prepared+1","floor":18},{"not_picked":["Prepared","Caltrops","Flying Knee"],"picked":"SKIP","floor":19},{"not_picked":["Bouncing Flask","Dagger Throw"],"picked":"Backflip","floor":21},{"not_picked":["Dagger Throw","Terror"],"picked":"PiercingWail","floor":22},{"not_picked":["Backflip","Unload","Finisher"],"picked":"SKIP","floor":24},{"not_picked":["Escape Plan+1","Prepared"],"picked":"Noxious Fumes","floor":27},{"not_picked":["Dagger Spray","Skewer+1"],"picked":"Terror+1","floor":28},{"not_picked":["Expertise","Blade Dance"],"picked":"Sucker Punch+1","floor":29},{"not_picked":["Slice","Choke"],"picked":"Crippling Poison","floor":30},{"not_picked":["Dash","Heel Hook"],"picked":"PiercingWail","floor":31},{"not_picked":["Doppelganger","Storm of Steel"],"picked":"Adrenaline","floor":33},{"not_picked":["Blade Dance+1","Sucker Punch"],"picked":"Deflect+1","floor":35},{"not_picked":["Quick Slash+1","Flying Knee+1"],"picked":"Malaise","floor":36},{"not_picked":["Sucker Punch","Acrobatics+1"],"picked":"Outmaneuver+1","floor":38},{"not_picked":["Infinite Blades+1","Poisoned Stab+1"],"picked":"Dagger Throw+1","floor":40},{"not_picked":["Poisoned Stab","Deflect"],"picked":"Footwork","floor":41},{"not_picked":["Underhanded Strike","Deflect"],"picked":"Crippling Poison","floor":44},{"not_picked":["Bane","Dagger Throw+1"],"picked":"Deflect+1","floor":45},{"not_picked":["Distraction+1","PiercingWail+1"],"picked":"Footwork+1","floor":54}],"player_experience":1249884,"relics_obtained":[{"floor":7.0,"key":"Girya"},{"floor":9.0,"key":"Toy Ornithopter"},{"floor":14.0,"key":"Mummified Hand"},{"floor":24,"key":"Oddly Smooth Stone"},{"floor":26,"key":"Ginger"},{"floor":28,"key":"Centennial Puzzle"},{"floor":40,"key":"Smiling Mask"},{"floor":44,"key":"FossilizedHelix"},{"floor":54,"key":"Bag of Marbles"}],"event_choices":[{"damage_healed":0.0,"max_hp_gain":0.0,"max_hp_loss":5.0,"gold_gain":0.0,"event_name":"Golden Idol","player_choice":"Lose Max HP","floor":2.0,"gold_loss":0.0,"damage_taken":0.0,"relics_obtained":["Golden Idol"]},{"damage_healed":0.0,"max_hp_gain":0.0,"max_hp_loss":0.0,"gold_gain":0.0,"event_name":"Dead Adventurer","player_choice":"Searched \u00272\u0027 times","floor":7.0,"gold_loss":0.0,"damage_taken":0.0},{"damage_healed":0,"gold_gain":0,"player_choice":"Gave Idol","damage_taken":0,"relics_obtained":["Bloody Idol"],"max_hp_gain":0,"max_hp_loss":0,"event_name":"Forgotten Altar","floor":20,"relics_lost":["Golden Idol"],"gold_loss":0},{"damage_healed":0,"gold_gain":0,"cards_transformed":["Well Laid Plans"],"player_choice":"Transformed","damage_taken":0,"max_hp_gain":0,"max_hp_loss":0,"event_name":"Transmorgrifier","floor":37,"gold_loss":0,"cards_obtained":["Corpse Explosion"]},{"damage_healed":0,"gold_gain":0,"player_choice":"Ignored","damage_taken":0,"max_hp_gain":0,"max_hp_loss":0,"event_name":"SecretPortal","floor":46,"gold_loss":0}],"is_beta":false,"boss_relics":[{"not_picked":["Velvet Choker","HoveringKite"],"picked":"SlaversCollar"},{"not_picked":["Coffee Dripper","Tiny House"],"picked":"Runic Pyramid"}],"items_purged_floors":[39],"is_endless":false,"potions_floor_spawned":[3,7,11,16,18,24,27,29,30,33,35,40,44,54],"killed_by":"The Heart","ascension_level":3}}