{"host":"q57ekfojy3i00x9o","time":1612014120,"event":{"mods":["Arknights The Spire","Aspiration","BaseMod","Colored Map","Energized Spire","Hermit","Minty Spire (QoL Compilation)","Quick Restart","Spicy Shops","Spikes Relics","StSLib","slay the spire mod where everything is the same but ironclad has a cowboy hat"],"gold_per_floor":[113,129,129,140,154,154,179,195,195,195,6,31,31,43,43,142,142,157,157,157,117,131,131,162,162,162],"floor_reached":25,"language":"RUS","playtime":781,"items_purged":[],"score":277,"play_id":"25e09535-32c8-425f-9de5-6a896eb97027","local_time":"20210130184200","is_ascension_mode":true,"campfire_choices":[{"data":"ats:Powerful Strike","floor":6,"key":"SMITH"},{"floor":10,"key":"REST"},{"data":"ats:Neurotoxin","floor":15,"key":"SMITH"},{"floor":23,"key":"REST"}],"circlet_count":0,"master_deck":["ats:Strike G","ats:Strike S","ats:Strike V","ats:Armor Crushing Shot","ats:Defend","ats:Defend","ats:Defend","ats:Defend","ats:Emotion Absorption","ats:Blood Oath","ats:Charging Defense","ats:Revitalization","ats:Neurotoxin+1","ats:Powerful Strike+1","ats:Flexible Camouflage","ats:Hook Shot","ats:Poison Spread","ats:Closed Bolt Burst Fire","Regret","ats:Sword Rain","ats:Rapid Magazine","ats:Echo Reverb","ats:Magnetic Hammer","ats:Overload","ats:Flexible Camouflage+1"],"relics":["ats:Sanity","ats:Originium","Blue Candle","Gremlin Horn","aspiration:SeaSaltIceCream","Vajra","ats:Military Tradition","aspiration:IroncladSkillbook","HornCleat"],"acts_visited":["Exordium","TheCity"],"potions_floor_usage":[7,16,16,18,21,22,24,24,24,24,25],"damage_taken":[{"damage":6,"enemies":"Cultist","floor":1,"turns":4},{"damage":10,"enemies":"Small Slimes","floor":2,"turns":3},{"damage":7,"enemies":"2 Louse","floor":4,"turns":3},{"damage":26,"enemies":"Exordium Thugs","floor":5,"turns":6},{"damage":46,"enemies":"Lagavulin","floor":7,"turns":9},{"damage":21,"enemies":"3 Louse","floor":8,"turns":4},{"damage":19,"enemies":"3 Sentries","floor":12,"turns":4},{"damage":4,"enemies":"Blue Slaver","floor":14,"turns":3},{"damage":47,"enemies":"Hexaghost","floor":16,"turns":7},{"damage":21,"enemies":"2 Thieves","floor":18,"turns":3},{"damage":18,"enemies":"Chosen","floor":22,"turns":4},{"damage":75,"enemies":"Book of Stabbing","floor":24,"turns":6},{"damage":20,"enemies":"Shelled Parasite and Fungi","floor":25,"turns":1}],"seed_played":"6150828281587816735","potions_obtained":[{"floor":1,"key":"Regen Potion"},{"floor":4,"key":"LiquidBronze"},{"floor":12,"key":"LiquidBronze"},{"floor":16,"key":"Block Potion"},{"floor":21,"key":"Fruit Juice"},{"floor":21,"key":"ColorlessPotion"},{"floor":21,"key":"EntropicBrew"},{"floor":22,"key":"Energy Potion"}],"is_trial":false,"path_per_floor":["M","M","?","M","M","R","E","M","T","R","$","E","?","M","R","B",null,"M","?","?","?","M","R","E","M"],"character_chosen":"DOCTOR_CLASS","items_purchased":["ats:Poison Spread","ats:Closed Bolt Burst Fire","aspiration:SeaSaltIceCream"],"campfire_rested":2,"item_purchase_floors":[11,11,11],"current_hp_per_floor":[67,60,60,61,46,46,48,36,36,57,57,49,72,68,68,35,72,55,55,55,60,49,72,10,0,0],"gold":162,"neow_bonus":"THREE_CARDS","is_daily":false,"chose_seed":false,"campfire_upgraded":2,"win_rate":0.0,"timestamp":1612014120,"path_taken":["M","M","?","?","M","R","E","M","T","R","$","E","?","M","R","BOSS","M","?","?","?","M","R","E","?"],"items_purchased_type":["Card","Card","Relic"],"build_version":"2020-12-22","purchased_purges":0,"victory":false,"max_hp_per_floor":[72,72,72,72,72,72,72,72,72,72,72,72,72,72,72,72,72,72,72,72,77,77,77,77,77,77],"card_choices":[{"not_picked":["ats:Ignite","ats:Shell Defense"],"picked":"ats:Blood Oath","floor":0},{"not_picked":["ats:Demon Strength","ats:Blood Oath"],"picked":"ats:Charging Defense","floor":1},{"not_picked":["ats:Shell Defense","ats:Ignite"],"picked":"ats:Revitalization","floor":2},{"not_picked":["ats:Chain Hook","ats:Charging Defense"],"picked":"ats:Neurotoxin","floor":4},{"not_picked":["ats:Flexible Camouflage","ats:Directed Diagnosis"],"picked":"ats:Powerful Strike","floor":5},{"not_picked":["ats:Hammer On","ats:Fractured Body"],"picked":"ats:Flexible Camouflage","floor":7},{"not_picked":["ats:Absolute Focus","ats:Demon Strength"],"picked":"ats:Hook Shot","floor":8},{"not_picked":["ats:LN2 Cannon","ats:Very Hot Blade"],"picked":"ats:Sword Rain","floor":12},{"not_picked":["ats:Apocalypse","ats:Closed Bolt Burst Fire"],"picked":"ats:Rapid Magazine","floor":14},{"not_picked":["ats:Fractured Body","ats:Roar Of Ursus"],"picked":"ats:Echo Reverb","floor":16},{"not_picked":["Heavy Blade","ats:Absolute Focus","Intimidate"],"picked":"ats:Magnetic Hammer","floor":18},{"not_picked":["True Grit","ats:Blood Oath","Wild Strike+1"],"picked":"ats:Flexible Camouflage+1","floor":22},{"not_picked":["Warcry","ats:Volcano","Combust","ats:Healing Strengthening"],"picked":"SKIP","floor":24}],"player_experience":738460,"relics_obtained":[{"floor":7,"key":"ats:Originium"},{"floor":7,"key":"Blue Candle"},{"floor":9,"key":"Gremlin Horn"},{"floor":12,"key":"ats:Originium"},{"floor":12,"key":"ats:Military Tradition"},{"floor":24,"key":"ats:Originium"},{"floor":24,"key":"HornCleat"}],"event_choices":[{"cards_removed":["ats:Strike C"],"damage_healed":0,"gold_gain":0,"player_choice":"Card Removal","damage_taken":0,"max_hp_gain":0,"max_hp_loss":0,"event_name":"Wheel of Change","floor":3,"gold_loss":0},{"damage_healed":24,"gold_gain":0,"player_choice":"Banana","damage_taken":0,"max_hp_gain":0,"max_hp_loss":0,"event_name":"Big Fish","floor":13,"gold_loss":0},{"damage_healed":0,"gold_gain":0,"player_choice":"Ignored","damage_taken":0,"max_hp_gain":0,"max_hp_loss":0,"event_name":"Ghosts","floor":19,"gold_loss":0},{"damage_healed":0,"gold_gain":0,"player_choice":"Read","damage_taken":0,"max_hp_gain":0,"max_hp_loss":0,"event_name":"The Library","floor":20,"gold_loss":0,"cards_obtained":["ats:Overload"]},{"damage_healed":0,"gold_gain":0,"player_choice":"Bought 3 Potions","damage_taken":0,"max_hp_gain":0,"max_hp_loss":0,"event_name":"The Woman in Blue","floor":21,"gold_loss":0}],"is_beta":false,"boss_relics":[{"not_picked":["ats:Tactical Delivery","Coffee Dripper"],"picked":"aspiration:IroncladSkillbook"}],"items_purged_floors":[],"is_endless":false,"potions_floor_spawned":[1,4,12,16,22],"killed_by":"Shelled Parasite and Fungi","ascension_level":4}}