{"host":"sc0o2qwpf9j16a4i","time":1612002142,"event":{"mods":["AchievementEnabler","BaseMod","BetterRewards","Block Reminder","Colored Map","Colored Powertips","Custom Start","Highlight Path","Minty Spire (QoL Compilation)","Relic Stats"],"gold_per_floor":[109,120,139,139,119,152,169,169,169,194,207,21,21,21,21,134,134,147,158,158,176,193,225,225,234,261,261,36,354,387,404,404,511,511,522,522,542,542,559,598,611,644,644,644,654,70,111,111,111,111],"floor_reached":51,"language":"ENG","playtime":1872,"items_purged":[],"score":1062,"play_id":"91e82381-31b2-4f29-9181-3c55010525de","local_time":"20210130122222","daily_mods":["SealedDeck","Vintage","Binary"],"is_ascension_mode":false,"campfire_choices":[{"data":"Apotheosis","floor":15,"key":"SMITH"},{"data":"Consume","floor":24,"key":"SMITH"},{"data":"Creative AI","floor":32,"key":"SMITH"},{"data":"Fission","floor":44,"key":"SMITH"},{"floor":49,"key":"REST"}],"circlet_count":0,"master_deck":["Consume+1","Capacitor+1","Genetic Algorithm+1","Genetic Algorithm+1","Go for the Eyes+1","Cold Snap+1","Ball Lightning+1","Capacitor+1","Turbo+1","Barrage+1","Creative AI+1","Apotheosis+1","Barrage+1","Meteor Strike+1","RitualDagger+1","Fission+1","Defragment+1","Panacea+1","Hyperbeam+1","Heatsinks+1"],"relics":["Cracked Core","Bottled Tornado","PreservedInsect","CaptainsWheel","Bottled Lightning","Happy Flower","Mercury Hourglass","Bird Faced Urn","CeramicFish","Cables","Black Star","Strawberry","Singing Bowl","Torii","Orichalcum","Anchor","Whetstone","Vajra","War Paint","Art of War","Old Coin","Centennial Puzzle","White Beast Statue","Nunchaku","Snecko Eye","Toy Ornithopter","Question Card","Boot","Ice Cream","Lantern","Symbiotic Virus","Lizard Tail","Molten Egg 2","Bag of Preparation","MawBank","ClockworkSouvenir","Ancient Tea Set","Letter Opener","Emotion Chip","Mark of the Bloom"],"acts_visited":["Exordium","TheCity","TheBeyond"],"potions_floor_usage":[6,6,16,18,29,30,31,33,45,47,50,50,50],"damage_taken":[{"damage":1,"enemies":"Small Slimes","floor":1,"turns":3},{"damage":0,"enemies":"Cultist","floor":2,"turns":3},{"damage":4,"enemies":"Jaw Worm","floor":3,"turns":3},{"damage":0,"enemies":"3 Sentries","floor":6,"turns":4},{"damage":0,"enemies":"Looter","floor":7,"turns":3},{"damage":1,"enemies":"Lagavulin","floor":10,"turns":5},{"damage":0,"enemies":"Exordium Thugs","floor":11,"turns":4},{"damage":5,"enemies":"Hexaghost","floor":16,"turns":6},{"damage":26,"enemies":"3 Byrds","floor":18,"turns":4},{"damage":20,"enemies":"2 Thieves","floor":19,"turns":4},{"damage":0,"enemies":"Centurion and Healer","floor":21,"turns":5},{"damage":1,"enemies":"Cultist and Chosen","floor":22,"turns":5},{"damage":0,"enemies":"Gremlin Leader","floor":23,"turns":6},{"damage":8,"enemies":"Snake Plant","floor":29,"turns":4},{"damage":0,"enemies":"Book of Stabbing","floor":30,"turns":5},{"damage":0,"enemies":"3 Cultists","floor":31,"turns":4},{"damage":7,"enemies":"Collector","floor":33,"turns":7},{"damage":0,"enemies":"3 Shapes","floor":35,"turns":4},{"damage":7,"enemies":"3 Darklings","floor":37,"turns":4},{"damage":0,"enemies":"Sphere and 2 Shapes","floor":39,"turns":3},{"damage":0,"enemies":"Nemesis","floor":40,"turns":3},{"damage":0,"enemies":"Writhing Mass","floor":41,"turns":6},{"damage":0,"enemies":"Giant Head","floor":42,"turns":6},{"damage":1,"enemies":"3 Darklings","floor":45,"turns":4},{"damage":0,"enemies":"Reptomancer","floor":47,"turns":4},{"damage":30,"enemies":"Time Eater","floor":50,"turns":6}],"seed_played":"6110497239630805616","potions_obtained":[{"floor":1,"key":"Swift Potion"},{"floor":3,"key":"Block Potion"},{"floor":5,"key":"Fire Potion"},{"floor":7,"key":"Strength Potion"},{"floor":11,"key":"ColorlessPotion"},{"floor":22,"key":"LiquidBronze"},{"floor":29,"key":"EssenceOfSteel"},{"floor":31,"key":"Explosive Potion"},{"floor":33,"key":"SteroidPotion"},{"floor":35,"key":"Explosive Potion"},{"floor":40,"key":"DuplicationPotion"},{"floor":45,"key":"Block Potion"},{"floor":47,"key":"AttackPotion"}],"is_trial":true,"path_per_floor":["M","M","M","?","?","E","M","?","T","E","M","$","?","T","R","B",null,"M","M","?","M","M","E","R","?","T","T","$","M","E","M","R","B",null,"M","?","M","?","M","E","M","E","T","R","M","$","E","?","R","B",null],"character_chosen":"DEFECT","items_purchased":["Apotheosis","Barrage","Art of War","LiquidMemories","ClockworkSouvenir","Ancient Tea Set","Panacea","FocusPotion","Hyperbeam+1","EssenceOfDarkness"],"campfire_rested":1,"item_purchase_floors":[12,12,28,28,46,46,46,46,46,46],"current_hp_per_floor":[74,74,70,70,70,70,70,70,70,69,73,73,73,73,73,75,75,58,46,43,47,54,66,66,60,60,60,60,64,78,82,82,81,86,86,86,85,85,86,86,86,88,88,88,88,88,88,88,88,58],"gold":111,"neow_bonus":"","is_daily":false,"chose_seed":false,"campfire_upgraded":4,"win_rate":0.0,"timestamp":1612002142,"path_taken":["M","M","M","?","?","E","?","?","T","E","M","$","?","?","R","BOSS","M","M","?","?","M","E","R","?","T","?","?","M","E","M","R","BOSS","M","?","?","?","M","E","M","E","T","R","?","?","E","?","R","BOSS"],"items_purchased_type":["Card","Card","Relic","Potion","Relic","Relic","Card","Potion","Card","Potion"],"build_version":"2020-12-22","purchased_purges":0,"victory":true,"max_hp_per_floor":[75,75,75,75,75,75,75,75,75,75,75,75,75,75,75,75,75,82,82,82,82,82,84,84,84,84,84,84,84,86,86,86,86,86,86,86,86,86,86,86,86,88,88,88,88,88,88,88,88,88],"relic_stats":{"Mark of the Bloom":57,"Singing Bowl":6,"Torii":12,"CeramicFish":81,"Bag of Preparation":[6],"Whetstone":["Go for the Eyes","Barrage"],"Boot":[20],"Centennial Puzzle":[12],"Nunchaku":[7],"Lizard Tail":0,"Emotion Chip":[14,2,1,8,3],"Happy Flower":[33],"counters":[26,115],"PreservedInsect":373,"Letter Opener":[0],"Orichalcum":[78],"War Paint":["Steam","Genetic Algorithm"],"Question Card":3,"MawBank":12,"Mercury Hourglass":[436],"Cables":[77,50,0,14,13],"Bird Faced Urn":[85],"Snecko Eye":[73,66,75,83],"Black Star":5,"Art of War":[13],"obtain_stats":[{"Ice Cream":40,"Lantern":40,"Mark of the Bloom":48,"Singing Bowl":19,"Torii":21,"CeramicFish":11,"Vajra":26,"Bag of Preparation":43,"Whetstone":23,"Bottled Tornado":1,"Boot":39,"Ancient Tea Set":46,"Old Coin":29,"ClockworkSouvenir":46,"Centennial Puzzle":30,"Nunchaku":31,"Lizard Tail":42,"Emotion Chip":47,"Strawberry":18,"Cracked Core":0,"Happy Flower":7,"PreservedInsect":2,"Letter Opener":47,"Orichalcum":22,"War Paint":27,"Question Card":37,"MawBank":45,"White Beast Statue":30,"Mercury Hourglass":9,"Cables":14,"CaptainsWheel":3,"Anchor":23,"Bird Faced Urn":10,"Snecko Eye":34,"Molten Egg 2":42,"Black Star":17,"Art of War":28,"Bottled Lightning":6,"Symbiotic Virus":41,"Toy Ornithopter":35},{"Ice Cream":21,"Lantern":21,"Mark of the Bloom":25,"Singing Bowl":10,"Torii":11,"CeramicFish":7,"Vajra":13,"Bag of Preparation":23,"Whetstone":13,"Bottled Tornado":1,"Boot":20,"Ancient Tea Set":24,"Old Coin":14,"ClockworkSouvenir":24,"Centennial Puzzle":15,"Nunchaku":16,"Lizard Tail":23,"Emotion Chip":25,"Strawberry":9,"Cracked Core":0,"Happy Flower":5,"PreservedInsect":2,"Letter Opener":25,"Orichalcum":12,"War Paint":13,"Question Card":19,"MawBank":24,"White Beast Statue":15,"Mercury Hourglass":5,"Cables":7,"CaptainsWheel":3,"Anchor":13,"Bird Faced Urn":6,"Snecko Eye":17,"Molten Egg 2":23,"Black Star":8,"Art of War":13,"Bottled Lightning":4,"Symbiotic Virus":22,"Toy Ornithopter":18},{"Ice Cream":89,"Lantern":89,"Mark of the Bloom":109,"Singing Bowl":39,"Torii":44,"CeramicFish":25,"Vajra":55,"Bag of Preparation":101,"Whetstone":55,"Bottled Tornado":3,"Boot":86,"Ancient Tea Set":105,"Old Coin":59,"ClockworkSouvenir":105,"Centennial Puzzle":64,"Nunchaku":68,"Lizard Tail":101,"Emotion Chip":109,"Strawberry":35,"Cracked Core":0,"Happy Flower":16,"PreservedInsect":6,"Letter Opener":109,"Orichalcum":49,"War Paint":55,"Question Card":83,"MawBank":105,"White Beast Statue":64,"Mercury Hourglass":16,"Cables":25,"CaptainsWheel":9,"Anchor":55,"Bird Faced Urn":21,"Snecko Eye":75,"Molten Egg 2":101,"Black Star":31,"Art of War":55,"Bottled Lightning":13,"Symbiotic Virus":95,"Toy Ornithopter":79}],"Toy Ornithopter":0},"card_choices":[{"not_picked":["Streamline"],"picked":"Steam","floor":6},{"not_picked":["Genetic Algorithm"],"picked":"Creative AI","floor":10},{"not_picked":["Buffer"],"picked":"Meteor Strike","floor":16},{"not_picked":["Sweeping Beam","Tempest"],"picked":"Singing Bowl","floor":23},{"not_picked":["Conserve Battery","Barrage"],"picked":"Singing Bowl","floor":30},{"not_picked":["Buffer"],"picked":"Fission","floor":33},{"not_picked":["Steam","Stack+1"],"picked":"Defragment","floor":40},{"not_picked":["Ball Lightning+1","Rebound+1","Go for the Eyes+1"],"picked":"Singing Bowl","floor":42},{"not_picked":["Beam Cell+1","Self Repair"],"picked":"Heatsinks+1","floor":47}],"player_experience":1074761,"relics_obtained":[{"floor":1,"key":"Bottled Tornado"},{"floor":2,"key":"PreservedInsect"},{"floor":3,"key":"CaptainsWheel"},{"floor":6,"key":"Bottled Lightning"},{"floor":7,"key":"Happy Flower"},{"floor":9,"key":"Mercury Hourglass"},{"floor":10,"key":"Bird Faced Urn"},{"floor":11,"key":"CeramicFish"},{"floor":14,"key":"Cables"},{"floor":18,"key":"Strawberry"},{"floor":19,"key":"Singing Bowl"},{"floor":21,"key":"Torii"},{"floor":22,"key":"Orichalcum"},{"floor":23,"key":"Anchor"},{"floor":23,"key":"Whetstone"},{"floor":26,"key":"Vajra"},{"floor":27,"key":"War Paint"},{"floor":29,"key":"Old Coin"},{"floor":30,"key":"Centennial Puzzle"},{"floor":30,"key":"White Beast Statue"},{"floor":31,"key":"Nunchaku"},{"floor":35,"key":"Toy Ornithopter"},{"floor":37,"key":"Question Card"},{"floor":39,"key":"Boot"},{"floor":40,"key":"Ice Cream"},{"floor":40,"key":"Lantern"},{"floor":41,"key":"Symbiotic Virus"},{"floor":42,"key":"Lizard Tail"},{"floor":42,"key":"Molten Egg 2"},{"floor":43,"key":"Bag of Preparation"},{"floor":45,"key":"MawBank"},{"floor":47,"key":"Letter Opener"},{"floor":47,"key":"Emotion Chip"}],"event_choices":[{"damage_healed":0,"gold_gain":0,"player_choice":"Ignored","damage_taken":0,"max_hp_gain":0,"max_hp_loss":0,"event_name":"Golden Wing","floor":4,"gold_loss":0},{"damage_healed":0,"gold_gain":0,"player_choice":"Bought 1 Potion","damage_taken":0,"max_hp_gain":0,"max_hp_loss":0,"event_name":"The Woman in Blue","floor":5,"gold_loss":0},{"damage_healed":0,"gold_gain":0,"player_choice":"Grow","damage_taken":0,"max_hp_gain":0,"max_hp_loss":0,"event_name":"Living Wall","floor":8,"gold_loss":0,"cards_upgraded":["Turbo"]},{"damage_healed":0,"gold_gain":0,"player_choice":"Ignored","damage_taken":0,"max_hp_gain":0,"max_hp_loss":0,"event_name":"Shining Light","floor":13,"gold_loss":0},{"damage_healed":0,"gold_gain":0,"player_choice":"Punched","damage_taken":3,"max_hp_gain":0,"max_hp_loss":0,"event_name":"Designer","floor":20,"gold_loss":0},{"damage_healed":0,"gold_gain":0,"player_choice":"Joined the Cult","damage_taken":6,"max_hp_gain":0,"max_hp_loss":0,"event_name":"Nest","floor":25,"gold_loss":0,"cards_obtained":["RitualDagger"]},{"damage_healed":0,"gold_gain":0,"player_choice":"0 cards matched","damage_taken":0,"max_hp_gain":0,"max_hp_loss":0,"event_name":"Match and Keep!","floor":36,"gold_loss":0,"cards_obtained":[]},{"cards_removed":["Steam"],"damage_healed":0,"gold_gain":0,"player_choice":"Purged","damage_taken":0,"max_hp_gain":0,"max_hp_loss":0,"event_name":"Purifier","floor":38,"gold_loss":0},{"damage_healed":0,"gold_gain":0,"player_choice":"Upgrade","damage_taken":0,"relics_obtained":["Mark of the Bloom"],"max_hp_gain":0,"max_hp_loss":0,"event_name":"MindBloom","floor":48,"gold_loss":0,"cards_upgraded":["Capacitor","Genetic Algorithm","Cold Snap","Ball Lightning","Capacitor","Barrage","Meteor Strike","RitualDagger","Defragment","Panacea"]}],"is_beta":false,"boss_relics":[{"not_picked":["Ectoplasm","Coffee Dripper"],"picked":"Black Star"},{"not_picked":["SlaversCollar","SacredBark"],"picked":"Snecko Eye"}],"items_purged_floors":[],"is_endless":false,"potions_floor_spawned":[1,3,7,11,22,29,31,33,35,37,39,40,41,42,45,47],"ascension_level":0}}