{"host":"uv231blk40vjdojr","time":1612013554,"event":{"mods":["BaseMod","Bestiary","Minty Spire (QoL Compilation)","Relic Stats"],"gold_per_floor":[119,119,137,137,137,137,155,182,182,212,137,152,187,227,227,301,301,320,320,76,115,15,47,89,109,109,109,109,155,200,257,257,332,332,375,20,20,20,50,50],"floor_reached":39,"language":"ENG","playtime":1831,"items_purged":["Strike_P","Strike_P","FlyingSleeves+1"],"score":924,"play_id":"66ce0668-dc7b-4dfa-9e57-a8e9228465ce","local_time":"20210130143234","is_ascension_mode":true,"campfire_choices":[{"floor":6.0,"key":"REST"},{"floor":15.0,"key":"RECALL"},{"floor":28,"key":"REST"},{"floor":32,"key":"REST"}],"circlet_count":0,"master_deck":["AscendersBane","Defend_P+1","Defend_P+1","Defend_P","Vigilance+1","ReachHeaven","EmptyFist+1","Tantrum+1","Wish+1","Adaptation+1","BowlingBash+1","Alpha+1","ThirdEye","LessonLearned+1","Conclude+1","CutThroughFate+1","DevaForm","FearNoEvil+1"],"relics":["Fusion Hammer","Pocketwatch","Art of War","Molten Egg 2","Ice Cream","Akabeko","Runic Pyramid","Vajra","Unceasing Top","Nilry\u0027s Codex","Centennial Puzzle","The Courier","Empty Cage","Anchor","Frozen Eye"],"acts_visited":["Exordium","TheCity","TheBeyond"],"potions_floor_usage":[31,31],"damage_taken":[{"damage":3.0,"enemies":"Cultist","floor":1.0,"turns":5.0},{"damage":0.0,"enemies":"Jaw Worm","floor":3.0,"turns":3.0},{"damage":0.0,"enemies":"2 Louse","floor":7.0,"turns":2.0},{"damage":10.0,"enemies":"Gremlin Nob","floor":8.0,"turns":3.0},{"damage":7.0,"enemies":"Lagavulin","floor":10.0,"turns":4.0},{"damage":4.0,"enemies":"Red Slaver","floor":12.0,"turns":2.0},{"damage":15.0,"enemies":"3 Sentries","floor":13.0,"turns":7.0},{"damage":0.0,"enemies":"Large Slime","floor":14.0,"turns":2.0},{"damage":7.0,"enemies":"Hexaghost","floor":16.0,"turns":5.0},{"damage":0.0,"enemies":"Chosen","floor":18.0,"turns":2.0},{"damage":5.0,"enemies":"2 Thieves","floor":21.0,"turns":3.0},{"damage":14.0,"enemies":"Gremlin Leader","floor":23.0,"turns":5.0},{"damage":0.0,"enemies":"Chosen and Byrds","floor":24.0,"turns":3.0},{"damage":0,"enemies":"Cultist and Chosen","floor":25,"turns":3},{"damage":1,"enemies":"Snecko","floor":30,"turns":3},{"damage":5,"enemies":"Slavers","floor":31,"turns":4},{"damage":16,"enemies":"Automaton","floor":33,"turns":6},{"damage":29,"enemies":"3 Darklings","floor":35,"turns":4},{"damage":32,"enemies":"3 Shapes","floor":39,"turns":4}],"seed_played":"1824533690105417574","potions_obtained":[{"floor":8.0,"key":"Swift Potion"},{"floor":13.0,"key":"Fire Potion"},{"floor":23.0,"key":"Block Potion"},{"floor":33,"key":"Dexterity Potion"},{"floor":35,"key":"DuplicationPotion"}],"is_trial":false,"path_per_floor":["M","?","M","?","?","R","M","E","T","E","?","M","E","M","R","B",null,"M","?","$","M","$","E","M","M","T","?","R","T","M","E","R","B",null,"M","$","?","?","M"],"character_chosen":"WATCHER","items_purchased":["Vajra","Anchor","Frozen Eye"],"campfire_rested":3,"item_purchase_floors":[20,36,36],"current_hp_per_floor":[58,58,58,58,58,68,68,58,58,51,51,47,32,32,32,25,57,57,57,57,52,52,38,38,38,38,17,37,37,36,31,51,35,60,31,31,31,31,0,0],"gold":50,"neow_bonus":"BOSS_RELIC","is_daily":false,"chose_seed":false,"campfire_upgraded":0,"win_rate":0.0,"timestamp":1612013554,"path_taken":["M","?","M","?","?","R","?","E","T","E","?","M","E","M","R","BOSS","M","?","?","?","$","E","?","M","T","?","R","?","M","E","R","BOSS","M","$","?","?","M"],"items_purchased_type":["Relic","Relic","Relic"],"build_version":"2020-12-22","purchased_purges":3,"victory":false,"max_hp_per_floor":[68,68,68,68,68,68,68,68,68,68,68,68,68,68,68,68,68,68,68,68,68,68,68,68,68,68,68,68,68,68,68,68,68,68,68,68,65,65,65,65],"relic_stats":{"Centennial Puzzle":[15],"counters":[19,70],"Art of War":[13],"obtain_stats":[{"Ice Cream":10,"Nilry\u0027s Codex":27,"Vajra":20,"The Courier":31,"Empty Cage":34,"Akabeko":13,"Frozen Eye":36,"Centennial Puzzle":29,"Anchor":36,"Molten Egg 2":9,"Fusion Hammer":0,"Art of War":8,"PureWater":0,"Unceasing Top":23,"Pocketwatch":4,"Runic Pyramid":17},{"Ice Cream":5,"Nilry\u0027s Codex":14,"Vajra":10,"The Courier":16,"Empty Cage":17,"Akabeko":7,"Frozen Eye":18,"Centennial Puzzle":14,"Anchor":18,"Molten Egg 2":4,"Fusion Hammer":0,"Art of War":4,"PureWater":0,"Unceasing Top":12,"Pocketwatch":2,"Runic Pyramid":9},{"Ice Cream":17,"Nilry\u0027s Codex":49,"Vajra":35,"The Courier":56,"Empty Cage":62,"Akabeko":26,"Frozen Eye":66,"Centennial Puzzle":49,"Anchor":66,"Molten Egg 2":13,"Fusion Hammer":0,"Art of War":13,"PureWater":0,"Unceasing Top":43,"Pocketwatch":8,"Runic Pyramid":33}],"Unceasing Top":[0],"Pocketwatch":[53]},"card_choices":[{"not_picked":["Halt","BowlingBash"],"picked":"ReachHeaven","floor":1.0},{"not_picked":["Protect","Consecrate"],"picked":"EmptyFist","floor":3.0},{"not_picked":["ClearTheMind","PathToVictory"],"picked":"Tantrum","floor":7.0},{"not_picked":["Swivel","TalkToTheHand"],"picked":"Wish","floor":8.0},{"not_picked":["ClearTheMind","BattleHymn"],"picked":"Adaptation","floor":10.0},{"not_picked":["Wireheading","ClearTheMind"],"picked":"BowlingBash+1","floor":12.0},{"not_picked":["FollowUp+1","FlyingSleeves+1"],"picked":"Alpha","floor":13.0},{"not_picked":["Prostrate","Evaluate"],"picked":"ThirdEye","floor":14.0},{"not_picked":["Alpha","Brilliance+1"],"picked":"LessonLearned+1","floor":16.0},{"not_picked":["Protect","ClearTheMind"],"picked":"Conclude+1","floor":18.0},{"not_picked":["FlurryOfBlows+1","Sanctity","Prostrate"],"picked":"SKIP","floor":21.0},{"not_picked":["ConjureBlade","DeusExMachina","FollowUp+1"],"picked":"SKIP","floor":23.0},{"not_picked":["Halt","Protect"],"picked":"CutThroughFate+1","floor":24.0},{"not_picked":["Evaluate","Halt","ClearTheMind"],"picked":"SKIP","floor":25},{"not_picked":["WheelKick+1","CutThroughFate+1","PathToVictory"],"picked":"SKIP","floor":30},{"not_picked":["PathToVictory","FlyingSleeves+1","Vengeance"],"picked":"SKIP","floor":31},{"not_picked":["Alpha","Devotion"],"picked":"DevaForm","floor":33},{"not_picked":["EmptyBody+1","Crescendo"],"picked":"FearNoEvil+1","floor":35}],"player_experience":727090,"relics_obtained":[{"floor":8.0,"key":"Art of War"},{"floor":9.0,"key":"Molten Egg 2"},{"floor":10.0,"key":"Ice Cream"},{"floor":13.0,"key":"Akabeko"},{"floor":23.0,"key":"Unceasing Top"},{"floor":27,"key":"Nilry\u0027s Codex"},{"floor":29,"key":"Centennial Puzzle"},{"floor":31,"key":"The Courier"}],"event_choices":[{"damage_healed":0.0,"max_hp_gain":0.0,"max_hp_loss":0.0,"gold_gain":0.0,"event_name":"Liars Game","player_choice":"Ignored","floor":2.0,"gold_loss":0.0,"damage_taken":0.0},{"damage_healed":0.0,"max_hp_gain":0.0,"max_hp_loss":0.0,"gold_gain":0.0,"event_name":"Big Fish","player_choice":"Box","floor":4.0,"gold_loss":0.0,"damage_taken":0.0,"relics_obtained":["Pocketwatch"],"cards_obtained":["Regret"]},{"damage_healed":0.0,"max_hp_gain":0.0,"max_hp_loss":0.0,"gold_gain":0.0,"event_name":"Upgrade Shrine","player_choice":"Upgraded","floor":5.0,"gold_loss":0.0,"damage_taken":0.0,"cards_upgraded":["Eruption"]},{"cards_removed":["Regret"],"damage_healed":0.0,"max_hp_gain":0.0,"max_hp_loss":0.0,"gold_gain":0.0,"event_name":"The Cleric","player_choice":"Card Removal","floor":11.0,"gold_loss":75.0,"damage_taken":0.0},{"damage_healed":0.0,"max_hp_gain":0.0,"max_hp_loss":0.0,"gold_gain":0.0,"cards_transformed":["Strike_P"],"event_name":"Transmorgrifier","player_choice":"Transformed","floor":19.0,"gold_loss":0.0,"damage_taken":0.0,"cards_obtained":["FlyingSleeves"]},{"damage_healed":0,"gold_gain":0,"player_choice":"Obtained Book","damage_taken":21,"max_hp_gain":0,"max_hp_loss":0,"event_name":"Cursed Tome","floor":27,"gold_loss":0},{"damage_healed":0,"gold_gain":0,"player_choice":"Max HP","damage_taken":0,"max_hp_gain":0,"max_hp_loss":3,"event_name":"Winding Halls","floor":37,"gold_loss":0},{"cards_removed":["Eruption"],"damage_healed":0,"gold_gain":0,"player_choice":"Removed Attack","damage_taken":0,"max_hp_gain":0,"max_hp_loss":0,"event_name":"Falling","floor":38,"gold_loss":0}],"is_beta":false,"boss_relics":[{"not_picked":["Philosopher\u0027s Stone","SacredBark"],"picked":"Runic Pyramid"},{"not_picked":["Cursed Key","Black Star"],"picked":"Empty Cage"}],"items_purged_floors":[20,22,36],"is_endless":false,"potions_floor_spawned":[8,13,14,21,23,30,33,35],"killed_by":"3 Shapes","ascension_level":20}}