{"host":"6p0attdrtjqaih7v","time":1612044204,"event":{"mods":["2.2 Compatiblity","AchievementEnabler","Bard","BaseMod","Better Skull","Better Third Choice","Colored Powertips","Downfall","Hermit","Highlight Path","Key Reminder","Minty Spire (QoL Compilation)","Permanent Neow","Quick Restart","Random Character Button","Relic Stats","Replay The Spire","Robot Space Explorer","StSLib","The Witch"],"gold_per_floor":[114,126,140,105,120,120,148,148,174,206,206,226,226,16,16,88,88,103,119,138,153,165,165,175,192,192,210,210,235,70,104,104,104,104],"floor_reached":33,"language":"ENG","playtime":1477,"items_purged":[],"score":612,"play_id":"0034bfd3-8c55-4ea3-81ee-c0cd18b1bfa8","local_time":"20210130170324","is_ascension_mode":true,"campfire_choices":[{"data":"Neutralize","floor":6,"key":"SMITH"},{"data":"Draining Mist","floor":8,"key":"SMITH"},{"floor":11,"key":"REST"},{"data":"Sucker Punch","floor":15,"key":"SMITH"},{"data":"Bouncing Flask","floor":23,"key":"SMITH"},{"data":"Sucker Punch","floor":28,"key":"SMITH"},{"data":"After Image","floor":32,"key":"SMITH"}],"circlet_count":0,"master_deck":["AscendersBane","Strike_G","Strike_G","Strike_G","Strike_G","Defend_G","Defend_G","Defend_G","Defend_G","Defend_G","Survivor","Neutralize+1","Sucker Punch+1","Heel Hook","Blade Dance","Quick Slash","Draining Mist+1","Blade Dance","Sucker Punch+1","Envenom","Draining Mist+1","Deadly Poison","Acrobatics","Bouncing Flask+1","PiercingWail","Dodge and Roll+1","Corpse Explosion","After Image+1"],"relics":["Ring of the Snake","ReplayTheSpireMod:Lightbulb","Bag of Preparation","ReplayTheSpireMod:TigerMarble","Lantern","Replay:Grab Bag","Coffee Dripper","sneckomod:SneckoTalon","Sundial","Toy Ornithopter","Mercury Hourglass"],"acts_visited":["Exordium","TheCity"],"potions_floor_usage":[7,16,22,31,33],"damage_taken":[{"damage":2,"enemies":"Cultist","floor":1,"turns":5},{"damage":0,"enemies":"2 Louse","floor":2,"turns":2},{"damage":0,"enemies":"Small Slimes","floor":3,"turns":4},{"damage":0,"enemies":"Looter","floor":5,"turns":4},{"damage":24,"enemies":"Gremlin Nob","floor":7,"turns":4},{"damage":24,"enemies":"Lagavulin","floor":10,"turns":8},{"damage":10,"enemies":"Large Slime","floor":12,"turns":6},{"damage":6,"enemies":"The Guardian","floor":16,"turns":15},{"damage":0,"enemies":"Chosen","floor":18,"turns":2},{"damage":8,"enemies":"2 Thieves","floor":19,"turns":4},{"damage":0,"enemies":"Snake Plant","floor":20,"turns":3},{"damage":0,"enemies":"3 Cultists","floor":21,"turns":5},{"damage":17,"enemies":"Cultist and Chosen","floor":22,"turns":6},{"damage":0,"enemies":"Snake Plant","floor":24,"turns":3},{"damage":0,"enemies":"Snecko","floor":25,"turns":4},{"damage":7,"enemies":"3 Cultists","floor":27,"turns":5},{"damage":0,"enemies":"Slavers","floor":31,"turns":4},{"damage":44,"enemies":"Champ","floor":33,"turns":12}],"seed_played":"4563098177064494283","potions_obtained":[{"floor":2,"key":"Toxic Potion"},{"floor":5,"key":"Elixir"},{"floor":10,"key":"Strength Potion"},{"floor":12,"key":"FearPotion"},{"floor":19,"key":"Elixir"},{"floor":22,"key":"Energy Potion"},{"floor":25,"key":"GhostInAJar"},{"floor":27,"key":"Strength Potion"}],"is_trial":false,"path_per_floor":["M","M","M","?","M","R","E","R","T","E","R","M","?","$","R","B",null,"M","M","M","M","M","R","M","M","T","M","R","T","$","E","R","B"],"character_chosen":"THE_SILENT","items_purchased":["Lantern","Sucker Punch","Corpse Explosion"],"campfire_rested":1,"item_purchase_floors":[14,14,30],"current_hp_per_floor":[57,57,57,66,66,66,42,42,42,18,37,27,27,27,27,21,55,55,47,47,47,30,30,30,30,30,23,23,23,23,28,28,0,0],"gold":104,"neow_bonus":"REMOVE_CARD","is_daily":false,"chose_seed":false,"campfire_upgraded":6,"win_rate":0.0,"timestamp":1612044204,"path_taken":["M","?","M","?","M","R","E","R","T","E","R","M","?","$","R","BOSS","M","M","M","M","?","R","?","M","T","M","R","?","$","E","R","BOSS"],"items_purchased_type":["Relic","Card","Card"],"build_version":"2020-12-22","purchased_purges":0,"victory":false,"max_hp_per_floor":[66,66,66,66,66,66,66,66,66,66,66,66,66,66,66,66,66,66,66,66,66,66,66,66,66,66,66,66,66,66,66,66,66,66],"relic_stats":{"counters":[18,96],"Sundial":[2],"Bag of Preparation":[26],"obtain_stats":[{"Lantern":14,"Sundial":26,"Replay:Grab Bag":17,"Bag of Preparation":9,"ReplayTheSpireMod:TigerMarble":10,"Coffee Dripper":17,"ReplayTheSpireMod:Lightbulb":7,"sneckomod:SneckoTalon":17,"Toy Ornithopter":29,"Ring of the Snake":0,"Mercury Hourglass":31},{"Lantern":7,"Sundial":15,"Replay:Grab Bag":8,"Bag of Preparation":5,"ReplayTheSpireMod:TigerMarble":6,"Coffee Dripper":8,"ReplayTheSpireMod:Lightbulb":5,"sneckomod:SneckoTalon":8,"Toy Ornithopter":16,"Ring of the Snake":0,"Mercury Hourglass":17},{"Lantern":33,"Sundial":75,"Replay:Grab Bag":48,"Bag of Preparation":19,"ReplayTheSpireMod:TigerMarble":27,"Coffee Dripper":48,"ReplayTheSpireMod:Lightbulb":19,"sneckomod:SneckoTalon":48,"Toy Ornithopter":80,"Ring of the Snake":0,"Mercury Hourglass":84}],"Toy Ornithopter":10,"Ring of the Snake":[36],"Mercury Hourglass":[9]},"card_choices":[{"not_picked":["Bane","Prepared"],"picked":"Sucker Punch","floor":1},{"not_picked":["Cloak And Dagger","Slice"],"picked":"Heel Hook","floor":2},{"not_picked":["Terror","Dodge and Roll"],"picked":"Blade Dance","floor":3},{"not_picked":["Flying Knee","Choke"],"picked":"Quick Slash","floor":5},{"not_picked":["Masterful Stab","Escape Plan"],"picked":"Draining Mist","floor":7},{"not_picked":["Setup","Skewer","Riddle With Holes"],"picked":"SKIP","floor":10},{"not_picked":["Backstab","Sucker Punch"],"picked":"Blade Dance","floor":12},{"not_picked":["Adrenaline","Malaise"],"picked":"Envenom","floor":16},{"not_picked":["Slice","Predator"],"picked":"Draining Mist+1","floor":18},{"not_picked":["Prepared","Eviscerate"],"picked":"Deadly Poison","floor":19},{"not_picked":["Flying Knee","Outmaneuver","Sucker Punch"],"picked":"SKIP","floor":20},{"not_picked":["Slice","Outmaneuver"],"picked":"Acrobatics","floor":21},{"not_picked":["Bane","Tools of the Trade"],"picked":"Bouncing Flask","floor":22},{"not_picked":["Prepared","Flying Knee"],"picked":"PiercingWail","floor":24},{"not_picked":["Prepared","Dagger Spray"],"picked":"Dodge and Roll+1","floor":25},{"not_picked":["Bane","Well Laid Plans","Sucker Punch+1"],"picked":"SKIP","floor":27},{"not_picked":["Choke","Footwork"],"picked":"After Image","floor":31}],"player_experience":973838,"relics_obtained":[{"floor":7,"key":"ReplayTheSpireMod:Lightbulb"},{"floor":9,"key":"Bag of Preparation"},{"floor":10,"key":"ReplayTheSpireMod:TigerMarble"},{"floor":26,"key":"Sundial"},{"floor":29,"key":"Toy Ornithopter"},{"floor":31,"key":"Mercury Hourglass"}],"event_choices":[{"damage_healed":16,"gold_gain":0,"player_choice":"Healed","damage_taken":0,"max_hp_gain":0,"max_hp_loss":0,"event_name":"The Cleric","floor":4,"gold_loss":35},{"damage_healed":0,"gold_gain":0,"player_choice":"Got Potions","damage_taken":0,"max_hp_gain":0,"max_hp_loss":0,"event_name":"Lab","floor":13,"gold_loss":0}],"is_beta":false,"boss_relics":[{"not_picked":["Runic Dome","Painkiller Herb"],"picked":"Replay:Grab Bag"},{"not_picked":["Ectoplasm","Replay:Wanted Poster"],"picked":"Coffee Dripper"},{"not_picked":["Black Star","expansioncontent:StudyCardRelic"],"picked":"sneckomod:SneckoTalon"}],"items_purged_floors":[],"is_endless":false,"potions_floor_spawned":[2,5,10,12,19,22,25,27],"killed_by":"Champ","ascension_level":20}}