{"host":"6xsbn6ynqlzwllfm","time":1612038066,"event":{"mods":["2.2 Compatiblity","BaseMod","Bestiary","Colored Map","Colored Powertips","Curses Come First","Highlight Path","Keyboard Shortcuts","Minty Spire (QoL Compilation)","Relic Stats","Slay the Relics Exporter","StSLib","SuperFastMode"],"gold_per_floor":[118,135,155,155,174,207,207,236,263,328,346,376,19,19,19,98,98,115,129,140,140,159,191,191,208,208,236,252,284,22,35,35,106,106,121,121,146,0,0,35,50,65,65,85,116,132,132,167,167,167,167,167],"floor_reached":51,"language":"ENG","playtime":2159,"items_purged":["Strike_P","Defend_P"],"score":1738,"play_id":"d321cf42-495c-4a6b-8c3c-99b5e1582040","local_time":"20210130152106","is_ascension_mode":true,"campfire_choices":[{"data":"FlyingSleeves","floor":7.0,"key":"SMITH"},{"data":"Scrawl","floor":15.0,"key":"SMITH"},{"data":"Prostrate","floor":24.0,"key":"SMITH"},{"data":"Fasting2","floor":32.0,"key":"SMITH"},{"floor":47.0,"key":"RECALL"},{"floor":49.0,"key":"REST"}],"circlet_count":0,"master_deck":["AscendersBane","Defend_P","Defend_P+1","Eruption","Vigilance","WheelKick+1","DeceiveReality+1","Worship+1","FollowUp","FlyingSleeves+1","Collect+1","EmptyFist","CrushJoints","Prostrate+1","Scrawl+1","DevaForm","Protect+1","Tantrum","CarveReality","Fasting2+1","Wallop","Vault","Sanctity+1","Prostrate","Pray","Protect+1","Ragnarok"],"relics":["Astrolabe","StrikeDummy","Strawberry","Akabeko","Bag of Marbles","Happy Flower","Bottled Lightning","Sozu","Boot","Kunai","White Beast Statue","MealTicket","Medical Kit","Black Star","FossilizedHelix","Red Mask","War Paint","PreservedInsect","Shovel","StoneCalendar","Ancient Tea Set","HornCleat"],"acts_visited":["Exordium","TheCity","TheBeyond"],"potions_floor_usage":[],"damage_taken":[{"damage":0.0,"enemies":"Cultist","floor":1.0,"turns":3.0},{"damage":0.0,"enemies":"2 Louse","floor":2.0,"turns":2.0},{"damage":0.0,"enemies":"Small Slimes","floor":3.0,"turns":3.0},{"damage":14.0,"enemies":"Blue Slaver","floor":5.0,"turns":3.0},{"damage":21.0,"enemies":"3 Sentries","floor":6.0,"turns":11.0},{"damage":0.0,"enemies":"Lagavulin","floor":8.0,"turns":5.0},{"damage":3.0,"enemies":"3 Sentries","floor":10.0,"turns":4.0},{"damage":0.0,"enemies":"3 Louse","floor":11.0,"turns":2.0},{"damage":7.0,"enemies":"Gremlin Nob","floor":12.0,"turns":3.0},{"damage":1.0,"enemies":"The Guardian","floor":16.0,"turns":8.0},{"damage":11.0,"enemies":"3 Byrds","floor":18.0,"turns":4.0},{"damage":1.0,"enemies":"2 Thieves","floor":19.0,"turns":3.0},{"damage":0.0,"enemies":"Centurion and Healer","floor":20.0,"turns":4.0},{"damage":0.0,"enemies":"Snecko","floor":22.0,"turns":2.0},{"damage":10.0,"enemies":"Book of Stabbing","floor":23.0,"turns":3.0},{"damage":0.0,"enemies":"3 Cultists","floor":25.0,"turns":3.0},{"damage":15.0,"enemies":"Slavers","floor":27.0,"turns":4.0},{"damage":0.0,"enemies":"Chosen and Byrds","floor":28.0,"turns":3.0},{"damage":1.0,"enemies":"Gremlin Leader","floor":29.0,"turns":3.0},{"damage":0.0,"enemies":"Snecko","floor":31.0,"turns":2.0},{"damage":5.0,"enemies":"Champ","floor":33.0,"turns":9.0},{"damage":0.0,"enemies":"3 Shapes","floor":35.0,"turns":2.0},{"damage":7.0,"enemies":"Mind Bloom Boss Battle","floor":37.0,"turns":6.0},{"damage":0.0,"enemies":"Nemesis","floor":40.0,"turns":4.0},{"damage":11.0,"enemies":"3 Darklings","floor":41.0,"turns":4.0},{"damage":0.0,"enemies":"4 Shapes","floor":42.0,"turns":5.0},{"damage":0.0,"enemies":"Writhing Mass","floor":44.0,"turns":4.0},{"damage":20.0,"enemies":"Giant Head","floor":45.0,"turns":6.0},{"damage":0.0,"enemies":"3 Darklings","floor":46.0,"turns":5.0},{"damage":24.0,"enemies":"Reptomancer","floor":48.0,"turns":7.0},{"damage":0.0,"enemies":"Donu and Deca","floor":50.0,"turns":7.0},{"damage":25,"enemies":"Time Eater","floor":51,"turns":6}],"seed_played":"3829433710909170939","potions_obtained":[{"floor":3.0,"key":"Strength Potion"},{"floor":6.0,"key":"Fire Potion"},{"floor":8.0,"key":"Fire Potion"},{"floor":10.0,"key":"DistilledChaos"},{"floor":11.0,"key":"LiquidBronze"}],"is_trial":false,"path_per_floor":["M","M","M","?","M","E","R","E","T","?","M","E","$","?","R","B",null,"M","M","M","?","M","E","R","M","T","E","M","E","$","M","R","B",null,"M","?","?","?","?","E","M","M","T","M","E","M","R","E","R","B","B"],"character_chosen":"WATCHER","items_purchased":["Bottled Lightning","Medical Kit"],"campfire_rested":1,"item_purchase_floors":[13,30],"current_hp_per_floor":[61,61,61,61,47,26,26,33,33,30,30,23,23,5,5,4,57,46,45,45,41,41,31,31,31,31,16,16,15,30,30,30,25,63,63,63,56,56,56,56,45,45,45,45,25,25,25,1,23,23,0,0],"gold":167,"neow_bonus":"BOSS_RELIC","is_daily":false,"chose_seed":false,"campfire_upgraded":4,"win_rate":0.0,"timestamp":1612038066,"path_taken":["M","M","M","?","M","E","R","E","T","?","M","E","$","?","R","BOSS","M","M","M","?","M","E","R","M","T","E","?","E","$","M","R","BOSS","M","?","?","?","?","E","M","M","T","M","E","?","R","E","R","BOSS","BOSS"],"items_purchased_type":["Relic","Relic"],"build_version":"2020-12-22","purchased_purges":2,"victory":false,"max_hp_per_floor":[68,68,68,68,68,68,68,75,75,75,75,75,75,75,75,75,75,75,75,75,75,75,75,75,75,75,75,75,75,75,75,75,75,75,75,75,75,75,75,75,75,75,75,75,75,75,75,75,75,75,75,75],"relic_stats":{"Happy Flower":[34],"counters":[32,140],"Astrolabe":["WheelKick","DeceiveReality","Worship"],"StoneCalendar":[46],"PreservedInsect":191,"War Paint":["Defend_P","Collect"],"Boot":[61],"Medical Kit":[2],"Sozu":19,"Shovel":0,"MealTicket":15,"Black Star":3,"Kunai":[32],"obtain_stats":[{"Happy Flower":12,"Astrolabe":0,"StoneCalendar":45,"PreservedInsect":40,"War Paint":40,"Boot":23,"Medical Kit":30,"Ancient Tea Set":48,"Akabeko":9,"White Beast Statue":27,"Sozu":17,"Shovel":45,"HornCleat":48,"Strawberry":8,"MealTicket":29,"Bag of Marbles":10,"Black Star":34,"Red Mask":38,"Bottled Lightning":13,"Kunai":26,"PureWater":0,"StrikeDummy":6,"FossilizedHelix":37},{"Happy Flower":9,"Astrolabe":0,"StoneCalendar":28,"PreservedInsect":24,"War Paint":24,"Boot":15,"Medical Kit":19,"Ancient Tea Set":30,"Akabeko":6,"White Beast Statue":17,"Sozu":10,"Shovel":28,"HornCleat":30,"Strawberry":6,"MealTicket":19,"Bag of Marbles":6,"Black Star":21,"Red Mask":23,"Bottled Lightning":9,"Kunai":16,"PureWater":0,"StrikeDummy":5,"FossilizedHelix":23},{"Happy Flower":36,"Astrolabe":0,"StoneCalendar":115,"PreservedInsect":96,"War Paint":96,"Boot":60,"Medical Kit":73,"Ancient Tea Set":127,"Akabeko":27,"White Beast Statue":67,"Sozu":44,"Shovel":115,"HornCleat":127,"Strawberry":27,"MealTicket":73,"Bag of Marbles":27,"Black Star":84,"Red Mask":92,"Bottled Lightning":36,"Kunai":63,"PureWater":0,"StrikeDummy":22,"FossilizedHelix":92}]},"card_choices":[{"not_picked":["Weave","CutThroughFate"],"picked":"FollowUp","floor":1.0},{"not_picked":["EmptyBody","WheelKick"],"picked":"FlyingSleeves","floor":3.0},{"not_picked":["FlyingSleeves","Pray"],"picked":"Collect","floor":5.0},{"not_picked":["InnerPeace","Collect"],"picked":"EmptyFist","floor":6.0},{"not_picked":["Meditate","Conclude"],"picked":"CrushJoints","floor":8.0},{"not_picked":["EmptyMind","Wireheading"],"picked":"Prostrate","floor":11.0},{"not_picked":["Consecrate","FollowUp"],"picked":"Scrawl","floor":12.0},{"not_picked":["ConjureBlade","MasterReality"],"picked":"DevaForm","floor":16.0},{"not_picked":["Evaluate","FlurryOfBlows"],"picked":"Protect+1","floor":18.0},{"not_picked":["Wireheading","ClearTheMind+1"],"picked":"Tantrum","floor":19.0},{"not_picked":["BowlingBash","Halt"],"picked":"CarveReality","floor":23.0},{"not_picked":["Establishment","EmptyFist+1"],"picked":"Fasting2","floor":27.0},{"not_picked":["Protect","BowlingBash"],"picked":"Consecrate","floor":28.0},{"not_picked":["WindmillStrike","Crescendo"],"picked":"Wallop","floor":29.0},{"not_picked":["Brilliance","Blasphemy"],"picked":"Vault","floor":33.0},{"not_picked":["ThirdEye","Vengeance"],"picked":"Sanctity+1","floor":35.0},{"not_picked":["SashWhip","BowlingBash"],"picked":"Prostrate","floor":37.0},{"not_picked":["Evaluate","EmptyFist"],"picked":"Pray","floor":40.0},{"not_picked":["EmptyFist","FlurryOfBlows"],"picked":"Protect+1","floor":42.0},{"not_picked":["Tantrum","SandsOfTime+1","FlyingSleeves"],"picked":"SKIP","floor":46.0},{"not_picked":["EmptyFist","LessonLearned"],"picked":"Ragnarok","floor":48.0}],"player_experience":1297656,"relics_obtained":[{"floor":6.0,"key":"StrikeDummy"},{"floor":8.0,"key":"Strawberry"},{"floor":9.0,"key":"Akabeko"},{"floor":12.0,"key":"Happy Flower"},{"floor":23.0,"key":"Boot"},{"floor":26.0,"key":"Kunai"},{"floor":27.0,"key":"White Beast Statue"},{"floor":29.0,"key":"MealTicket"},{"floor":37.0,"key":"FossilizedHelix"},{"floor":40.0,"key":"War Paint"},{"floor":40.0,"key":"PreservedInsect"},{"floor":45.0,"key":"Shovel"},{"floor":45.0,"key":"StoneCalendar"},{"floor":48.0,"key":"Ancient Tea Set"},{"floor":48.0,"key":"HornCleat"}],"event_choices":[{"cards_removed":["Defend_P"],"damage_healed":0.0,"max_hp_gain":0.0,"max_hp_loss":0.0,"gold_gain":0.0,"event_name":"Living Wall","player_choice":"Forget","floor":4.0,"gold_loss":0.0,"damage_taken":0.0},{"damage_healed":0.0,"max_hp_gain":0.0,"max_hp_loss":0.0,"gold_gain":30.0,"event_name":"Dead Adventurer","player_choice":"Searched \u00273\u0027 times","floor":10.0,"gold_loss":0.0,"damage_taken":0.0,"relics_obtained":["Bag of Marbles"]},{"damage_healed":0.0,"max_hp_gain":0.0,"max_hp_loss":0.0,"gold_gain":0.0,"event_name":"Scrap Ooze","player_choice":"Fled","floor":14.0,"gold_loss":0.0,"damage_taken":18.0},{"damage_healed":0.0,"max_hp_gain":0.0,"max_hp_loss":0.0,"gold_gain":0.0,"event_name":"The Woman in Blue","player_choice":"Bought 0 Potions","floor":21.0,"gold_loss":0.0,"damage_taken":0.0},{"cards_removed":["Consecrate"],"damage_healed":0.0,"max_hp_gain":0.0,"max_hp_loss":0.0,"gold_gain":0.0,"event_name":"Falling","player_choice":"Removed Attack","floor":36.0,"gold_loss":0.0,"damage_taken":0.0},{"damage_healed":0.0,"max_hp_gain":0.0,"max_hp_loss":0.0,"gold_gain":0.0,"event_name":"MindBloom","player_choice":"Fight","floor":37.0,"gold_loss":0.0,"damage_taken":0.0},{"damage_healed":0.0,"max_hp_gain":0.0,"max_hp_loss":0.0,"gold_gain":0.0,"event_name":"Tomb of Lord Red Mask","player_choice":"Paid","floor":38.0,"gold_loss":146.0,"damage_taken":0.0,"relics_obtained":["Red Mask"]},{"damage_healed":0.0,"max_hp_gain":0.0,"max_hp_loss":0.0,"gold_gain":0.0,"event_name":"Lab","player_choice":"Got Potions","floor":39.0,"gold_loss":0.0,"damage_taken":0.0}],"is_beta":false,"boss_relics":[{"not_picked":["Velvet Choker","Ectoplasm"],"picked":"Sozu"},{"not_picked":["Cursed Key","Fusion Hammer"],"picked":"Black Star"}],"items_purged_floors":[13,30],"is_endless":false,"potions_floor_spawned":[3,6,8,10,11,19,20,23,25,28,29,31,33,35,37,40,41,42,44,45,46,48],"killed_by":"Time Eater","ascension_level":20}}