{"host":"w3q5ijqu8eoknil3","time":1612043060,"event":{"mods":["AchievementEnabler","BaseMod","Block Reminder","Colored Map","Colored Powertips","Curses Come First","Dark Map","Minty Spire (QoL Compilation)","Quick Restart","Relic Stats","StSLib","ojb\u0027s Better Paths Mod","ojb\u0027s Info Mod","slay the spire mod where everything is the same but ironclad has a cowboy hat"],"gold_per_floor":[117,135,135,135,135,135,169,169,194,194,212,235,235,260,260,356,356,374,374,393,17,17,17],"floor_reached":22,"language":"ENG","playtime":490,"items_purged":[],"score":408,"play_id":"e9ab429c-3b32-404e-abf8-e4ebe9ba69ad","local_time":"20210130214420","is_ascension_mode":true,"campfire_choices":[{"data":"Choke","floor":6,"key":"SMITH"},{"data":"Crippling Poison","floor":10,"key":"SMITH"},{"data":"Bouncing Flask","floor":15,"key":"SMITH"}],"circlet_count":0,"master_deck":["AscendersBane","Strike_G","Strike_G","Strike_G","Strike_G","Defend_G","Defend_G","Defend_G","Defend_G","Defend_G","Survivor","Neutralize","Calculated Gamble","Choke+1","Crippling Poison+1","Pain","Bouncing Flask+1","Deadly Poison","Blur","Skewer","Bullet Time","Deadly Poison+1","Finisher","Bouncing Flask","Apotheosis"],"relics":["Ring of the Snake","NeowsBlessing","Golden Idol","Mummified Hand","WarpedTongs","Pen Nib","Snecko Eye","PreservedInsect"],"acts_visited":["Exordium","TheCity"],"potions_floor_usage":[14,16,20,20,22],"damage_taken":[{"damage":0,"enemies":"2 Louse","floor":1,"turns":1},{"damage":0,"enemies":"Small Slimes","floor":2,"turns":1},{"damage":0,"enemies":"3 Sentries","floor":7,"turns":2},{"damage":2,"enemies":"Cultist","floor":11,"turns":3},{"damage":5,"enemies":"Looter","floor":12,"turns":3},{"damage":3,"enemies":"2 Fungi Beasts","floor":14,"turns":2},{"damage":18,"enemies":"Hexaghost","floor":16,"turns":6},{"damage":5,"enemies":"Chosen","floor":18,"turns":3},{"damage":15,"enemies":"3 Byrds","floor":20,"turns":4},{"damage":38,"enemies":"Shelled Parasite and Fungi","floor":22,"turns":4}],"seed_played":"-4777961087818397414","potions_obtained":[{"floor":1,"key":"LiquidMemories"},{"floor":7,"key":"Energy Potion"},{"floor":16,"key":"Fire Potion"},{"floor":18,"key":"Poison Potion"},{"floor":20,"key":"Dexterity Potion"}],"is_trial":false,"path_per_floor":["M","M","?","?","?","R","E","?","T","R","M","M","?","M","R","B",null,"M","?","M","$","M"],"character_chosen":"THE_SILENT","items_purchased":["PreservedInsect","Apotheosis"],"campfire_rested":0,"item_purchase_floors":[21,21],"current_hp_per_floor":[59,59,59,64,64,64,64,64,64,64,62,57,57,54,54,36,58,53,53,38,38,0,0],"gold":17,"neow_bonus":"THREE_ENEMY_KILL","is_daily":false,"chose_seed":false,"campfire_upgraded":3,"win_rate":0.0,"timestamp":1612043060,"path_taken":["M","M","?","?","?","R","E","?","T","R","M","?","?","M","R","BOSS","M","?","M","$","M"],"items_purchased_type":["Relic","Card"],"build_version":"2020-12-22","purchased_purges":0,"victory":false,"max_hp_per_floor":[66,66,60,65,65,65,65,65,65,65,65,65,65,65,65,65,65,65,65,65,65,65,65],"relic_stats":{"counters":[10,29],"Golden Idol":48,"Mummified Hand":[0],"Snecko Eye":[14,23,23,13],"Pen Nib":[2],"PreservedInsect":0,"obtain_stats":[{"NeowsBlessing":0,"Golden Idol":3,"Mummified Hand":7,"Snecko Eye":17,"Pen Nib":9,"PreservedInsect":21,"Ring of the Snake":0,"WarpedTongs":8},{"NeowsBlessing":0,"Golden Idol":2,"Mummified Hand":3,"Snecko Eye":7,"Pen Nib":3,"PreservedInsect":9,"Ring of the Snake":0,"WarpedTongs":3},{"NeowsBlessing":0,"Golden Idol":2,"Mummified Hand":4,"Snecko Eye":18,"Pen Nib":4,"PreservedInsect":25,"Ring of the Snake":0,"WarpedTongs":4}],"Ring of the Snake":[20],"WarpedTongs":[25]},"card_choices":[{"not_picked":["Setup","Backflip"],"picked":"Calculated Gamble","floor":1},{"not_picked":["Cloak And Dagger","Well Laid Plans"],"picked":"Choke","floor":2},{"not_picked":["Glass Knife","Cloak And Dagger"],"picked":"Crippling Poison","floor":7},{"not_picked":["Deflect","PiercingWail"],"picked":"Bouncing Flask","floor":11},{"not_picked":["Underhanded Strike","Outmaneuver"],"picked":"Deadly Poison","floor":12},{"not_picked":["Well Laid Plans","Acrobatics"],"picked":"Skewer","floor":14},{"not_picked":["A Thousand Cuts","Tools of the Trade"],"picked":"Bullet Time","floor":16},{"not_picked":["Bane","Dagger Throw"],"picked":"Deadly Poison+1","floor":18},{"not_picked":["Slice","Accuracy+1"],"picked":"Bouncing Flask","floor":20}],"player_experience":1027633,"relics_obtained":[{"floor":7,"key":"Mummified Hand"},{"floor":9,"key":"Pen Nib"}],"event_choices":[{"damage_healed":0,"gold_gain":0,"player_choice":"Lose Max HP","damage_taken":0,"relics_obtained":["Golden Idol"],"max_hp_gain":0,"max_hp_loss":6,"event_name":"Golden Idol","floor":3,"gold_loss":0},{"damage_healed":0,"gold_gain":0,"player_choice":"Donut","damage_taken":0,"max_hp_gain":5,"max_hp_loss":0,"event_name":"Big Fish","floor":4,"gold_loss":0},{"damage_healed":0,"gold_gain":0,"player_choice":"Ignored","damage_taken":0,"max_hp_gain":0,"max_hp_loss":0,"event_name":"Liars Game","floor":5,"gold_loss":0},{"damage_healed":0,"gold_gain":0,"player_choice":"Rummage","damage_taken":0,"relics_obtained":["WarpedTongs"],"max_hp_gain":0,"max_hp_loss":0,"event_name":"Accursed Blacksmith","floor":8,"gold_loss":0,"cards_obtained":["Pain"]},{"damage_healed":0,"gold_gain":0,"cards_transformed":["Strike_G"],"player_choice":"Change","damage_taken":0,"max_hp_gain":0,"max_hp_loss":0,"event_name":"Living Wall","floor":13,"gold_loss":0,"cards_obtained":["Blur"]},{"damage_healed":0,"gold_gain":0,"player_choice":"Read","damage_taken":0,"max_hp_gain":0,"max_hp_loss":0,"event_name":"The Library","floor":19,"gold_loss":0,"cards_obtained":["Finisher"]}],"is_beta":false,"boss_relics":[{"not_picked":["Sozu","Pandora\u0027s Box"],"picked":"Snecko Eye"}],"items_purged_floors":[],"is_endless":false,"potions_floor_spawned":[1,7,12,16,18,20],"killed_by":"Shelled Parasite and Fungi","ascension_level":19}}