{"host":"qzi6bhetobyvb8z3","time":1612000158,"event":{"mods":["Act Like it!","Aspiration","BaseMod","BetterRewards","Friendly Minions","Hubris","Infinite Spire","Minty Spire (QoL Compilation)","Quick Restart","Replay The Spire","SOS（斯巴达之子）","Shop Mod","StSLib"],"gold_per_floor":[111,160,160,79,98,98,98,98,98,137,137,177,177,221,221,358,358,397,347,423,120,175,175,175,263,288,369,441,441,441,110,110,262,262,309,584,359,428,97,97,97,106,106,106,28,28,28,78,78,242,435,435,460,135,135,210,210,248,248,248,284,109,156,156,209,249,249,372,372,399,399,939,959,993,993,993,1033,1065,1065,1116,1164,1124,807,807,938,938,946,619,619,619,644,726,782,870,882,965,977,989,1019,1031,1043,1172,1321,1333,1354,1366,1378,1244,1244,1292,1292,1342,1342,1405,1453,1462,1462,1462,1462,1533,1533,1560,1560,1692,1728,1415,1475,1475,1475],"floor_reached":128,"language":"ZHS","playtime":5200,"items_purged":["hubris:Greed","hubris:Gluttony","infinitespire:Pacifist","Voices","Royaldefend+1","Fullhouse+1"],"score":7128,"play_id":"f2801393-f3ec-480d-b6f1-877a3f061a08","local_time":"20210130174918","daily_mods":["SealedDeck","Heirloom","Flight"],"is_ascension_mode":true,"campfire_choices":[{"data":"Gilgamesh","floor":6.0,"key":"SMITH"},{"data":"Stinger","floor":7.0,"key":"SMITH"},{"data":"Swordmaster","floor":8.0,"key":"SMITH"},{"data":"Shock","floor":13.0,"key":"SMITH"},{"data":"Kick13","floor":15.0,"key":"SMITH"},{"data":"Hightime","floor":23.0,"key":"SMITH"},{"data":"Millionstab","floor":29.0,"key":"SMITH"},{"floor":32.0,"key":"DIG"},{"data":"Swordcombo","floor":40.0,"key":"SMITH"},{"data":"Stylechange","floor":41.0,"key":"SMITH"},{"data":"Unrisingdragon","floor":44.0,"key":"SMITH"},{"data":"SSScard","floor":46.0,"key":"SMITH"},{"data":"Straight","floor":47.0,"key":"SMITH"},{"data":"BeastUppercut","floor":49.0,"key":"SMITH"},{"data":"GilgameshcomboA","floor":59.0,"key":"SMITH"},{"data":"Rebellion","floor":60.0,"key":"SMITH"},{"data":"Royaldefend","floor":64.0,"key":"SMITH"},{"data":"1","floor":67.0,"key":"LIFT"},{"data":"2","floor":75.0,"key":"LIFT"},{"data":"3","floor":76.0,"key":"LIFT"},{"floor":79.0,"key":"REST"},{"floor":84.0,"key":"DIG"},{"data":"Fullhouse","floor":101.0,"key":"SMITH"},{"data":"Dash2","floor":119.0,"key":"SMITH"}],"circlet_count":0,"master_deck":["AscendersBane","Kick13+1","Millionstab+1","Swordmaster+1","GilgameshcomboA+1","Royaldefend+1","Rebellion+1","Gilgamesh+1","Stinger+1","Shock+1","Airtrick+1","Hightime+1","Swordcombo+1","Stylechange+1","SSScard+1","Unrisingdragon+1","Darkslayer+1","Royalguard+1","Millionkick+1","Trickster+1","Fullhouse+1","Dash1+1","Dash2+1","Weaponreturn+1","hubris:DuctTapeCard"],"relics":["SSS","Combocheck","Torii","Iron Hammer","Golden Idol","hubris:CuriousFeather","ReplayTheSpireMod:Ninjato","hubris:MysteriousPyramids","Replay:Bandana","Membership Card","infinitespire:Bottled Soul","MerchantsRug","Philosopher\u0027s Stone","Ice Cream","Blue Doll","Pen Nib","Tiny Chest","Blood Vial","Replay:Rubber Ducky","HandDrill","Orichalcum","aspiration:RitualDagger","PreservedInsect","Replay:Lucky Slots","infinitespire:BottledMercury","Pondfish Scales","Girya","Cauldron","Golden Egg","Toy Ornithopter","hubris:DuctTape","Lee\u0027s Waffle","aspiration:StickyExplosives_weak","hubris:BottledRain","Black Star","Frozen Egg 2","CeramicFish","Bag of Preparation","infinitespire:Beetle Shell","Darkstone Periapt","Replay:PocketPolymizer","Mirror","Letter Opener","hubris:FunFungus","ReplayTheSpireMod:Lightbulb","infinitespire:ShieldingShard","StrikeDummy","Gremlin Food","Chameleon Ring","Chemical X","hubris:HerbalPaste","CaptainsWheel","Coffee Dripper","Thread and Needle","Medical Kit","ReplayFunnel","aspiration:ChemicalBlood","hubris:BottledRain","hubris:CrystalStatue","Garlic","White Beast Statue","Eternal Feather","ReplayTheSpireMod:Shallot","Akabeko","MealTicket","infinitespire:Cupcake","aspiration:AnachronicSnailShell","Lantern","Whetstone","infinitespire:WardingShard","Singing Bowl","Art of War","Replay:Baseball","aspiration:TomeofQuesting","Du-Vu Doll","Replay:Ringing Soul","StoneCalendar","Bronze Scales","hubris:PeanutButter","Orrery","hubris:EvacipatedBox","hubris:FruitBowl","hubris:TenFootPole","Molten Egg 2","aspiration:SeaSaltIceCream","hubris:CuriousFeather","infinitespire:EmpoweringShard","aspiration:Lifesprig","Blue Candle","Replay:Bronze Core","WarpedTongs","ReplayTheSpireMod:CursedCoin","Bottled Tornado","InkBottle","Incense Burner","Replay:Wax Seal","Regal Pillow"],"acts_visited":["Exordium","TheCity","TheBeyond","Exordium","TheCity","TheBeyond","Exordium","TheCity"],"potions_floor_usage":[],"damage_taken":[{"damage":0.0,"enemies":"2 Louse","floor":1.0,"turns":3.0},{"damage":0.0,"enemies":"Jaw Worm","floor":5.0,"turns":1.0},{"damage":1.0,"enemies":"3 Sentries","floor":10.0,"turns":4.0},{"damage":0.0,"enemies":"Lagavulin","floor":12.0,"turns":2.0},{"damage":0.0,"enemies":"Gremlin Nob","floor":14.0,"turns":3.0},{"damage":0.0,"enemies":"Fading Forest","floor":16.0,"turns":4.0},{"damage":0.0,"enemies":"2 Thieves","floor":18.0,"turns":2.0},{"damage":0.0,"enemies":"3 Byrds","floor":20.0,"turns":2.0},{"damage":15.0,"enemies":"Shelled Parasite and Fungi","floor":22.0,"turns":3.0},{"damage":16.0,"enemies":"Slavers","floor":25.0,"turns":2.0},{"damage":0.0,"enemies":"Book of Stabbing","floor":27.0,"turns":1.0},{"damage":29.0,"enemies":"Nightmare","floor":28.0,"turns":5.0},{"damage":0.0,"enemies":"hubris:MusketHawk","floor":33.0,"turns":1.0},{"damage":6.0,"enemies":"3 Darklings","floor":35.0,"turns":2.0},{"damage":3.0,"enemies":"3 Shapes","floor":48.0,"turns":1.0},{"damage":23.0,"enemies":"infinitespire:MassOfShapes","floor":50.0,"turns":2.0},{"damage":16.0,"enemies":"Time Eater","floor":51.0,"turns":3.0},{"damage":3.0,"enemies":"2 Louse","floor":53.0,"turns":1.0},{"damage":3.0,"enemies":"3 Sentries","floor":58.0,"turns":1.0},{"damage":3.0,"enemies":"Lagavulin","floor":63.0,"turns":1.0},{"damage":3.0,"enemies":"3 Sentries","floor":65.0,"turns":1.0},{"damage":3.0,"enemies":"Jaw Worm","floor":66.0,"turns":1.0},{"damage":6.0,"enemies":"Fading Forest","floor":68.0,"turns":2.0},{"damage":11.0,"enemies":"3 Byrds","floor":70.0,"turns":3.0},{"damage":3.0,"enemies":"Spheric Guardian","floor":73.0,"turns":1.0},{"damage":32.0,"enemies":"Gremlin Leader","floor":77.0,"turns":2.0},{"damage":4.0,"enemies":"Centurion and Healer","floor":80.0,"turns":2.0},{"damage":0.0,"enemies":"Replay:Snechameleon","floor":81.0,"turns":1.0},{"damage":13.0,"enemies":"hubris:MusketHawk","floor":85.0,"turns":2.0},{"damage":0.0,"enemies":"3 Shapes","floor":87.0,"turns":1.0},{"damage":0.0,"enemies":"Reptomancer","floor":92.0,"turns":1.0},{"damage":0.0,"enemies":"R_Hoarder","floor":93.0,"turns":2.0},{"damage":0.0,"enemies":"Giant Head","floor":94.0,"turns":1.0},{"damage":0.0,"enemies":"Nemesis","floor":96.0,"turns":1.0},{"damage":0.0,"enemies":"Orb Walker","floor":99.0,"turns":1.0},{"damage":0.0,"enemies":"Time Eater","floor":102.0,"turns":2.0},{"damage":0.0,"enemies":"hubris:GrandSnecko","floor":103.0,"turns":2.0},{"damage":0.0,"enemies":"Small Slimes","floor":105.0,"turns":1.0},{"damage":0.0,"enemies":"Gremlin Nob","floor":110.0,"turns":1.0},{"damage":0.0,"enemies":"Lagavulin","floor":112.0,"turns":1.0},{"damage":0.0,"enemies":"3 Sentries","floor":114.0,"turns":1.0},{"damage":0.0,"enemies":"Lagavulin","floor":115.0,"turns":1.0},{"damage":227.0,"enemies":"infinitespire:LordOfFortification","floor":120.0,"turns":11.0},{"damage":0.0,"enemies":"Chosen","floor":122.0,"turns":1.0},{"damage":0.0,"enemies":"Shell Parasite","floor":125.0,"turns":1.0},{"damage":0.0,"enemies":"Gremlin Leader","floor":127.0,"turns":1.0},{"damage":0,"enemies":"Book of Stabbing","floor":128,"turns":1}],"seed_played":"-1318381257749679883","potions_obtained":[{"floor":5.0,"key":"EssenceOfSteel"},{"floor":25.0,"key":"Venom Potion"},{"floor":27.0,"key":"Energy Potion"},{"floor":42.0,"key":"infinitespire:BlackPotion"},{"floor":42.0,"key":"SkillPotion"},{"floor":50.0,"key":"Fire Potion"},{"floor":51.0,"key":"Swift Potion"},{"floor":65.0,"key":"DistilledChaos"},{"floor":66.0,"key":"Block Potion"},{"floor":81.0,"key":"Adrenaline Potion"},{"floor":87.0,"key":"SpeedPotion"},{"floor":92.0,"key":"Milkshake"},{"floor":96.0,"key":"ColorlessPotion"},{"floor":98.0,"key":"Swift Potion"},{"floor":110.0,"key":"DistilledChaos"},{"floor":112.0,"key":"Swift Potion"},{"floor":114.0,"key":"LifebloodPotion"},{"floor":120.0,"key":"Block Potion"},{"floor":120.0,"key":"Milkshake"},{"floor":120.0,"key":"Milkshake"},{"floor":120.0,"key":"LifebloodPotion"},{"floor":120.0,"key":"SteroidPotion"},{"floor":125.0,"key":"BlessingOfTheForge"},{"floor":127.0,"key":"Energy Potion"}],"is_trial":true,"path_per_floor":["M","?","?","$","M","R","R","R","T","E","$","E","R","E","R","B",null,"M","?","M","$","M","R","AVR","E","T","E","NM","R","?","$","R","B",null,"M","?","$","T","$","R","R","$","T","R","?","R","R","M","R","B","B",null,"M","$","AVR","?","T","E","R","R","T","$","E","R","E","M","R","B",null,"M","AVR","?","M","T","R","R","E","T","R","M","E","$","$","R","B",null,"M","$","?","AVR","T","E","E","E","T","E","?","R","M","?","R","B","B",null,"M","T","?","$","?","E","R","E","T","E","E","AVR","$","T","R","B",null,"M","?","$","M","$","E","E"],"character_chosen":"DANTE","items_purchased":["Stinger","Membership Card","infinitespire:Bottled Soul","MerchantsRug","Blood Vial","Replay:Rubber Ducky","HandDrill","Swordcombo","PreservedInsect","SSScard","Replay:Lucky Slots","Unrisingdragon","Pondfish Scales","Girya","Cauldron","hubris:DuctTape","Lee\u0027s Waffle","aspiration:StickyExplosives_weak","Darkstone Periapt","Chameleon Ring","Chemical X","Potion Belt","Omamori","hubris:HerbalPaste","Millionkick+1","Thread and Needle","Medical Kit","Lantern","Whetstone","Dash1","hubris:EvacipatedBox","hubris:FruitBowl","hubris:TenFootPole","Molten Egg 2","aspiration:SeaSaltIceCream","infinitespire:EmpoweringShard","aspiration:Lifesprig","ReplayTheSpireMod:CursedCoin","Bottled Tornado","InkBottle","Incense Burner"],"campfire_rested":1,"item_purchase_floors":[4,21,21,21,31,31,31,31,37,37,37,39,39,39,42,54,54,54,62,82,82,83,83,83,83,88,88,108,108,108,117,117,117,117,117,117,117,124,124,126,126],"current_hp_per_floor":[68,44,18,18,18,18,18,18,18,17,17,17,17,17,17,17,61,61,61,61,61,46,46,46,30,30,30,1,1,1,1,1,3,57,53,53,53,53,53,53,53,53,53,53,53,53,53,52,52,31,17,61,60,82,82,71,71,70,70,70,70,70,69,69,68,67,67,67,78,69,69,12,11,17,17,17,88,94,94,94,94,94,94,94,94,94,94,94,94,94,94,94,94,94,94,94,94,94,94,89,94,94,94,94,94,94,94,94,59,77,89,98,98,101,103,114,7,7,22,117,117,120,120,120,123,123,126,126,126],"gold":1475,"neow_bonus":"","is_daily":false,"chose_seed":false,"campfire_upgraded":18,"win_rate":0.0,"timestamp":1612000158,"path_taken":["M","?","?","$","M","R","R","R","T","E","$","E","R","E","R","BOSS","M","?","?","$","?","R","AVR","E","T","E","NM","R","?","$","R","BOSS","M","?","?","?","$","R","R","$","T","R","?","R","R","?","R","BOSS","BOSS","M","$","AVR","?","?","E","R","R","T","$","E","R","E","?","R","BOSS","M","AVR","?","?","?","R","R","E","T","R","?","E","?","$","R","BOSS","M","$","?","AVR","?","E","E","E","T","E","?","R","?","?","R","BOSS","BOSS","M","?","?","$","?","E","R","E","T","E","E","AVR","?","?","R","BOSS","M","?","?","?","$","E","E"],"items_purchased_type":["Card","Relic","Relic","Relic","Relic","Relic","Relic","Card","Relic","Card","Relic","Card","Relic","Relic","Relic","Relic","Relic","Relic","Relic","Relic","Relic","Relic","Relic","Relic","Card","Relic","Relic","Relic","Relic","Card","Relic","Relic","Relic","Relic","Relic","Relic","Relic","Relic","Relic","Relic","Relic"],"build_version":"2020-12-22","purchased_purges":6,"victory":false,"max_hp_per_floor":[75,75,75,75,75,75,75,75,75,75,75,75,75,75,75,75,75,75,75,75,75,75,75,75,75,75,75,75,75,75,75,75,75,75,75,75,75,75,75,75,75,75,75,75,75,75,75,75,75,75,75,75,75,82,82,82,82,82,82,82,82,82,82,82,82,82,82,82,82,82,82,82,82,88,88,88,88,94,94,94,94,94,94,94,94,94,94,94,94,94,94,94,94,94,94,94,94,94,94,94,94,94,94,94,94,94,94,94,94,96,96,98,98,101,103,114,114,114,114,117,117,120,120,120,123,123,126,126,126],"card_choices":[{"not_picked":["VitalstarS","Gilgamesh","EbonyIvory"],"picked":"SKIP","floor":1.0},{"not_picked":["Rebellion","Airhike","GilgameshcomboA"],"picked":"SKIP","floor":5.0},{"not_picked":["Rebellion","Airhike","GilgameshcomboA"],"picked":"SKIP","floor":5.0},{"not_picked":["Greenorb","Goldorb"],"picked":"Shock","floor":10.0},{"not_picked":["Rebellion","Straight","Weaponupgrade"],"picked":"SKIP","floor":12.0},{"not_picked":["LucifercomboD","VitalstarM","Gunslinger"],"picked":"SKIP","floor":14.0},{"not_picked":["Trickster","Demonreform"],"picked":"Airtrick","floor":16.0},{"not_picked":["Weaponchange","VitalstarS"],"picked":"Hightime","floor":18.0},{"not_picked":["Gilgamesh","Rebellion","Kick13"],"picked":"SKIP","floor":20.0},{"not_picked":["LucifercomboA","BeastUppercut+1","GilgameshcomboA"],"picked":"SKIP","floor":22.0},{"not_picked":["CoyoteA+1","Weaponchange","LucifercomboD"],"picked":"SKIP","floor":25.0},{"not_picked":["GilgameshcomboA","Doubleshoot","Rebellion"],"picked":"SKIP","floor":27.0},{"not_picked":["Honeycombofire","Goldorb","Weaponupgrade"],"picked":"SKIP","floor":28.0},{"not_picked":["Blueorb","Demonreform"],"picked":"Stylechange","floor":33.0},{"not_picked":["DT","Millionstab+1","Ecstasy+1"],"picked":"SKIP","floor":35.0},{"not_picked":["Ecstasy","SSScard","Doubleshoot"],"picked":"SKIP","floor":48.0},{"not_picked":["Demonreform","Trickster"],"picked":"Darkslayer","floor":50.0},{"not_picked":["Airtrick","Enemystep"],"picked":"Royalguard","floor":51.0},{"not_picked":["Ecstasy","Splesh","Pandora"],"picked":"SKIP","floor":53.0},{"not_picked":["DevilstarS","VitalstarM","Royalguard"],"picked":"SKIP","floor":58.0},{"not_picked":["Royaldefend","Gunslinger","EbonyIvory+1"],"picked":"SKIP","floor":63.0},{"not_picked":["Goldorb","Straight","VitalstarS"],"picked":"SKIP","floor":65.0},{"not_picked":["Airhike","Fullhouse","Gilgamesh+1"],"picked":"SKIP","floor":66.0},{"not_picked":["Gunstinger","LucifercomboC","VitalstarM"],"picked":"SKIP","floor":70.0},{"not_picked":["Rebellion+1","Chargeshoot","Royaldefend"],"picked":"SKIP","floor":73.0},{"not_picked":["Unrisingdragon+1","CoyoteA+1","SSScard"],"picked":"SKIP","floor":77.0},{"not_picked":["Rebellion+1","Chargeshoot2","Whiteorb"],"picked":"SKIP","floor":80.0},{"not_picked":["Pandora+1","CoyoteA+1","Gunstinger"],"picked":"SKIP","floor":81.0},{"not_picked":["DevilstarL","Stylechange"],"picked":"Trickster","floor":85.0},{"not_picked":["Gunstinger","DevilstarS","Millionkick"],"picked":"SKIP","floor":87.0},{"not_picked":["Doubleshoot+1","Airhike+1"],"picked":"Fullhouse","floor":92.0},{"not_picked":["Ecstasy","DevilstarS+1","Fullhouse"],"picked":"SKIP","floor":93.0},{"not_picked":["GilgameshcomboA","Whiteorb+1","Swordmaster+1"],"picked":"SKIP","floor":94.0},{"not_picked":["Straight+1","Kick13"],"picked":"Fullhouse+1","floor":96.0},{"not_picked":["Gunslinger","Royalguard","CoyoteA+1"],"picked":"SKIP","floor":99.0},{"not_picked":["VitalstarM","Chargeshoot","Gunstinger"],"picked":"SKIP","floor":105.0},{"not_picked":["Fullhouse","Honeycombofire","LucifercomboC"],"picked":"Singing Bowl","floor":110.0},{"not_picked":["Weaponupgrade","Purpleorb","CoyoteA+1"],"picked":"Singing Bowl","floor":112.0},{"not_picked":["Honeycombofire","Millionstab"],"picked":"Dash2","floor":114.0},{"not_picked":["CoyoteA+1","Lucifer+1","Weaponupgrade"],"picked":"Singing Bowl","floor":115.0},{"not_picked":["Doubleshoot","Airhike","VitalstarS"],"picked":"Singing Bowl","floor":116.0},{"not_picked":["Millionkick","CoyoteA+1","GilgameshcomboA"],"picked":"Singing Bowl","floor":116.0},{"not_picked":["Dash1","Shock"],"picked":"Weaponreturn","floor":116.0},{"not_picked":["Rebellion+1","LucifercomboA","Gunslinger"],"picked":"Singing Bowl","floor":116.0},{"not_picked":["LucifercomboB","Fullhouse","DevilstarS"],"picked":"Singing Bowl","floor":116.0},{"not_picked":["Weaponreturn","Royalguard","Trickster"],"picked":"Singing Bowl","floor":120.0},{"not_picked":["DevilstarS","BeastUppercut+1","Shock+1"],"picked":"Singing Bowl","floor":122.0},{"not_picked":["SSScard","DT","Airhike+1"],"picked":"Singing Bowl","floor":125.0},{"not_picked":["Swordmaster","LucifercomboA+1","Royalguard"],"picked":"Singing Bowl","floor":127.0}],"player_experience":713448,"relics_obtained":[{"floor":2.0,"key":"Iron Hammer"},{"floor":9.0,"key":"hubris:CuriousFeather"},{"floor":10.0,"key":"ReplayTheSpireMod:Ninjato"},{"floor":12.0,"key":"hubris:MysteriousPyramids"},{"floor":14.0,"key":"aspiration:SeaSaltIceCream"},{"floor":25.0,"key":"Blue Doll"},{"floor":26.0,"key":"Omamori"},{"floor":27.0,"key":"Pen Nib"},{"floor":28.0,"key":"Tiny Chest"},{"floor":32.0,"key":"Orichalcum"},{"floor":38.0,"key":"infinitespire:BottledMercury"},{"floor":43.0,"key":"Golden Egg"},{"floor":57.0,"key":"Frozen Egg 2"},{"floor":58.0,"key":"CeramicFish"},{"floor":58.0,"key":"Bag of Preparation"},{"floor":61.0,"key":"infinitespire:Beetle Shell"},{"floor":63.0,"key":"Replay:PocketPolymizer"},{"floor":63.0,"key":"Mirror"},{"floor":65.0,"key":"Letter Opener"},{"floor":65.0,"key":"hubris:FunFungus"},{"floor":77.0,"key":"infinitespire:ShieldingShard"},{"floor":77.0,"key":"StrikeDummy"},{"floor":78.0,"key":"Gremlin Food"},{"floor":81.0,"key":"Gambling Chip"},{"floor":84.0,"key":"CaptainsWheel"},{"floor":91.0,"key":"MawBank"},{"floor":92.0,"key":"aspiration:ChemicalBlood"},{"floor":92.0,"key":"hubris:BottledRain"},{"floor":93.0,"key":"hubris:CrystalStatue"},{"floor":93.0,"key":"Garlic"},{"floor":94.0,"key":"White Beast Statue"},{"floor":94.0,"key":"Eternal Feather"},{"floor":95.0,"key":"ReplayTheSpireMod:Shallot"},{"floor":96.0,"key":"Akabeko"},{"floor":96.0,"key":"MealTicket"},{"floor":106.0,"key":"aspiration:AnachronicSnailShell"},{"floor":110.0,"key":"Singing Bowl"},{"floor":110.0,"key":"Art of War"},{"floor":112.0,"key":"Replay:Baseball"},{"floor":112.0,"key":"aspiration:TomeofQuesting"},{"floor":113.0,"key":"Du-Vu Doll"},{"floor":114.0,"key":"Replay:Ringing Soul"},{"floor":114.0,"key":"StoneCalendar"},{"floor":115.0,"key":"Bronze Scales"},{"floor":115.0,"key":"hubris:PeanutButter"},{"floor":118.0,"key":"Blue Candle"},{"floor":127.0,"key":"Replay:Wax Seal"},{"floor":127.0,"key":"Regal Pillow"}],"event_choices":[{"damage_healed":0.0,"max_hp_gain":0.0,"max_hp_loss":0.0,"gold_gain":0.0,"event_name":"Golden Idol","player_choice":"Take Damage","floor":3.0,"gold_loss":0.0,"damage_taken":26.0,"relics_obtained":["Golden Idol"]},{"damage_healed":0.0,"max_hp_gain":0.0,"max_hp_loss":0.0,"gold_gain":0.0,"event_name":"Designer","player_choice":"Upgraded Two","floor":19.0,"gold_loss":50.0,"damage_taken":0.0,"cards_upgraded":["Airtrick","Royaldefend"]},{"damage_healed":0.0,"max_hp_gain":0.0,"max_hp_loss":0.0,"gold_gain":0.0,"event_name":"Forgotten Altar","player_choice":"Smashed Altar","floor":30.0,"gold_loss":0.0,"damage_taken":0.0,"cards_obtained":["Decay"]},{"damage_healed":0.0,"max_hp_gain":0.0,"max_hp_loss":0.0,"gold_gain":275.0,"event_name":"Golden Shrine","player_choice":"Desecrate","floor":36.0,"gold_loss":0.0,"damage_taken":0.0,"cards_obtained":["Regret"]},{"damage_healed":0.0,"max_hp_gain":0.0,"max_hp_loss":0.0,"gold_gain":0.0,"event_name":"WeMeetAgain","player_choice":"Paid Gold","floor":45.0,"gold_loss":78.0,"damage_taken":0.0,"relics_obtained":["Toy Ornithopter"]},{"damage_healed":0.0,"max_hp_gain":0.0,"max_hp_loss":0.0,"gold_gain":75.0,"event_name":"World of Goop","player_choice":"Gather Gold","floor":56.0,"gold_loss":0.0,"damage_taken":11.0},{"damage_healed":0.0,"max_hp_gain":0.0,"max_hp_loss":0.0,"gold_gain":540.0,"event_name":"Knowing Skull","player_choice":"GOLD GOLD GOLD GOLD GOLD GOLD ","floor":72.0,"potions_obtained":[],"gold_loss":0.0,"damage_taken":57.0,"cards_obtained":[]},{"damage_healed":0.0,"max_hp_gain":0.0,"max_hp_loss":0.0,"gold_gain":0.0,"event_name":"The Moai Head","player_choice":"Ignored","floor":97.0,"gold_loss":0.0,"damage_taken":0.0},{"damage_healed":0.0,"max_hp_gain":0.0,"max_hp_loss":0.0,"gold_gain":0.0,"event_name":"The Woman in Blue","player_choice":"Bought 0 Potions","floor":100.0,"gold_loss":0.0,"damage_taken":0.0},{"damage_healed":0.0,"max_hp_gain":0.0,"max_hp_loss":0.0,"gold_gain":0.0,"event_name":"Shining Light","player_choice":"Ignored","floor":107.0,"gold_loss":0.0,"damage_taken":0.0},{"damage_healed":0.0,"max_hp_gain":0.0,"max_hp_loss":0.0,"gold_gain":0.0,"event_name":"Scrap Ooze","player_choice":"Success","floor":109.0,"gold_loss":0.0,"damage_taken":35.0,"relics_obtained":["infinitespire:WardingShard"]},{"damage_healed":0.0,"max_hp_gain":0.0,"max_hp_loss":0.0,"gold_gain":0.0,"event_name":"Accursed Blacksmith","player_choice":"Rummage","floor":123.0,"gold_loss":0.0,"damage_taken":0.0,"relics_obtained":["WarpedTongs"],"cards_obtained":["Pain"]}],"is_beta":false,"boss_relics":[{"not_picked":["hubris:GrandSneckoEye","aspiration:DefectSkillbook","aspiration:WatcherSkillbook"]},{"not_picked":["Replay:Wanted Poster","Calling Bell"],"picked":"aspiration:RitualDagger"},{"not_picked":["Runic Pyramid","hubris:ScarierMask"],"picked":"Cursed Key"},{"not_picked":["Snecko Heart","aspiration:FutureDiary","ReplayTheSpireMod:DimensionalGlitch"]},{"not_picked":["hubris:Backtick","Velvet Choker"],"picked":"Coffee Dripper"},{"not_picked":["Kintsugi","aspiration:WatcherSkillbook"],"picked":"infinitespire:Cupcake"},{"not_picked":["hubris:GrandSneckoEye","Honey Jar","Velvet Choker"],"picked":"Replay:Bronze Core"}],"items_purged_floors":[62,71,82,83,88,108],"is_endless":true,"potions_floor_spawned":[5,25,27,50,51,65,66,73,81,87,92,96,99,102,103,105,110,112,114,115,120,122,125,127],"killed_by":"Book of Stabbing","ascension_level":20}}