{"host":"ocll6kdfqxraqtza","time":1612033498,"event":{"mods":["2.2 Compatiblity","Act Like it!","Aspiration","BaseMod","Better Third Choice","Gensokyo","Hallownest","Hermit","Hubris","Jorbs\u0027s Wanderer Trilogy","Luminous","Marisa（霧雨　魔理沙）","Minty Spire (QoL Compilation)","Reimu（博??梦）","Replay The Spire","Shade Mod","StSLib","The Alterego","The Bug Knight","The Cursed","The Hierophant","The Marked","The Runesmith","TheBandit","Wandering Minibosses"],"gold_per_floor":[115,115,40,50,70,70,103,3,3,49,61,73,111,53,65,87,87],"floor_reached":16,"language":"ENG","playtime":347,"items_purged":["hierophant:Strike_Hierophant","hierophant:Defend_Hierophant"],"score":150,"play_id":"10ffd6e4-7eac-4ed1-b35f-2d27eaf4b025","local_time":"20210131030458","is_ascension_mode":true,"campfire_choices":[{"data":"hierophant:ChurchCoffers","floor":6,"key":"SMITH"},{"data":"hierophant:EyeForCoin","floor":12,"key":"SMITH"},{"data":"hierophant:Kindle","floor":15,"key":"SMITH"}],"circlet_count":0,"master_deck":["Flash of Steel+1","hierophant:Strike_Hierophant","hierophant:Strike_Hierophant","hierophant:Strike_Hierophant","hierophant:Punish","hierophant:ChurchCoffers+1","hierophant:Embezzle","hierophant:FieryStrike","hierophant:Glossolalia","hierophant:Kindle+1","hierophant:EyeForCoin+1","Hallownest:skillLeafShield","Hallownest:skillLeafShield","Hallownest:skillLeafShield","Hallownest:skillLeafShield","Hallownest:skillLeafShield","hierophant:Doubloon+1","hierophant:SolarFlare","hierophant:Doubloon+1"],"relics":["hierophant:PropheticMaskRelic","NeowsBlessing","Hallownest:DreamNailRelic","ReplayTheSpireMod:Ninjato","MawBank","Mastiff:ReiMu","ReplayTheSpireMod:Shallot","Hallownest:StagBellRelic1"],"acts_visited":["Hallownest:Greenpath"],"potions_floor_usage":[7],"damage_taken":[{"damage":0,"enemies":"Hallownest:monsterHuskWarrior","floor":1,"turns":1},{"damage":0,"enemies":"Hallownest:2_MossCreeps","floor":4,"turns":1},{"damage":0,"enemies":"Hallownest:monsterHuskGuard","floor":5,"turns":1},{"damage":8,"enemies":"Hallownest:eliteVengeflyKing","floor":7,"turns":4},{"damage":12,"enemies":"Hallownest:eliteMossKnight","floor":10,"turns":4},{"damage":15,"enemies":"Hallownest:eliteCrystalGuardian","floor":13,"turns":5},{"damage":47,"enemies":"Hallownest:BossHornet","floor":16,"turns":4}],"seed_played":"5483157525037832481","potions_obtained":[{"floor":1,"key":"SmokeBomb"},{"floor":5,"key":"Energy Potion"},{"floor":13,"key":"FearPotion"}],"is_trial":false,"path_per_floor":["M","?","$","M","M","R","E","$","T","?","?","R","E","?","R","B"],"character_chosen":"HIEROPHANT","items_purchased":[],"campfire_rested":0,"item_purchase_floors":[],"current_hp_per_floor":[75,75,75,75,75,75,67,67,67,55,55,55,40,40,40,0,0],"gold":87,"neow_bonus":"THREE_ENEMY_KILL","is_daily":false,"chose_seed":false,"campfire_upgraded":3,"win_rate":0.0,"timestamp":1612033498,"path_taken":["M","?","$","?","?","R","E","?","T","?","?","R","E","?","R","BOSS"],"items_purchased_type":[],"build_version":"2020-12-22","purchased_purges":2,"victory":false,"max_hp_per_floor":[75,75,75,75,75,75,75,75,75,75,75,75,75,75,75,75,75],"card_choices":[{"not_picked":["hierophant:CoinFling","hierophant:FaithHealing"],"picked":"hierophant:Embezzle","floor":1},{"not_picked":["hierophant:ThreeLashes","hierophant:Doubloon"],"picked":"hierophant:FieryStrike","floor":4},{"not_picked":["hierophant:Doubloon","hierophant:Zeal"],"picked":"hierophant:Glossolalia","floor":5},{"not_picked":["hierophant:OrnateBuckler","hierophant:SealAway"],"picked":"hierophant:Kindle","floor":7},{"not_picked":["hierophant:Refuge","hierophant:HammerAndAnvil"],"picked":"hierophant:EyeForCoin","floor":10},{"not_picked":["hierophant:Shelter","hierophant:Chorus"],"picked":"hierophant:SolarFlare","floor":13}],"player_experience":485851,"relics_obtained":[{"floor":7,"key":"ReplayTheSpireMod:Ninjato"},{"floor":9,"key":"MawBank"},{"floor":10,"key":"Mastiff:ReiMu"},{"floor":13,"key":"ReplayTheSpireMod:Shallot"}],"event_choices":[],"is_beta":false,"boss_relics":[],"items_purged_floors":[3,8],"is_endless":false,"potions_floor_spawned":[1,5,13],"killed_by":"Hallownest:BossHornet","ascension_level":2}}