{"host":"takgv9cv6xf64vhq","time":1612016476,"event":{"mods":["BaseMod","Colored Powertips","Downfall","Hubris","LagranYue(拉格朗・月)","Marisa（F雨　魔理沙）","Minty Spire (QoL Compilation)","Replay The Spire","StSLib","The Animator","The Cursed","The Jungle","TheHeartMod"],"gold_per_floor":[111,166,182,132,143,169,15,15,40,40,57,70,102,120,120,223,223,239,239,45,45,62,93,93,93,167,147,164,164,184,201,201,298,298,310,325,67,67,0,33,50,79,102,102,136,190,215,215,215,215,215,215,19,54,54],"floor_reached":56,"language":"ZHS","playtime":4351,"items_purged":["Strike_G"],"score":2132,"play_id":"8f8185b1-1802-44e5-938f-d819d134fdbc","local_time":"20210130222116","is_ascension_mode":true,"campfire_choices":[{"data":"Blur","floor":8.0,"key":"SMITH"},{"data":"Envenom","floor":15.0,"key":"SMITH"},{"data":"Noxious Fumes","floor":24.0,"key":"SMITH"},{"data":"Infinite Blades","floor":29.0,"key":"SMITH"},{"data":"Fluid Movement","floor":32,"key":"SMITH"},{"floor":44,"key":"RECALL"},{"data":"A Thousand Cuts","floor":49,"key":"SMITH"},{"data":"Draining Mist","floor":52,"key":"SMITH"}],"circlet_count":0,"master_deck":["Strike_G","Defend_G","Defend_G","Defend_G","Defend_G","Defend_G","Survivor","Neutralize","Dodge and Roll","Blur+1","Accuracy+1","Infinite Blades+1","Noxious Fumes+1","Deflect","Prepared","Envenom+1","Sneak Up","Burst+1","Escape Plan+1","Backstab","Dodge and Roll+1","Blur+1","Poisoned Stab","Fluid Movement+1","Distraction+1","Draining Mist+1","Hidden Blade","A Thousand Cuts+1","PiercingWail","Blade Dance","ReplayTheSpireMod:Tripwire","Hidden Blade","PiercingWail","ReplayTheSpireMod:Tripwire+1","Cloak And Dagger","Accuracy","Pot Of Greed","Pot Of Greed","Pot Of Greed","Pot Of Greed","Catalyst+1"],"relics":["Ring of the Snake","NeowsBlessing","Replay:Bottled Steam","hubris:AncientText","LagranYue:MagicReflectiveArmorRelic","PreservedInsect","Art of War","bronze:MakeshiftBattery","Guide Book","Enchiridion","Mummified Hand","Eternal Feather","LagranYue:SoulBurningRelic","Shuriken","Red Mask","LagranYue:GuidanceLightRelic","Blood Vial","Bag of Marbles","CaptainsWheel","Pantograph","Grinning Jar"],"acts_visited":["Exordium","TheCity","TheBeyond","TheEnding"],"potions_floor_usage":[31,42,55,55,55],"damage_taken":[{"damage":0.0,"enemies":"2 Louse","floor":1.0,"turns":1.0},{"damage":0.0,"enemies":"Small Slimes","floor":3.0,"turns":1.0},{"damage":0.0,"enemies":"Cultist","floor":5.0,"turns":1.0},{"damage":13.0,"enemies":"Lagavulin","floor":6.0,"turns":7.0},{"damage":1.0,"enemies":"3 Louse","floor":11.0,"turns":5.0},{"damage":0.0,"enemies":"Exordium Thugs","floor":12.0,"turns":6.0},{"damage":14.0,"enemies":"3 Sentries","floor":13.0,"turns":7.0},{"damage":0.0,"enemies":"Large Slime","floor":14.0,"turns":6.0},{"damage":14.0,"enemies":"Hexaghost","floor":16.0,"turns":11.0},{"damage":20.0,"enemies":"3 Byrds","floor":18.0,"turns":7.0},{"damage":0.0,"enemies":"Shell Parasite","floor":22.0,"turns":7.0},{"damage":0.0,"enemies":"Gremlin Leader","floor":23.0,"turns":14.0},{"damage":0.0,"enemies":"Cultist and Chosen","floor":28.0,"turns":8.0},{"damage":0,"enemies":"Snake Plant","floor":30,"turns":5},{"damage":0,"enemies":"Centurion and Healer","floor":31,"turns":9},{"damage":0,"enemies":"Pondfish","floor":33,"turns":15},{"damage":8,"enemies":"3 Darklings","floor":35,"turns":5},{"damage":0,"enemies":"3 Shapes","floor":36,"turns":3},{"damage":0,"enemies":"Nemesis","floor":40,"turns":5},{"damage":0,"enemies":"Sphere and 2 Shapes","floor":41,"turns":5},{"damage":3,"enemies":"Reptomancer","floor":42,"turns":7},{"damage":0,"enemies":"Giant Head","floor":45,"turns":7},{"damage":0,"enemies":"2 Orb Walkers","floor":46,"turns":5},{"damage":0,"enemies":"R_Hoarder","floor":47,"turns":6},{"damage":0,"enemies":"hubris:GrandSnecko","floor":50,"turns":8},{"damage":0,"enemies":"Shield and Spear","floor":54,"turns":4},{"damage":0,"enemies":"The Heart","floor":55,"turns":6}],"seed_played":"-7546799281300971020","potions_obtained":[{"floor":3.0,"key":"SteroidPotion"},{"floor":6.0,"key":"champ:CounterPotion"},{"floor":14.0,"key":"BlessingOfTheForge"},{"floor":16.0,"key":"AttackPotion"},{"floor":22.0,"key":"PowerPotion"},{"floor":27.0,"key":"Dexterity Potion"},{"floor":30,"key":"SpeedPotion"},{"floor":33,"key":"Energy Potion"},{"floor":35,"key":"Reflective Coating"},{"floor":42,"key":"SkillPotion"}],"is_trial":false,"path_per_floor":["M","?","M","?","M","E","$","R","T","$","M","M","E","M","R","B",null,"M","?","$","?","M","E","R","?","T","?","M","R","M","M","R","B",null,"M","M","$","?","?","E","M","E","T","R","E","?","E","?","R","B",null,"R","$","E","B",null],"character_chosen":"THE_SILENT","items_purchased":["LagranYue:MagicReflectiveArmorRelic","Guide Book","Dodge and Roll+1","Shuriken","Cloak And Dagger","Accuracy"],"campfire_rested":0,"item_purchase_floors":[7,20,20,37,53,53],"current_hp_per_floor":[70,70,70,70,70,57,57,57,57,57,56,56,42,42,42,28,70,50,50,50,34,34,34,34,34,34,34,34,49,49,49,64,64,70,62,62,62,62,62,62,62,59,59,70,70,70,70,70,70,70,70,70,70,70,70],"gold":54,"neow_bonus":"THREE_ENEMY_KILL","is_daily":false,"chose_seed":false,"campfire_upgraded":7,"win_rate":0.0,"timestamp":1612016476,"path_taken":["M","?","?","?","M","E","$","R","T","?","M","M","E","M","R","BOSS","M","?","$","?","M","E","R","?","T","?","?","R","M","M","R","BOSS","M","M","$","?","?","E","M","E","T","R","E","?","E","?","R","BOSS","R","$","E","BOSS"],"items_purchased_type":["Relic","Relic","Card","Relic","Card","Card"],"build_version":"2020-12-22","purchased_purges":1,"victory":true,"max_hp_per_floor":[70,70,70,70,70,70,70,70,70,70,70,70,70,70,70,70,70,70,70,70,70,70,70,70,70,70,70,70,70,70,70,70,70,70,70,70,70,70,70,70,70,70,70,70,70,70,70,70,70,70,70,70,70,70,70],"card_choices":[{"not_picked":["Deadly Poison","Bane"],"picked":"Dodge and Roll","floor":1.0},{"not_picked":["Toxin Wave","Slice"],"picked":"Blur","floor":2.0},{"not_picked":["ReplayTheSpireMod:Scrap Shanks","Hidden Blade"],"picked":"Accuracy","floor":2.0},{"not_picked":["PiercingWail","Dodge and Roll"],"picked":"Infinite Blades","floor":3.0},{"not_picked":["Toxin Wave","Bane"],"picked":"Noxious Fumes","floor":5.0},{"not_picked":["Caltrops","Finisher"],"picked":"Deflect","floor":6.0},{"not_picked":["Toxin Wave","Dagger Throw"],"picked":"Prepared","floor":11.0},{"not_picked":["Backflip","Calculated Gamble"],"picked":"Envenom","floor":12.0},{"not_picked":["Reflex","Backstab"],"picked":"Sneak Up","floor":13.0},{"not_picked":["Outmaneuver","Underhanded Strike","Deadly Poison"],"picked":"SKIP","floor":14.0},{"not_picked":["Venomology","Poison Darts"],"picked":"Burst","floor":16.0},{"not_picked":["PiercingWail","Acrobatics+1"],"picked":"Escape Plan+1","floor":18.0},{"not_picked":["Underhanded Strike+1","Quick Slash"],"picked":"Blur+1","floor":22.0},{"not_picked":["Choke","Prepared+1"],"picked":"Poisoned Stab","floor":23.0},{"not_picked":["ReplayTheSpireMod:The Works","Flying Knee"],"picked":"Distraction+1","floor":28.0},{"not_picked":["Underhanded Strike","Dodge and Roll"],"picked":"Draining Mist","floor":30},{"not_picked":["All Out Attack","Setup+1"],"picked":"Hidden Blade","floor":31},{"not_picked":["Tools of the Trade","Night Terror"],"picked":"A Thousand Cuts","floor":33},{"not_picked":["Concentrate+1","Underhanded Strike"],"picked":"PiercingWail","floor":35},{"not_picked":["Poisoned Stab","Eviscerate+1"],"picked":"Blade Dance","floor":36},{"not_picked":["Dagger Spray","Slice+1","Bane+1"],"picked":"SKIP","floor":40},{"not_picked":["Dagger Throw","Deflect","Dodge and Roll"],"picked":"SKIP","floor":41},{"not_picked":["Bane","PiercingWail+1"],"picked":"ReplayTheSpireMod:Tripwire","floor":42},{"not_picked":["Deadly Poison","hubris:SlightOfHand+1"],"picked":"Hidden Blade","floor":45},{"not_picked":["Acrobatics","Dagger Throw"],"picked":"PiercingWail","floor":46},{"not_picked":["hubris:SlightOfHand+1","ReplayTheSpireMod:Shiv Toss"],"picked":"ReplayTheSpireMod:Tripwire+1","floor":47},{"not_picked":["Reflex+1","Concentrate"],"picked":"Catalyst+1","floor":54}],"player_experience":240364,"relics_obtained":[{"floor":2.0,"key":"Replay:Bottled Steam"},{"floor":6.0,"key":"hubris:AncientText"},{"floor":9.0,"key":"PreservedInsect"},{"floor":13.0,"key":"Art of War"},{"floor":21.0,"key":"Enchiridion"},{"floor":23.0,"key":"Mummified Hand"},{"floor":26.0,"key":"Eternal Feather"},{"floor":40,"key":"LagranYue:GuidanceLightRelic"},{"floor":42,"key":"Blood Vial"},{"floor":45,"key":"Bag of Marbles"},{"floor":46,"key":"CaptainsWheel"},{"floor":47,"key":"Pantograph"},{"floor":54,"key":"Grinning Jar"}],"event_choices":[{"cards_removed":["Strike_G"],"damage_healed":0.0,"max_hp_gain":0.0,"max_hp_loss":0.0,"gold_gain":0.0,"event_name":"The Cleric","player_choice":"Card Removal","floor":4.0,"gold_loss":50.0,"damage_taken":0.0},{"damage_healed":0.0,"max_hp_gain":0.0,"max_hp_loss":0.0,"gold_gain":0.0,"cards_transformed":["Strike_G"],"event_name":"Transmorgrifier","player_choice":"Transformed","floor":19.0,"gold_loss":0.0,"damage_taken":0.0,"cards_obtained":["Backstab"]},{"damage_healed":0.0,"max_hp_gain":0.0,"max_hp_loss":0.0,"gold_gain":0.0,"event_name":"Cursed Tome","player_choice":"Obtained Book","floor":21.0,"gold_loss":0.0,"damage_taken":16.0},{"damage_healed":0.0,"max_hp_gain":0.0,"max_hp_loss":0.0,"gold_gain":0.0,"event_name":"The Library","player_choice":"Read","floor":25.0,"gold_loss":0.0,"damage_taken":0.0,"cards_obtained":["Fluid Movement"]},{"damage_healed":0.0,"max_hp_gain":0.0,"max_hp_loss":0.0,"gold_gain":0.0,"event_name":"The Woman in Blue","player_choice":"Bought 1 Potion","floor":27.0,"gold_loss":0.0,"damage_taken":0.0},{"cards_removed":["Strike_G"],"damage_healed":0,"gold_gain":0,"player_choice":"Removed Attack","damage_taken":0,"max_hp_gain":0,"max_hp_loss":0,"event_name":"Falling","floor":38,"gold_loss":0},{"damage_healed":0,"gold_gain":0,"player_choice":"Paid","damage_taken":0,"relics_obtained":["Red Mask"],"max_hp_gain":0,"max_hp_loss":0,"event_name":"Tomb of Lord Red Mask","floor":39,"gold_loss":67},{"damage_healed":0,"gold_gain":0,"player_choice":"Fight","damage_taken":0,"max_hp_gain":0,"max_hp_loss":0,"event_name":"Mysterious Sphere","floor":46,"gold_loss":0}],"is_beta":false,"boss_relics":[{"not_picked":["hubris:VirtuousBlindfold","ReplayTheSpireMod:DimensionalGlitch"],"picked":"bronze:MakeshiftBattery"},{"not_picked":["Tiny House","hubris:HollowSoul"],"picked":"LagranYue:SoulBurningRelic"}],"items_purged_floors":[53],"is_endless":false,"potions_floor_spawned":[3,6,14,16,22,30,33,35,36,40,42],"ascension_level":3}}