{"host":"t179ovrkr5k1gnfh","time":1612031851,"event":{"mods":["AchievementEnabler","BaseMod","BetterRewards","Colored Map","Downfall","Minty Spire (QoL Compilation)","StSLib"],"gold_per_floor":[99,114,130,140,140,40,40,40,73,88,88,104,14,14,33,135,185,185,204,204,204,221,251,276,276,288,188,222,257,157,169,185,282,282,282,300,103,113,127,127,127,172,172,201,116,116,116,113,133,133,133,133,133,133],"floor_reached":52,"language":"ENG","playtime":6951,"items_purged":["bronze:Defend","bronze:Strike","bronze:Defend"],"score":756,"play_id":"cac82193-b3ed-46ae-ad07-39d184175005","local_time":"20210130193731","is_ascension_mode":true,"campfire_choices":[{"floor":1.0,"key":"RECALL"},{"data":"bronze:Goto","floor":6.0,"key":"SMITH"},{"data":"bronze:Deprecate","floor":8.0,"key":"SMITH"},{"data":"bronze:Terminator","floor":11.0,"key":"SMITH"},{"data":"bronze:Replicate","floor":18.0,"key":"SMITH"},{"data":"bronze:Return","floor":27.0,"key":"SMITH"},{"floor":30.0,"key":"REST"},{"data":"bronze:Repair","floor":35.0,"key":"SMITH"},{"data":"bronze:Shell","floor":40.0,"key":"SMITH"},{"data":"bronze:Safeguard","floor":43.0,"key":"SMITH"},{"data":"bronze:Repulsor","floor":47,"key":"SMITH"}],"circlet_count":0,"master_deck":["bronze:Strike","bronze:Defend","bronze:Defend","bronze:Replicate+1","bronze:Goto+1","bronze:Deprecate+1","bronze:CleanCode","bronze:Terminator+1","bronze:Safeguard+1","bronze:Overload","bronze:Backtrace+1","bronze:HardenedForm","bronze:Assembly+1","bronze:ChosenStrike+1","bronze:Return+1","bronze:HardenedForm","bronze:Repair+1","bronze:BuggyMess+1","bronze:Overheat","bronze:Virus","bronze:Shell+1","bronze:ForceShield+1","bronze:Repulsor+1","bronze:BronzeArmor","bronze:FollowUp+1"],"relics":["bronze:BronzeCore","Centennial Puzzle","downfall:HeartBlessingRed","Omamori","Tiny House","Prayer Wheel","downfall:HeartBlessingBlue","White Beast Statue","downfall:HeartBlessingGreen","bronze:MakeshiftBattery","Bottled Lightning","Strawberry","Peace Pipe","Bronze Scales"],"acts_visited":["Exordium","TheCity","TheBeyond","TheEnding"],"potions_floor_usage":[50,50,52],"damage_taken":[{"damage":4.0,"enemies":"2 Louse","floor":2.0,"turns":4.0},{"damage":0.0,"enemies":"Cultist","floor":3.0,"turns":3.0},{"damage":0.0,"enemies":"Small Slimes","floor":4.0,"turns":4.0},{"damage":4.0,"enemies":"Lagavulin","floor":9.0,"turns":6.0},{"damage":15.0,"enemies":"Gremlin Gang","floor":10.0,"turns":6.0},{"damage":2.0,"enemies":"Blue Slaver","floor":12.0,"turns":3.0},{"damage":0.0,"enemies":"downfall:FleeingMerchant","floor":13.0,"turns":4.0},{"damage":3.0,"enemies":"Exordium Wildlife","floor":15.0,"turns":2.0},{"damage":3.0,"enemies":"SI_SHIV_ARCHETYPE","floor":16.0,"turns":7.0},{"damage":0.0,"enemies":"Spheric Guardian","floor":19.0,"turns":3.0},{"damage":13.0,"enemies":"3 Byrds","floor":22.0,"turns":5.0},{"damage":2.0,"enemies":"Gremlin Leader","floor":23.0,"turns":8.0},{"damage":6.0,"enemies":"Cultist and Chosen","floor":26.0,"turns":6.0},{"damage":10.0,"enemies":"Snake Plant","floor":28.0,"turns":4.0},{"damage":32.0,"enemies":"Slavers","floor":29.0,"turns":5.0},{"damage":0.0,"enemies":"Snecko","floor":31.0,"turns":3.0},{"damage":4.0,"enemies":"Cultist and Chosen","floor":32.0,"turns":6.0},{"damage":52.0,"enemies":"IC_MUSHROOM_ARCHETYPE","floor":33.0,"turns":11.0},{"damage":15.0,"enemies":"3 Shapes","floor":36.0,"turns":4.0},{"damage":9.0,"enemies":"downfall:FleeingMerchant","floor":37.0,"turns":4.0},{"damage":0.0,"enemies":"Orb Walker","floor":38.0,"turns":2.0},{"damage":4.0,"enemies":"4 Shapes","floor":39.0,"turns":3.0},{"damage":27.0,"enemies":"Giant Head","floor":44.0,"turns":10.0},{"damage":4.0,"enemies":"downfall:FleeingMerchant","floor":45.0,"turns":4.0},{"damage":0,"enemies":"downfall:FleeingMerchant","floor":48,"turns":2},{"damage":0,"enemies":"Maw","floor":49,"turns":7},{"damage":5,"enemies":"DF_ARCHETYPE_ORBS","floor":50,"turns":6},{"damage":110,"enemies":"downfall:CharBossMerchant","floor":52,"turns":11}],"seed_played":"-3356064660548456187","potions_obtained":[{"floor":4.0,"key":"Block Potion"},{"floor":9.0,"key":"SneckoOil"},{"floor":17.0,"key":"AttackPotion"},{"floor":23.0,"key":"Slimebound:ThreeZeroPotion"},{"floor":26.0,"key":"ColorlessPotion"},{"floor":28.0,"key":"LiquidMemories"},{"floor":31.0,"key":"Swift Potion"},{"floor":32.0,"key":"LiquidMemories"},{"floor":33.0,"key":"champ:CounterPotion"},{"floor":36.0,"key":"DuplicationPotion"},{"floor":37.0,"key":"Weak Potion"},{"floor":38.0,"key":"Block Potion"},{"floor":39.0,"key":"Swift Potion"},{"floor":44.0,"key":"Strength Potion"},{"floor":48,"key":"Dexterity Potion"}],"is_trial":false,"path_per_floor":["R","M","M","M","?","R","T","R","E","M","R","M","$","?","M","B",null,"R","M","?","?","M","E","T","?","M","R","M","E","R","M","M","B",null,"R","M","$","M","M","R","T","?","R","E","$","?","R","$","M","B",null,"E"],"character_chosen":"THE_AUTOMATON","items_purchased":["bronze:Shell","bronze:Repulsor","Bronze Scales","bronze:BronzeArmor"],"campfire_rested":1,"item_purchase_floors":[37,45,48,48],"current_hp_per_floor":[70,66,66,66,66,66,66,66,62,47,47,45,45,45,42,39,75,75,75,61,61,48,46,46,46,40,50,47,22,49,56,59,14,90,90,85,86,86,86,86,86,93,93,70,76,76,76,86,96,91,97,0,0,0],"gold":133,"neow_bonus":"RANDOM_COMMON_RELIC","is_daily":false,"chose_seed":false,"campfire_upgraded":9,"win_rate":0.0,"timestamp":1612031851,"path_taken":["R","M","M","M","?","R","T","R","E","M","R","?","$","?","M","BOSS","R","M","?","?","M","E","T","?","M","R","M","E","R","M","M","BOSS","R","M","$","?","M","R","T","?","R","E","$","?","R","?","M","BOSS","E"],"items_purchased_type":["Card","Card","Relic","Card"],"build_version":"2020-12-22","purchased_purges":3,"victory":false,"max_hp_per_floor":[70,70,70,70,70,70,70,70,70,70,70,70,70,70,70,70,75,75,75,80,80,80,80,80,80,80,90,90,90,90,90,90,90,90,90,90,90,90,90,90,90,97,97,97,97,97,97,97,97,97,97,97,97,97],"card_choices":[{"not_picked":["bronze:Frontload","bronze:NullPointer","bronze:Turbo"],"picked":"SKIP","floor":2.0},{"not_picked":["bronze:OilSpill","bronze:Break"],"picked":"bronze:Deprecate","floor":3.0},{"not_picked":["bronze:Deprecate","bronze:Shell","bronze:Turbo"],"picked":"SKIP","floor":4.0},{"not_picked":["bronze:ForLoop","bronze:Invalidate","bronze:BitShift"],"picked":"bronze:Terminator","floor":9.0},{"not_picked":["bronze:Iterate","bronze:BuggyMess","bronze:Deprecate"],"picked":"bronze:Safeguard","floor":10.0},{"not_picked":["bronze:Branch","bronze:BuggyMess","bronze:Fortify","bronze:ForceShield"],"picked":"SKIP","floor":12.0},{"not_picked":["bronze:Shield","bronze:Fortify","bronze:DelayedGuard"],"picked":"bronze:Overload","floor":13.0},{"not_picked":["bronze:Overheat","bronze:Allocate","bronze:Shield"],"picked":"bronze:HardenedForm","floor":15.0},{"not_picked":["bronze:Virus","bronze:SpaghettiCode","bronze:Mutator"],"picked":"bronze:Assembly","floor":16.0},{"not_picked":["bronze:ForLoop","bronze:Frontload","bronze:OilSpill"],"picked":"bronze:ChosenStrike","floor":17.0},{"not_picked":["bronze:BronzeOrb+1","bronze:DelayedGuard","bronze:FineTuning+1","bronze:ForLoop+1"],"picked":"SKIP","floor":19.0},{"not_picked":["bronze:Backtrace","bronze:Boost","bronze:DelayedSlice"],"picked":"bronze:Return","floor":22.0},{"not_picked":["bronze:Assembly","bronze:ClassDefault","bronze:WildBeam+1","bronze:Frontload"],"picked":"SKIP","floor":23.0},{"not_picked":["bronze:ForceShield","bronze:DelayedSlice"],"picked":"bronze:Repair","floor":26.0},{"not_picked":["bronze:Fortify","bronze:Separator","bronze:HardenedForm"],"picked":"SKIP","floor":26.0},{"not_picked":["bronze:CloningBeam","bronze:MaxOutput"],"picked":"bronze:BuggyMess","floor":28.0},{"not_picked":["bronze:Branch","bronze:WhirlingStrike+1","bronze:DelayedSlice"],"picked":"SKIP","floor":28.0},{"not_picked":["bronze:BurnOut","bronze:DigitalCarnage","bronze:ChosenStrike+1"],"picked":"SKIP","floor":29.0},{"not_picked":["bronze:Constructor","bronze:Turbo"],"picked":"bronze:Overheat","floor":31.0},{"not_picked":["bronze:BugBarrage","bronze:BitShift","bronze:DelayedGuard"],"picked":"SKIP","floor":31.0},{"not_picked":["bronze:Frontload","bronze:SpaghettiCode","bronze:DelayedSlice"],"picked":"SKIP","floor":32.0},{"not_picked":["bronze:Constructor+1","bronze:OilSpill","bronze:Separator"],"picked":"SKIP","floor":32.0},{"not_picked":["bronze:Constructor","bronze:Frontload+1"],"picked":"bronze:Virus","floor":36.0},{"not_picked":["bronze:WildBeam+1","bronze:Shield+1","bronze:Repair+1"],"picked":"SKIP","floor":36.0},{"not_picked":["bronze:Overload+1","bronze:FineTuning","bronze:ClassDefault+1"],"picked":"SKIP","floor":37.0},{"not_picked":["bronze:Overload+1","bronze:Boost+1"],"picked":"bronze:ForceShield+1","floor":38.0},{"not_picked":["bronze:Constructor","bronze:DigitalCarnage+1","bronze:WildBeam+1"],"picked":"SKIP","floor":38.0},{"not_picked":["bronze:WildBeam","bronze:Turbo+1","bronze:OilSpill"],"picked":"SKIP","floor":39.0},{"not_picked":["bronze:WhirlingStrike+1","bronze:Turbo+1","bronze:Constructor+1"],"picked":"SKIP","floor":39.0},{"not_picked":["bronze:HyperBeam","bronze:Iterate+1","bronze:Overheat"],"picked":"SKIP","floor":44.0},{"not_picked":["bronze:ChildClass","bronze:Boost+1","bronze:Constructor"],"picked":"SKIP","floor":45},{"not_picked":["bronze:WhirlingStrike","bronze:DelayedGuard","bronze:Terminator"],"picked":"SKIP","floor":48},{"not_picked":["bronze:OilSpill","bronze:Shield"],"picked":"bronze:FollowUp+1","floor":49},{"not_picked":["bronze:DelayedGuard","bronze:Fortify+1","bronze:BitShift"],"picked":"SKIP","floor":49}],"player_experience":259420,"relics_obtained":[{"floor":7.0,"key":"Question Card"},{"floor":9.0,"key":"Omamori"},{"floor":23.0,"key":"Prayer Wheel"},{"floor":29.0,"key":"White Beast Statue"},{"floor":41.0,"key":"Bottled Lightning"},{"floor":42.0,"key":"Strawberry"},{"floor":44.0,"key":"Peace Pipe"}],"event_choices":[{"damage_healed":0.0,"max_hp_gain":0.0,"max_hp_loss":0.0,"gold_gain":0.0,"event_name":"Vampires","player_choice":"Ignored","floor":21.0,"gold_loss":0.0,"damage_taken":0.0}],"is_beta":false,"boss_relics":[{"not_picked":["Velvet Choker","expansioncontent:StudyCardRelic"],"picked":"Tiny House"},{"not_picked":["Runic Dome","Snecko Eye"],"picked":"bronze:MakeshiftBattery"}],"items_purged_floors":[13,37,48],"is_endless":false,"potions_floor_spawned":[4,9,23,26,28,31,32,33,36,37,38,39,44,45,48,49],"killed_by":"downfall:CharBossMerchant","ascension_level":1}}