{"host":"eqvoimh73njwfgdh","time":1612019485,"event":{"mods":["AchievementEnabler","BaseMod","Better Altar","Better Match","Better Note","Better Sensory Stone","Better Skull","Better Third Choice","BetterRewards","Colored Powertips","Conspire","Energized Spire","Halation","Hubris","Infinite Spire","Minty Spire (QoL Compilation)","Permanent Neow","Rare Cards Sparkle","Relic Stats","Reliquary","Replay The Spire","Spicy Shops","StSLib","The Animator","The Blue Laboratory"],"gold_per_floor":[114,114,146,146,161,161,190,49,73,73,73,90,125,91,91,141,141,157,157,171,187,187,217,217,217,217,228,228,39,64,78,78,92,92,120,45,45,66,66,66,21,21,48,86,142,142,142,165,165,165,165,165,38,77,77],"floor_reached":56,"language":"ENG","playtime":3191,"items_purged":[],"score":1530,"play_id":"ad6eb5b2-2b13-45b7-9573-95ac206b6585","local_time":"20210130161125","is_ascension_mode":true,"campfire_choices":[{"floor":6.0,"key":"REST"},{"floor":15.0,"key":"REST"},{"floor":32,"key":"REST"},{"floor":40,"key":"REST"},{"floor":42,"key":"RECALL"},{"floor":49,"key":"REST"}],"circlet_count":0,"master_deck":["animator:Strike_OwariNoSeraph+1","animator:Defend_OwariNoSeraph+1","animator:Strike+1","animator:Strike+1","animator:Strike+1","animator:Defend+1","animator:Defend+1","animator:Defend+1","animator:Shinoa","animator:Mikaela","animator:Guren","animator:Pride","animator:Shigure","animator:DolaStephanie","animator:Shigure","animator:DolaSchwi","animator:Sora","animator:UneriGinkaku","animator:DolaSchwi","animator:Shuna","animator:ElricEdward","animator:Envy","animator:Yuuichirou","animator:Shiro","animator:HiiragiShinya","ReplayTheSpireMod:Black Plague","animator:Mikaela","animator:HiiragiShinya","animator:DwarfShaman","hubris:Compulsion","Injury","infinitespire:Execution","animator:Konayuki+1","animator:Magilou","animator:DolaSchwi","animator:Yuuichirou","animator:DwarfShaman","animator:Sora","hubris:Greed","Hallucinations","hubris:Greed","animator:DwarfShaman+1","animator:Shinoa","animator:Emonzaemon","animator:Yoichi","animator:Nanami+1","animator:HinaKagiyama","animator:Curse_Dizziness","animator:CowGirl+1","animator:KotoriKanbe","animator:IchigoKurosaki","animator:Kuroyukihime"],"relics":["animator:LivingPicture","animator:TheMissingPiece","hubris:Icosahedron","FaceOfCleric","Chameleon Ring","Orrery","Bag of Marbles","halation:PinkSoulGem","halation:PromiseList","ChewingGum","ReplayTheSpireMod:Ring of Collecting","Ring of Panic","Juzu Bracelet","hubris:Zylophone","Paper Frog","Ring of Misfortune","MealTicket","Replay:Ancient Bell","Bag of Preparation","Snack Pack","CaptainsWheel","Bronze Scales","reliquary:WeakTea","ReplayTheSpireMod:Ring of Exchange","Replay:Towering Pillar of Hats","ReplayTheSpireMod:ShopPack","ReplayTheSpireMod:Lightbulb"],"acts_visited":["Exordium","TheCity","TheBeyond","TheEnding"],"potions_floor_usage":[50],"damage_taken":[{"damage":14.0,"enemies":"Small Slimes","floor":1.0,"turns":4.0},{"damage":1.0,"enemies":"2 Louse","floor":3.0,"turns":3.0},{"damage":8.0,"enemies":"Cultist","floor":5.0,"turns":4.0},{"damage":7.0,"enemies":"Gremlin Nob","floor":7.0,"turns":3.0},{"damage":8.0,"enemies":"Red Slaver","floor":12.0,"turns":3.0},{"damage":9.0,"enemies":"Lagavulin","floor":13.0,"turns":4.0},{"damage":28.0,"enemies":"Hexaghost","floor":16.0,"turns":8.0},{"damage":0.0,"enemies":"3 Byrds","floor":18.0,"turns":4.0},{"damage":11.0,"enemies":"Spheric Guardian","floor":20.0,"turns":3.0},{"damage":12.0,"enemies":"Shelled Parasite and Fungi","floor":21.0,"turns":4.0},{"damage":19.0,"enemies":"animator:HornedBat","floor":23.0,"turns":3.0},{"damage":0.0,"enemies":"Chosen and Byrds","floor":27.0,"turns":3.0},{"damage":6.0,"enemies":"Book of Stabbing","floor":30.0,"turns":4.0},{"damage":0.0,"enemies":"Snake Plant","floor":31.0,"turns":1.0},{"damage":0.0,"enemies":"Colosseum Slavers","floor":32.0,"turns":3.0},{"damage":0.0,"enemies":"Colosseum Nobs","floor":32.0,"turns":4.0},{"damage":28,"enemies":"conspire:MysteriousRune","floor":33,"turns":6},{"damage":0,"enemies":"Orb Walker","floor":35,"turns":3},{"damage":0,"enemies":"3 Shapes","floor":38,"turns":3},{"damage":5,"enemies":"Spire Growth","floor":44,"turns":4},{"damage":0,"enemies":"R_Hoarder","floor":45,"turns":3},{"damage":11,"enemies":"Maw","floor":48,"turns":5},{"damage":21,"enemies":"Awakened One","floor":50,"turns":6},{"damage":0,"enemies":"Shield and Spear","floor":54,"turns":1},{"damage":0,"enemies":"The Heart","floor":55,"turns":1}],"seed_played":"728298475492518967","potions_obtained":[{"floor":1.0,"key":"Strength Potion"},{"floor":7.0,"key":"AttackPotion"},{"floor":18.0,"key":"blueLaboratory:EnragingPotion"},{"floor":20.0,"key":"Languid Potion"},{"floor":30.0,"key":"Fire Potion"},{"floor":37,"key":"CultistPotion"},{"floor":37,"key":"blueLaboratory:HorrorPotion"},{"floor":48,"key":"blueLaboratory:BottleOfRum"},{"floor":52,"key":"blueLaboratory:ImpenetrablePotion"}],"is_trial":false,"path_per_floor":["M","?","M","?","M","R","E","$","T","$","?","M","E","$","R","B",null,"M","AVR","M","M","?","E","?","?","T","M","?","$","E","M","R","B",null,"M","?","?","M","?","R","$","R","T","M","E","?","AVR","M","R","B",null,"R","$","E","B",null],"character_chosen":"THE_ANIMATOR","items_purchased":["Orrery","animator:Yuuichirou","animator:Magilou","animator:DolaSchwi","animator:Emonzaemon","ReplayTheSpireMod:ShopPack"],"campfire_rested":5,"item_purchase_floors":[8,14,29,29,41,53],"current_hp_per_floor":[45,45,44,44,37,57,51,51,51,51,51,44,36,36,57,30,61,63,63,53,42,42,24,24,24,24,26,26,26,21,22,48,21,68,71,71,71,72,31,56,71,71,71,69,76,76,76,70,88,74,85,85,89,90,91],"gold":77,"neow_bonus":"ONE_RANDOM_RARE_CARD","is_daily":false,"chose_seed":false,"campfire_upgraded":0,"win_rate":0.0,"timestamp":1612019485,"path_taken":["M","?","M","?","?","R","E","$","T","?","?","M","E","?","R","BOSS","M","AVR","M","M","?","E","?","?","T","M","?","$","E","M","R","BOSS","M","?","?","M","?","R","?","R","T","M","E","?","AVR","M","R","BOSS","R","$","E","BOSS"],"items_purchased_type":["Relic","Card","Card","Card","Card","Relic"],"build_version":"2020-12-22","purchased_purges":0,"victory":true,"max_hp_per_floor":[66,66,66,66,67,67,68,68,68,68,68,69,70,70,70,71,71,73,73,74,75,75,76,76,76,76,78,78,78,79,80,82,83,83,84,84,84,85,85,85,85,85,85,86,87,87,87,88,88,89,89,89,89,90,91],"relic_stats":{"FaceOfCleric":23,"counters":[25,89],"Bronze Scales":[36],"MealTicket":19,"Juzu Bracelet":2,"Bag of Preparation":[16],"obtain_stats":[{"ReplayTheSpireMod:Ring of Exchange":43,"animator:TheMissingPiece":0,"Juzu Bracelet":23,"Bag of Preparation":34,"hubris:Icosahedron":2,"Chameleon Ring":7,"FaceOfCleric":4,"MealTicket":30,"halation:PromiseList":13,"Ring of Panic":22,"Paper Frog":26,"Replay:Towering Pillar of Hats":45,"Replay:Ancient Bell":34,"reliquary:WeakTea":39,"hubris:Zylophone":24,"CaptainsWheel":34,"ReplayTheSpireMod:Ring of Collecting":22,"Ring of Misfortune":26,"Bronze Scales":39,"Orrery":8,"ChewingGum":17,"animator:LivingPicture":0,"Bag of Marbles":9,"Snack Pack":34,"halation:PinkSoulGem":11,"ReplayTheSpireMod:Lightbulb":54,"ReplayTheSpireMod:ShopPack":53},{"ReplayTheSpireMod:Ring of Exchange":19,"animator:TheMissingPiece":0,"Juzu Bracelet":11,"Bag of Preparation":17,"hubris:Icosahedron":1,"Chameleon Ring":4,"FaceOfCleric":2,"MealTicket":13,"halation:PromiseList":6,"Ring of Panic":10,"Paper Frog":11,"Replay:Towering Pillar of Hats":21,"Replay:Ancient Bell":17,"reliquary:WeakTea":19,"hubris:Zylophone":11,"CaptainsWheel":17,"ReplayTheSpireMod:Ring of Collecting":10,"Ring of Misfortune":11,"Bronze Scales":19,"Orrery":4,"ChewingGum":7,"animator:LivingPicture":0,"Bag of Marbles":4,"Snack Pack":17,"halation:PinkSoulGem":4,"ReplayTheSpireMod:Lightbulb":24,"ReplayTheSpireMod:ShopPack":23},{"ReplayTheSpireMod:Ring of Exchange":69,"animator:TheMissingPiece":0,"Juzu Bracelet":42,"Bag of Preparation":63,"hubris:Icosahedron":4,"Chameleon Ring":13,"FaceOfCleric":7,"MealTicket":49,"halation:PromiseList":20,"Ring of Panic":39,"Paper Frog":42,"Replay:Towering Pillar of Hats":76,"Replay:Ancient Bell":63,"reliquary:WeakTea":69,"hubris:Zylophone":42,"CaptainsWheel":63,"ReplayTheSpireMod:Ring of Collecting":39,"Ring of Misfortune":42,"Bronze Scales":69,"Orrery":13,"ChewingGum":28,"animator:LivingPicture":0,"Bag of Marbles":13,"Snack Pack":63,"halation:PinkSoulGem":13,"ReplayTheSpireMod:Lightbulb":88,"ReplayTheSpireMod:ShopPack":87}]},"card_choices":[{"not_picked":["animator:Gillette","animator:Yoichi"],"picked":"animator:Pride","floor":1.0},{"not_picked":["animator:LizardPriest","animator:DolaCouronne"],"picked":"animator:Shigure","floor":3.0},{"not_picked":["animator:Viivi","animator:Souei"],"picked":"animator:DolaStephanie","floor":5.0},{"not_picked":["animator:Yoichi","animator:Mikaela"],"picked":"animator:Shigure","floor":7.0},{"not_picked":["animator:Shuna","animator:Priestess"],"picked":"animator:DolaSchwi","floor":8.0},{"not_picked":["animator:Benimaru","animator:DolaRiku"],"picked":"animator:Sora","floor":8.0},{"not_picked":["animator:ChaikaBohdan","animator:Sloth"],"picked":"animator:UneriGinkaku","floor":8.0},{"not_picked":["animator:FielNirvalen","animator:ChaikaBohdan"],"picked":"animator:DolaSchwi","floor":8.0},{"not_picked":["animator:HighElfArcher","animator:Hakurou"],"picked":"animator:Shuna","floor":8.0},{"not_picked":["animator:Konayuki","animator:RoyMustang"],"picked":"animator:ElricEdward","floor":12.0},{"not_picked":["animator:Guy","animator:Priestess"],"picked":"animator:Envy","floor":13.0},{"not_picked":["animator:Greed","animator:Envy"],"picked":"animator:Shiro","floor":16.0},{"not_picked":["animator:KrulTepes","animator:LizardPriest+1"],"picked":"animator:HiiragiShinya","floor":18.0},{"not_picked":["animator:Shinoa","animator:CrowleyEusford"],"picked":"animator:Mikaela","floor":20.0},{"not_picked":["animator:Mitsuba","animator:LizardPriest"],"picked":"animator:HiiragiShinya","floor":21.0},{"not_picked":["animator:Hakurou","animator:ChaikaBohdan"],"picked":"animator:DwarfShaman","floor":23.0},{"not_picked":["infinitespire:Punishment","hubris:InfiniteBlow"],"picked":"infinitespire:Execution","floor":25.0},{"not_picked":["animator:Mitsuba","animator:Tet"],"picked":"animator:Konayuki+1","floor":27.0},{"not_picked":["animator:Mitsuba","animator:Mikaela"],"picked":"animator:Yuuichirou","floor":30.0},{"not_picked":["animator:ElricEdward+1","animator:Tet"],"picked":"animator:DwarfShaman","floor":31.0},{"not_picked":["animator:SwordMaiden","animator:Guren"],"picked":"animator:Sora","floor":33},{"not_picked":["animator:Curse_Nutcracker","Languid"],"picked":"hubris:Greed","floor":34},{"not_picked":["Voices","hubris:Envy"],"picked":"Hallucinations","floor":34},{"not_picked":["animator:Curse_Greed","animator:Curse_GriefSeed"],"picked":"hubris:Greed","floor":34},{"not_picked":["animator:AcuraTooru","animator:Scar+1"],"picked":"animator:DwarfShaman+1","floor":35},{"not_picked":["animator:Shigure","animator:KrulTepes"],"picked":"animator:Shinoa","floor":38},{"not_picked":["animator:DwarfShaman+1","animator:MaesHughes+1"],"picked":"animator:Yoichi","floor":44},{"not_picked":["animator:Layla+1","animator:SwordMaiden"],"picked":"animator:Nanami+1","floor":45},{"not_picked":["animator:ZankiKiguchi","animator:DolaRiku+1"],"picked":"animator:CowGirl+1","floor":48},{"not_picked":["animator:TanyaDegurechaff","animator:HououinKyouma"],"picked":"animator:KotoriKanbe","floor":53},{"not_picked":["animator:Magilou","animator:QuestionMark"],"picked":"animator:IchigoKurosaki","floor":53},{"not_picked":["animator:Zero","animator:IchigoKurosaki"],"picked":"animator:Kuroyukihime","floor":53}],"player_experience":156725,"relics_obtained":[{"floor":7.0,"key":"Chameleon Ring"},{"floor":9.0,"key":"Bag of Marbles"},{"floor":13.0,"key":"halation:PromiseList"},{"floor":22.0,"key":"ReplayTheSpireMod:Ring of Collecting"},{"floor":22.0,"key":"Ring of Panic"},{"floor":23.0,"key":"Juzu Bracelet"},{"floor":26.0,"key":"Paper Frog"},{"floor":26.0,"key":"Ring of Misfortune"},{"floor":30.0,"key":"MealTicket"},{"floor":43,"key":"ReplayTheSpireMod:Ring of Exchange"},{"floor":45,"key":"Replay:Towering Pillar of Hats"},{"floor":54,"key":"ReplayTheSpireMod:Lightbulb"}],"event_choices":[{"damage_healed":0.0,"max_hp_gain":0.0,"max_hp_loss":0.0,"gold_gain":0.0,"event_name":"FaceTrader","player_choice":"Trade","floor":4.0,"gold_loss":0.0,"damage_taken":0.0,"relics_obtained":["FaceOfCleric"]},{"damage_healed":0.0,"max_hp_gain":0.0,"max_hp_loss":8.0,"gold_gain":0.0,"event_name":"betterThird:BetterWriting","player_choice":"Simplicity","floor":28.0,"gold_loss":0.0,"damage_taken":0.0},{"damage_healed":0.0,"max_hp_gain":0.0,"max_hp_loss":0.0,"gold_gain":0.0,"event_name":"Colosseum","player_choice":"Fight","floor":32.0,"gold_loss":0.0,"damage_taken":0.0},{"damage_healed":0.0,"max_hp_gain":0.0,"max_hp_loss":0.0,"gold_gain":0.0,"event_name":"Colosseum","player_choice":"Fought Nobs","floor":32.0,"gold_loss":0.0,"damage_taken":0.0},{"damage_healed":0,"gold_gain":0,"player_choice":"3","damage_taken":0,"max_hp_gain":0,"max_hp_loss":0,"event_name":"betterMatch:BetterMatch","floor":36,"gold_loss":0,"cards_obtained":[]},{"damage_healed":0,"gold_gain":0,"player_choice":"Got Potions","damage_taken":0,"max_hp_gain":0,"max_hp_loss":0,"event_name":"Lab","floor":37,"gold_loss":0},{"damage_healed":0,"gold_gain":0,"player_choice":"RE RE ","damage_taken":45,"relics_obtained":["Bronze Scales","reliquary:WeakTea"],"max_hp_gain":0,"max_hp_loss":0,"event_name":"betterSkull:BetterSkull","floor":39,"gold_loss":0,"cards_upgraded":[]}],"is_beta":false,"boss_relics":[{"not_picked":["Coffee Dripper","infinitespire:Cupcake"],"picked":"ChewingGum"},{"not_picked":["conspire:SeveredTorchhead","reliquary:KinkedSpring"],"picked":"Replay:Ancient Bell"},{"not_picked":["halation:KoshaPiece","Pet Ghost"],"picked":"Bag of Preparation"},{"not_picked":["hubris:CrystalStatue","Pear"],"picked":"Snack Pack"},{"not_picked":["halation:Trompette","conspire:Boomerang"],"picked":"CaptainsWheel"}],"items_purged_floors":[],"is_endless":false,"potions_floor_spawned":[1,7,12,18,20,30,45,48],"ascension_level":6}}