{"host":"4pckc3u5mqcilakq","time":1612025054,"event":{"mods":["AchievementEnabler","BaseMod","Colored Map","Colored Powertips","Highlight Path","Minty Spire (QoL Compilation)"],"gold_per_floor":[119,135,53,53,72,72,105,117,117,127,146,179,179,179,179],"floor_reached":14,"language":"ENG","playtime":397,"items_purged":[],"score":133,"play_id":"b4253fc3-ff2b-4123-b597-25452e03a1be","local_time":"20210130194414","is_ascension_mode":true,"campfire_choices":[{"data":"PathToVictory","floor":6,"key":"SMITH"}],"circlet_count":0,"master_deck":["Strike_P","Strike_P","Strike_P","Strike_P","Defend_P","Defend_P","Defend_P","Defend_P","Eruption+1","Vigilance","FearNoEvil+1","PathToVictory+1","SignatureMove","Evaluate","Evaluate","Evaluate","ThirdEye","WindmillStrike"],"relics":["PureWater","NeowsBlessing","Bird Faced Urn","Kunai","Singing Bowl"],"acts_visited":["Exordium"],"potions_floor_usage":[],"damage_taken":[{"damage":0,"enemies":"Small Slimes","floor":1,"turns":1},{"damage":0,"enemies":"Jaw Worm","floor":2,"turns":1},{"damage":0,"enemies":"Cultist","floor":5,"turns":1},{"damage":22,"enemies":"Lagavulin","floor":7,"turns":6},{"damage":0,"enemies":"Looter","floor":8,"turns":3},{"damage":0,"enemies":"Large Slime","floor":10,"turns":3},{"damage":1,"enemies":"Exordium Wildlife","floor":11,"turns":3},{"damage":20,"enemies":"Gremlin Nob","floor":12,"turns":4},{"damage":18,"enemies":"3 Sentries","floor":14,"turns":2}],"seed_played":"2453257253046896474","potions_obtained":[{"floor":1,"key":"BottledMiracle"},{"floor":12,"key":"Fire Potion"}],"is_trial":false,"path_per_floor":["M","M","$","?","M","R","E","M","T","M","M","E","?","E"],"character_chosen":"WATCHER","items_purchased":["SignatureMove"],"campfire_rested":0,"item_purchase_floors":[3],"current_hp_per_floor":[65,65,65,51,51,51,29,29,29,29,28,10,10,0,0],"gold":179,"neow_bonus":"THREE_ENEMY_KILL","is_daily":false,"chose_seed":false,"campfire_upgraded":1,"win_rate":0.0,"timestamp":1612025054,"path_taken":["M","M","$","?","M","R","E","M","T","M","M","E","?","E"],"items_purchased_type":["Card"],"build_version":"2020-12-22","purchased_purges":0,"victory":false,"max_hp_per_floor":[72,72,72,72,72,72,72,72,72,72,72,74,74,74,74],"card_choices":[{"not_picked":["Weave","FlyingSleeves"],"picked":"FearNoEvil","floor":1},{"not_picked":["WreathOfFlame","BowlingBash"],"picked":"PathToVictory","floor":2},{"not_picked":["Prostrate","Consecrate"],"picked":"Evaluate","floor":5},{"not_picked":["ConjureBlade","FollowUp"],"picked":"Evaluate","floor":7},{"not_picked":["Meditate","Prostrate"],"picked":"Evaluate","floor":8},{"not_picked":["Consecrate","ReachHeaven"],"picked":"ThirdEye","floor":10},{"not_picked":["Halt","ConjureBlade"],"picked":"WindmillStrike","floor":11},{"not_picked":["Crescendo","EmptyFist","DeceiveReality"],"picked":"Singing Bowl","floor":12}],"player_experience":225679,"relics_obtained":[{"floor":7,"key":"Bird Faced Urn"},{"floor":9,"key":"Kunai"},{"floor":12,"key":"Singing Bowl"}],"event_choices":[{"damage_healed":0,"gold_gain":0,"player_choice":"Entered Light","damage_taken":14,"max_hp_gain":0,"max_hp_loss":0,"event_name":"Shining Light","floor":4,"gold_loss":0,"cards_upgraded":["Eruption","FearNoEvil"]},{"damage_healed":0,"gold_gain":0,"player_choice":"0 cards matched","damage_taken":0,"max_hp_gain":0,"max_hp_loss":0,"event_name":"Match and Keep!","floor":13,"gold_loss":0,"cards_obtained":[]}],"is_beta":false,"boss_relics":[],"items_purged_floors":[],"is_endless":false,"potions_floor_spawned":[1,12],"killed_by":"3 Sentries","ascension_level":6}}