{"host":"q8niu1x2pgv94o1d","time":1612001274,"event":{"mods":["AchievementEnabler","BaseMod","Colored Map","Colored Powertips","Minty Spire (QoL Compilation)","StSLib"],"gold_per_floor":[111,186,186,196,246,246,278,294,294,294,306,332,347,360,360,438,438,450,500,18,35,51,51,64,64,64,64,76,126,126,137,137,137,137],"floor_reached":33,"language":"ENG","playtime":2606,"items_purged":["Strike_G"],"score":518,"play_id":"f281133e-4668-4f3e-8ddb-d1382cd3df87","local_time":"20210130110754","is_ascension_mode":true,"campfire_choices":[{"data":"Predator","floor":6.0,"key":"SMITH"},{"floor":10.0,"key":"REST"},{"floor":15.0,"key":"REST"},{"data":"Glass Knife","floor":23.0,"key":"SMITH"},{"floor":25.0,"key":"REST"},{"data":"Footwork","floor":30,"key":"SMITH"},{"data":"Blade Dance","floor":32,"key":"SMITH"}],"circlet_count":0,"master_deck":["AscendersBane","Strike_G","Strike_G","Strike_G","Strike_G","Defend_G","Defend_G","Defend_G+1","Defend_G","Defend_G","Survivor","Neutralize","Escape Plan+1","Endless Agony","Predator+1","Wraith Form v2","Deadly Poison","Cloak And Dagger","Blade Dance+1","Venomology","Glass Knife+1","Cloak And Dagger+1","Footwork+1","PiercingWail","Sucker Punch+1","Ghostly","Ghostly","Ghostly","Prepared","Wraith Form v2+1"],"relics":["Ring of the Snake","Ginger","Matryoshka","Bottled Flame","Busted Crown","Torii","Toy Ornithopter","Frozen Egg 2"],"acts_visited":["Exordium","TheCity"],"potions_floor_usage":[28,31,33,33,33,33,33],"damage_taken":[{"damage":4.0,"enemies":"2 Louse","floor":1.0,"turns":3.0},{"damage":0.0,"enemies":"Small Slimes","floor":4.0,"turns":4.0},{"damage":21.0,"enemies":"3 Sentries","floor":7.0,"turns":12.0},{"damage":0.0,"enemies":"Cultist","floor":8.0,"turns":3.0},{"damage":7.0,"enemies":"Large Slime","floor":11.0,"turns":4.0},{"damage":10.0,"enemies":"Gremlin Nob","floor":12.0,"turns":5.0},{"damage":0.0,"enemies":"Lots of Slimes","floor":13.0,"turns":4.0},{"damage":1.0,"enemies":"Looter","floor":14.0,"turns":4.0},{"damage":22.0,"enemies":"The Guardian","floor":16.0,"turns":14.0},{"damage":7.0,"enemies":"2 Thieves","floor":18.0,"turns":4.0},{"damage":2.0,"enemies":"Shell Parasite","floor":21.0,"turns":4.0},{"damage":21.0,"enemies":"Shelled Parasite and Fungi","floor":22.0,"turns":8.0},{"damage":2.0,"enemies":"Snecko","floor":24.0,"turns":5.0},{"damage":7,"enemies":"Snake Plant","floor":28,"turns":5},{"damage":9,"enemies":"Cultist and Chosen","floor":31,"turns":10},{"damage":55,"enemies":"Collector","floor":33,"turns":10}],"seed_played":"7364781131631210926","potions_obtained":[{"floor":8.0,"key":"Swift Potion"},{"floor":12.0,"key":"Block Potion"},{"floor":14.0,"key":"CunningPotion"},{"floor":18.0,"key":"SkillPotion"},{"floor":21.0,"key":"EntropicBrew"}],"is_trial":false,"path_per_floor":["M","?","?","M","?","R","E","M","T","R","M","E","M","M","R","B",null,"M","?","$","M","M","R","M","R","T","?","M","?","R","M","R","B"],"character_chosen":"THE_SILENT","items_purchased":["Footwork","Torii"],"campfire_rested":3,"item_purchase_floors":[20,20],"current_hp_per_floor":[55,44,24,24,24,24,3,3,3,22,15,5,5,4,23,1,50,43,43,43,41,20,20,18,37,37,33,31,31,31,26,26,0,0],"gold":137,"neow_bonus":"THREE_CARDS","is_daily":false,"chose_seed":false,"campfire_upgraded":4,"win_rate":0.0,"timestamp":1612001274,"path_taken":["M","?","?","M","?","R","E","M","T","R","M","E","?","M","R","BOSS","M","?","$","?","?","R","M","R","T","?","M","?","R","M","R","BOSS"],"items_purchased_type":["Card","Relic"],"build_version":"2020-12-22","purchased_purges":1,"victory":false,"max_hp_per_floor":[66,66,66,66,66,66,66,66,66,66,66,66,66,66,66,66,66,66,66,66,66,66,66,66,66,66,33,33,33,33,33,33,33,33],"card_choices":[{"not_picked":["Flying Knee","Catalyst"],"picked":"Escape Plan","floor":0.0},{"not_picked":["Dodge and Roll","Outmaneuver"],"picked":"Endless Agony","floor":1.0},{"not_picked":["Catalyst","Backflip"],"picked":"Predator","floor":4.0},{"not_picked":["Poisoned Stab","Finisher"],"picked":"Wraith Form v2","floor":7.0},{"not_picked":["Quick Slash","Slice"],"picked":"Deadly Poison","floor":8.0},{"not_picked":["Deflect","Prepared"],"picked":"Cloak And Dagger","floor":11.0},{"not_picked":["Dodge and Roll","Expertise"],"picked":"Blade Dance","floor":12.0},{"not_picked":["Deadly Poison","Skewer","Reflex"],"picked":"SKIP","floor":13.0},{"not_picked":["Well Laid Plans","Outmaneuver"],"picked":"Venomology","floor":14.0},{"not_picked":["Envenom","Tools of the Trade"],"picked":"Glass Knife","floor":16.0},{"not_picked":[],"picked":"Cloak And Dagger+1","floor":18.0},{"not_picked":[],"picked":"PiercingWail","floor":21.0},{"not_picked":[],"picked":"Sucker Punch+1","floor":22.0},{"not_picked":["Slice"],"picked":"SKIP","floor":24.0},{"not_picked":[],"picked":"Prepared","floor":28},{"not_picked":[],"picked":"Wraith Form v2+1","floor":31}],"player_experience":1814642,"relics_obtained":[{"floor":7.0,"key":"Ginger"},{"floor":9.0,"key":"Matryoshka"},{"floor":12.0,"key":"Bottled Flame"},{"floor":26.0,"key":"Toy Ornithopter"},{"floor":26.0,"key":"Frozen Egg 2"}],"event_choices":[{"damage_healed":0.0,"max_hp_gain":0.0,"max_hp_loss":0.0,"gold_gain":75.0,"event_name":"World of Goop","player_choice":"Gather Gold","floor":2.0,"gold_loss":0.0,"damage_taken":11.0},{"damage_healed":0.0,"max_hp_gain":0.0,"max_hp_loss":0.0,"gold_gain":0.0,"event_name":"Shining Light","player_choice":"Entered Light","floor":3.0,"gold_loss":0.0,"damage_taken":20.0,"cards_upgraded":["Defend_G","Escape Plan"]},{"damage_healed":0.0,"max_hp_gain":0.0,"max_hp_loss":0.0,"gold_gain":50.0,"event_name":"Golden Shrine","player_choice":"Pray","floor":5.0,"gold_loss":0.0,"damage_taken":0.0},{"damage_healed":0.0,"max_hp_gain":0.0,"max_hp_loss":0.0,"gold_gain":100.0,"event_name":"The Joust","player_choice":"Bet on Murderer","floor":19.0,"gold_loss":50.0,"damage_taken":0.0},{"damage_healed":0.0,"max_hp_gain":0.0,"max_hp_loss":33.0,"gold_gain":0.0,"event_name":"Ghosts","player_choice":"Became a Ghost","floor":27.0,"gold_loss":0.0,"damage_taken":0.0,"cards_obtained":["Ghostly","Ghostly","Ghostly"]},{"damage_healed":0,"gold_gain":50,"player_choice":"Stole From Cult","damage_taken":0,"max_hp_gain":0,"max_hp_loss":0,"event_name":"Nest","floor":29,"gold_loss":0}],"is_beta":false,"boss_relics":[{"not_picked":["Runic Dome","Black Star"],"picked":"Busted Crown"}],"items_purged_floors":[20],"is_endless":false,"potions_floor_spawned":[8,12,14,18,21,24],"killed_by":"Collector","ascension_level":20}}