{"host":"d52brwsy6af8zvaq","time":1612044918,"event":{"mods":["AchievementEnabler","BaseMod","Bestiary","Highlight Path","Minty Spire (QoL Compilation)","Quick Restart","Relic Stats","ojb\u0027s Better Paths Mod"],"gold_per_floor":[110,129,204,40,5,5,35,35,88,100,100,100,128,128,128,128,128],"floor_reached":16,"language":"ENG","playtime":374,"items_purged":["Injury"],"score":212,"play_id":"7b3d0f25-b351-4c93-a9f5-e28e2aa751cf","local_time":"20210130151518","is_ascension_mode":true,"campfire_choices":[{"data":"Predator","floor":6.0,"key":"SMITH"},{"data":"Neutralize","floor":11.0,"key":"SMITH"},{"data":"Bouncing Flask","floor":15.0,"key":"SMITH"}],"circlet_count":0,"master_deck":["AscendersBane","Strike_G","Strike_G","Strike_G","Strike_G","Strike_G","Defend_G","Defend_G","Defend_G","Defend_G","Defend_G","Survivor","Neutralize+1","Blade Dance","Deadly Poison","Predator+1","Bouncing Flask+1","Blade Dance","Dagger Spray"],"relics":["Ring of the Snake","CaptainsWheel","Art of War","Potion Belt","Meat on the Bone","Anchor","Incense Burner"],"acts_visited":["Exordium"],"potions_floor_usage":[16],"damage_taken":[{"damage":1.0,"enemies":"Small Slimes","floor":1.0,"turns":4.0},{"damage":8.0,"enemies":"Jaw Worm","floor":2.0,"turns":6.0},{"damage":25.0,"enemies":"Lagavulin","floor":7.0,"turns":6.0},{"damage":0.0,"enemies":"2 Louse","floor":10.0,"turns":2.0},{"damage":10.0,"enemies":"Gremlin Nob","floor":13.0,"turns":3.0},{"damage":27,"enemies":"The Guardian","floor":16,"turns":7}],"seed_played":"8734536865067507434","potions_obtained":[{"floor":1.0,"key":"SteroidPotion"},{"floor":10.0,"key":"SkillPotion"},{"floor":13.0,"key":"Energy Potion"}],"is_trial":false,"path_per_floor":["M","M","?","$","?","R","E","?","T","M","R","?","E","T","R","B"],"character_chosen":"THE_SILENT","items_purchased":["Predator"],"campfire_rested":0,"item_purchase_floors":[4],"current_hp_per_floor":[58,50,39,39,55,55,30,30,30,30,30,19,21,21,21,0,0],"gold":128,"neow_bonus":"ONE_RARE_RELIC","is_daily":false,"chose_seed":false,"campfire_upgraded":3,"win_rate":0.0,"timestamp":1612044918,"path_taken":["M","M","?","$","?","R","E","?","T","M","R","?","E","?","R","BOSS"],"items_purchased_type":["Card"],"build_version":"2020-12-22","purchased_purges":1,"victory":false,"max_hp_per_floor":[66,66,66,66,66,66,66,66,66,66,66,66,66,66,66,66,66],"relic_stats":{"counters":[6,28],"Art of War":[2],"obtain_stats":[{"Potion Belt":9,"CaptainsWheel":0,"Anchor":13,"Art of War":7,"Incense Burner":14,"Ring of the Snake":0,"Meat on the Bone":12},{"Potion Belt":3,"CaptainsWheel":0,"Anchor":5,"Art of War":3,"Incense Burner":5,"Ring of the Snake":0,"Meat on the Bone":4},{"Potion Belt":16,"CaptainsWheel":0,"Anchor":21,"Art of War":16,"Incense Burner":21,"Ring of the Snake":0,"Meat on the Bone":18}],"Ring of the Snake":[12],"Meat on the Bone":12},"card_choices":[{"not_picked":["Terror","Backflip"],"picked":"Blade Dance","floor":1.0},{"not_picked":["Acrobatics","Flechettes"],"picked":"Deadly Poison","floor":2.0},{"not_picked":["Flying Knee","Dash"],"picked":"Bouncing Flask","floor":7.0},{"not_picked":["Sucker Punch","Deadly Poison"],"picked":"Blade Dance","floor":10.0},{"not_picked":["Finisher","Distraction"],"picked":"Dagger Spray","floor":13.0}],"player_experience":2082969,"relics_obtained":[{"floor":7.0,"key":"Art of War"},{"floor":9.0,"key":"Potion Belt"},{"floor":13.0,"key":"Anchor"},{"floor":14.0,"key":"Incense Burner"}],"event_choices":[{"damage_healed":0.0,"max_hp_gain":0.0,"max_hp_loss":0.0,"gold_gain":75.0,"event_name":"World of Goop","player_choice":"Gather Gold","floor":3.0,"gold_loss":0.0,"damage_taken":11.0},{"damage_healed":16.0,"max_hp_gain":0.0,"max_hp_loss":0.0,"gold_gain":0.0,"event_name":"The Cleric","player_choice":"Healed","floor":5.0,"gold_loss":35.0,"damage_taken":0.0},{"damage_healed":0.0,"max_hp_gain":0.0,"max_hp_loss":0.0,"gold_gain":0.0,"event_name":"Shining Light","player_choice":"Ignored","floor":8.0,"gold_loss":0.0,"damage_taken":0.0},{"damage_healed":0.0,"max_hp_gain":0.0,"max_hp_loss":0.0,"gold_gain":0.0,"event_name":"Scrap Ooze","player_choice":"Success","floor":12.0,"gold_loss":0.0,"damage_taken":11.0,"relics_obtained":["Meat on the Bone"]}],"is_beta":false,"boss_relics":[],"items_purged_floors":[4],"is_endless":false,"potions_floor_spawned":[1,10,13],"killed_by":"The Guardian","ascension_level":20}}