{"host":"qmnyg5dk1o6rw6mz","time":1612020659,"event":{"mods":["100% Spire Juice","2.2 Compatiblity","AchievementEnabler","Act Like it!","Arknights The Spire","Aspiration","Astrologer","BaseMod","Beaked The Cultist","Better Altar","Better Match","Better Note","Better Sensory Stone","Better Skull","Better Third Choice","Better Vampires","CapriCore","Challenge The Spire","ChefMod","Colored Map","Colored Powertips","Conspire","Decade(王小明)","DeckTracker","Defuse TimeMaze Blight","Disable Question Mark Monsters","Displayed Cursed Tome","Downfall","Energized Spire","Friendly Minions","Gensokyo","GifTheSpireLib","Hermit","Highlight Path","HololiveMod","HornydragonMod","Hubris","Infinite Spire","Jedi Mod","Koishi","KomeijiMod","Lobotomy","Mari Mod (Legacy)","Mari\u0027s V1 Patch","Marisa（霧雨　魔理沙）","Marked Mod","Minty Spire (QoL Compilation)","Monster B Gone","Pale of the Ancients","Permanent Neow","Prisma Mod","Quick Restart","Reimu（博???）","Reliquary","Replay The Spire","Robot Space Explorer","SIMod","StSLib","Synergy Search","The Alterego","The Bug Knight","The Construct","The Cursed","The Dragon Tamer","The Gatherer","The Hayseed","The Immortal","The Marked","The Poker Player","The Problem Sleuth","The Runesmith","The Sage","The Senshi","The Showman","The Wild Card","Unceasing Turn Reminder","WarShipGirlsR/??少女R mod","Wide Potions","Yuri Mod","thorton"],"gold_per_floor":[116,15,15,15,15,15,42,61,61,79,79,112,132,147,147,252,252,270,286,197,197,210,239,239,250,250,283,301,330,330,349,349,451,451,468,468,485,485,485,495,495,543,543,570,587,606,268,282,282,282,282],"floor_reached":52,"language":"ENG","playtime":2065,"items_purged":["Defend_G","Strike_G","Strike_G"],"score":959,"play_id":"e662e60d-dbd8-4470-9fbf-eb04a5773c29","local_time":"20210130233059","is_ascension_mode":true,"campfire_choices":[{"data":"conspire:DoublingDagger","floor":6.0,"key":"SMITH"},{"data":"Neutralize","floor":11.0,"key":"SMITH"},{"floor":15.0,"key":"REST"},{"data":"A Thousand Cuts","floor":24.0,"key":"SMITH"},{"data":"Envenom","floor":30.0,"key":"SMITH"},{"data":"Adrenaline","floor":32.0,"key":"SMITH"},{"data":"Storm of Steel","floor":41.0,"key":"SMITH"},{"data":"Madness","floor":49,"key":"SMITH"}],"circlet_count":0,"master_deck":["Strike_G","Strike_G","Strike_G","Defend_G","Defend_G+1","Defend_G","Survivor","Neutralize+1","conspire:DoublingDagger+1","Cloak And Dagger","infinitespire:Gouge","Cloak And Dagger","Backstab","Adrenaline+1","Backstab","Hidden Blade","A Thousand Cuts+1","Replay:Fractal Strike","Envenom+1","Cloak And Dagger","Deflect","Replay:Bag of Tricks","Storm of Steel+1","Blade Dance+1","conspire:Banana","GreatAndPowerful","Madness+1","Madness","Replay:BasicMightCard","Finisher+1"],"relics":["Ring of the Snake","beaked:ShinyBauble","Mercury Hourglass","Orichalcum","RedLine:ReiMu","aspiration:EmptySkull","Strawberry","construct:ClawGrip","ReplayTheSpireMod:Lightbulb","aspiration:Lifesprig","Mirror","infinitespire:CheckeredPen","Coffee Dripper","Turnip","jedi:scrapmetal","Pear","Boot"],"acts_visited":["Exordium","TheCity","TheBeyond"],"potions_floor_usage":[50,50],"damage_taken":[{"damage":1.0,"enemies":"2 Louse","floor":1.0,"turns":3.0},{"damage":18.0,"enemies":"Gremlin Nob","floor":7.0,"turns":5.0},{"damage":2.0,"enemies":"conspire:RoseBush","floor":8.0,"turns":2.0},{"damage":0.0,"enemies":"Cultist","floor":10.0,"turns":2.0},{"damage":4.0,"enemies":"3 Sentries","floor":12.0,"turns":4.0},{"damage":0.0,"enemies":"Gremlin Gang","floor":13.0,"turns":1.0},{"damage":0.0,"enemies":"Blue Slaver","floor":14.0,"turns":2.0},{"damage":4.0,"enemies":"Hexaghost","floor":16.0,"turns":7.0},{"damage":3.0,"enemies":"Shell Parasite","floor":18.0,"turns":2.0},{"damage":0.0,"enemies":"3 Byrds","floor":19.0,"turns":2.0},{"damage":0.0,"enemies":"Sentry and Sphere","floor":22.0,"turns":2.0},{"damage":10.0,"enemies":"Book of Stabbing","floor":23.0,"turns":5.0},{"damage":0.0,"enemies":"Snecko","floor":25.0,"turns":3.0},{"damage":0.0,"enemies":"conspire:Head Lice","floor":27.0,"turns":3.0},{"damage":6.0,"enemies":"Cultist and Chosen","floor":28.0,"turns":3.0},{"damage":1.0,"enemies":"conspire:SneckoGhost","floor":29.0,"turns":4.0},{"damage":0.0,"enemies":"3 Cultists","floor":31.0,"turns":2.0},{"damage":0.0,"enemies":"Automaton","floor":33.0,"turns":4.0},{"damage":5.0,"enemies":"3 Shapes","floor":35.0,"turns":2.0},{"damage":0.0,"enemies":"Orb Walker","floor":37.0,"turns":2.0},{"damage":0.0,"enemies":"4 Shapes","floor":40.0,"turns":2.0},{"damage":0.0,"enemies":"2 Orb Walkers","floor":42.0,"turns":1.0},{"damage":0.0,"enemies":"Reptomancer","floor":44.0,"turns":2.0},{"damage":0.0,"enemies":"Maw","floor":45.0,"turns":3.0},{"damage":0.0,"enemies":"3 Darklings","floor":46.0,"turns":2.0},{"damage":0,"enemies":"Jaw Worm Horde","floor":48,"turns":2},{"damage":71,"enemies":"infinitespire:MassOfShapes","floor":50,"turns":6}],"seed_played":"9125999406935194257","potions_obtained":[{"floor":1.0,"key":"jedi:tentaclejuice"},{"floor":12.0,"key":"SteroidPotion"},{"floor":13.0,"key":"DuplicationPotion"},{"floor":16.0,"key":"BlessingOfTheForge"},{"floor":27.0,"key":"hexamod:SoulburnPotion"},{"floor":28.0,"key":"GhostInAJar"},{"floor":42.0,"key":"Poison Potion"},{"floor":44.0,"key":"FearPotion"},{"floor":46.0,"key":"Milkshake"}],"is_trial":false,"path_per_floor":["M","$","?","?","?","R","E","M","T","M","R","E","M","M","R_BF","B",null,"M","M","?","AVR","M","E","R","M","T","E","M","E","R","M","R","B",null,"M","?","M","?","?","M","R","?","T","E","M","M","$","M","R","B",null,null],"character_chosen":"THE_SILENT","items_purchased":["Cloak And Dagger","Boot","Replay:BasicMightCard"],"campfire_rested":1,"item_purchase_floors":[2,47,47],"current_hp_per_floor":[69,69,51,51,38,38,20,18,18,18,18,14,14,14,35,31,70,67,67,67,74,74,64,64,64,64,64,58,57,57,57,57,57,77,72,72,73,78,68,68,68,68,68,79,80,80,80,80,80,10,10],"gold":282,"neow_bonus":"REMOVE_CARD","is_daily":false,"chose_seed":false,"campfire_upgraded":7,"win_rate":0.0,"timestamp":1612020659,"path_taken":["M","$","?","?","?","R","E","M","T","?","R","E","?","M","R_BF","BOSS","M","M","?","AVR","M","E","R","M","T","E","M","E","R","?","R","BOSS","M","?","M","?","?","M","R","?","T","E","?","M","$","M","R","BOSS"],"items_purchased_type":["Card","Relic","Card"],"build_version":"2020-12-22","purchased_purges":3,"victory":true,"max_hp_per_floor":[70,70,70,70,70,70,70,70,70,70,70,70,70,70,70,70,70,70,70,70,77,77,77,77,77,77,77,77,77,77,77,77,77,77,77,77,78,78,78,78,78,78,78,89,90,90,90,90,90,91,91],"card_choices":[{"not_picked":["Cloak And Dagger","hubris:SlightOfHand"],"picked":"conspire:DoublingDagger","floor":1.0},{"not_picked":["infinitespire:FinalStrike","infinitespire:Oblivion"],"picked":"infinitespire:Gouge","floor":3.0},{"not_picked":["Poisoned Stab","Flying Knee"],"picked":"Cloak And Dagger","floor":7.0},{"not_picked":["Eviscerate","Noxious Fumes"],"picked":"Backstab","floor":8.0},{"not_picked":["Poisoned Stab","jedi:acidrain"],"picked":"Adrenaline","floor":10.0},{"not_picked":["Blade Dance","Quick Slash"],"picked":"Backstab","floor":12.0},{"not_picked":["Outmaneuver","Underhanded Strike","Deadly Poison"],"picked":"SKIP","floor":13.0},{"not_picked":["Dagger Spray","Acrobatics"],"picked":"Hidden Blade","floor":14.0},{"not_picked":["After Image","Envenom"],"picked":"A Thousand Cuts","floor":16.0},{"not_picked":["Bane","Crippling Poison","hubris:SlightOfHand"],"picked":"SKIP","floor":18.0},{"not_picked":["PiercingWail","Dodge and Roll+1","Dagger Spray"],"picked":"SKIP","floor":19.0},{"not_picked":["Flying Knee","Bane","Outmaneuver"],"picked":"SKIP","floor":22.0},{"not_picked":["Dagger Throw","Flying Knee+1"],"picked":"Envenom","floor":23.0},{"not_picked":["Bane+1","Flying Knee","Toxin Wave"],"picked":"SKIP","floor":25.0},{"not_picked":["Dodge and Roll","PiercingWail"],"picked":"Cloak And Dagger","floor":27.0},{"not_picked":["Sucker Punch","Outmaneuver+1"],"picked":"Deflect","floor":28.0},{"not_picked":["Calculated Gamble","Bane"],"picked":"Replay:Bag of Tricks","floor":29.0},{"not_picked":["Reflex","Outmaneuver+1","Hidden Blade"],"picked":"SKIP","floor":31.0},{"not_picked":["jedi:brewingpoison","Replay:Bag of Tricks"],"picked":"Storm of Steel","floor":33.0},{"not_picked":["jedi:acidrain","Deadly Poison"],"picked":"Blade Dance+1","floor":35.0},{"not_picked":["jedi:LeechingStrike","Replay:BasicMightCard"],"picked":"conspire:Banana","floor":36.0},{"not_picked":["Replay:Bootleg Shield Generator","jedi:LeechingStrike"],"picked":"GreatAndPowerful","floor":36.0},{"not_picked":["Hidden Blade","hubris:TrickCloak","Flying Knee+1"],"picked":"SKIP","floor":37.0},{"not_picked":["Masterful Stab+1","Acrobatics","Poisoned Stab"],"picked":"SKIP","floor":40.0},{"not_picked":["Prepared+1","Concentrate","Sneak Up+1"],"picked":"SKIP","floor":44.0},{"not_picked":["Dagger Throw","Replay:Bag of Tricks","Leg Sweep"],"picked":"SKIP","floor":45.0},{"not_picked":["Sucker Punch+1","Bane+1","Deadly Poison"],"picked":"SKIP","floor":46.0},{"not_picked":["Quick Slash","Hidden Blade+1"],"picked":"Finisher+1","floor":48}],"player_experience":240084,"relics_obtained":[{"floor":7.0,"key":"beaked:ShinyBauble"},{"floor":9.0,"key":"Mercury Hourglass"},{"floor":12.0,"key":"Orichalcum"},{"floor":23.0,"key":"ReplayTheSpireMod:Lightbulb"},{"floor":26.0,"key":"aspiration:Lifesprig"},{"floor":27.0,"key":"Mirror"},{"floor":29.0,"key":"infinitespire:CheckeredPen"},{"floor":42.0,"key":"Turnip"},{"floor":43.0,"key":"jedi:scrapmetal"},{"floor":44.0,"key":"Pear"}],"event_choices":[{"damage_healed":0.0,"max_hp_gain":0.0,"max_hp_loss":0.0,"gold_gain":0.0,"event_name":"betterSkull:BetterSkull","player_choice":"UP ","floor":5.0,"gold_loss":0.0,"damage_taken":15.0,"cards_upgraded":["Defend_G"],"relics_obtained":[]},{"damage_healed":0.0,"max_hp_gain":0.0,"max_hp_loss":0.0,"gold_gain":0.0,"event_name":"betterSkull:BetterSkull","player_choice":"UP ","floor":5.0,"gold_loss":0.0,"damage_taken":15.0,"cards_upgraded":["Defend_G"],"relics_obtained":[]},{"damage_healed":0.0,"max_hp_gain":0.0,"max_hp_loss":0.0,"gold_gain":0.0,"event_name":"WeMeetAgain","player_choice":"Paid Gold","floor":20.0,"gold_loss":89.0,"damage_taken":0.0,"relics_obtained":["aspiration:EmptySkull"]},{"damage_healed":0.0,"max_hp_gain":0.0,"max_hp_loss":0.0,"gold_gain":3.0,"event_name":"betterStone:BetterStone","player_choice":"1","floor":36.0,"gold_loss":0.0,"damage_taken":0.0},{"damage_healed":0.0,"max_hp_gain":0.0,"max_hp_loss":0.0,"gold_gain":0.0,"event_name":"Winding Halls","player_choice":"Embrace Madness","floor":39.0,"gold_loss":0.0,"damage_taken":10.0,"cards_obtained":["Madness","Madness"]},{"damage_healed":0.0,"max_hp_gain":0.0,"max_hp_loss":0.0,"gold_gain":0.0,"event_name":"Mysterious Sphere","player_choice":"Fight","floor":42.0,"gold_loss":0.0,"damage_taken":0.0}],"is_beta":false,"boss_relics":[{"not_picked":["Replay:Bronze Core","Hololive_TopUpMoneyS"],"picked":"RedLine:ReiMu"},{"not_picked":["beaked:SacredDeck","jedi:hotpepper"],"picked":"Coffee Dripper"}],"items_purged_floors":[2,21,47],"is_endless":false,"potions_floor_spawned":[1,12,13,16,18,25,27,28,40,42,44,46,48],"ascension_level":2}}