{"host":"h8cdlle7aepm4d8g","time":1612027660,"event":{"mods":["AchievementEnabler","BaseMod","Colored Powertips","Minty Spire (QoL Compilation)","Quick Restart","Relic Stats","StSLib"],"gold_per_floor":[119,119,5,5,22,22,51,51,51,69,97,115,135,169,169,270,270,283,298,318,328,328,363,382,382,382],"floor_reached":25,"language":"ENG","playtime":1041,"items_purged":[],"score":270,"play_id":"999808e1-0187-4b27-8a1a-91bfa7c1d26a","local_time":"20210130092740","is_ascension_mode":true,"campfire_choices":[{"data":"Blade Dance","floor":6,"key":"SMITH"},{"data":"Neutralize","floor":8,"key":"SMITH"},{"data":"Footwork","floor":15,"key":"SMITH"}],"circlet_count":0,"master_deck":["Strike_G","Strike_G","Strike_G","Strike_G","Defend_G","Defend_G","Defend_G","Defend_G","Defend_G","Survivor","Neutralize+1","Dagger Spray+1","Poisoned Stab","Crippling Poison","Dagger Throw","Blade Dance+1","Backflip","Burst","Bouncing Flask","Footwork+1","Leg Sweep","Wraith Form v2","Terror","Endless Agony","Choke+1","All Out Attack","Catalyst","Skewer"],"relics":["Runic Dome","Toy Ornithopter","Pen Nib","Dream Catcher","Darkstone Periapt","Black Star","Bronze Scales","CaptainsWheel"],"acts_visited":["Exordium","TheCity"],"potions_floor_usage":[14,16,19,20,23,23],"damage_taken":[{"damage":1,"enemies":"2 Louse","floor":1,"turns":4},{"damage":0,"enemies":"Cultist","floor":5,"turns":3},{"damage":10,"enemies":"3 Sentries","floor":7,"turns":5},{"damage":0,"enemies":"Small Slimes","floor":10,"turns":2},{"damage":9,"enemies":"Gremlin Nob","floor":11,"turns":4},{"damage":6,"enemies":"Looter","floor":12,"turns":2},{"damage":4,"enemies":"Exordium Thugs","floor":13,"turns":3},{"damage":6,"enemies":"Lagavulin","floor":14,"turns":6},{"damage":1,"enemies":"The Guardian","floor":16,"turns":9},{"damage":7,"enemies":"Chosen","floor":18,"turns":3},{"damage":9,"enemies":"2 Thieves","floor":19,"turns":4},{"damage":9,"enemies":"Shelled Parasite and Fungi","floor":20,"turns":3},{"damage":25,"enemies":"Cultist and Chosen","floor":21,"turns":5},{"damage":21,"enemies":"Slavers","floor":23,"turns":4},{"damage":15,"enemies":"Centurion and Healer","floor":24,"turns":7},{"damage":4,"enemies":"Gremlin Leader","floor":25,"turns":4}],"seed_played":"-1528626818368648383","potions_obtained":[{"floor":11,"key":"PowerPotion"},{"floor":12,"key":"LiquidBronze"},{"floor":13,"key":"Poison Potion"},{"floor":16,"key":"Block Potion"},{"floor":19,"key":"SneckoOil"},{"floor":20,"key":"SpeedPotion"}],"is_trial":false,"path_per_floor":["M","?","$","?","M","R","E","R","T","M","E","M","M","E","R","B",null,"M","M","M","M","?","E","M","E"],"character_chosen":"THE_SILENT","items_purchased":["Poisoned Stab","Crippling Poison"],"campfire_rested":0,"item_purchase_floors":[3,3],"current_hp_per_floor":[69,69,69,69,69,69,59,59,59,59,50,44,40,39,39,43,70,63,59,55,30,30,19,4,0,0],"gold":382,"neow_bonus":"BOSS_RELIC","is_daily":false,"chose_seed":false,"campfire_upgraded":3,"win_rate":0.0,"timestamp":1612027660,"path_taken":["M","?","?","?","M","R","E","R","T","M","E","?","M","E","R","BOSS","M","M","?","M","?","E","M","E"],"items_purchased_type":["Card","Card"],"build_version":"2020-12-22","purchased_purges":0,"victory":false,"max_hp_per_floor":[70,70,70,70,70,70,70,70,70,70,70,70,70,70,70,70,70,70,70,70,70,70,70,70,70,70],"relic_stats":{"Darkstone Periapt":0,"Dream Catcher":0,"counters":[16,68],"Bronze Scales":[23],"Pen Nib":[14],"Black Star":1,"obtain_stats":[{"Darkstone Periapt":14,"Runic Dome":0,"Dream Catcher":11,"CaptainsWheel":23,"Bronze Scales":23,"Pen Nib":9,"Black Star":17,"Toy Ornithopter":7,"Ring of the Snake":0},{"Darkstone Periapt":8,"Runic Dome":0,"Dream Catcher":5,"CaptainsWheel":14,"Bronze Scales":14,"Pen Nib":3,"Black Star":9,"Toy Ornithopter":3,"Ring of the Snake":0},{"Darkstone Periapt":29,"Runic Dome":0,"Dream Catcher":18,"CaptainsWheel":57,"Bronze Scales":57,"Pen Nib":12,"Black Star":38,"Toy Ornithopter":12,"Ring of the Snake":0}],"Toy Ornithopter":30},"card_choices":[{"not_picked":["Dodge and Roll","Prepared"],"picked":"Dagger Spray","floor":1},{"not_picked":["Expertise","Sucker Punch"],"picked":"Blade Dance","floor":5},{"not_picked":["Dodge and Roll","Bane"],"picked":"Backflip","floor":7},{"not_picked":["Outmaneuver","Blur"],"picked":"Burst","floor":10},{"not_picked":["Bane","Blade Dance"],"picked":"Bouncing Flask","floor":11},{"not_picked":["Backflip","Flying Knee","Bane"],"picked":"SKIP","floor":12},{"not_picked":["Deflect","Endless Agony"],"picked":"Footwork","floor":13},{"not_picked":["Well Laid Plans","Slice"],"picked":"Leg Sweep","floor":14},{"not_picked":["Doppelganger","A Thousand Cuts"],"picked":"Wraith Form v2","floor":16},{"not_picked":["Reflex","Bane"],"picked":"Terror","floor":18},{"not_picked":["Slice","Dagger Spray+1"],"picked":"Endless Agony","floor":19},{"not_picked":["Bane","Dash"],"picked":"Choke+1","floor":20},{"not_picked":["Dagger Spray","Prepared","Heel Hook"],"picked":"SKIP","floor":21},{"not_picked":["Footwork+1","Deflect"],"picked":"Catalyst","floor":23},{"not_picked":["Outmaneuver","Well Laid Plans"],"picked":"Skewer","floor":24}],"player_experience":48086,"relics_obtained":[{"floor":7,"key":"Toy Ornithopter"},{"floor":9,"key":"Pen Nib"},{"floor":11,"key":"Dream Catcher"},{"floor":14,"key":"Darkstone Periapt"},{"floor":23,"key":"Bronze Scales"},{"floor":23,"key":"CaptainsWheel"}],"event_choices":[{"damage_healed":0,"gold_gain":0,"player_choice":"Upgraded","damage_taken":0,"max_hp_gain":0,"max_hp_loss":0,"event_name":"Upgrade Shrine","floor":2,"gold_loss":0,"cards_upgraded":["Dagger Spray"]},{"damage_healed":0,"gold_gain":0,"player_choice":"1 cards matched","damage_taken":0,"max_hp_gain":0,"max_hp_loss":0,"event_name":"Match and Keep!","floor":4,"gold_loss":0,"cards_obtained":["Dagger Throw"]},{"damage_healed":0,"gold_gain":0,"cards_transformed":["Strike_G"],"player_choice":"Transformed","damage_taken":0,"max_hp_gain":0,"max_hp_loss":0,"event_name":"Transmorgrifier","floor":22,"gold_loss":0,"cards_obtained":["All Out Attack"]}],"is_beta":false,"boss_relics":[{"not_picked":["Calling Bell","Busted Crown"],"picked":"Black Star"}],"items_purged_floors":[],"is_endless":false,"potions_floor_spawned":[11,12,13,16,19,20],"killed_by":"Gremlin Leader","ascension_level":2}}