{"host":"wjcpoqa0e6xb69oe","time":1612032281,"event":{"mods":["Act Like it!","BaseMod","Decade(王小明)","Downfall","KinomotoSakuraMod(木之本樱)","Koishi","Lobotomy","Minty Spire (QoL Compilation)","StSLib","The Administrix","WarShipGirlsR/战舰少女R mod","Yuyuko"],"gold_per_floor":[20,40,52,67,86,86,112,112,112,128,128,128,160,177,177,276,276,291,52,52,252,265,265,281,281,281,301,301,336,350,369,369,466,466,480,139,189,189,201,201,231,250,250,56,109,121,121,121,121,121],"floor_reached":51,"language":"ZHS","playtime":5048,"items_purged":["Pain","Koishi:BasicStrike","Koishi:BasicDefend"],"score":739,"play_id":"59b7109e-0268-4e27-8262-5022a029c77a","local_time":"20210131024441","is_ascension_mode":false,"campfire_choices":[{"data":"Koishi:MassHysteria","floor":6,"key":"SMITH"},{"data":"Koishi:EmbersOfLove","floor":12,"key":"SMITH"},{"floor":15,"key":"REST"},{"data":"Koishi:ReleaseOfTheId","floor":23,"key":"SMITH"},{"data":"Koishi:SuperEgo","floor":25,"key":"SMITH"},{"data":"Koishi:Whimsy","floor":28,"key":"SMITH"},{"data":"Koishi:HauntingSlash","floor":32,"key":"SMITH"},{"data":"Koishi:UnconsciousUrges","floor":40,"key":"SMITH"},{"floor":47,"key":"REST"},{"data":"Koishi:GeneticsOfTheUnconscious","floor":49,"key":"SMITH"}],"circlet_count":0,"master_deck":["Koishi:BasicStrike","Koishi:BasicStrike","Koishi:BasicDefend","Koishi:Provoke","Koishi:HauntingSlash+1","Koishi:SuperEgo+1","Koishi:TremblingHands","Koishi:DNAsFlaw","Koishi:MassHysteria+1","Koishi:EmbersOfLove+1","Koishi:Whimsy+1","Koishi:SubterraneanRose","Koishi:RacingHeart","Koishi:ReleaseOfTheId+1","Koishi:MentalBreakdown+1","Koishi:FadingMemory","Koishi:JumpScare","Koishi:FadingMemory","Koishi:HeartfeltFancy","Shame","Koishi:YoukaiPolygraph+1","Koishi:Jaunt+1","Koishi:RorschachInDanmaku","Koishi:LastRemote+1","Koishi:DreadfulBlow+1","Koishi:SilentAndRestless+1","Koishi:MindNumbingTerror+1","Koishi:ReflexRadar","Koishi:SilentAndRestless+1","Koishi:Vanish","Koishi:SubterraneanRose","Koishi:FadingMemory","Koishi:PerfectMindControl","Koishi:UnconsciousUrges+1","Koishi:MassHysteria+1","Koishi:RorschachInDanmaku+1","Koishi:GeneticsOfTheUnconscious+1","Koishi:Bloodlust","Koishi:Vanish"],"relics":["Koishi:ImaginaryFriend","Centennial Puzzle","WarpedTongs","Lizard Tail","Ancient Tea Set","Molten Egg 2","Philosopher\u0027s Stone","Calipers","Question Card","Red Mask","Runic Pyramid","Koishi:ImperfectMetamorphosis","Strawberry","Gremlin Horn","Girya"],"acts_visited":["Exordium","TheCity","TheBeyond"],"potions_floor_usage":[7,16,22,22,22,33,41,45,50,50],"damage_taken":[{"damage":0.0,"enemies":"Cultist","floor":1.0,"turns":3.0},{"damage":0.0,"enemies":"Small Slimes","floor":2.0,"turns":3.0},{"damage":1,"enemies":"2 Louse","floor":3,"turns":3},{"damage":10,"enemies":"Exordium Thugs","floor":4,"turns":5},{"damage":5,"enemies":"Looter","floor":5,"turns":4},{"damage":20,"enemies":"Lagavulin","floor":7,"turns":11},{"damage":0,"enemies":"3 Louse","floor":10,"turns":1},{"damage":17,"enemies":"3 Sentries","floor":13,"turns":8},{"damage":5,"enemies":"Blue Slaver","floor":14,"turns":3},{"damage":26,"enemies":"Slime Boss","floor":16,"turns":15},{"damage":7,"enemies":"Spheric Guardian","floor":18,"turns":3},{"damage":0,"enemies":"3 Byrds","floor":22,"turns":3},{"damage":13,"enemies":"Snake Plant","floor":24,"turns":3},{"damage":17,"enemies":"Centurion and Healer","floor":27,"turns":4},{"damage":0,"enemies":"Masked Bandits","floor":29,"turns":2},{"damage":0,"enemies":"Snecko","floor":30,"turns":3},{"damage":0,"enemies":"3 Cultists","floor":31,"turns":5},{"damage":22,"enemies":"Champ","floor":33,"turns":15},{"damage":20,"enemies":"3 Darklings","floor":35,"turns":12},{"damage":3,"enemies":"Mind Bloom Boss Battle","floor":37,"turns":5},{"damage":3,"enemies":"Orb Walker","floor":39,"turns":2},{"damage":14,"enemies":"Reptomancer","floor":41,"turns":6},{"damage":3,"enemies":"Transient","floor":42,"turns":5},{"damage":23,"enemies":"2 Orb Walkers","floor":45,"turns":3},{"damage":8,"enemies":"Writhing Mass","floor":46,"turns":5},{"damage":6,"enemies":"Time Eater","floor":50,"turns":8}],"seed_played":"8987716689891345478","potions_obtained":[{"floor":2.0,"key":"Explosive Potion"},{"floor":3,"key":"Block Potion"},{"floor":4,"key":"AttackPotion"},{"floor":10,"key":"champ:CounterPotion"},{"floor":13,"key":"DistilledChaos"},{"floor":18,"key":"Fire Potion"},{"floor":27,"key":"bronze:BurnAndBuffPotion"},{"floor":29,"key":"Guardian:BlockOnCardUsePotion"},{"floor":31,"key":"Block Potion"},{"floor":39,"key":"Weak Potion"},{"floor":41,"key":"Fire Potion"},{"floor":42,"key":"Swift Potion"},{"floor":46,"key":"SkillPotion"}],"is_trial":false,"path_per_floor":["M","M","M","M","M","R","E","?","T","M","T","R","E","M","R","B",null,"M","$","?","?","M","R","M","R","T","M","R","?","M","M","R","B",null,"M","$","?","?","M","R","E","M","T","$","?","M","R","?","R","B",null],"character_chosen":"KOISHI","items_purchased":["Koishi:FadingMemory","Koishi:HeartfeltFancy","Koishi:ReflexRadar","Koishi:SilentAndRestless+1","Koishi:Vanish","Koishi:GeneticsOfTheUnconscious"],"campfire_rested":2,"item_purchase_floors":[19,19,36,36,36,44],"current_hp_per_floor":[60,60,59,51,47,47,36,36,36,36,36,36,19,15,33,17,60,53,53,53,53,56,56,49,49,49,41,41,43,51,60,60,60,60,52,52,50,50,51,51,51,61,61,61,43,49,67,64,64,64],"gold":121,"neow_bonus":"THREE_RARE_CARDS","is_daily":false,"chose_seed":false,"campfire_upgraded":8,"win_rate":0.0,"timestamp":1612032281,"path_taken":["M","M","?","M","M","R","E","?","T","?","?","R","E","M","R","BOSS","M","$","?","?","M","R","M","R","T","?","R","?","M","M","R","BOSS","M","$","?","?","M","R","E","M","T","$","?","M","R","?","R","BOSS"],"items_purchased_type":["Card","Card","Card","Card","Card","Card"],"build_version":"2020-12-22","purchased_purges":3,"victory":true,"max_hp_per_floor":[60,60,60,60,60,60,60,60,60,60,60,60,60,60,60,60,60,60,60,60,60,60,60,60,60,60,60,60,60,60,60,60,60,60,60,60,60,60,60,60,67,67,67,67,67,67,67,64,64,64],"card_choices":[{"not_picked":["Koishi:GrowingPain","Koishi:HeartStoppingHorror"],"picked":"Koishi:SuperEgo","floor":0.0},{"not_picked":["Koishi:Prune","Koishi:PhantomBarrier"],"picked":"Koishi:TremblingHands","floor":1.0},{"not_picked":["Koishi:FourthEye","Koishi:EmbryosDream"],"picked":"Koishi:DNAsFlaw","floor":2.0},{"not_picked":["Koishi:IdleWhim","Koishi:SubconsciousSweep"],"picked":"Koishi:MassHysteria","floor":3},{"not_picked":["Koishi:TraumaticStroke","Koishi:BramblyRoseGarden"],"picked":"Koishi:EmbersOfLove","floor":4},{"not_picked":["Koishi:SubconsciousSweep","Koishi:ReflexRadar"],"picked":"Koishi:Whimsy","floor":5},{"not_picked":["Koishi:StrangeCloudFist","Koishi:DanmakuParanoia"],"picked":"Koishi:SubterraneanRose","floor":7},{"not_picked":["Koishi:PhantomStrike","Koishi:ParalyzingFear"],"picked":"Koishi:RacingHeart","floor":10},{"not_picked":["Koishi:PhantomBarrier","Koishi:SprinkleStarAndHeart"],"picked":"Koishi:ReleaseOfTheId","floor":13},{"not_picked":["Koishi:CatchAndRose","Koishi:IdleWhim"],"picked":"Koishi:MentalBreakdown+1","floor":14},{"not_picked":["Koishi:RuptureMind+1","Koishi:Heartbroken"],"picked":"Koishi:FadingMemory","floor":16},{"not_picked":["Koishi:VengefulSpirit","Koishi:UnconsciousUprising+1"],"picked":"Koishi:JumpScare","floor":18},{"not_picked":["Koishi:BramblyRoseGarden","Koishi:SprinkleStarAndHeart","Koishi:Catatonia+1"],"picked":"SKIP","floor":22},{"not_picked":["Koishi:BloodcurdlingScream+1","Koishi:HeartAttack+1"],"picked":"Koishi:YoukaiPolygraph+1","floor":24},{"not_picked":["Koishi:JumpScare+1","Koishi:BloodcurdlingScream+1","Koishi:SpiritedAway+1"],"picked":"Koishi:Jaunt+1","floor":27},{"not_picked":["Koishi:Jaunt+1","Koishi:StrangeCloudFist+1","Koishi:TraumaticStroke+1"],"picked":"Koishi:RorschachInDanmaku","floor":29},{"not_picked":["Koishi:SubterraneanRose+1","Koishi:ParalyzingFear+1","Koishi:FleetingPhantom"],"picked":"Koishi:LastRemote+1","floor":30},{"not_picked":["Koishi:HeartfeltFancy+1","Koishi:UnconsciousUprising","Koishi:CatchAndRose+1"],"picked":"Koishi:DreadfulBlow+1","floor":31},{"not_picked":["Koishi:HeartStoppingHorror","Koishi:FadingMemory","Koishi:SuperEgo+1"],"picked":"Koishi:SilentAndRestless+1","floor":33},{"not_picked":["Koishi:ParalyzingFear+1","Koishi:ReflexRadar+1","Koishi:RacingHeart+1"],"picked":"Koishi:MindNumbingTerror+1","floor":35},{"not_picked":["Koishi:UnconsciousUrges","Koishi:PhantomStrike+1","Koishi:StrangeCloudFist+1"],"picked":"Koishi:PerfectMindControl","floor":37},{"not_picked":["Koishi:Jaunt+1","Koishi:CatchAndRose","Koishi:DanmakuParanoia+1"],"picked":"Koishi:UnconsciousUrges","floor":39},{"not_picked":["Koishi:BloodcurdlingScream+1","Koishi:TraumaticStroke+1","Koishi:Jaunt+1"],"picked":"Koishi:MassHysteria+1","floor":41},{"not_picked":["Koishi:ParalyzingFear+1","Koishi:FreudianInstinct+1","Koishi:StrangeCloudFist+1"],"picked":"Koishi:RorschachInDanmaku+1","floor":42},{"not_picked":["Koishi:SpiritedAway+1","Koishi:PhantomStrike+1","Koishi:TraumaticStroke+1"],"picked":"Koishi:Bloodlust","floor":45},{"not_picked":["Koishi:BramblyRoseGarden+1","Koishi:UnansweredLove+1","Koishi:SubterraneanRose"],"picked":"Koishi:Vanish","floor":46}],"player_experience":66886,"relics_obtained":[{"floor":7,"key":"Centennial Puzzle"},{"floor":9,"key":"Lizard Tail"},{"floor":11,"key":"Ancient Tea Set"},{"floor":13,"key":"Molten Egg 2"},{"floor":26,"key":"Question Card"},{"floor":29,"key":"Red Mask"},{"floor":37,"key":"Koishi:ImperfectMetamorphosis"},{"floor":41,"key":"Strawberry"},{"floor":43,"key":"Gremlin Horn"},{"floor":45,"key":"Girya"}],"event_choices":[{"damage_healed":0,"gold_gain":0,"player_choice":"Rummage","damage_taken":0,"relics_obtained":["WarpedTongs"],"max_hp_gain":0,"max_hp_loss":0,"event_name":"Accursed Blacksmith","floor":8,"gold_loss":0,"cards_obtained":["Pain"]},{"damage_healed":0,"gold_gain":0,"player_choice":"Stole Relic","damage_taken":0,"relics_obtained":["Calipers"],"max_hp_gain":0,"max_hp_loss":0,"event_name":"Addict","floor":20,"gold_loss":0,"cards_obtained":["Shame"]},{"damage_healed":0,"gold_gain":250,"player_choice":"Bet on Owner","damage_taken":0,"max_hp_gain":0,"max_hp_loss":0,"event_name":"The Joust","floor":21,"gold_loss":50},{"damage_healed":0,"gold_gain":0,"player_choice":"Fought Bandits","damage_taken":0,"max_hp_gain":0,"max_hp_loss":0,"event_name":"Masked Bandits","floor":29,"gold_loss":0},{"damage_healed":0,"gold_gain":0,"player_choice":"Fight","damage_taken":0,"max_hp_gain":0,"max_hp_loss":0,"event_name":"MindBloom","floor":37,"gold_loss":0},{"cards_removed":["Koishi:BasicDefend"],"damage_healed":0,"gold_gain":0,"player_choice":"Removed Skill","damage_taken":0,"max_hp_gain":0,"max_hp_loss":0,"event_name":"Falling","floor":38,"gold_loss":0},{"damage_healed":0,"gold_gain":0,"player_choice":"Fight","damage_taken":0,"max_hp_gain":0,"max_hp_loss":0,"event_name":"Mysterious Sphere","floor":45,"gold_loss":0},{"damage_healed":0,"gold_gain":0,"player_choice":"Max HP","damage_taken":0,"max_hp_gain":0,"max_hp_loss":3,"event_name":"Winding Halls","floor":48,"gold_loss":0}],"is_beta":false,"boss_relics":[{"not_picked":["Velvet Choker","Ectoplasm"],"picked":"Philosopher\u0027s Stone"},{"not_picked":["SacredBark","Astrolabe"],"picked":"Runic Pyramid"}],"items_purged_floors":[19,36,44],"is_endless":false,"potions_floor_spawned":[2,3,4,10,13,18,27,29,31,39,41,42,46],"ascension_level":0}}