{"host":"52m1o8iwwagurbjs","time":1612030103,"event":{"mods":["AchievementEnabler","BaseMod","Bestiary","Colored Powertips","GifTheSpireLib","Minty Spire (QoL Compilation)","Quick Restart","RNG Fix","Relic Stats","StSLib"],"gold_per_floor":[116,133,133,157,175,175,208,208,280,324,324,324,339,36,36,126,126,144,91,91,91,116,116,140,140,163,203,227,93,93,14,14,104,104,120,453,472,472,472,500,500,500,524,524,524],"floor_reached":44,"language":"ENG","playtime":2358,"items_purged":["Strike_B"],"score":979,"play_id":"2b5d2dff-00e4-4cc9-ad38-8dbaea4161ed","local_time":"20210130130823","is_ascension_mode":true,"campfire_choices":[{"data":"Sunder","floor":6.0,"key":"SMITH"},{"data":"Rip and Tear","floor":8.0,"key":"SMITH"},{"data":"Undo","floor":12.0,"key":"SMITH"},{"data":"Defragment","floor":15.0,"key":"SMITH"},{"data":"Seek","floor":23.0,"key":"SMITH"},{"data":"Rainbow","floor":25.0,"key":"SMITH"},{"floor":32.0,"key":"REST"},{"floor":41.0,"key":"REST"}],"circlet_count":0,"master_deck":["AscendersBane","Strike_B+1","Defend_B+1","Defend_B+1","Defend_B+1","Defend_B+1","Zap","Dualcast","Undo+1","Genetic Algorithm","Sunder+1","Rip and Tear+1","Sweeping Beam","Core Surge","Sweeping Beam","Defragment+1","Rainbow+1","Seek+1","Turbo","Capacitor","Chill","Go for the Eyes","Coolheaded","Self Repair","Heatsinks","Buffer","White Noise","Chaos+1","BootSequence+1"],"relics":["Cracked Core","Omamori","Mercury Hourglass","Pantograph","Runic Pyramid","Bag of Preparation","Pocketwatch","Black Star","Regal Pillow","Bottled Lightning"],"acts_visited":["Exordium","TheCity","TheBeyond"],"potions_floor_usage":[],"damage_taken":[{"damage":2.0,"enemies":"Cultist","floor":1.0,"turns":4.0},{"damage":0.0,"enemies":"Small Slimes","floor":2.0,"turns":2.0},{"damage":7.0,"enemies":"Jaw Worm","floor":4.0,"turns":4.0},{"damage":16.0,"enemies":"3 Louse","floor":5.0,"turns":5.0},{"damage":4.0,"enemies":"Gremlin Nob","floor":7.0,"turns":3.0},{"damage":5.0,"enemies":"3 Sentries","floor":10.0,"turns":5.0},{"damage":0.0,"enemies":"Large Slime","floor":13.0,"turns":3.0},{"damage":15.0,"enemies":"The Guardian","floor":16.0,"turns":12.0},{"damage":29.0,"enemies":"2 Thieves","floor":18.0,"turns":4.0},{"damage":0.0,"enemies":"Spheric Guardian","floor":22.0,"turns":3.0},{"damage":8.0,"enemies":"3 Cultists","floor":24.0,"turns":5.0},{"damage":0.0,"enemies":"Slavers","floor":27.0,"turns":5.0},{"damage":7.0,"enemies":"Shelled Parasite and Fungi","floor":28.0,"turns":8.0},{"damage":35.0,"enemies":"Collector","floor":33.0,"turns":12.0},{"damage":1.0,"enemies":"3 Darklings","floor":35.0,"turns":9.0},{"damage":0.0,"enemies":"3 Shapes","floor":37.0,"turns":8.0},{"damage":48.0,"enemies":"Nemesis","floor":40.0,"turns":11.0},{"damage":0.0,"enemies":"3 Darklings","floor":42.0,"turns":2.0},{"damage":98,"enemies":"Giant Head","floor":44,"turns":10}],"seed_played":"4109055514013793073","potions_obtained":[{"floor":1.0,"key":"SteroidPotion"},{"floor":5.0,"key":"Fruit Juice"},{"floor":18.0,"key":"DuplicationPotion"},{"floor":24.0,"key":"Weak Potion"},{"floor":27.0,"key":"FocusPotion"},{"floor":37.0,"key":"Fire Potion"},{"floor":40.0,"key":"SmokeBomb"}],"is_trial":false,"path_per_floor":["M","M","?","M","M","R","E","R","T","E","?","R","M","$","R","B",null,"M","$","?","?","M","R","M","R","T","E","M","$","?","$","R","B",null,"M","?","M","?","?","E","R","M","T","E"],"character_chosen":"DEFECT","items_purchased":["Defragment","Rainbow","PowerPotion","Coolheaded","Self Repair","Heatsinks"],"campfire_rested":2,"item_purchase_floors":[14,14,19,29,29,31],"current_hp_per_floor":[69,69,69,62,46,46,47,47,47,42,42,42,42,42,42,52,70,41,41,41,41,41,41,33,33,33,33,26,26,26,26,48,38,67,66,66,66,66,66,25,61,61,61,0,0],"gold":524,"neow_bonus":"TEN_PERCENT_HP_BONUS","is_daily":false,"chose_seed":false,"campfire_upgraded":6,"win_rate":0.0,"timestamp":1612030103,"path_taken":["M","M","?","M","M","R","E","R","T","E","?","R","M","$","R","BOSS","M","$","?","?","?","R","M","R","T","E","M","$","?","?","R","BOSS","M","?","?","?","?","E","R","M","T","E"],"items_purchased_type":["Card","Card","Potion","Card","Card","Card"],"build_version":"2020-12-22","purchased_purges":1,"victory":false,"max_hp_per_floor":[78,78,71,71,71,71,76,76,76,76,76,76,76,76,76,76,76,76,76,76,76,76,76,76,76,76,76,76,76,76,76,76,76,76,76,76,76,76,72,72,72,72,72,72,72],"relic_stats":{"Regal Pillow":15,"counters":[19,114],"Pantograph":50,"Bag of Preparation":[16],"Black Star":1,"obtain_stats":[{"Regal Pillow":40,"Golden Idol":3,"Pantograph":10,"Omamori":7,"Bag of Preparation":26,"Black Star":34,"Bottled Lightning":40,"Cracked Core":0,"Mercury Hourglass":9,"Runic Pyramid":17,"Pocketwatch":27},{"Regal Pillow":17,"Golden Idol":2,"Pantograph":6,"Omamori":5,"Bag of Preparation":11,"Black Star":14,"Bottled Lightning":17,"Cracked Core":0,"Mercury Hourglass":5,"Runic Pyramid":8,"Pocketwatch":12},{"Regal Pillow":102,"Golden Idol":6,"Pantograph":23,"Omamori":18,"Bag of Preparation":49,"Black Star":74,"Bottled Lightning":102,"Cracked Core":0,"Mercury Hourglass":18,"Runic Pyramid":37,"Pocketwatch":54}],"Mercury Hourglass":[366],"Pocketwatch":[2]},"card_choices":[{"not_picked":["Streamline","Skim"],"picked":"Undo","floor":1.0},{"not_picked":["Barrage","Capacitor"],"picked":"Genetic Algorithm","floor":2.0},{"not_picked":["Rebound","Static Discharge"],"picked":"Sunder","floor":4.0},{"not_picked":["Auto Shields","Barrage"],"picked":"Rip and Tear","floor":5.0},{"not_picked":["Heatsinks","Redo"],"picked":"Sweeping Beam","floor":7.0},{"not_picked":["Steam","Turbo"],"picked":"Core Surge","floor":10.0},{"not_picked":["Aggregate","Chaos","Doom and Gloom"],"picked":"SKIP","floor":13.0},{"not_picked":["Amplify","Meteor Strike"],"picked":"Seek","floor":16.0},{"not_picked":["Sunder","Aggregate"],"picked":"Turbo","floor":18.0},{"not_picked":["Cold Snap","Recycle"],"picked":"Capacitor","floor":22.0},{"not_picked":["Barrage","Compile Driver"],"picked":"Chill","floor":24.0},{"not_picked":["Reprogram","Turbo+1"],"picked":"Go for the Eyes","floor":27.0},{"not_picked":["Core Surge","Thunder Strike"],"picked":"Buffer","floor":33.0},{"not_picked":["Conserve Battery+1","Turbo"],"picked":"White Noise","floor":35.0},{"not_picked":["Blizzard","Self Repair"],"picked":"Chaos+1","floor":37.0},{"not_picked":["Rebound","Steam"],"picked":"BootSequence+1","floor":40.0}],"player_experience":1259384,"relics_obtained":[{"floor":7.0,"key":"Omamori"},{"floor":9.0,"key":"Mercury Hourglass"},{"floor":10.0,"key":"Pantograph"},{"floor":26.0,"key":"Bag of Preparation"},{"floor":27.0,"key":"Pocketwatch"},{"floor":40.0,"key":"Regal Pillow"},{"floor":40.0,"key":"Bottled Lightning"}],"event_choices":[{"damage_healed":0.0,"max_hp_gain":0.0,"max_hp_loss":7.0,"gold_gain":0.0,"event_name":"Golden Idol","player_choice":"Lose Max HP","floor":3.0,"gold_loss":0.0,"damage_taken":0.0,"relics_obtained":["Golden Idol"]},{"damage_healed":0.0,"max_hp_gain":0.0,"max_hp_loss":0.0,"gold_gain":0.0,"cards_transformed":["Strike_B"],"event_name":"Transmorgrifier","player_choice":"Transformed","floor":11.0,"gold_loss":0.0,"damage_taken":0.0,"cards_obtained":["Sweeping Beam"]},{"damage_healed":0.0,"max_hp_gain":0.0,"max_hp_loss":0.0,"gold_gain":0.0,"event_name":"N\u0027loth","player_choice":"Ignored","floor":20.0,"gold_loss":0.0,"damage_taken":0.0},{"cards_removed":["Strike_B"],"damage_healed":0.0,"max_hp_gain":0.0,"max_hp_loss":0.0,"gold_gain":0.0,"event_name":"Purifier","player_choice":"Purged","floor":21.0,"gold_loss":0.0,"damage_taken":0.0},{"damage_healed":0.0,"max_hp_gain":0.0,"max_hp_loss":0.0,"gold_gain":0.0,"event_name":"Back to Basics","player_choice":"Simplicity","floor":30.0,"gold_loss":0.0,"damage_taken":0.0,"cards_upgraded":["Strike_B","Defend_B","Defend_B","Defend_B","Defend_B"]},{"damage_healed":0.0,"max_hp_gain":0.0,"max_hp_loss":0.0,"gold_gain":333.0,"event_name":"The Moai Head","player_choice":"Gave Idol","floor":36.0,"relics_lost":["Golden Idol"],"gold_loss":0.0,"damage_taken":0.0},{"damage_healed":0.0,"max_hp_gain":0.0,"max_hp_loss":0.0,"gold_gain":0.0,"event_name":"Mysterious Sphere","player_choice":"Ignored","floor":38.0,"gold_loss":0.0,"damage_taken":0.0},{"damage_healed":0.0,"max_hp_gain":0.0,"max_hp_loss":4.0,"gold_gain":0.0,"event_name":"Winding Halls","player_choice":"Max HP","floor":39.0,"gold_loss":0.0,"damage_taken":0.0}],"is_beta":false,"boss_relics":[{"not_picked":["Tiny House","Empty Cage"],"picked":"Runic Pyramid"},{"not_picked":["Inserter","Runic Dome"],"picked":"Black Star"}],"items_purged_floors":[14],"is_endless":false,"potions_floor_spawned":[1,5,18,24,27,28,37,40],"killed_by":"Giant Head","ascension_level":19}}