{"host":"73tubhal5a7tnvyz","time":1612049057,"event":{"mods":["AchievementEnabler","BaseMod","Hero for Fun","Minty Spire (QoL Compilation)","Quick Restart","StSLib"],"gold_per_floor":[115,290,290,304,304,304,335,335,388,20,54,54,69,3,3,131,131,154,60,83,8,108,108,122,122,122],"floor_reached":25,"language":"ENG","playtime":1127,"items_purged":[],"score":232,"play_id":"3aae8a7e-91c8-4811-889c-787af92085f4","local_time":"20210131002417","is_ascension_mode":false,"campfire_choices":[{"data":"Worship","floor":6,"key":"SMITH"},{"floor":8,"key":"REST"},{"floor":15,"key":"REST"},{"data":"BattleHymn","floor":23,"key":"SMITH"}],"circlet_count":0,"master_deck":["Strike_P","Defend_P","Defend_P","Defend_P","Defend_P","Eruption","Vigilance","Worship+1","Protect","DeusExMachina","ReachHeaven","Pray","Prostrate","Ragnarok","TalkToTheHand+1","Judgement+1","ForeignInfluence+1","WaveOfTheHand+1","BattleHymn+1","ClearTheMind","FearNoEvil","Evaluate"],"relics":["PureWater","NeowsBlessing","Akabeko","Question Card","MealTicket","Strawberry","Ancient Tea Set","Anchor","Golden Idol","Nunchaku","Astrolabe"],"acts_visited":["Exordium","TheCity"],"potions_floor_usage":[],"damage_taken":[{"damage":0,"enemies":"2 Louse","floor":1,"turns":1},{"damage":0,"enemies":"Jaw Worm","floor":4,"turns":1},{"damage":0,"enemies":"3 Sentries","floor":7,"turns":2},{"damage":37,"enemies":"Lagavulin","floor":11,"turns":7},{"damage":12,"enemies":"Cultist","floor":13,"turns":3},{"damage":42,"enemies":"The Guardian","floor":16,"turns":10},{"damage":0,"enemies":"2 Thieves","floor":18,"turns":2},{"damage":8,"enemies":"Shell Parasite","floor":20,"turns":3},{"damage":8,"enemies":"Sentry and Sphere","floor":24,"turns":3},{"damage":43,"enemies":"Gremlin Leader","floor":25,"turns":4}],"seed_played":"-2803073491102348837","potions_obtained":[{"floor":1,"key":"CultistPotion"},{"floor":7,"key":"Strength Potion"}],"is_trial":false,"path_per_floor":["M","?","?","M","?","R","E","R","T","$","E","?","M","?","R","B",null,"M","$","M","?","?","R","M","E"],"character_chosen":"WATCHER","items_purchased":["ReachHeaven","Strawberry","Ancient Tea Set","BattleHymn","ClearTheMind"],"campfire_rested":2,"item_purchase_floors":[10,10,10,19,19],"current_hp_per_floor":[72,72,72,72,47,47,47,68,68,79,42,42,30,30,53,11,79,79,79,71,71,71,71,63,20,20],"gold":122,"neow_bonus":"THREE_ENEMY_KILL","is_daily":false,"chose_seed":false,"campfire_upgraded":2,"win_rate":0.0,"timestamp":1612049057,"path_taken":["M","?","?","?","?","R","E","R","T","$","E","?","M","?","R","BOSS","M","$","M","?","?","R","?","E"],"items_purchased_type":["Card","Relic","Relic","Card","Card"],"build_version":"2020-12-22","purchased_purges":0,"victory":false,"max_hp_per_floor":[72,72,72,72,72,72,72,72,72,79,79,79,79,79,79,79,79,79,79,79,79,79,79,79,79,79],"card_choices":[{"not_picked":["Tantrum","FlurryOfBlows"],"picked":"Worship","floor":1},{"not_picked":["EmptyFist","FollowUp"],"picked":"Protect","floor":4},{"not_picked":["EmptyMind","Protect"],"picked":"DeusExMachina","floor":7},{"not_picked":["ClearTheMind","BowlingBash","Meditate"],"picked":"Pray","floor":11},{"not_picked":["JustLucky","Collect","CarveReality"],"picked":"Prostrate","floor":13},{"not_picked":["Judgement","DeusExMachina","LessonLearned"],"picked":"Ragnarok","floor":16},{"not_picked":["Wireheading+1","CutThroughFate","Swivel"],"picked":"WaveOfTheHand+1","floor":18},{"not_picked":["FollowUp","Perseverance","Protect"],"picked":"FearNoEvil","floor":20},{"not_picked":["CutThroughFate","CrushJoints+1","PathToVictory+1"],"picked":"Evaluate","floor":24}],"player_experience":59413,"relics_obtained":[{"floor":7,"key":"Question Card"},{"floor":9,"key":"MealTicket"},{"floor":11,"key":"Anchor"}],"event_choices":[{"damage_healed":0,"gold_gain":175,"player_choice":"AGREE","damage_taken":0,"max_hp_gain":0,"max_hp_loss":0,"event_name":"Liars Game","floor":2,"gold_loss":0,"cards_obtained":["Doubt"]},{"cards_removed":["Doubt"],"damage_healed":0,"gold_gain":0,"player_choice":"Removed Curses","damage_taken":0,"max_hp_gain":0,"max_hp_loss":0,"event_name":"Fountain of Cleansing","floor":3,"gold_loss":0},{"damage_healed":0,"gold_gain":0,"player_choice":"Success","damage_taken":25,"relics_obtained":["Akabeko"],"max_hp_gain":0,"max_hp_loss":0,"event_name":"Scrap Ooze","floor":5,"gold_loss":0},{"damage_healed":0,"gold_gain":0,"player_choice":"Take Wound","damage_taken":0,"relics_obtained":["Golden Idol"],"max_hp_gain":0,"max_hp_loss":0,"event_name":"Golden Idol","floor":12,"gold_loss":0,"cards_obtained":["Injury"]},{"damage_healed":0,"gold_gain":0,"player_choice":"Paid Gold","damage_taken":0,"relics_obtained":["Nunchaku"],"max_hp_gain":0,"max_hp_loss":0,"event_name":"WeMeetAgain","floor":14,"gold_loss":66},{"cards_removed":["Injury"],"damage_healed":0,"gold_gain":0,"player_choice":"Gave Gold","damage_taken":0,"max_hp_gain":0,"max_hp_loss":0,"event_name":"Beggar","floor":21,"gold_loss":75},{"damage_healed":0,"gold_gain":100,"player_choice":"Pray","damage_taken":0,"max_hp_gain":0,"max_hp_loss":0,"event_name":"Golden Shrine","floor":22,"gold_loss":0}],"is_beta":false,"boss_relics":[{"not_picked":["SacredBark","Cursed Key"],"picked":"Astrolabe"}],"items_purged_floors":[],"is_endless":false,"potions_floor_spawned":[1,7],"killed_by":"Gremlin Leader","ascension_level":0}}