{"host":"f0gpob8hq9vgebej","time":1612020186,"event":{"mods":["AchievementEnabler","BaseMod","Minty Spire (QoL Compilation)","Quick Restart","SuperFastMode"],"gold_per_floor":[412,427,441,233,183,183,198,198,276,302,302,313,313,338,338,436,436,453,466,217,217,234,234,234,234],"floor_reached":24,"language":"KOR","playtime":545,"items_purged":["Strike_B","Strike_B"],"score":319,"play_id":"e0686a31-e2ce-4b32-9d93-de8fa5e0e002","local_time":"20210131002306","is_ascension_mode":true,"campfire_choices":[{"data":"Zap","floor":6,"key":"SMITH"},{"data":"Loop","floor":8,"key":"SMITH"},{"data":"Creative AI","floor":13,"key":"SMITH"},{"floor":15,"key":"REST"},{"data":"Hologram","floor":23,"key":"SMITH"}],"circlet_count":0,"master_deck":["AscendersBane","Defend_B","Defend_B","Defend_B","Defend_B","Zap+1","Dualcast","Force Field","Barrage","Heatsinks","Glacier","Flash of Steel","Loop+1","Self Repair","Creative AI+1","Steam Power","Biased Cognition","Hologram+1","Blizzard","Loop","Necronomicurse"],"relics":["Cracked Core","Old Coin","Pear","Centennial Puzzle","StoneCalendar","Inserter","Membership Card","Necronomicon"],"acts_visited":["Exordium","TheCity"],"potions_floor_usage":[10,14,16,22],"damage_taken":[{"damage":0,"enemies":"Cultist","floor":1,"turns":3},{"damage":2,"enemies":"2 Louse","floor":2,"turns":3},{"damage":7,"enemies":"Small Slimes","floor":3,"turns":2},{"damage":7,"enemies":"Looter","floor":7,"turns":4},{"damage":13,"enemies":"Lagavulin","floor":10,"turns":7},{"damage":14,"enemies":"Large Slime","floor":12,"turns":7},{"damage":38,"enemies":"Gremlin Nob","floor":14,"turns":5},{"damage":32,"enemies":"Slime Boss","floor":16,"turns":7},{"damage":7,"enemies":"Chosen","floor":18,"turns":5},{"damage":0,"enemies":"Spheric Guardian","floor":19,"turns":3},{"damage":20,"enemies":"Centurion and Healer","floor":22,"turns":6},{"damage":32,"enemies":"3 Cultists","floor":24,"turns":4}],"seed_played":"-143670774180526243","potions_obtained":[{"floor":3,"key":"ColorlessPotion"},{"floor":12,"key":"Swift Potion"},{"floor":14,"key":"FearPotion"},{"floor":18,"key":"Strength Potion"}],"is_trial":false,"path_per_floor":["M","M","M","$","?","R","M","R","T","E","?","M","R","E","R","B",null,"M","M","$","?","M","R","M"],"character_chosen":"DEFECT","items_purchased":["Glacier","Flash of Steel","Membership Card","Loop","FocusPotion"],"campfire_rested":1,"item_purchase_floors":[4,4,20,20,20],"current_hp_per_floor":[68,66,59,59,59,59,52,52,62,49,49,42,42,11,34,9,61,61,61,61,45,32,32,0,0],"gold":234,"neow_bonus":"ONE_RARE_RELIC","is_daily":false,"chose_seed":false,"campfire_upgraded":4,"win_rate":0.0,"timestamp":1612020186,"path_taken":["M","M","M","$","?","R","M","R","T","E","?","M","R","E","R","BOSS","M","M","$","?","M","R","M"],"items_purchased_type":["Card","Card","Relic","Card","Potion"],"build_version":"2020-12-22","purchased_purges":2,"victory":false,"max_hp_per_floor":[68,68,68,68,68,68,68,68,78,78,78,78,78,78,78,78,78,78,78,78,78,78,78,78,78],"card_choices":[{"not_picked":["Go for the Eyes","Redo"],"picked":"Force Field","floor":1},{"not_picked":["FTL","Coolheaded"],"picked":"Barrage","floor":2},{"not_picked":["Turbo","Compile Driver"],"picked":"Heatsinks","floor":3},{"not_picked":["Rebound","Stack"],"picked":"Loop","floor":7},{"not_picked":["Cold Snap","Gash"],"picked":"Self Repair","floor":10},{"not_picked":["Static Discharge","Conserve Battery"],"picked":"Creative AI","floor":12},{"not_picked":["Leap","Heatsinks"],"picked":"Steam Power","floor":14},{"not_picked":["All For One","Hyperbeam"],"picked":"Biased Cognition","floor":16},{"not_picked":["Lockon","Rebound"],"picked":"Hologram","floor":18},{"not_picked":["Chaos+1","Stack+1"],"picked":"Blizzard","floor":19},{"not_picked":["Recycle","Doom and Gloom","Darkness"],"picked":"SKIP","floor":22}],"player_experience":291098,"relics_obtained":[{"floor":9,"key":"Pear"},{"floor":10,"key":"Centennial Puzzle"},{"floor":14,"key":"StoneCalendar"},{"floor":21,"key":"Necronomicon"}],"event_choices":[{"cards_removed":["Strike_B"],"damage_healed":0,"gold_gain":0,"player_choice":"Card Removal","damage_taken":0,"max_hp_gain":0,"max_hp_loss":0,"event_name":"The Cleric","floor":5,"gold_loss":50},{"cards_removed":["Strike_B"],"damage_healed":0,"gold_gain":0,"player_choice":"Forget","damage_taken":0,"max_hp_gain":0,"max_hp_loss":0,"event_name":"Living Wall","floor":11,"gold_loss":0},{"damage_healed":0,"gold_gain":0,"player_choice":"Obtained Book","damage_taken":16,"max_hp_gain":0,"max_hp_loss":0,"event_name":"Cursed Tome","floor":21,"gold_loss":0}],"is_beta":false,"boss_relics":[{"not_picked":["Coffee Dripper","Philosopher\u0027s Stone"],"picked":"Inserter"}],"items_purged_floors":[4,20],"is_endless":false,"potions_floor_spawned":[3,12,14,18],"killed_by":"3 Cultists","ascension_level":11}}