{"host":"08t08ld674si40tv","time":1612023351,"event":{"mods":["AchievementEnabler","BaseMod","Colored Map","Minty Spire (QoL Compilation)","StSLib","SuperFastMode"],"gold_per_floor":[116,96,115,40,57,89,89,89,89,89,14,37,72,72,72,146,146,156,56,56,75,0,0,27,27,75,75,107,126,154,164,164,236,236,250,250,275,287,301,301,330,330,330,340,340,53,83,83,83,83,83,1083,1083,102,130,130],"floor_reached":57,"language":"KOR","playtime":1794,"items_purged":["Strike_G","Strike_G","Defend_G","Dagger Spray+1"],"score":3019,"play_id":"214937df-7f39-49d7-b3e0-e6f158571c4c","local_time":"20210131011551","is_ascension_mode":true,"campfire_choices":[{"data":"Neutralize","floor":8,"key":"SMITH"},{"data":"Noxious Fumes","floor":10,"key":"SMITH"},{"data":"Doppelganger","floor":15,"key":"SMITH"},{"data":"Cloak And Dagger","floor":23,"key":"SMITH"},{"data":"Venomology","floor":25,"key":"SMITH"},{"data":"A Thousand Cuts","floor":27,"key":"SMITH"},{"data":"Malaise","floor":32,"key":"SMITH"},{"data":"Tactician","floor":40,"key":"SMITH"},{"data":"After Image","floor":42,"key":"SMITH"},{"data":"Acrobatics","floor":45,"key":"SMITH"},{"floor":49,"key":"RECALL"},{"data":"Backflip","floor":53,"key":"SMITH"}],"circlet_count":0,"master_deck":["AscendersBane","Strike_G+1","Defend_G","Defend_G","Defend_G","Survivor+1","Neutralize+1","Noxious Fumes+1","PiercingWail","Blade Dance","Acrobatics+1","Blade Dance","Doppelganger+1","A Thousand Cuts+1","Backstab","Reflex+1","Cloak And Dagger+1","Venomology+1","Footwork","Malaise+1","After Image","CurseOfTheBell","Concentrate+1","After Image+1","Backflip+1","Tactician+1","After Image","Blur"],"relics":["Ring of the Snake","WristBlade","Question Card","Prayer Wheel","Bronze Scales","InkBottle","Sundial","Odd Mushroom","PreservedInsect","SacredBark","MealTicket","Whetstone","War Paint","Akabeko","Calling Bell","Snake Skull","Blue Candle","Ginger","The Specimen","Pear","Anchor","Pen Nib","Kunai","Vajra","HandDrill","Bag of Marbles"],"acts_visited":["Exordium","TheCity","TheBeyond","TheEnding"],"potions_floor_usage":[6,16,16,28,29,30,31,33,33,33,37,38,41,44,44,47,47,50,51,55,56,56,56],"damage_taken":[{"damage":1,"enemies":"Small Slimes","floor":1,"turns":4},{"damage":3,"enemies":"Cultist","floor":3,"turns":3},{"damage":0,"enemies":"2 Louse","floor":5,"turns":2},{"damage":8,"enemies":"Gremlin Nob","floor":6,"turns":3},{"damage":10,"enemies":"The Mushroom Lair","floor":12,"turns":3},{"damage":8,"enemies":"3 Sentries","floor":13,"turns":4},{"damage":2,"enemies":"The Guardian","floor":16,"turns":8},{"damage":0,"enemies":"Chosen","floor":18,"turns":3},{"damage":4,"enemies":"3 Byrds","floor":21,"turns":3},{"damage":6,"enemies":"Book of Stabbing","floor":24,"turns":3},{"damage":0,"enemies":"Gremlin Leader","floor":28,"turns":4},{"damage":0,"enemies":"Snake Plant","floor":29,"turns":2},{"damage":4,"enemies":"Slavers","floor":30,"turns":3},{"damage":0,"enemies":"Cultist and Chosen","floor":31,"turns":3},{"damage":0,"enemies":"Automaton","floor":33,"turns":4},{"damage":4,"enemies":"Orb Walker","floor":35,"turns":3},{"damage":3,"enemies":"Mind Bloom Boss Battle","floor":37,"turns":6},{"damage":5,"enemies":"3 Shapes","floor":38,"turns":4},{"damage":0,"enemies":"Jaw Worm Horde","floor":39,"turns":2},{"damage":20,"enemies":"Giant Head","floor":41,"turns":5},{"damage":15,"enemies":"Spire Growth","floor":44,"turns":4},{"damage":39,"enemies":"Reptomancer","floor":47,"turns":4},{"damage":29,"enemies":"Donu and Deca","floor":50,"turns":9},{"damage":43,"enemies":"Awakened One","floor":51,"turns":9},{"damage":0,"enemies":"Shield and Spear","floor":55,"turns":4},{"damage":56,"enemies":"The Heart","floor":56,"turns":10}],"seed_played":"-2040735293964224936","potions_obtained":[{"floor":2,"key":"Swift Potion"},{"floor":3,"key":"FearPotion"},{"floor":6,"key":"Dexterity Potion"},{"floor":18,"key":"Ancient Potion"},{"floor":24,"key":"ColorlessPotion"},{"floor":31,"key":"DistilledChaos"},{"floor":33,"key":"Block Potion"},{"floor":44,"key":"ColorlessPotion"}],"is_trial":false,"path_per_floor":["M","?","M","$","M","E","?","R","T","R","?","?","E","?","R","B",null,"M","$","?","M","?","R","E","R","T","R","E","M","E","M","R","B",null,"M","?","?","M","M","R","E","R","T","M","R","$","E","$","R","B","B",null,"R","$","E","B",null],"character_chosen":"THE_SILENT","items_purchased":["Anchor","Kunai","Blur","Vajra","HandDrill","DistilledChaos","Strength Potion"],"campfire_rested":0,"item_purchase_floors":[46,54,54,54,54,54,54],"current_hp_per_floor":[58,58,55,55,55,47,52,52,52,52,52,42,34,27,27,25,60,60,60,60,56,56,56,50,50,50,50,50,50,46,46,46,71,71,67,67,64,59,59,59,49,49,49,68,68,77,38,53,53,24,30,65,65,77,77,56],"gold":130,"neow_bonus":"RANDOM_COMMON_RELIC","is_daily":false,"chose_seed":false,"campfire_upgraded":11,"win_rate":0.0,"timestamp":1612023351,"path_taken":["M","?","?","$","M","E","?","R","T","R","?","?","E","?","R","BOSS","M","$","?","M","?","R","E","R","T","R","E","?","E","?","R","BOSS","M","?","?","?","M","R","E","R","T","M","R","$","E","$","R","BOSS","BOSS","R","$","E","BOSS"],"items_purchased_type":["Relic","Relic","Card","Relic","Relic","Potion","Potion"],"build_version":"2020-12-22","purchased_purges":4,"victory":true,"max_hp_per_floor":[66,66,66,66,66,66,71,71,71,71,71,71,71,71,71,71,71,71,71,71,71,71,71,71,71,71,71,71,71,71,71,71,71,71,71,67,67,67,67,67,77,77,77,77,77,77,77,77,77,77,77,77,77,77,77,77],"card_choices":[{"not_picked":["Dodge and Roll","Bullet Time","Expertise"],"picked":"Noxious Fumes","floor":1},{"not_picked":["Deflect","Underhanded Strike","Quick Slash","Skewer"],"picked":"SKIP","floor":1},{"not_picked":["Choke","Masterful Stab","Blur"],"picked":"Dagger Spray","floor":3},{"not_picked":["Underhanded Strike","Catalyst","Noxious Fumes","Deflect"],"picked":"SKIP","floor":3},{"not_picked":["Flying Knee","Concentrate","Catalyst"],"picked":"PiercingWail","floor":5},{"not_picked":["Bane","Dagger Throw","Cloak And Dagger"],"picked":"Blade Dance","floor":5},{"not_picked":["Sucker Punch","Outmaneuver","Flying Knee"],"picked":"Acrobatics","floor":6},{"not_picked":["Outmaneuver","PiercingWail","Poisoned Stab"],"picked":"Blade Dance","floor":12},{"not_picked":["Bane","PiercingWail","Dodge and Roll"],"picked":"Doppelganger","floor":13},{"not_picked":["Wraith Form v2","Grand Finale","Tools of the Trade"],"picked":"A Thousand Cuts","floor":16},{"not_picked":["Prepared","Dagger Spray","Poisoned Stab"],"picked":"Backstab","floor":18},{"not_picked":["Outmaneuver","Flying Knee","Deadly Poison"],"picked":"Reflex","floor":18},{"not_picked":["PiercingWail","Setup","Dodge and Roll+1"],"picked":"Cloak And Dagger","floor":21},{"not_picked":["Deflect+1","Caltrops","Blade Dance","Acrobatics"],"picked":"SKIP","floor":21},{"not_picked":["Noxious Fumes","PiercingWail+1","Skewer"],"picked":"Venomology","floor":24},{"not_picked":["Slice","Well Laid Plans","PiercingWail"],"picked":"Footwork","floor":28},{"not_picked":["Slice","Riddle With Holes","Blade Dance"],"picked":"Malaise","floor":29},{"not_picked":["Well Laid Plans","Acrobatics","Crippling Poison","Catalyst"],"picked":"SKIP","floor":29},{"not_picked":["Deflect","Poisoned Stab","Blade Dance","Noxious Fumes"],"picked":"SKIP","floor":30},{"not_picked":["Deflect","Tools of the Trade","Cloak And Dagger","Bane"],"picked":"SKIP","floor":31},{"not_picked":["Reflex","Finisher+1","Deadly Poison","Quick Slash"],"picked":"SKIP","floor":31},{"not_picked":["Adrenaline","Grand Finale","Venomology"],"picked":"After Image","floor":33},{"not_picked":["Dagger Spray","Poisoned Stab+1","Acrobatics"],"picked":"Concentrate+1","floor":35},{"not_picked":["Riddle With Holes","Leg Sweep","Acrobatics+1","Backstab+1"],"picked":"SKIP","floor":35},{"not_picked":["Blade Dance","Slice","Bane"],"picked":"After Image","floor":38},{"not_picked":["Caltrops+1","Dagger Spray","Deflect+1","PiercingWail"],"picked":"SKIP","floor":38},{"not_picked":["Deflect+1","Setup","Footwork"],"picked":"Backflip","floor":39},{"not_picked":["PiercingWail","Blur","Reflex"],"picked":"Tactician","floor":39},{"not_picked":["Underhanded Strike","PiercingWail","Eviscerate+1","Cloak And Dagger"],"picked":"SKIP","floor":41},{"not_picked":["Tactician","Dash","Outmaneuver"],"picked":"After Image","floor":44},{"not_picked":["All Out Attack+1","Reflex","Endless Agony+1","Bane"],"picked":"SKIP","floor":44},{"not_picked":["Reflex+1","Cloak And Dagger","Expertise","Slice"],"picked":"SKIP","floor":47},{"not_picked":["Flying Knee","Bane+1","Bouncing Flask","Terror"],"picked":"SKIP","floor":55}],"player_experience":275959,"relics_obtained":[{"floor":6,"key":"InkBottle"},{"floor":9,"key":"Sundial"},{"floor":12,"key":"Odd Mushroom"},{"floor":13,"key":"PreservedInsect"},{"floor":24,"key":"MealTicket"},{"floor":26,"key":"Whetstone"},{"floor":28,"key":"War Paint"},{"floor":30,"key":"Akabeko"},{"floor":34,"key":"Snake Skull"},{"floor":34,"key":"Blue Candle"},{"floor":34,"key":"Ginger"},{"floor":37,"key":"The Specimen"},{"floor":41,"key":"Pear"},{"floor":47,"key":"Pen Nib"},{"floor":55,"key":"Bag of Marbles"}],"event_choices":[{"damage_healed":0,"gold_gain":0,"player_choice":"Bought 1 Potion","damage_taken":0,"max_hp_gain":0,"max_hp_loss":0,"event_name":"The Woman in Blue","floor":2,"gold_loss":0},{"damage_healed":0,"gold_gain":0,"player_choice":"Donut","damage_taken":0,"max_hp_gain":5,"max_hp_loss":0,"event_name":"Big Fish","floor":7,"gold_loss":0},{"cards_removed":["Defend_G"],"damage_healed":0,"gold_gain":0,"player_choice":"Card Removal","damage_taken":0,"max_hp_gain":0,"max_hp_loss":0,"event_name":"The Cleric","floor":11,"gold_loss":75},{"damage_healed":0,"gold_gain":0,"player_choice":"Fought Mushrooms","damage_taken":0,"max_hp_gain":0,"max_hp_loss":0,"event_name":"Mushrooms","floor":12,"gold_loss":0},{"cards_removed":["Strike_G"],"damage_healed":0,"gold_gain":0,"player_choice":"Card Removal","damage_taken":7,"max_hp_gain":0,"max_hp_loss":0,"event_name":"Golden Wing","floor":14,"gold_loss":0},{"damage_healed":0,"gold_gain":0,"player_choice":"Ignored","damage_taken":0,"max_hp_gain":0,"max_hp_loss":0,"event_name":"The Mausoleum","floor":20,"gold_loss":0},{"cards_removed":["Strike_G"],"damage_healed":0,"gold_gain":0,"player_choice":"Gave Gold","damage_taken":0,"max_hp_gain":0,"max_hp_loss":0,"event_name":"Beggar","floor":22,"gold_loss":75},{"damage_healed":0,"gold_gain":0,"player_choice":"Max HP","damage_taken":0,"max_hp_gain":0,"max_hp_loss":4,"event_name":"Winding Halls","floor":36,"gold_loss":0},{"damage_healed":0,"gold_gain":0,"player_choice":"Fight","damage_taken":0,"max_hp_gain":0,"max_hp_loss":0,"event_name":"MindBloom","floor":37,"gold_loss":0}],"is_beta":false,"boss_relics":[{"not_picked":["Astrolabe","Snecko Eye"],"picked":"SacredBark"},{"not_picked":["Runic Pyramid","Philosopher\u0027s Stone"],"picked":"Calling Bell"}],"items_purged_floors":[4,19,46,54],"is_endless":false,"potions_floor_spawned":[3,6,18,24,31,33,39,41,44],"ascension_level":20}}