{"host":"x5w9zppki4gdwvc7","time":1612038416,"event":{"mods":["AchievementEnabler","BaseMod","Colored Powertips","DeckTracker","Minty Spire (QoL Compilation)","Relic Sorter","SuperFastMode"],"gold_per_floor":[119,119,119,138,138,173,196,231,255,255,255,291,291,307,307,430,430,444,369,387,387,387,387],"floor_reached":22,"language":"ENG","playtime":1488,"items_purged":["Strike_R"],"score":228,"play_id":"21d6ac6d-9d3c-469c-8012-61e0e43b3983","local_time":"20210130212656","is_ascension_mode":true,"campfire_choices":[{"data":"Burning Pact","floor":10,"key":"SMITH"},{"data":"Shrug It Off","floor":13,"key":"SMITH"},{"floor":15,"key":"REST"}],"circlet_count":0,"master_deck":["Strike_R","Strike_R","Strike_R","Strike_R","Defend_R","Defend_R","Defend_R","Bash+1","Injury","Burning Pact+1","Feed","Seeing Red","Shrug It Off+1","Uppercut","Juggernaut","CurseOfTheBell","Iron Wave+1","Warcry+1"],"relics":["Burning Blood","NeowsBlessing","Golden Idol","NlothsMask","Bag of Marbles","Odd Mushroom","Centennial Puzzle","Calling Bell","Regal Pillow","Mercury Hourglass","Incense Burner","Nilry\u0027s Codex"],"acts_visited":["Exordium","TheCity"],"potions_floor_usage":[12,16,20],"damage_taken":[{"damage":0,"enemies":"2 Louse","floor":1,"turns":1},{"damage":0,"enemies":"Cultist","floor":4,"turns":1},{"damage":0,"enemies":"3 Sentries","floor":6,"turns":2},{"damage":7,"enemies":"Small Slimes","floor":7,"turns":4},{"damage":35,"enemies":"The Mushroom Lair","floor":8,"turns":6},{"damage":26,"enemies":"Lagavulin","floor":12,"turns":7},{"damage":12,"enemies":"Blue Slaver","floor":14,"turns":2},{"damage":42,"enemies":"Hexaghost","floor":16,"turns":10},{"damage":21,"enemies":"Chosen","floor":18,"turns":6},{"damage":28,"enemies":"Spheric Guardian","floor":20,"turns":6},{"damage":39,"enemies":"Centurion and Healer","floor":22,"turns":7}],"seed_played":"-2150376830389876253","potions_obtained":[{"floor":6,"key":"FearPotion"},{"floor":7,"key":"Dexterity Potion"},{"floor":8,"key":"ColorlessPotion"},{"floor":12,"key":"PowerPotion"},{"floor":18,"key":"Block Potion"}],"is_trial":false,"path_per_floor":["M","?","?","M","?","E","M","?","T","R","?","E","R","M","R","B",null,"M","$","M","?","M"],"character_chosen":"IRONCLAD","items_purchased":[],"campfire_rested":1,"item_purchase_floors":[],"current_hp_per_floor":[80,73,73,79,79,80,82,56,56,56,56,36,36,30,55,19,86,71,71,52,36,0,0],"gold":387,"neow_bonus":"THREE_ENEMY_KILL","is_daily":false,"chose_seed":false,"campfire_upgraded":2,"win_rate":0.0,"timestamp":1612038416,"path_taken":["M","?","?","M","?","E","?","?","T","R","?","E","R","?","R","BOSS","M","$","M","?","M"],"items_purchased_type":[],"build_version":"2020-12-22","purchased_purges":1,"victory":false,"max_hp_per_floor":[80,80,80,80,80,80,83,86,86,86,86,86,86,86,86,86,86,86,86,89,89,92,92],"card_choices":[{"not_picked":["Twin Strike","Carnage","Fire Breathing"],"picked":"SKIP","floor":1},{"not_picked":["Perfected Strike","Flame Barrier"],"picked":"Burning Pact","floor":4},{"not_picked":["Disarm","Reckless Charge"],"picked":"Feed","floor":6},{"not_picked":["Armaments","Flex"],"picked":"Seeing Red","floor":7},{"not_picked":["Warcry","Uppercut"],"picked":"Shrug It Off","floor":12},{"not_picked":["Dual Wield","Pommel Strike"],"picked":"Uppercut","floor":14},{"not_picked":["Exhume","Barricade"],"picked":"Juggernaut","floor":16},{"not_picked":["Dropkick","Havoc+1"],"picked":"Iron Wave+1","floor":18},{"not_picked":["Cleave","Thunderclap+1"],"picked":"Warcry+1","floor":20}],"player_experience":294889,"relics_obtained":[{"floor":6,"key":"Bag of Marbles"},{"floor":8,"key":"Odd Mushroom"},{"floor":12,"key":"Centennial Puzzle"},{"floor":17,"key":"Regal Pillow"},{"floor":17,"key":"Mercury Hourglass"},{"floor":17,"key":"Incense Burner"},{"floor":21,"key":"Nilry\u0027s Codex"}],"event_choices":[{"cards_removed":["Defend_R"],"damage_healed":0,"gold_gain":0,"player_choice":"Card Removal","damage_taken":7,"max_hp_gain":0,"max_hp_loss":0,"event_name":"Golden Wing","floor":2,"gold_loss":0},{"damage_healed":0,"gold_gain":0,"player_choice":"Take Wound","damage_taken":0,"relics_obtained":["Golden Idol"],"max_hp_gain":0,"max_hp_loss":0,"event_name":"Golden Idol","floor":3,"gold_loss":0,"cards_obtained":["Injury"]},{"damage_healed":0,"gold_gain":0,"player_choice":"Trade","damage_taken":0,"relics_obtained":["NlothsMask"],"max_hp_gain":0,"max_hp_loss":0,"event_name":"FaceTrader","floor":5,"gold_loss":0},{"damage_healed":0,"gold_gain":0,"player_choice":"Fought Mushrooms","damage_taken":0,"max_hp_gain":0,"max_hp_loss":0,"event_name":"Mushrooms","floor":8,"gold_loss":0},{"damage_healed":0,"gold_gain":0,"player_choice":"Upgraded","damage_taken":0,"max_hp_gain":0,"max_hp_loss":0,"event_name":"Upgrade Shrine","floor":11,"gold_loss":0,"cards_upgraded":["Bash"]},{"damage_healed":0,"gold_gain":0,"player_choice":"Obtained Book","damage_taken":16,"max_hp_gain":0,"max_hp_loss":0,"event_name":"Cursed Tome","floor":21,"gold_loss":0}],"is_beta":false,"boss_relics":[{"not_picked":["SlaversCollar","Sozu"],"picked":"Calling Bell"}],"items_purged_floors":[19],"is_endless":false,"potions_floor_spawned":[6,7,8,12,14,18],"killed_by":"Centurion and Healer","ascension_level":1}}