{"host":"9gwavclf33b2mpxe","time":1612019995,"event":{"mods":["BaseMod","Bestiary","Block Reminder","Colored Map","Colored Powertips","Downfall","Highlight Path","Minty Spire (QoL Compilation)","Permanent Neow","Quick Restart","Relic Stats","StSLib","SuperFastMode"],"gold_per_floor":[99,109,109,109,119,147,200,219,232,74,74,103,3,17,30,134,134,134,134,159,176,189,189,189,219,119,144,144,160,174,274,294,389,389,389,406,421,27,27,10,10,10,40,40,40,393,393,411,421,421],"floor_reached":51,"language":"ENG","playtime":2810,"items_purged":["champ:Defend","champ:Defend"],"score":784,"play_id":"c9084fd2-8c92-4b06-b550-eef153901eaf","local_time":"20210130231955","is_ascension_mode":true,"campfire_choices":[{"data":"champ:Taunt","floor":1.0,"key":"SMITH"},{"floor":11.0,"key":"RECALL"},{"data":"champ:EnchantShield","floor":13.0,"key":"SMITH"},{"data":"champ:EnchantCrown","floor":18.0,"key":"SMITH"},{"data":"champ:PerfectedStrike","floor":23.0,"key":"SMITH"},{"data":"champ:TornadoPunch","floor":26.0,"key":"SMITH"},{"data":"champ:RapidStrikes","floor":28.0,"key":"SMITH"},{"data":"champ:LastStand","floor":35.0,"key":"SMITH"},{"data":"champ:PerfectedStrike","floor":42.0,"key":"SMITH"},{"data":"champ:SwordSigil","floor":44.0,"key":"SMITH"},{"data":"champ:HeartStrike","floor":47.0,"key":"SMITH"}],"circlet_count":0,"master_deck":["champ:Strike+1","champ:Strike","champ:Strike","champ:Strike","champ:Defend+1","champ:Defend+1","champ:Execute","champ:Taunt+1","champ:RapidStrikes+1","downfall:Malfunctioning","champ:EnGarde","champ:EnchantShield+1","champ:FaceSlap","champ:SwordSigil+1","champ:PerfectedStrike+1","champ:HeartStrike+1","champ:TornadoPunch+1","champ:DefensiveShout","champ:EnchantCrown+1","champ:BerserkersShout","champ:FlashCut+1","champ:SetATrap+1","champ:BladeFlurry+1","champ:CalledShot+1","champ:LastStand+1","champ:GladiatorStyle+1","champ:PerfectedStrike+1","champ:GladiatorStyle+1"],"relics":["sneckomod:SneckoTalon","Lantern","Centennial Puzzle","Slimebound:StickyStick","Blood Vial","downfall:HeartBlessingRed","Busted Crown","Potion Belt","Lizard Tail","downfall:HeartBlessingBlue","Boot","White Beast Statue","Philosopher\u0027s Stone","Guardian:PocketSentry","Sling","Eternal Feather","Strawberry","Ice Cream","Shuriken","Old Coin"],"acts_visited":["Exordium","TheCity","TheBeyond"],"potions_floor_usage":[50,50,50,50,50,50,50,50],"damage_taken":[{"damage":17.0,"enemies":"2 Louse","floor":2.0,"turns":2.0},{"damage":10.0,"enemies":"Small Slimes","floor":5.0,"turns":3.0},{"damage":53.0,"enemies":"3 Sentries","floor":6.0,"turns":9.0},{"damage":10.0,"enemies":"Jaw Worm","floor":8.0,"turns":4.0},{"damage":25.0,"enemies":"Gremlin Gang","floor":9.0,"turns":5.0},{"damage":25.0,"enemies":"downfall:FleeingMerchant","floor":10.0,"turns":4.0},{"damage":33.0,"enemies":"Lagavulin","floor":12.0,"turns":4.0},{"damage":29.0,"enemies":"3 Louse","floor":14.0,"turns":2.0},{"damage":3.0,"enemies":"Lots of Slimes","floor":15.0,"turns":2.0},{"damage":50.0,"enemies":"IC_STATUS_ARCHETYPE","floor":16.0,"turns":6.0},{"damage":10.0,"enemies":"Chosen","floor":21.0,"turns":4.0},{"damage":38.0,"enemies":"Shell Parasite","floor":22.0,"turns":3.0},{"damage":49.0,"enemies":"Slavers","floor":25.0,"turns":4.0},{"damage":25.0,"enemies":"Book of Stabbing","floor":27.0,"turns":4.0},{"damage":20.0,"enemies":"3 Cultists","floor":29.0,"turns":4.0},{"damage":1.0,"enemies":"Snake Plant","floor":30.0,"turns":2.0},{"damage":58.0,"enemies":"downfall:LadyInBlue","floor":31.0,"turns":6.0},{"damage":27.0,"enemies":"Cultist and Chosen","floor":32.0,"turns":4.0},{"damage":36.0,"enemies":"WA_ARCHETYPE_CALM","floor":33.0,"turns":5.0},{"damage":15.0,"enemies":"3 Shapes","floor":36.0,"turns":3.0},{"damage":2.0,"enemies":"Orb Walker","floor":37.0,"turns":3.0},{"damage":15.0,"enemies":"downfall:FleeingMerchant","floor":38.0,"turns":4.0},{"damage":53.0,"enemies":"downfall:FleeingMerchant","floor":40.0,"turns":3.0},{"damage":26.0,"enemies":"Reptomancer","floor":43.0,"turns":5.0},{"damage":17.0,"enemies":"2 Orb Walkers","floor":46.0,"turns":3.0},{"damage":14.0,"enemies":"Spire Growth","floor":48.0,"turns":3.0},{"damage":23.0,"enemies":"Jaw Worm Horde","floor":49.0,"turns":3.0},{"damage":94,"enemies":"DF_ARCHETYPE_ORBS","floor":50,"turns":4}],"seed_played":"-2770671374704129203","potions_obtained":[{"floor":2.0,"key":"CultistPotion"},{"floor":6.0,"key":"champ:CounterPotion"},{"floor":12.0,"key":"DistilledChaos"},{"floor":14.0,"key":"BlessingOfTheForge"},{"floor":16.0,"key":"LiquidBronze"},{"floor":21.0,"key":"DistilledChaos"},{"floor":31.0,"key":"Energy Potion"},{"floor":31.0,"key":"DistilledChaos"},{"floor":31.0,"key":"EntropicBrew"},{"floor":31.0,"key":"SteroidPotion"},{"floor":32.0,"key":"LiquidMemories"},{"floor":33.0,"key":"hexamod:SoulburnPotion"},{"floor":36.0,"key":"Explosive Potion"},{"floor":37.0,"key":"Block Potion"},{"floor":38.0,"key":"DuplicationPotion"},{"floor":40.0,"key":"FairyPotion"},{"floor":43.0,"key":"SneckoOil"},{"floor":46.0,"key":"SkillPotion"},{"floor":48.0,"key":"Fire Potion"},{"floor":49.0,"key":"champ:TechniquePotion"}],"is_trial":false,"path_per_floor":["R","M","?","?","M","E","T","M","M","$","R","E","R","M","M","B",null,"R","?","T","M","M","R","T","E","R","E","R","M","M","?","M","B",null,"R","M","M","$","?","$","T","R","E","R","T","?","R","M","M","B",null],"character_chosen":"THE_CHAMP","items_purchased":["Slimebound:StickyStick","Guardian:PocketSentry","Sling","Eternal Feather"],"campfire_rested":0,"item_purchase_floors":[10,38,38,40],"current_hp_per_floor":[90,83,88,88,88,75,75,75,75,75,75,62,62,60,59,41,95,95,95,95,95,92,92,92,75,85,77,77,79,80,74,74,70,105,105,105,103,105,105,97,104,112,96,111,111,110,112,103,82,67],"gold":421,"neow_bonus":"BOSS_RELIC","is_daily":false,"chose_seed":false,"campfire_upgraded":10,"win_rate":0.0,"timestamp":1612019995,"path_taken":["R","M","?","?","M","E","T","M","M","$","R","E","R","M","M","BOSS","R","?","?","M","?","R","T","E","R","E","R","M","M","?","M","BOSS","R","M","M","?","?","$","T","R","E","R","?","?","R","?","M","BOSS"],"items_purchased_type":["Relic","Relic","Relic","Relic"],"build_version":"2020-12-22","purchased_purges":2,"victory":true,"max_hp_per_floor":[90,90,95,95,95,95,95,95,95,95,95,95,95,95,95,95,95,95,95,95,95,95,95,95,95,105,105,105,105,105,105,105,105,105,105,105,105,105,105,105,112,112,112,112,112,112,112,112,112,112],"relic_stats":{"Blood Vial":27,"Centennial Puzzle":[75],"Lizard Tail":0,"Busted Crown":34,"counters":[28,108],"Shuriken":[9],"Eternal Feather":25,"Boot":[29],"obtain_stats":[{"Potion Belt":20,"Ice Cream":43,"Lantern":6,"downfall:HeartBlessingRed":13,"champ:ChampionCrown":0,"Eternal Feather":40,"Guardian:PocketSentry":38,"sneckomod:SneckoTalon":0,"Boot":27,"Sling":38,"White Beast Statue":31,"Old Coin":46,"Blood Vial":12,"Centennial Puzzle":7,"Lizard Tail":25,"Busted Crown":17,"Slimebound:StickyStick":10,"downfall:HeartBlessingBlue":26,"Shuriken":45,"Strawberry":41,"Philosopher\u0027s Stone":34},{"Potion Belt":10,"Ice Cream":24,"Lantern":3,"downfall:HeartBlessingRed":7,"champ:ChampionCrown":0,"Eternal Feather":23,"Guardian:PocketSentry":22,"sneckomod:SneckoTalon":0,"Boot":14,"Sling":22,"White Beast Statue":17,"Old Coin":25,"Blood Vial":7,"Centennial Puzzle":3,"Lizard Tail":13,"Busted Crown":10,"Slimebound:StickyStick":6,"downfall:HeartBlessingBlue":13,"Shuriken":24,"Strawberry":23,"Philosopher\u0027s Stone":19},{"Potion Belt":41,"Ice Cream":95,"Lantern":14,"downfall:HeartBlessingRed":31,"champ:ChampionCrown":0,"Eternal Feather":90,"Guardian:PocketSentry":87,"sneckomod:SneckoTalon":0,"Boot":56,"Sling":87,"White Beast Statue":68,"Old Coin":98,"Blood Vial":31,"Centennial Puzzle":14,"Lizard Tail":52,"Busted Crown":41,"Slimebound:StickyStick":27,"downfall:HeartBlessingBlue":52,"Shuriken":95,"Strawberry":90,"Philosopher\u0027s Stone":77}]},"card_choices":[{"not_picked":["champ:RageSigil","champ:Parry"],"picked":"champ:RapidStrikes","floor":2.0},{"not_picked":["champ:FaceSlap","champ:BringItOn"],"picked":"champ:EnGarde","floor":5.0},{"not_picked":["champ:Shatter","champ:SwordSigil"],"picked":"champ:EnchantShield","floor":6.0},{"not_picked":["champ:DefensiveShout","champ:Shatter"],"picked":"champ:FaceSlap","floor":8.0},{"not_picked":["champ:EnGarde","champ:Circumvent"],"picked":"champ:SwordSigil","floor":9.0},{"not_picked":["champ:FlashCut","champ:RapidStrikes"],"picked":"champ:PerfectedStrike","floor":10.0},{"not_picked":["champ:SetATrap","champ:SwordSigil"],"picked":"champ:HeartStrike","floor":12.0},{"not_picked":["champ:ShieldSigil","champ:Shatter"],"picked":"champ:TornadoPunch","floor":14.0},{"not_picked":["champ:ArenaPreparation","champ:RageSigil"],"picked":"champ:DefensiveShout","floor":15.0},{"not_picked":["champ:SwordThrow","champ:StrikeOfGenius"],"picked":"champ:EnchantCrown","floor":16.0},{"not_picked":[],"picked":"champ:BerserkersShout","floor":21.0},{"not_picked":[],"picked":"champ:FlashCut+1","floor":22.0},{"not_picked":[],"picked":"champ:SetATrap+1","floor":25.0},{"not_picked":[],"picked":"champ:BladeFlurry+1","floor":27.0},{"not_picked":["champ:StanceDance"],"picked":"SKIP","floor":29.0},{"not_picked":["champ:TornadoPunch"],"picked":"SKIP","floor":30.0},{"not_picked":[],"picked":"champ:CalledShot+1","floor":32.0},{"not_picked":[],"picked":"champ:LastStand","floor":33.0},{"not_picked":["champ:ShieldSigil+1"],"picked":"SKIP","floor":36.0},{"not_picked":["champ:FlashCut+1"],"picked":"SKIP","floor":37.0},{"not_picked":[],"picked":"champ:GladiatorStyle+1","floor":38.0},{"not_picked":[],"picked":"champ:PerfectedStrike","floor":40.0},{"not_picked":["champ:TornadoPunch+1"],"picked":"SKIP","floor":43.0},{"not_picked":["champ:Shatter"],"picked":"SKIP","floor":48.0},{"not_picked":[],"picked":"champ:GladiatorStyle+1","floor":49.0}],"player_experience":147612,"relics_obtained":[{"floor":6.0,"key":"Lantern"},{"floor":7.0,"key":"Centennial Puzzle"},{"floor":12.0,"key":"Blood Vial"},{"floor":20.0,"key":"Potion Belt"},{"floor":25.0,"key":"Lizard Tail"},{"floor":27.0,"key":"Boot"},{"floor":31.0,"key":"White Beast Statue"},{"floor":41.0,"key":"Strawberry"},{"floor":43.0,"key":"Ice Cream"},{"floor":45.0,"key":"Shuriken"},{"floor":46.0,"key":"Old Coin"}],"event_choices":[{"damage_healed":0.0,"max_hp_gain":5.0,"max_hp_loss":0.0,"gold_gain":0.0,"event_name":"Big Fish","player_choice":"Donut","floor":3.0,"gold_loss":0.0,"damage_taken":0.0},{"damage_healed":0.0,"max_hp_gain":0.0,"max_hp_loss":0.0,"gold_gain":0.0,"event_name":"Vampires","player_choice":"Ignored","floor":19.0,"gold_loss":0.0,"damage_taken":0.0},{"damage_healed":0.0,"max_hp_gain":0.0,"max_hp_loss":0.0,"gold_gain":0.0,"event_name":"Mysterious Sphere","player_choice":"Fight","floor":46.0,"gold_loss":0.0,"damage_taken":0.0}],"is_beta":false,"boss_relics":[{"not_picked":["Sozu","Astrolabe"],"picked":"Busted Crown"},{"not_picked":["Calling Bell","Tiny House"],"picked":"Philosopher\u0027s Stone"}],"items_purged_floors":[38,40],"is_endless":false,"potions_floor_spawned":[2,6,12,14,16,21,31,32,33,36,37,38,40,43,46,48,49],"ascension_level":1}}