{"host":"6nlkmf8brg11b1z4","time":1612016565,"event":{"mods":["AchievementEnabler","Act Like it!","BaseMod","BetterRewards","Downfall","Hermit","Key Reminder","Minty Spire (QoL Compilation)","Relic Filter","StSLib"],"gold_per_floor":[110,126,145,145,0,14,14,24,70,70,99,52,52,63,63,164,164,183,28,43,43,60,60,110,142,194,209,220,220,220,42,42,140,140,156,156,167,179,179,206,206,15,15,15,31,45,45,63,63,63,63],"floor_reached":50,"language":"ENG","playtime":1782,"items_purged":["Strike_B","Strike_B","Defend_B","Defend_B"],"score":644,"play_id":"4d5323b7-e287-4cca-8c38-9e9774efd27a","local_time":"20210130152245","is_ascension_mode":false,"campfire_choices":[{"data":"Zap","floor":7,"key":"SMITH"},{"data":"Hologram","floor":10,"key":"SMITH"},{"data":"Leap","floor":13,"key":"SMITH"},{"data":"Defragment","floor":15,"key":"SMITH"},{"data":"Biased Cognition","floor":23,"key":"SMITH"},{"data":"Reboot","floor":30,"key":"SMITH"},{"data":"Static Discharge","floor":32,"key":"SMITH"},{"data":"Loop","floor":44,"key":"SMITH"},{"data":"Buffer","floor":47,"key":"SMITH"},{"floor":49,"key":"RECALL"}],"circlet_count":0,"master_deck":["Defend_B","Zap+1","Ball Lightning+1","Self Repair","Hologram+1","Steam","Leap+1","Defragment+1","Biased Cognition+1","Leap","Conserve Battery","Reboot+1","FTL","Static Discharge+1","Buffer+1","Steam+1","Leap","Conserve Battery","Loop+1","Compile Driver+1","Ball Lightning+1"],"relics":["Cracked Core","DataDisk","Bag of Marbles","MealTicket","Nuclear Battery","Membership Card","Whetstone","Omamori","Bronze Scales","Calling Bell","Art of War","Letter Opener","StoneCalendar","StrikeDummy","Toolbox"],"acts_visited":["Exordium","TheCity","TheBeyond"],"potions_floor_usage":[25,33,50],"damage_taken":[{"damage":9,"enemies":"2 Louse","floor":1,"turns":3},{"damage":0,"enemies":"Cultist","floor":2,"turns":2},{"damage":6,"enemies":"Jaw Worm","floor":3,"turns":2},{"damage":6,"enemies":"2 Fungi Beasts","floor":6,"turns":3},{"damage":0,"enemies":"Looter","floor":8,"turns":2},{"damage":6,"enemies":"3 Sentries","floor":11,"turns":5},{"damage":2,"enemies":"Red Slaver","floor":14,"turns":3},{"damage":27,"enemies":"The Guardian","floor":16,"turns":9},{"damage":0,"enemies":"Chosen","floor":18,"turns":3},{"damage":9,"enemies":"2 Thieves","floor":20,"turns":3},{"damage":0,"enemies":"Snecko","floor":22,"turns":3},{"damage":20,"enemies":"Gremlin Leader","floor":25,"turns":5},{"damage":16,"enemies":"Snake Plant","floor":27,"turns":2},{"damage":15,"enemies":"Centurion and Healer","floor":28,"turns":5},{"damage":22,"enemies":"Champ","floor":33,"turns":7},{"damage":0,"enemies":"Orb Walker","floor":35,"turns":3},{"damage":8,"enemies":"3 Darklings","floor":37,"turns":4},{"damage":12,"enemies":"Jaw Worm Horde","floor":38,"turns":3},{"damage":9,"enemies":"Reptomancer","floor":40,"turns":7},{"damage":0,"enemies":"Maw","floor":45,"turns":6},{"damage":9,"enemies":"3 Darklings","floor":46,"turns":3},{"damage":19,"enemies":"Jaw Worm Horde","floor":48,"turns":3},{"damage":59,"enemies":"Donu and Deca","floor":50,"turns":5}],"seed_played":"-7714051205818220971","potions_obtained":[{"floor":1,"key":"Swift Potion"},{"floor":2,"key":"SmokeBomb"},{"floor":6,"key":"DistilledChaos"},{"floor":22,"key":"Swift Potion"},{"floor":27,"key":"Block Potion"},{"floor":33,"key":"ColorlessPotion"},{"floor":40,"key":"Dexterity Potion"}],"is_trial":false,"path_per_floor":["M","M","M","?","$","M","R","M","T","R","E","$","R","M","R","B",null,"M","$","M","?","M","R","?","E","T","M","M","?","R","$","R","B",null,"M","?","M","M","?","E","?","$","T","R","M","M","R","M","R","B"],"character_chosen":"DEFECT","items_purchased":["DataDisk","Ball Lightning","Hologram","Leap","Membership Card","Static Discharge","Bronze Scales","Loop","Toolbox"],"campfire_rested":0,"item_purchase_floors":[0,0,5,12,19,31,31,42,42],"current_hp_per_floor":[66,66,60,60,60,61,61,61,61,61,62,75,75,75,75,55,75,75,75,73,73,75,75,75,62,62,46,38,38,38,53,53,38,75,75,75,74,69,69,67,67,75,75,75,75,66,66,54,54,0,0],"gold":63,"neow_bonus":"","is_daily":false,"chose_seed":false,"campfire_upgraded":9,"win_rate":0.0,"timestamp":1612016565,"path_taken":["M","M","M","?","$","M","R","?","T","R","E","?","R","M","R","BOSS","M","$","?","?","M","R","?","E","T","?","?","?","R","?","R","BOSS","M","?","M","M","?","E","?","$","T","R","M","M","R","?","R","BOSS"],"items_purchased_type":["Relic","Card","Card","Card","Relic","Card","Relic","Card","Relic"],"build_version":"2020-12-22","purchased_purges":4,"victory":false,"max_hp_per_floor":[75,75,75,75,75,75,75,75,75,75,75,75,75,75,75,75,75,75,75,75,75,75,75,75,75,75,75,75,75,75,75,75,75,75,75,75,75,75,75,75,75,75,75,75,75,75,75,75,75,75,75],"card_choices":[{"not_picked":["Rebound","Lockon"],"picked":"Ball Lightning","floor":1},{"not_picked":["Barrage","Blizzard","Cold Snap"],"picked":"SKIP","floor":2},{"not_picked":["Tempest","Compile Driver","Rebound"],"picked":"SKIP","floor":3},{"not_picked":["Amplify","Lockon","Barrage"],"picked":"SKIP","floor":6},{"not_picked":["Stack","Sunder"],"picked":"Steam","floor":8},{"not_picked":["Sunder","Turbo","White Noise"],"picked":"SKIP","floor":11},{"not_picked":["Self Repair","Barrage"],"picked":"Defragment","floor":14},{"not_picked":["Buffer","Fission"],"picked":"Biased Cognition","floor":16},{"not_picked":["Barrage+1","Sunder","Ball Lightning"],"picked":"SKIP","floor":18},{"not_picked":["Ball Lightning","Coolheaded"],"picked":"Leap","floor":20},{"not_picked":["Rebound","Cold Snap","Stack+1"],"picked":"SKIP","floor":22},{"not_picked":["Streamline","Rainbow","Core Surge"],"picked":"SKIP","floor":25},{"not_picked":["Stack","Beam Cell","Cold Snap+1"],"picked":"SKIP","floor":27},{"not_picked":["Beam Cell","Gash"],"picked":"Conserve Battery","floor":28},{"not_picked":["Multi-Cast","All For One"],"picked":"Buffer","floor":33},{"not_picked":["Blizzard+1","Chill+1"],"picked":"Steam+1","floor":35},{"not_picked":["Rebound","Undo","Gash+1"],"picked":"SKIP","floor":37},{"not_picked":["Cold Snap","Thunder Strike"],"picked":"Leap","floor":38},{"not_picked":["Self Repair","Rebound+1"],"picked":"Conserve Battery","floor":40},{"not_picked":["Conserve Battery","Chill+1"],"picked":"Compile Driver+1","floor":45},{"not_picked":["Chill","Go for the Eyes+1","Sweeping Beam"],"picked":"SKIP","floor":46},{"not_picked":["Turbo+1","White Noise+1"],"picked":"Ball Lightning+1","floor":48}],"player_experience":410569,"relics_obtained":[{"floor":9,"key":"Bag of Marbles"},{"floor":11,"key":"MealTicket"},{"floor":25,"key":"Whetstone"},{"floor":26,"key":"Omamori"},{"floor":34,"key":"Art of War"},{"floor":34,"key":"Letter Opener"},{"floor":34,"key":"StoneCalendar"},{"floor":40,"key":"StrikeDummy"}],"event_choices":[{"damage_healed":0,"gold_gain":0,"cards_transformed":["Strike_B"],"player_choice":"Transformed","damage_taken":0,"max_hp_gain":0,"max_hp_loss":0,"event_name":"Transmorgrifier","floor":4,"gold_loss":0,"cards_obtained":["Self Repair"]},{"damage_healed":0,"gold_gain":0,"player_choice":"Ignored","damage_taken":0,"max_hp_gain":0,"max_hp_loss":0,"event_name":"Ghosts","floor":21,"gold_loss":0},{"damage_healed":0,"gold_gain":100,"player_choice":"Bet on Murderer","damage_taken":0,"max_hp_gain":0,"max_hp_loss":0,"event_name":"The Joust","floor":24,"gold_loss":50},{"damage_healed":0,"gold_gain":0,"cards_transformed":["Strike_B","Dualcast"],"player_choice":"Became Test Subject","damage_taken":0,"max_hp_gain":0,"max_hp_loss":0,"event_name":"Drug Dealer","floor":29,"gold_loss":0,"cards_obtained":["Reboot","FTL"]},{"damage_healed":0,"gold_gain":0,"player_choice":"Ignored","damage_taken":0,"max_hp_gain":0,"max_hp_loss":0,"event_name":"Tomb of Lord Red Mask","floor":36,"gold_loss":0},{"cards_removed":["Ball Lightning"],"damage_healed":0,"gold_gain":0,"player_choice":"Removed Attack","damage_taken":0,"max_hp_gain":0,"max_hp_loss":0,"event_name":"Falling","floor":39,"gold_loss":0},{"cards_removed":["Defend_B"],"damage_healed":0,"gold_gain":0,"player_choice":"Purged","damage_taken":0,"max_hp_gain":0,"max_hp_loss":0,"event_name":"Purifier","floor":41,"gold_loss":0}],"is_beta":false,"boss_relics":[{"not_picked":["Black Star","Pandora\u0027s Box"],"picked":"Nuclear Battery"},{"not_picked":["FrozenCore","Snecko Eye"],"picked":"Calling Bell"}],"items_purged_floors":[0,5,31,42],"is_endless":false,"potions_floor_spawned":[1,2,6,14,22,27,33,35,37,40],"killed_by":"Donu and Deca","ascension_level":0}}