{"host":"39erygfi9n0tobyn","time":1612044302,"event":{"mods":["2.2 Compatiblity","BaseMod","Bestiary","Colored Map","Colored Powertips","Curses Come First","Highlight Path","Keyboard Shortcuts","Minty Spire (QoL Compilation)","Relic Stats","StSLib","SuperFastMode"],"gold_per_floor":[117,192,11,11,11,11,11,45,45,74,74,91,102,102,102,199,199,215,215,215],"floor_reached":19,"language":"ENG","playtime":1110,"items_purged":[],"score":182,"play_id":"8e4edbb7-307b-4dd5-833c-ff67e3001554","local_time":"20210130190502","is_ascension_mode":true,"campfire_choices":[{"floor":6,"key":"REST"},{"floor":11,"key":"REST"},{"data":"Cleave","floor":15,"key":"SMITH"}],"circlet_count":0,"master_deck":["Strike_R","Strike_R+1","Strike_R","Defend_R","Defend_R","Defend_R+1","Bash","Iron Wave","Combust","Body Slam","Iron Wave","Cleave+1","Carnage","Anger","Juggernaut","Dual Wield"],"relics":["Burning Blood","PreservedInsect","MealTicket","Lizard Tail","SlaversCollar"],"acts_visited":["Exordium","TheCity"],"potions_floor_usage":[16],"damage_taken":[{"damage":0,"enemies":"2 Louse","floor":1,"turns":4},{"damage":13,"enemies":"3 Sentries","floor":8,"turns":6},{"damage":20,"enemies":"Lagavulin","floor":10,"turns":6},{"damage":0,"enemies":"Small Slimes","floor":12,"turns":2},{"damage":3,"enemies":"Jaw Worm","floor":13,"turns":3},{"damage":38,"enemies":"Slime Boss","floor":16,"turns":9},{"damage":21,"enemies":"Spheric Guardian","floor":18,"turns":4},{"damage":66,"enemies":"Masked Bandits","floor":19,"turns":5}],"seed_played":"2802194509167575534","potions_obtained":[{"floor":1,"key":"LiquidBronze"},{"floor":10,"key":"SteroidPotion"},{"floor":12,"key":"AttackPotion"}],"is_trial":false,"path_per_floor":["M","?","$","?","?","R","?","E","T","E","R","M","M","?","R","B",null,"M","?"],"character_chosen":"IRONCLAD","items_purchased":["PreservedInsect","Combust"],"campfire_rested":2,"item_purchase_floors":[3,3],"current_hp_per_floor":[88,77,77,59,59,85,78,71,71,57,83,88,88,88,88,56,88,73,7,7],"gold":215,"neow_bonus":"TEN_PERCENT_HP_BONUS","is_daily":false,"chose_seed":false,"campfire_upgraded":1,"win_rate":0.0,"timestamp":1612044302,"path_taken":["M","?","$","?","?","R","?","E","T","E","R","?","M","?","R","BOSS","M","?"],"items_purchased_type":["Relic","Card"],"build_version":"2020-12-22","purchased_purges":0,"victory":false,"max_hp_per_floor":[88,88,88,88,88,88,88,88,88,88,88,88,88,88,88,88,88,88,88,88],"relic_stats":{"Lizard Tail":0,"counters":[8,39],"MealTicket":0,"PreservedInsect":59,"obtain_stats":[{"SlaversCollar":17,"Lizard Tail":10,"MealTicket":8,"PreservedInsect":3,"Burning Blood":0},{"SlaversCollar":6,"Lizard Tail":3,"MealTicket":2,"PreservedInsect":1,"Burning Blood":0},{"SlaversCollar":30,"Lizard Tail":16,"MealTicket":10,"PreservedInsect":4,"Burning Blood":0}],"Burning Blood":32},"card_choices":[{"not_picked":["Shrug It Off","Warcry"],"picked":"Iron Wave","floor":1},{"not_picked":["Searing Blow","Armaments"],"picked":"Iron Wave","floor":8},{"not_picked":["Intimidate","Reaper"],"picked":"Cleave","floor":10},{"not_picked":["Iron Wave","Body Slam"],"picked":"Carnage","floor":12},{"not_picked":["Clash","Shrug It Off"],"picked":"Anger","floor":13},{"not_picked":["Immolate","Limit Break"],"picked":"Juggernaut","floor":16},{"not_picked":["Pummel","Armaments"],"picked":"Dual Wield","floor":18}],"player_experience":79217,"relics_obtained":[{"floor":8,"key":"MealTicket"},{"floor":10,"key":"Lizard Tail"}],"event_choices":[{"damage_healed":0,"gold_gain":75,"player_choice":"Gather Gold","damage_taken":11,"max_hp_gain":0,"max_hp_loss":0,"event_name":"World of Goop","floor":2,"gold_loss":0},{"damage_healed":0,"gold_gain":0,"player_choice":"Entered Light","damage_taken":18,"max_hp_gain":0,"max_hp_loss":0,"event_name":"Shining Light","floor":4,"gold_loss":0,"cards_upgraded":["Defend_R","Strike_R"]},{"damage_healed":0,"gold_gain":0,"cards_transformed":["Strike_R"],"player_choice":"Change","damage_taken":0,"max_hp_gain":0,"max_hp_loss":0,"event_name":"Living Wall","floor":5,"gold_loss":0,"cards_obtained":["Body Slam"]},{"cards_removed":["Strike_R"],"damage_healed":0,"gold_gain":0,"player_choice":"Card Removal","damage_taken":7,"max_hp_gain":0,"max_hp_loss":0,"event_name":"Golden Wing","floor":7,"gold_loss":0},{"cards_removed":["Defend_R"],"damage_healed":0,"gold_gain":0,"player_choice":"Purged","damage_taken":0,"max_hp_gain":0,"max_hp_loss":0,"event_name":"Purifier","floor":14,"gold_loss":0},{"damage_healed":0,"gold_gain":0,"player_choice":"Fought Bandits","damage_taken":0,"max_hp_gain":0,"max_hp_loss":0,"event_name":"Masked Bandits","floor":19,"gold_loss":0}],"is_beta":false,"boss_relics":[{"not_picked":["Runic Dome","Busted Crown"],"picked":"SlaversCollar"}],"items_purged_floors":[],"is_endless":false,"potions_floor_spawned":[1,10,12],"killed_by":"Masked Bandits","ascension_level":1}}