{"host":"zk71suw73lg2r165","time":1612034402,"event":{"mods":["BaseMod","Colored Map","Minty Spire (QoL Compilation)","Permanent Neow","Relic Stats","StSLib"],"gold_per_floor":[43,86,127,127,168,168,213,213,213,242,55,74,91,126,126,227,227,273,198,198,198],"floor_reached":20,"language":"ENG","playtime":668,"items_purged":["Strike_P"],"score":422,"play_id":"402306e4-f7b2-462b-bba1-6b7060ec13c7","local_time":"20210130142002","is_ascension_mode":true,"campfire_choices":[{"data":"Wallop","floor":6.0,"key":"SMITH"},{"data":"Conclude","floor":8.0,"key":"SMITH"},{"floor":15.0,"key":"REST"}],"circlet_count":0,"master_deck":["AscendersBane","Strike_P","Strike_P","Defend_P","Defend_P","Defend_P","Defend_P","Eruption","Vigilance","Wish+1","Conclude+1","EmptyBody","Wallop+1","BattleHymn","Meditate","DevaForm","Protect","MentalFortress","Perseverance","Halt","Vengeance","Omniscience","Indignation"],"relics":["PureWater","Eternal Feather","Bottled Lightning","Gremlin Horn","Black Star"],"acts_visited":["Exordium","TheCity"],"potions_floor_usage":[20],"damage_taken":[{"damage":2.0,"enemies":"Cultist","floor":1.0,"turns":4.0},{"damage":7.0,"enemies":"Jaw Worm","floor":2.0,"turns":6.0},{"damage":4.0,"enemies":"2 Louse","floor":3.0,"turns":3.0},{"damage":11.0,"enemies":"Large Slime","floor":5.0,"turns":5.0},{"damage":7.0,"enemies":"3 Louse","floor":7.0,"turns":4.0},{"damage":0.0,"enemies":"Gremlin Nob","floor":10.0,"turns":3.0},{"damage":0.0,"enemies":"2 Fungi Beasts","floor":12.0,"turns":2.0},{"damage":4.0,"enemies":"Red Slaver","floor":13.0,"turns":4.0},{"damage":5.0,"enemies":"3 Sentries","floor":14.0,"turns":5.0},{"damage":17.0,"enemies":"Hexaghost","floor":16.0,"turns":7.0},{"damage":57,"enemies":"Spheric Guardian","floor":18,"turns":7},{"damage":0,"enemies":"Shell Parasite","floor":20,"turns":1}],"seed_played":"2031908687568597640","potions_obtained":[{"floor":2.0,"key":"AttackPotion"},{"floor":3.0,"key":"Dexterity Potion"},{"floor":12.0,"key":"Strength Potion"},{"floor":16.0,"key":"SpeedPotion"}],"is_trial":false,"path_per_floor":["M","M","M","?","M","R","M","R","T","E","$","M","M","E","R","B",null,"M","?","M"],"character_chosen":"WATCHER","items_purchased":["Protect","MentalFortress"],"campfire_rested":1,"item_purchase_floors":[11,11],"current_hp_per_floor":[59,52,48,48,37,37,30,30,30,30,30,30,26,21,53,36,60,3,3,3,3],"gold":198,"neow_bonus":"THREE_RARE_CARDS","is_daily":false,"chose_seed":false,"campfire_upgraded":2,"win_rate":0.0,"timestamp":1612034402,"path_taken":["M","?","M","?","M","R","M","R","T","E","$","M","M","E","R","BOSS","M","?","M"],"items_purchased_type":["Card","Card"],"build_version":"2020-12-22","purchased_purges":1,"victory":false,"max_hp_per_floor":[68,68,68,68,68,68,68,68,68,68,68,68,68,68,68,68,68,68,68,68,68],"relic_stats":{"Gremlin Horn":[0,0],"counters":[12,51],"Eternal Feather":12,"Black Star":0,"obtain_stats":[{"Gremlin Horn":14,"Eternal Feather":9,"Black Star":17,"Bottled Lightning":10,"PureWater":0},{"Gremlin Horn":9,"Eternal Feather":5,"Black Star":10,"Bottled Lightning":6,"PureWater":0},{"Gremlin Horn":36,"Eternal Feather":22,"Black Star":43,"Bottled Lightning":25,"PureWater":0}]},"card_choices":[{"not_picked":["ConjureBlade","MasterReality"],"picked":"Wish","floor":0.0},{"not_picked":["FlurryOfBlows","WindmillStrike"],"picked":"Conclude","floor":1.0},{"not_picked":["ThirdEye","Crescendo"],"picked":"EmptyBody","floor":2.0},{"not_picked":["EmptyFist","CarveReality"],"picked":"Wallop","floor":3.0},{"not_picked":["EmptyFist","Halt"],"picked":"BattleHymn","floor":5.0},{"not_picked":["WindmillStrike","ThirdEye"],"picked":"Meditate","floor":7.0},{"not_picked":["Crescendo","Consecrate"],"picked":"DevaForm","floor":10.0},{"not_picked":["EmptyBody","PathToVictory"],"picked":"Perseverance","floor":12.0},{"not_picked":["Evaluate","JustLucky"],"picked":"Halt","floor":13.0},{"not_picked":["ThirdEye","FlyingSleeves"],"picked":"Vengeance","floor":14.0},{"not_picked":["SpiritShield","Alpha"],"picked":"Omniscience","floor":16.0},{"not_picked":["WindmillStrike","Consecrate"],"picked":"Indignation","floor":18}],"player_experience":1428218,"relics_obtained":[{"floor":9.0,"key":"Eternal Feather"},{"floor":10.0,"key":"Bottled Lightning"},{"floor":14.0,"key":"Gremlin Horn"}],"event_choices":[{"damage_healed":0.0,"max_hp_gain":0.0,"max_hp_loss":0.0,"gold_gain":0.0,"event_name":"Living Wall","player_choice":"Grow","floor":4.0,"gold_loss":0.0,"damage_taken":0.0,"cards_upgraded":["Wish"]},{"cards_removed":["Strike_P"],"damage_healed":0,"gold_gain":0,"player_choice":"Gave Gold","damage_taken":0,"max_hp_gain":0,"max_hp_loss":0,"event_name":"Beggar","floor":19,"gold_loss":75}],"is_beta":false,"boss_relics":[{"not_picked":["Astrolabe","SacredBark"],"picked":"Black Star"}],"items_purged_floors":[11],"is_endless":false,"potions_floor_spawned":[2,3,12,16],"killed_by":"Shell Parasite","ascension_level":20}}