{"host":"og21o26alpnbwmz8","time":1612035457,"event":{"mods":["Act Like it!","Aspiration","BaseMod","Conspire","Downfall","Halation","Hallownest","Hubris","Jedi Mod","Mimic Mod","Minty Spire (QoL Compilation)","Pale of the Ancients","Replay The Spire","Shop Mod","Spikes Relics","StSLib","The Administrix","The Alterego","The Blue Laboratory","The Bug Knight","The Death Knight","The Problem Sleuth","The Wild Card","Waifu the Spire"],"gold_per_floor":[119,19,38,38,38,38,38,95,176,201,201,201],"floor_reached":10,"language":"ENG","playtime":198,"items_purged":[],"score":56,"play_id":"c6dfebb7-2917-4fd4-9978-c24feea03d1b","local_time":"20210130143737","is_ascension_mode":false,"campfire_choices":[{"data":"theSleuth:FairShake","floor":6,"key":"SMITH"}],"circlet_count":0,"master_deck":["theSleuth:Strike","theSleuth:Strike","theSleuth:Strike","theSleuth:Strike","theSleuth:Defend","theSleuth:Defend","theSleuth:Defend","theSleuth:KeyHandgun","theSleuth:TakeInventory","theSleuth:Diplomacy","theSleuth:CharismaBlast","conspire:SpireCoStock","conspire:SpireCoStock","theSleuth:FairShake+1"],"relics":["theSleuth:Typewriter","NeowsBlessing","halation:EternalFortune","Pantograph"],"acts_visited":["Exordium"],"potions_floor_usage":[],"damage_taken":[{"damage":0,"enemies":"Hallownest:2_Baldur","floor":1,"turns":1},{"damage":3,"enemies":"Hallownest:monsterHuskGuard","floor":3,"turns":4},{"damage":0,"enemies":"2_ Uuma","floor":8,"turns":2},{"damage":47,"enemies":"Hallownest:eliteCrystalGuardian","floor":10,"turns":8}],"seed_played":"-1714639618242721606","potions_obtained":[],"is_trial":false,"path_per_floor":["M","?","M","$","?","R","?","M","T","E"],"character_chosen":"THE_sleuth","items_purchased":[],"campfire_rested":0,"item_purchase_floors":[],"current_hp_per_floor":[73,73,70,70,73,73,64,64,64,17,17,17],"gold":201,"neow_bonus":"THREE_ENEMY_KILL","is_daily":false,"chose_seed":false,"campfire_upgraded":1,"win_rate":0.0,"timestamp":1612035457,"path_taken":["M","?","M","$","?","R","?","M","T","E"],"items_purchased_type":[],"build_version":"2020-12-22","purchased_purges":0,"victory":false,"max_hp_per_floor":[73,73,73,73,76,76,76,76,76,76,76,76],"card_choices":[{"not_picked":["theSleuth:Embarrass","theSleuth:DiamondArmor"],"picked":"theSleuth:CharismaBlast","floor":1},{"not_picked":["theSleuth:WilsonBust","theSleuth:CandyCorn"],"picked":"theSleuth:FairShake","floor":3},{"not_picked":["theSleuth:FlaskOfWhiskey","theSleuth:Treaty","theSleuth:SpadeDig"],"picked":"SKIP","floor":8}],"player_experience":235586,"relics_obtained":[{"floor":9,"key":"Pantograph"}],"event_choices":[{"damage_healed":0,"gold_gain":0,"player_choice":"Invest 2","damage_taken":0,"max_hp_gain":0,"max_hp_loss":0,"event_name":"conspire:Investor","floor":2,"gold_loss":0}],"is_beta":false,"boss_relics":[],"items_purged_floors":[],"is_endless":false,"potions_floor_spawned":[],"killed_by":"Hallownest:eliteCrystalGuardian","ascension_level":0}}