{"host":"o3b7ow6d1xe49css","time":1612049150,"event":{"mods":["Act Like it!","Aspiration","BaseMod","Bestiary","Better Altar","Better Match","Better Note","Better Sensory Stone","Better Skull","Better Third Choice","Colored Powertips","Conspire","Energized Spire","Force Act Four","GifTheSpireLib","Halation","Hermit","Hubris","Infinite Spire","Lobotomy","Minty Spire (QoL Compilation)","Quick Restart","Rare Cards Sparkle","Relic Filter Mod","Reliquary","Replay The Spire","Spicy Shops","Spikes Relics","Spire Arcade","StSLib","Stuff the Spire","The Blue Laboratory","Wandering Minibosses"],"gold_per_floor":[119,139,156,175,175,175,209,209,209],"floor_reached":8,"language":"ENG","playtime":397,"items_purged":[],"score":104,"play_id":"64ee306c-edad-40e9-bdaa-34d5c9fbd6bd","local_time":"20210130142550","daily_mods":["Heirloom","Flight"],"is_ascension_mode":true,"campfire_choices":[{"data":"CrushJoints","floor":6,"key":"SMITH"}],"circlet_count":0,"master_deck":["Strike_P","Strike_P","Strike_P","Strike_P","Defend_P","Defend_P","Defend_P","Defend_P","Eruption","Vigilance","UniverseFragment","ForeignInfluence+1","Scorched","CrushJoints+1","Consecrate","Omniscience+1","BowlingBash","CrushJoints","OldLady","DeusExMachina"],"relics":["PureWater","Ring of Chaos","Prayer Wheel","CogitoBucket","halation:PinkSoulGem","reliquary:Buckler"],"acts_visited":["Exordium"],"potions_floor_usage":[],"damage_taken":[{"damage":0,"enemies":"Cultist","floor":1,"turns":3},{"damage":2,"enemies":"Small Slimes","floor":2,"turns":3},{"damage":0,"enemies":"2 Louse","floor":3,"turns":2},{"damage":0,"enemies":"2 Fungi Beasts","floor":4,"turns":1},{"damage":0,"enemies":"Gremlin Nob","floor":7,"turns":2},{"damage":0,"enemies":"Lagavulin","floor":8,"turns":2}],"seed_played":"7548685558167541569","potions_obtained":[{"floor":1,"key":"blueLaboratory:LouseDecoction"},{"floor":3,"key":"blueLaboratory:ArtificerPotion"},{"floor":7,"key":"blueLaboratory:FrostheartPotion"}],"is_trial":true,"path_per_floor":["M","M","M","M","?","R","E","E"],"character_chosen":"WATCHER","items_purchased":[],"campfire_rested":0,"item_purchase_floors":[],"current_hp_per_floor":[72,70,70,70,70,70,70,70,70],"gold":209,"neow_bonus":"","is_daily":false,"chose_seed":false,"campfire_upgraded":1,"win_rate":0.0,"timestamp":1612049150,"path_taken":["M","M","M","?","?","R","E","E"],"items_purchased_type":[],"build_version":"2020-12-22","purchased_purges":0,"victory":false,"max_hp_per_floor":[72,72,72,72,72,72,72,72,72],"card_choices":[{"not_picked":["Bloodbath","VoidDream"],"picked":"UniverseFragment","floor":1},{"not_picked":["Protect","Replay:Vibes"],"picked":"ForeignInfluence","floor":1},{"not_picked":["Pray","Replay:Anticipation","Replay:Battleflow"],"picked":"SKIP","floor":1},{"not_picked":["Woodsman","Yin"],"picked":"Scorched","floor":2},{"not_picked":["Replay:BluntJabs","WaveOfTheHand"],"picked":"CrushJoints","floor":2},{"not_picked":["Replay:ManipulateFuture","EmptyFist"],"picked":"Consecrate","floor":2},{"not_picked":["HeroicMonk","ShyLook","Bloodbath"],"picked":"Singing Bowl","floor":3},{"not_picked":["TalkToTheHand","Evaluate"],"picked":"Omniscience","floor":3},{"not_picked":["Vengeance","ForeignInfluence","Collect"],"picked":"SKIP","floor":3},{"not_picked":["MHz","FairyFestival","HeroicMonk"],"picked":"Singing Bowl","floor":4},{"not_picked":["Adaptation","Wallop"],"picked":"BowlingBash","floor":4},{"not_picked":["FearNoEvil","JustLucky"],"picked":"CrushJoints","floor":4},{"not_picked":["Yin","ShyLook"],"picked":"OldLady","floor":7},{"not_picked":["Replay:AtTheReady","EmptyFist"],"picked":"DeusExMachina","floor":7}],"player_experience":1203273,"relics_obtained":[{"floor":7,"key":"reliquary:Buckler"}],"event_choices":[],"is_beta":false,"boss_relics":[],"items_purged_floors":[],"is_endless":false,"potions_floor_spawned":[1,3,7],"killed_by":"Lagavulin","ascension_level":5}}