{"host":"xj2wyr3bqqv4irjd","time":1612013037,"event":{"mods":["Act Like it!","Aspiration","BaseMod","Koishi","Lobotomy","LobotomyExtend","Marisa（F雨　魔理沙）","Minty Spire (QoL Compilation)","Quick Restart","Rare Cards Sparkle","Reimu（博丽灵梦）","Remilia（蕾米莉亚）","Replay The Spire","SIMod","StSLib","The Alterego","Waifu the Spire","WarShipGirlsR/战舰少女R mod","Yakumo Yukari mod","Youmu（魂魄妖梦）"],"gold_per_floor":[110,110,35,35,135,135,160,160,160,160,197,197,215,215],"floor_reached":13,"language":"ZHS","playtime":377,"items_purged":["Poor:ReiMu"],"score":144,"play_id":"77f7ac13-216d-4b7e-b4aa-ffd3ea9ca330","local_time":"20210130212357","is_ascension_mode":true,"campfire_choices":[{"data":"ServeMeal","floor":6,"key":"SMITH"},{"data":"Batlization","floor":8,"key":"SMITH"},{"data":"ServeMeal","floor":12,"key":"SMITH"}],"circlet_count":0,"master_deck":["Strike_AJ","Strike_TS","Strike_RR","Strike_RD","Defend_PP","Defend_FS","Defend_AJ","ConcertedEfforts","HarmonyShield","Batlization+1","ServeMeal+1","ServeMeal+1","CheerUp","SwiftKick","ServeMeal+1"],"relics":["The_element_of_harmony","NeowsBlessing","LetterFromLob","YidongShenshe:ReiMu","Replay:Bandana","Philomena","InspiredRelic","Toxic Egg 2"],"acts_visited":["Exordium"],"potions_floor_usage":[],"damage_taken":[{"damage":0,"enemies":"Small Slimes","floor":1,"turns":1},{"damage":0,"enemies":"Gremlin Nob","floor":7,"turns":1},{"damage":1,"enemies":"Lagavulin","floor":11,"turns":1},{"damage":41,"enemies":"Replay:BlueRogue","floor":13,"turns":3}],"seed_played":"-4570661830318557267","potions_obtained":[{"floor":7,"key":"AttackPotion"}],"is_trial":false,"path_per_floor":["M","?","$","?","?","R","E","R","T","M","E","R","E"],"character_chosen":"TWI_CLASS","items_purchased":[],"campfire_rested":0,"item_purchase_floors":[],"current_hp_per_floor":[82,82,82,82,82,82,82,82,82,32,31,31,0,0],"gold":215,"neow_bonus":"THREE_ENEMY_KILL","is_daily":false,"chose_seed":false,"campfire_upgraded":3,"win_rate":0.0,"timestamp":1612013037,"path_taken":["M","?","$","?","?","R","E","R","T","M","E","R","E"],"items_purchased_type":[],"build_version":"2020-12-22","purchased_purges":1,"victory":false,"max_hp_per_floor":[82,82,82,82,82,82,82,82,82,82,82,82,82,82],"card_choices":[{"not_picked":["AppleFever"],"picked":"Batlization","floor":1},{"not_picked":["KillingWithKindness"],"picked":"ServeMeal","floor":1},{"not_picked":["KillingWithKindness"],"picked":"ServeMeal","floor":7},{"not_picked":["Whining"],"picked":"CheerUp","floor":7},{"not_picked":["FriendOfNature+1"],"picked":"SwiftKick","floor":11},{"not_picked":["BatchProduction+1"],"picked":"ServeMeal+1","floor":11}],"player_experience":560553,"relics_obtained":[{"floor":1,"key":"LetterFromLob"},{"floor":7,"key":"Replay:Bandana"},{"floor":9,"key":"Philomena"},{"floor":11,"key":"Toxic Egg 2"}],"event_choices":[{"damage_healed":0,"gold_gain":0,"player_choice":"带走神社","damage_taken":0,"relics_obtained":["YidongShenshe:ReiMu"],"max_hp_gain":0,"max_hp_loss":0,"event_name":"yidonshenshe","floor":2,"gold_loss":0,"cards_obtained":["Poor:ReiMu"]},{"damage_healed":0,"gold_gain":0,"player_choice":"Ignored","damage_taken":0,"max_hp_gain":0,"max_hp_loss":0,"event_name":"Liars Game","floor":4,"gold_loss":0},{"damage_healed":0,"gold_gain":100,"player_choice":"Pray","damage_taken":0,"max_hp_gain":0,"max_hp_loss":0,"event_name":"Golden Shrine","floor":5,"gold_loss":0}],"is_beta":false,"boss_relics":[],"items_purged_floors":[3],"is_endless":false,"potions_floor_spawned":[7],"killed_by":"Replay:BlueRogue","ascension_level":1}}