{"host":"684z1xpuwaoqmmh1","time":1612026620,"event":{"mods":["BaseMod","Downfall","Hermit","Jorbs\u0027s Wanderer Trilogy","Marisa????????","Minty Spire (QoL Compilation)","Robot Space Explorer","Shade Mod","StSLib","The Bug Knight","The Cursed","The Dragon Tamer","The Hayseed","The Hierophant","The Marked","The Mystic","The Runesmith","The Senshi"],"gold_per_floor":[118,118,118,118,137,165,181,208,208,229,245,276,276,292,292,394,394,407,427,427,481,495,530,569,610,647,659,683,712,752,293,293,390,390,402,402,414,462,29,64,64,129,129,176,215,215,259,280,280,305,305,305,12,62,92],"floor_reached":56,"language":"ENG","playtime":3786,"items_purged":["TheSimpletonMod:Strike_TheSimpleton"],"score":1996,"play_id":"e362563e-a280-406f-8189-e6d6b862c02e","local_time":"20210130191020","is_ascension_mode":true,"campfire_choices":[{"data":"TheSimpletonMod:Haymaker","floor":15.0,"key":"SMITH"},{"floor":27.0,"key":"REST"},{"data":"TheSimpletonMod:Photosynthesis","floor":32.0,"key":"SMITH"},{"floor":46,"key":"RECALL"},{"data":"TheSimpletonMod:Sunseed","floor":49,"key":"SMITH"},{"data":"TheSimpletonMod:Asparagus","floor":52,"key":"SMITH"}],"circlet_count":0,"master_deck":["TheSimpletonMod:Strike_TheSimpleton","TheSimpletonMod:Defend_TheSimpleton","TheSimpletonMod:Defend_TheSimpleton","TheSimpletonMod:Defend_TheSimpleton+1","TheSimpletonMod:Defend_TheSimpleton","TheSimpletonMod:Haymaker+1","TheSimpletonMod:ReapAndSow+1","TheSimpletonMod:Thresh","Finesse+1","TheSimpletonMod:RootDown","TheSimpletonMod:CloseScrape","TheSimpletonMod:Corn","TheSimpletonMod:SeedCoat","TheSimpletonMod:Swelter+1","TheSimpletonMod:Swelter+1","TheSimpletonMod:RootDown","TheSimpletonMod:Photosynthesis+1","TheSimpletonMod:Pruning+1","TheSimpletonMod:SeedCoat+1","Necronomicurse","TheSimpletonMod:Biorefinement","TheSimpletonMod:Aerate+1","TheSimpletonMod:Pruning+1","TheSimpletonMod:ResistantStrain","TheSimpletonMod:Asparagus+1","TheSimpletonMod:Germinate+1","TheSimpletonMod:Corn","TheSimpletonMod:CropDiversity+1","CurseOfTheBell","TheSimpletonMod:CrackOfDawn","TheSimpletonMod:Sunseed+1","TheSimpletonMod:Squash+1","Flash of Steel","TheSimpletonMod:Ferment+1","TheSimpletonMod:Asparagus+1"],"relics":["TheSimpletonMod:SpudOfTheInnocent","TheSimpletonMod:NightSoil","TheSimpletonMod:TheHarvester","NeowsBlessing","TheSimpletonMod:PicklingJar","bronze:DecasWashers","War Paint","Toxic Egg 2","Odd Mushroom","WingedGreaves","Black Star","Necronomicon","Boot","Pen Nib","MawBank","Runesmith:AutoHammer","Question Card","theSenshi:SailorFukuRelic","theSenshi:SpiralHeartMoonRodRelic","Kunai","MealTicket","TungstenRod","Calling Bell","Strawberry","TheSimpletonMod:PlanterBox","Du-Vu Doll","CatCart","Bronze Scales","Blue Candle","Smiling Mask","TheSimpletonMod:CashCrop","Centennial Puzzle","sneckomod:BlankCard","HornCleat","Frozen Egg 2","Bag of Marbles","hexamod:Sixitude","Akabeko","Ornamental Fan"],"acts_visited":["Exordium","TheCity","TheBeyond","TheEnding"],"potions_floor_usage":[42,44,55,55,55],"damage_taken":[{"damage":0.0,"enemies":"Jaw Worm","floor":1.0,"turns":1.0},{"damage":0.0,"enemies":"2 Louse","floor":5.0,"turns":2.0},{"damage":0.0,"enemies":"Gremlin Nob","floor":6.0,"turns":2.0},{"damage":0.0,"enemies":"Cultist","floor":7.0,"turns":3.0},{"damage":15.0,"enemies":"Lagavulin","floor":8.0,"turns":6.0},{"damage":3.0,"enemies":"The Mushroom Lair","floor":10.0,"turns":4.0},{"damage":0.0,"enemies":"Looter","floor":11.0,"turns":3.0},{"damage":28.0,"enemies":"Gremlin Nob","floor":12.0,"turns":4.0},{"damage":0.0,"enemies":"3 Louse","floor":14.0,"turns":3.0},{"damage":10.0,"enemies":"The Guardian","floor":16.0,"turns":11.0},{"damage":18.0,"enemies":"Spheric Guardian","floor":18.0,"turns":4.0},{"damage":19.0,"enemies":"Chosen","floor":19.0,"turns":5.0},{"damage":0.0,"enemies":"Sentry and Sphere","floor":22.0,"turns":3.0},{"damage":14.0,"enemies":"Slavers","floor":23.0,"turns":5.0},{"damage":9.0,"enemies":"Gremlin Leader","floor":24.0,"turns":10.0},{"damage":18.0,"enemies":"Book of Stabbing","floor":25.0,"turns":7.0},{"damage":0.0,"enemies":"Chosen and Byrds","floor":28.0,"turns":5.0},{"damage":12.0,"enemies":"Cultist and Chosen","floor":29.0,"turns":5.0},{"damage":14.0,"enemies":"Gremlin Leader","floor":30.0,"turns":5.0},{"damage":34.0,"enemies":"Automaton","floor":33.0,"turns":13.0},{"damage":16.0,"enemies":"Orb Walker","floor":35.0,"turns":4.0},{"damage":14.0,"enemies":"3 Darklings","floor":37.0,"turns":6.0},{"damage":7.0,"enemies":"Orin","floor":38.0,"turns":12.0},{"damage":0,"enemies":"Giant Head","floor":40,"turns":3},{"damage":5,"enemies":"Nemesis","floor":42,"turns":7},{"damage":16,"enemies":"Transient","floor":44,"turns":5},{"damage":21,"enemies":"Sphere and 2 Shapes","floor":45,"turns":5},{"damage":0,"enemies":"Giant Head","floor":47,"turns":2},{"damage":12,"enemies":"Jaw Worm Horde","floor":48,"turns":3},{"damage":40,"enemies":"Donu and Deca","floor":50,"turns":15},{"damage":32,"enemies":"Shield and Spear","floor":54,"turns":6},{"damage":141,"enemies":"The Heart","floor":55,"turns":11}],"seed_played":"-8925022658435092891","potions_obtained":[{"floor":1.0,"key":"Dexterity Potion"},{"floor":5.0,"key":"SkillPotion"},{"floor":10.0,"key":"sneckomod:MuddlingPotion"},{"floor":14.0,"key":"ColorlessPotion"},{"floor":19.0,"key":"Swift Potion"},{"floor":25.0,"key":"TheSimpletonMod:MoonshinePotion"},{"floor":28.0,"key":"TheSimpletonMod:KindlingPotion"},{"floor":30.0,"key":"Fire Potion"},{"floor":33.0,"key":"FairyPotion"},{"floor":37.0,"key":"Energy Potion"},{"floor":40,"key":"PowerPotion"},{"floor":45,"key":"TheSimpletonMod:MoonshinePotion"},{"floor":47,"key":"hexamod:SoulburnPotion"},{"floor":48,"key":"Dexterity Potion"}],"is_trial":false,"path_per_floor":["M","?","?","?","M","E","M","E","T","?","M","E","?","M","R","B",null,"M","M","?","T","M","E","E","E","T","R","M","M","E","$","R","B",null,"M","?","M","?","$","E","?","E","T","M","M","R","E","M","R","B",null,"R","$","E","B",null],"character_chosen":"THE_SIMPLETON","items_purchased":["TungstenRod","TheSimpletonMod:Germinate+1","TheSimpletonMod:Corn","Bronze Scales","Blue Candle","TheSimpletonMod:Sunseed","hexamod:Sixitude"],"campfire_rested":1,"item_purchase_floors":[31,31,31,39,39,39,53],"current_hp_per_floor":[72,47,47,47,51,55,59,52,52,53,53,33,33,37,37,37,66,48,35,19,19,31,33,40,22,22,44,60,68,63,75,75,59,78,76,76,76,79,82,82,82,82,82,72,69,69,71,75,75,53,75,75,82,54,12],"gold":92,"neow_bonus":"THREE_ENEMY_KILL","is_daily":false,"chose_seed":false,"campfire_upgraded":4,"win_rate":0.0,"timestamp":1612026620,"path_taken":["M","?","?","?","?","E","M","E","T","?","M","E","?","M","R","BOSS","M","?","?","?","M","E","E","E","T","R","M","M","E","$","R","BOSS","M","?","M","?","$","E","?","E","T","M","M","R","E","M","R","BOSS","R","$","E","BOSS"],"items_purchased_type":["Relic","Card","Card","Relic","Relic","Card","Relic"],"build_version":"2020-12-22","purchased_purges":1,"victory":true,"max_hp_per_floor":[75,75,75,75,75,75,75,75,75,75,75,75,75,75,75,75,75,75,75,75,75,75,75,75,75,75,75,75,75,75,75,75,75,82,82,82,82,82,82,82,82,82,82,82,82,82,82,82,82,82,82,82,82,82,82],"card_choices":[{"not_picked":["TheSimpletonMod:VineRipen","TheSimpletonMod:Squash"],"picked":"TheSimpletonMod:Thresh","floor":1.0},{"not_picked":["TheSimpletonMod:SpiceUp","TheSimpletonMod:Pruning"],"picked":"TheSimpletonMod:RootDown","floor":5.0},{"not_picked":["TheSimpletonMod:KeenEdge","TheSimpletonMod:SlashAndBurn"],"picked":"TheSimpletonMod:CloseScrape","floor":6.0},{"not_picked":["TheSimpletonMod:SoilSample","TheSimpletonMod:Ferment"],"picked":"TheSimpletonMod:Corn","floor":7.0},{"not_picked":["TheSimpletonMod:SaladShooter","TheSimpletonMod:SpiceUp"],"picked":"TheSimpletonMod:SeedCoat","floor":8.0},{"not_picked":["TheSimpletonMod:Squash","TheSimpletonMod:DoubleBarrel"],"picked":"TheSimpletonMod:Swelter+1","floor":11.0},{"not_picked":["TheSimpletonMod:ControlledBurn+1","TheSimpletonMod:OnionBloom+1"],"picked":"TheSimpletonMod:Swelter+1","floor":12.0},{"not_picked":["TheSimpletonMod:RootDown","TheSimpletonMod:SpiceUp+1","TheSimpletonMod:Polyculture+1"],"picked":"SKIP","floor":14.0},{"not_picked":["TheSimpletonMod:SpiceUp+1","TheSimpletonMod:Polyculture+1"],"picked":"TheSimpletonMod:RootDown","floor":14.0},{"not_picked":["TheSimpletonMod:FanTheFlames+1","TheSimpletonMod:ResearchGrant+1"],"picked":"TheSimpletonMod:Photosynthesis","floor":16.0},{"not_picked":["TheSimpletonMod:SlashAndBurn+1","TheSimpletonMod:DigIn+1"],"picked":"TheSimpletonMod:Pruning+1","floor":18.0},{"not_picked":["TheSimpletonMod:Rototilling+1","TheSimpletonMod:Rake"],"picked":"TheSimpletonMod:SeedCoat+1","floor":19.0},{"not_picked":["TheSimpletonMod:BumperCrop+1","TheSimpletonMod:CullingStrike"],"picked":"TheSimpletonMod:Biorefinement","floor":22.0},{"not_picked":["TheSimpletonMod:Germinate+1","TheSimpletonMod:Sunchoke+1"],"picked":"TheSimpletonMod:Aerate+1","floor":23.0},{"not_picked":["TheSimpletonMod:SlashAndBurn+1","TheSimpletonMod:PestManagement+1"],"picked":"TheSimpletonMod:Pruning+1","floor":24.0},{"not_picked":["TheSimpletonMod:Rototilling+1","TheSimpletonMod:KeenEdge","TheSimpletonMod:CloseScrape+1"],"picked":"TheSimpletonMod:ResistantStrain","floor":25.0},{"not_picked":["TheSimpletonMod:SlashAndBurn","TheSimpletonMod:Polyculture+1","TheSimpletonMod:CropRotation+1","TheSimpletonMod:Rototilling+1"],"picked":"SKIP","floor":28.0},{"not_picked":["TheSimpletonMod:CullingStrike+1","TheSimpletonMod:Pruning+1","TheSimpletonMod:DoubleBarrel+1","TheSimpletonMod:SpiceUp+1"],"picked":"SKIP","floor":29.0},{"not_picked":["TheSimpletonMod:KeenEdge","TheSimpletonMod:SeedCoat+1","TheSimpletonMod:SpiceUp+1"],"picked":"TheSimpletonMod:Asparagus","floor":30.0},{"not_picked":["TheSimpletonMod:Biorefinement","TheSimpletonMod:BuzzBomb","TheSimpletonMod:CrackOfDawn"],"picked":"TheSimpletonMod:CropDiversity+1","floor":33.0},{"not_picked":["TheSimpletonMod:Rototilling+1","TheSimpletonMod:DigIn+1","TheSimpletonMod:KeenEdge+1","TheSimpletonMod:Corn+1"],"picked":"SKIP","floor":35.0},{"not_picked":["TheSimpletonMod:Pruning+1","TheSimpletonMod:CropRotation+1","TheSimpletonMod:SlashAndBurn","TheSimpletonMod:Rototilling+1"],"picked":"SKIP","floor":37.0},{"not_picked":["TheSimpletonMod:PestManagement+1","TheSimpletonMod:ControlledBurn+1","TheSimpletonMod:SeedCoat+1"],"picked":"TheSimpletonMod:CrackOfDawn","floor":38.0},{"not_picked":["TheSimpletonMod:Swelter+1","TheSimpletonMod:Fertilaser+1","TheSimpletonMod:ToughenUp+1"],"picked":"TheSimpletonMod:Squash+1","floor":40},{"not_picked":["Deep Breath+1","Magnetism","Forethought+1"],"picked":"Flash of Steel","floor":41},{"not_picked":["TheSimpletonMod:RootDown+1","TheSimpletonMod:CullingStrike+1","TheSimpletonMod:ControlledBurn+1","TheSimpletonMod:OnionBloom+1"],"picked":"SKIP","floor":42},{"not_picked":["TheSimpletonMod:ControlledBurn+1","TheSimpletonMod:Squash+1","TheSimpletonMod:KeenEdge+1","TheSimpletonMod:OnionBloom+1"],"picked":"SKIP","floor":44},{"not_picked":["TheSimpletonMod:CropRotation+1","TheSimpletonMod:StockTheCellar+1","TheSimpletonMod:SlashAndBurn"],"picked":"TheSimpletonMod:Ferment+1","floor":45},{"not_picked":["TheSimpletonMod:SlashAndBurn+1","TheSimpletonMod:Pruning+1","TheSimpletonMod:FlashPasteurize"],"picked":"TheSimpletonMod:Asparagus+1","floor":47},{"not_picked":["TheSimpletonMod:KeenEdge","TheSimpletonMod:Fertilaser","TheSimpletonMod:CullingStrike","TheSimpletonMod:Aerate+1"],"picked":"SKIP","floor":48},{"not_picked":["TheSimpletonMod:Polyculture+1","TheSimpletonMod:Mulch+1","TheSimpletonMod:Sunseed","TheSimpletonMod:CullingStrike"],"picked":"SKIP","floor":54}],"player_experience":3012916,"relics_obtained":[{"floor":6.0,"key":"bronze:DecasWashers"},{"floor":8.0,"key":"War Paint"},{"floor":9.0,"key":"Toxic Egg 2"},{"floor":10.0,"key":"Odd Mushroom"},{"floor":12.0,"key":"WingedGreaves"},{"floor":20.0,"key":"Necronomicon"},{"floor":21.0,"key":"Boot"},{"floor":23.0,"key":"Pen Nib"},{"floor":23.0,"key":"MawBank"},{"floor":24.0,"key":"Runesmith:AutoHammer"},{"floor":24.0,"key":"Question Card"},{"floor":25.0,"key":"theSenshi:SailorFukuRelic"},{"floor":25.0,"key":"theSenshi:SpiralHeartMoonRodRelic"},{"floor":30.0,"key":"Kunai"},{"floor":30.0,"key":"MealTicket"},{"floor":34.0,"key":"Strawberry"},{"floor":34.0,"key":"TheSimpletonMod:PlanterBox"},{"floor":34.0,"key":"Du-Vu Doll"},{"floor":38.0,"key":"CatCart"},{"floor":40,"key":"Smiling Mask"},{"floor":40,"key":"TheSimpletonMod:CashCrop"},{"floor":42,"key":"Centennial Puzzle"},{"floor":42,"key":"sneckomod:BlankCard"},{"floor":43,"key":"HornCleat"},{"floor":47,"key":"Frozen Egg 2"},{"floor":47,"key":"Bag of Marbles"},{"floor":54,"key":"Akabeko"},{"floor":54,"key":"Ornamental Fan"}],"event_choices":[{"damage_healed":0.0,"max_hp_gain":0.0,"max_hp_loss":0.0,"gold_gain":0.0,"event_name":"Scrap Ooze","player_choice":"Success","floor":2.0,"gold_loss":0.0,"damage_taken":25.0,"relics_obtained":["TheSimpletonMod:PicklingJar"]},{"damage_healed":0.0,"max_hp_gain":0.0,"max_hp_loss":0.0,"gold_gain":0.0,"event_name":"Living Wall","player_choice":"Grow","floor":3.0,"gold_loss":0.0,"damage_taken":0.0,"cards_upgraded":["TheSimpletonMod:ReapAndSow"]},{"damage_healed":0.0,"max_hp_gain":0.0,"max_hp_loss":0.0,"gold_gain":0.0,"event_name":"Match and Keep!","player_choice":"1 cards matched","floor":4.0,"gold_loss":0.0,"damage_taken":0.0,"cards_obtained":["Finesse"]},{"damage_healed":0.0,"max_hp_gain":0.0,"max_hp_loss":0.0,"gold_gain":0.0,"event_name":"Mushrooms","player_choice":"Fought Mushrooms","floor":10.0,"gold_loss":0.0,"damage_taken":0.0},{"cards_removed":["TheSimpletonMod:Strike_TheSimpleton"],"damage_healed":0.0,"max_hp_gain":0.0,"max_hp_loss":0.0,"gold_gain":0.0,"event_name":"Bonfire Elementals","player_choice":"Offered Basic","floor":13.0,"gold_loss":0.0,"damage_taken":0.0},{"damage_healed":0.0,"max_hp_gain":0.0,"max_hp_loss":0.0,"gold_gain":0.0,"event_name":"Cursed Tome","player_choice":"Obtained Book","floor":20.0,"gold_loss":0.0,"damage_taken":16.0},{"cards_removed":["TheSimpletonMod:Strike_TheSimpleton"],"damage_healed":0.0,"max_hp_gain":0.0,"max_hp_loss":0.0,"gold_gain":0.0,"event_name":"Falling","player_choice":"Removed Attack","floor":36.0,"gold_loss":0.0,"damage_taken":0.0},{"damage_healed":0.0,"max_hp_gain":0.0,"max_hp_loss":0.0,"gold_gain":0.0,"event_name":"OrinTheCat","player_choice":"Fight","floor":38.0,"gold_loss":0.0,"damage_taken":0.0},{"damage_healed":0,"gold_gain":0,"player_choice":"Memory 1","damage_taken":0,"max_hp_gain":0,"max_hp_loss":0,"event_name":"SensoryStone","floor":41,"gold_loss":0}],"is_beta":false,"boss_relics":[{"not_picked":["WristBlade","Sozu"],"picked":"Black Star"},{"not_picked":["TheSimpletonMod:OnionBelt","bronze:MakeshiftBattery"],"picked":"Calling Bell"}],"items_purged_floors":[31],"is_endless":false,"potions_floor_spawned":[1,5,10,14,16,19,25,28,30,33,37,40,45,47,48],"ascension_level":9}}