{"host":"n04iuia2ggo2ce0d","time":1612003366,"event":{"mods":["AchievementEnabler","BaseMod","Colored Map","Colored Powertips","Googly Eyes","Minty Spire (QoL Compilation)","Permanent Neow","Quick Restart","SacredBarkPlus","StSLib","Waifu the Spire","everything is the same but u backflip on backflip"],"gold_per_floor":[111,111,61,74,74,117,117,151,151,175,100,123,123,159,159,285,285,300,215,235,251,0,43,43,83,83,126,126,126,151,151,151,251,251,271,271,288,337,337,369,389,400,476,502,522,551,551,378,378,378,378,378,131,158,158],"floor_reached":56,"language":"ENG","playtime":3092,"items_purged":["Strike_R","Strike_R","Twin Strike"],"score":1442,"play_id":"9d910ff5-4f5a-411c-bdd3-cd8022478423","local_time":"20210130114246","is_ascension_mode":true,"campfire_choices":[{"data":"Cleave","floor":7,"key":"SMITH"},{"data":"Metallicize","floor":13,"key":"SMITH"},{"data":"Body Slam","floor":15,"key":"SMITH"},{"data":"Bash","floor":24,"key":"SMITH"},{"data":"Iron Wave","floor":32,"key":"SMITH"},{"floor":47,"key":"RECALL"},{"floor":49,"key":"REST"},{"floor":52,"key":"REST"}],"circlet_count":0,"master_deck":["Defend_R","Defend_R","Bash+1","Clothesline+1","Iron Wave+1","Cleave+1","Infernal Blade+1","Metallicize+1","Body Slam+1","Seeing Red+1","Shrug It Off+1","Offering+1","Iron Wave+1","Offering+1","Entrench+1","Demon Form","Shrug It Off+1","Hemokinesis+1","Ghostly Armor+1","Dual Wield+1","Body Slam+1","Burning Pact+1","Shrug It Off+1"],"relics":["Burning Blood","Bloody Idol","Toxic Egg 2","Anchor","Kunai","Happy Flower","SacredBark","Akabeko","Oddly Smooth Stone","Art of War","Lizard Tail","Bottled Tornado","Self Forming Clay","MutagenicStrength","Fusion Hammer","Pocketwatch","Whetstone","Meat on the Bone","Centennial Puzzle","PreservedInsect","Bottled Lightning","StrikeDummy"],"acts_visited":["Exordium","TheCity","TheBeyond","TheEnding"],"potions_floor_usage":[6,55,55,55],"damage_taken":[{"damage":6,"enemies":"Jaw Worm","floor":1,"turns":3},{"damage":0,"enemies":"Small Slimes","floor":4,"turns":3},{"damage":13,"enemies":"3 Sentries","floor":6,"turns":7},{"damage":16,"enemies":"Lagavulin","floor":8,"turns":5},{"damage":0,"enemies":"2 Louse","floor":10,"turns":1},{"damage":0,"enemies":"Looter","floor":12,"turns":2},{"damage":8,"enemies":"Gremlin Nob","floor":14,"turns":4},{"damage":14,"enemies":"Slime Boss","floor":16,"turns":9},{"damage":6,"enemies":"Spheric Guardian","floor":18,"turns":2},{"damage":6,"enemies":"3 Byrds","floor":20,"turns":3},{"damage":6,"enemies":"Snecko","floor":21,"turns":3},{"damage":8,"enemies":"Book of Stabbing","floor":23,"turns":6},{"damage":10,"enemies":"Slavers","floor":25,"turns":7},{"damage":6,"enemies":"Book of Stabbing","floor":27,"turns":4},{"damage":6,"enemies":"Snake Plant","floor":30,"turns":3},{"damage":41,"enemies":"Collector","floor":33,"turns":8},{"damage":6,"enemies":"Orb Walker","floor":35,"turns":3},{"damage":9,"enemies":"3 Shapes","floor":37,"turns":3},{"damage":14,"enemies":"2 Orb Walkers","floor":38,"turns":3},{"damage":18,"enemies":"Giant Head","floor":40,"turns":6},{"damage":8,"enemies":"Jaw Worm Horde","floor":41,"turns":3},{"damage":18,"enemies":"Writhing Mass","floor":42,"turns":3},{"damage":17,"enemies":"Nemesis","floor":44,"turns":5},{"damage":6,"enemies":"3 Darklings","floor":45,"turns":2},{"damage":14,"enemies":"Reptomancer","floor":46,"turns":2},{"damage":24,"enemies":"Awakened One","floor":50,"turns":5},{"damage":6,"enemies":"Shield and Spear","floor":54,"turns":2},{"damage":29,"enemies":"The Heart","floor":55,"turns":6}],"seed_played":"2014613805333152842","potions_obtained":[{"floor":4,"key":"BlessingOfTheForge"},{"floor":8,"key":"Dexterity Potion"},{"floor":12,"key":"ElixirPotion"},{"floor":16,"key":"ElixirPotion"},{"floor":21,"key":"SmokeBomb"},{"floor":23,"key":"LiquidMemories"},{"floor":25,"key":"HeartOfIron"}],"is_trial":false,"path_per_floor":["M","?","?","M","?","E","R","E","T","M","$","M","R","E","R","B",null,"M","?","M","M","$","E","R","E","T","E","T","?","M","?","R","B",null,"M","?","M","?","?","E","M","M","T","E","M","E","R","$","R","B",null,"R","$","E","B",null],"character_chosen":"IRONCLAD","items_purchased":["Oddly Smooth Stone","Shrug It Off+1","Bottled Lightning"],"campfire_rested":2,"item_purchase_floors":[22,48,53],"current_hp_per_floor":[72,54,54,60,53,46,46,36,36,42,42,48,48,46,46,38,72,72,72,72,72,72,70,70,66,66,66,66,66,66,66,66,36,72,72,72,72,69,69,62,65,58,63,57,62,59,59,59,72,54,72,72,72,72,49],"gold":158,"neow_bonus":"TRANSFORM_TWO_CARDS","is_daily":false,"chose_seed":false,"campfire_upgraded":5,"win_rate":0.0,"timestamp":1612003366,"path_taken":["M","?","?","M","?","E","R","E","T","M","$","M","R","E","R","BOSS","M","?","M","M","$","E","R","E","T","E","?","?","M","?","R","BOSS","M","?","M","?","?","E","M","M","T","E","M","E","R","$","R","BOSS","R","$","E","BOSS"],"items_purchased_type":["Relic","Card","Relic"],"build_version":"2020-12-22","purchased_purges":3,"victory":true,"max_hp_per_floor":[72,72,72,72,72,72,72,72,72,72,72,72,72,72,72,72,72,72,72,72,72,72,72,72,72,72,72,72,72,72,72,72,72,72,72,72,72,72,72,72,72,72,72,72,72,72,72,72,72,72,72,72,72,72,72],"card_choices":[{"not_picked":["Bloodletting","Clothesline"],"picked":"Cleave","floor":1},{"not_picked":["Warcry","Feel No Pain"],"picked":"Twin Strike","floor":4},{"not_picked":["Headbutt","Second Wind+1"],"picked":"Infernal Blade+1","floor":6},{"not_picked":["Clothesline","Havoc+1"],"picked":"Metallicize","floor":8},{"not_picked":["Flex+1","Headbutt"],"picked":"Body Slam","floor":10},{"not_picked":["Havoc+1","Heavy Blade"],"picked":"Seeing Red+1","floor":12},{"not_picked":["Berserk","Heavy Blade"],"picked":"Shrug It Off+1","floor":14},{"not_picked":["Brutality","Corruption"],"picked":"Offering+1","floor":16},{"not_picked":["Clash","Pommel Strike","Intimidate+1"],"picked":"SKIP","floor":18},{"not_picked":["Havoc+1","Pommel Strike+1","Fire Breathing"],"picked":"SKIP","floor":20},{"not_picked":["Reckless Charge","Ghostly Armor+1"],"picked":"Iron Wave","floor":21},{"not_picked":["Heavy Blade","Clash","Sword Boomerang+1"],"picked":"SKIP","floor":23},{"not_picked":["Rampage","True Grit+1"],"picked":"Offering+1","floor":25},{"not_picked":["Thunderclap+1","Hemokinesis"],"picked":"Iron Wave","floor":27},{"not_picked":["Clash","Pommel Strike"],"picked":"Entrench+1","floor":30},{"not_picked":["Berserk","Brutality"],"picked":"Demon Form","floor":33},{"not_picked":["Sentinel+1","Armaments+1"],"picked":"Shrug It Off+1","floor":35},{"not_picked":["Power Through+1","Twin Strike+1"],"picked":"Hemokinesis+1","floor":37},{"not_picked":["Cleave","Dark Embrace+1"],"picked":"Ghostly Armor+1","floor":40},{"not_picked":["Pommel Strike","Sentinel+1"],"picked":"Dual Wield+1","floor":41},{"not_picked":["Warcry+1","Thunderclap+1"],"picked":"Body Slam+1","floor":42},{"not_picked":["Armaments+1","Clothesline+1","Warcry+1"],"picked":"SKIP","floor":44},{"not_picked":["Twin Strike+1","Whirlwind"],"picked":"Burning Pact+1","floor":45},{"not_picked":["Pummel","Headbutt","Searing Blow+1"],"picked":"SKIP","floor":46},{"not_picked":["Pommel Strike","Bludgeon","Iron Wave+1"],"picked":"SKIP","floor":54},{"not_picked":["Pommel Strike","Bludgeon","Iron Wave+1"],"picked":"SKIP","floor":54}],"player_experience":492348,"relics_obtained":[{"floor":6,"key":"Toxic Egg 2"},{"floor":8,"key":"Anchor"},{"floor":9,"key":"Kunai"},{"floor":14,"key":"Happy Flower"},{"floor":23,"key":"Art of War"},{"floor":25,"key":"Lizard Tail"},{"floor":26,"key":"Bottled Tornado"},{"floor":27,"key":"Self Forming Clay"},{"floor":38,"key":"Pocketwatch"},{"floor":40,"key":"Whetstone"},{"floor":43,"key":"Meat on the Bone"},{"floor":44,"key":"Centennial Puzzle"},{"floor":46,"key":"PreservedInsect"},{"floor":54,"key":"StrikeDummy"}],"event_choices":[{"damage_healed":0,"gold_gain":0,"player_choice":"Take Damage","damage_taken":18,"relics_obtained":["Golden Idol"],"max_hp_gain":0,"max_hp_loss":0,"event_name":"Golden Idol","floor":2,"gold_loss":0},{"cards_removed":["Strike_R"],"damage_healed":0,"gold_gain":0,"player_choice":"Card Removal","damage_taken":0,"max_hp_gain":0,"max_hp_loss":0,"event_name":"The Cleric","floor":3,"gold_loss":50},{"cards_removed":["Strike_R"],"damage_healed":0,"gold_gain":0,"player_choice":"Card Removal","damage_taken":7,"max_hp_gain":0,"max_hp_loss":0,"event_name":"Golden Wing","floor":5,"gold_loss":0},{"damage_healed":0,"gold_gain":0,"player_choice":"Obtained Relic","damage_taken":0,"relics_obtained":["Akabeko"],"max_hp_gain":0,"max_hp_loss":0,"event_name":"Addict","floor":19,"gold_loss":85},{"damage_healed":0,"gold_gain":0,"player_choice":"Inject Mutagens","damage_taken":0,"relics_obtained":["MutagenicStrength"],"max_hp_gain":0,"max_hp_loss":0,"event_name":"Drug Dealer","floor":29,"gold_loss":0},{"damage_healed":0,"gold_gain":0,"player_choice":"Gave Idol","damage_taken":0,"relics_obtained":["Bloody Idol"],"max_hp_gain":0,"max_hp_loss":0,"event_name":"Forgotten Altar","floor":31,"relics_lost":["Golden Idol"],"gold_loss":0},{"cards_removed":["Iron Wave"],"damage_healed":0,"gold_gain":0,"player_choice":"Removed Attack","damage_taken":0,"max_hp_gain":0,"max_hp_loss":0,"event_name":"Falling","floor":36,"gold_loss":0},{"damage_healed":0,"gold_gain":0,"player_choice":"Fight","damage_taken":0,"max_hp_gain":0,"max_hp_loss":0,"event_name":"Mysterious Sphere","floor":38,"gold_loss":0},{"cards_removed":["Defend_R"],"damage_healed":0,"gold_gain":0,"player_choice":"Offered Basic","damage_taken":0,"max_hp_gain":0,"max_hp_loss":0,"event_name":"Bonfire Elementals","floor":39,"gold_loss":0}],"is_beta":false,"boss_relics":[{"not_picked":["Runic Dome","Ectoplasm"],"picked":"SacredBark"},{"not_picked":["Black Blood","Snecko Eye"],"picked":"Fusion Hammer"}],"items_purged_floors":[11,22,48],"is_endless":false,"potions_floor_spawned":[4,8,12,16,21,23,25,30,38,41,44,45],"ascension_level":1}}