{"host":"vl29iwkwnyytuw8q","time":1612046790,"event":{"mods":["BaseMod","Minty Spire (QoL Compilation)","Permanent Neow","Relic Stats","StSLib"],"gold_per_floor":[118,118,131,146,163,163,192,192,192,222,222,240,240,165,165,240,240,258,258,272,11,11,11,21,21,21],"floor_reached":25,"language":"ENG","playtime":789,"items_purged":["Strike_R"],"score":382,"play_id":"c3d234f6-c1e4-4889-b0b0-cdd590091ff6","local_time":"20210130234630","is_ascension_mode":true,"campfire_choices":[{"data":"Shrug It Off","floor":6.0,"key":"SMITH"},{"floor":8.0,"key":"REST"},{"data":"Feel No Pain","floor":13.0,"key":"SMITH"},{"data":"Pommel Strike","floor":15.0,"key":"SMITH"},{"floor":23.0,"key":"REST"}],"circlet_count":0,"master_deck":["AscendersBane","Strike_R","Strike_R","Strike_R","Defend_R","Defend_R","Defend_R","Bash","Clash","Shrug It Off+1","Dark Embrace","Reaper","Second Wind","Pommel Strike+1","Berserk","Combust","Feel No Pain+1","Feed","Cleave+1","Barricade","Feel No Pain","Clothesline+1","Fiend Fire","Evolve","Wild Strike"],"relics":["Sozu","Potion Belt","Blood Vial","Black Star","Membership Card"],"acts_visited":["Exordium","TheCity"],"potions_floor_usage":[],"damage_taken":[{"damage":8.0,"enemies":"2 Louse","floor":1.0,"turns":3.0},{"damage":7.0,"enemies":"Small Slimes","floor":3.0,"turns":3.0},{"damage":0.0,"enemies":"Cultist","floor":4.0,"turns":2.0},{"damage":24.0,"enemies":"3 Louse","floor":5.0,"turns":3.0},{"damage":32.0,"enemies":"Gremlin Nob","floor":7.0,"turns":4.0},{"damage":1.0,"enemies":"Lots of Slimes","floor":12.0,"turns":5.0},{"damage":41.0,"enemies":"The Guardian","floor":16.0,"turns":13.0},{"damage":42.0,"enemies":"Shell Parasite","floor":18.0,"turns":7.0},{"damage":39.0,"enemies":"2 Thieves","floor":20.0,"turns":4.0},{"damage":10.0,"enemies":"Centurion and Healer","floor":24.0,"turns":8.0},{"damage":33,"enemies":"Shelled Parasite and Fungi","floor":25,"turns":3}],"seed_played":"-282771632346770515","potions_obtained":[],"is_trial":false,"path_per_floor":["M","?","M","M","M","R","E","R","T","?","?","M","R","$","R","B",null,"M","?","M","$","?","R","M","M"],"character_chosen":"IRONCLAD","items_purchased":["Membership Card","Fiend Fire","Evolve"],"campfire_rested":2,"item_purchase_floors":[21,21,21],"current_hp_per_floor":[60,65,58,58,34,34,6,30,30,30,30,40,40,40,40,7,62,31,31,5,5,5,30,30,0,0],"gold":21,"neow_bonus":"BOSS_RELIC","is_daily":false,"chose_seed":false,"campfire_upgraded":3,"win_rate":0.0,"timestamp":1612046790,"path_taken":["M","?","M","M","M","R","E","R","T","?","?","M","R","$","R","BOSS","M","?","M","$","?","R","M","?"],"items_purchased_type":["Relic","Card","Card"],"build_version":"2020-12-22","purchased_purges":1,"victory":false,"max_hp_per_floor":[75,80,80,80,80,80,80,80,80,80,80,80,80,80,80,80,80,83,83,86,86,86,86,86,86,86],"relic_stats":{"Sozu":6,"Blood Vial":12,"counters":[11,55],"Black Star":0,"obtain_stats":[{"Sozu":0,"Potion Belt":7,"Blood Vial":9,"Black Star":17,"Membership Card":21,"Burning Blood":0},{"Sozu":0,"Potion Belt":5,"Blood Vial":5,"Black Star":7,"Membership Card":9,"Burning Blood":0},{"Sozu":0,"Potion Belt":15,"Blood Vial":15,"Black Star":33,"Membership Card":44,"Burning Blood":0}]},"card_choices":[{"not_picked":["Cleave","Anger"],"picked":"Clash","floor":1.0},{"not_picked":["Thunderclap","Rupture"],"picked":"Shrug It Off","floor":3.0},{"not_picked":["Body Slam","Ghostly Armor"],"picked":"Dark Embrace","floor":4.0},{"not_picked":["Headbutt","Wild Strike"],"picked":"Reaper","floor":5.0},{"not_picked":["Iron Wave","Heavy Blade"],"picked":"Second Wind","floor":7.0},{"not_picked":["Dropkick","Reckless Charge"],"picked":"Feel No Pain","floor":12.0},{"not_picked":["Barricade","Reaper"],"picked":"Feed","floor":16.0},{"not_picked":["Searing Blow","Perfected Strike"],"picked":"Cleave+1","floor":18.0},{"not_picked":["Feel No Pain","Warcry"],"picked":"Clothesline+1","floor":20.0},{"not_picked":["True Grit","Pommel Strike"],"picked":"Wild Strike","floor":24.0}],"player_experience":651233,"relics_obtained":[{"floor":7.0,"key":"Potion Belt"},{"floor":9.0,"key":"Blood Vial"}],"event_choices":[{"damage_healed":0.0,"max_hp_gain":5.0,"max_hp_loss":0.0,"gold_gain":0.0,"event_name":"Big Fish","player_choice":"Donut","floor":2.0,"gold_loss":0.0,"damage_taken":0.0},{"damage_healed":0.0,"max_hp_gain":0.0,"max_hp_loss":0.0,"gold_gain":30.0,"event_name":"Dead Adventurer","player_choice":"Searched \u00271\u0027 times","floor":10.0,"gold_loss":0.0,"damage_taken":0.0},{"damage_healed":0.0,"max_hp_gain":0.0,"max_hp_loss":0.0,"gold_gain":0.0,"event_name":"Match and Keep!","player_choice":"3 cards matched","floor":11.0,"gold_loss":0.0,"damage_taken":0.0,"cards_obtained":["Pommel Strike","Berserk","Combust"]},{"damage_healed":0.0,"max_hp_gain":0.0,"max_hp_loss":0.0,"gold_gain":0.0,"cards_transformed":["Strike_R","Defend_R"],"event_name":"Drug Dealer","player_choice":"Became Test Subject","floor":19.0,"gold_loss":0.0,"damage_taken":0.0,"cards_obtained":["Barricade","Feel No Pain"]},{"damage_healed":0.0,"max_hp_gain":0.0,"max_hp_loss":0.0,"gold_gain":0.0,"event_name":"FaceTrader","player_choice":"Leave","floor":22.0,"gold_loss":0.0,"damage_taken":0.0}],"is_beta":false,"boss_relics":[{"not_picked":["SacredBark","Runic Dome"],"picked":"Black Star"}],"items_purged_floors":[14],"is_endless":false,"potions_floor_spawned":[4,5,16,18,20,24],"killed_by":"Shelled Parasite and Fungi","ascension_level":18}}