{"host":"b5jaqh8y266k2cz4","time":1612038512,"event":{"mods":["AchievementEnabler","Aspiration","BaseMod","Colored Powertips","Conspire","Downfall","Googly Eyes","Hermit","Highlight Path","Hubris","Infinite Spire","MarisaÅiñ∂âJÅ@ñÇóùçπÅj","Mimic Mod","Minty Spire (QoL Compilation)","Replay The Spire","SOSÅiézîb?îVéqÅj","Spikes Relics","StSLib","Synergy Search","The Animator","The Cursed","The Jungle","The Necromancer","The Servant 0.9.4","The Wild Card","slay the spire mod where everything is the same but ironclad has a cowboy hat","Åyå˜î\ModÅz?ñæìIç≈?Boss"],"gold_per_floor":[112,129,129,71,71,105,105,144,184,184,184,184,204,220,220,348,348,362,362,362,380,181,181,181,200,200,241,257,257,257],"floor_reached":29,"language":"ENG","playtime":1188,"items_purged":[],"score":316,"play_id":"9caed773-cc54-44f9-a280-32a9d084704a","local_time":"20210130152832","is_ascension_mode":true,"campfire_choices":[{"floor":7,"key":"REST"},{"floor":12,"key":"REST"},{"floor":15,"key":"REST"},{"floor":23,"key":"REST"}],"circlet_count":0,"master_deck":["theWildCard:BasicStrike","theWildCard:BasicStrike","theWildCard:BasicStrike","theWildCard:BasicStrike","theWildCard:BasicDefend","theWildCard:BasicDefend","theWildCard:BasicDefend","theWildCard:BasicDefend","theWildCard:Arsene","theWildCard:StingingStrike","theWildCard:MagicalMight","theWildCard:MagicalMight+1","theWildCard:SeveringSlash","theWildCard:SacrificialStroke","theWildCard:SacrificialStroke","theWildCard:SacrificialStroke","theWildCard:ArcaneArts+1","theWildCard:MagicMettle","theWildCard:MagicMettle"],"relics":["theWildCard:VelvetContract","NeowsBlessing","Golden Idol","aspiration:ChemicalBlood","Bag of Preparation","Philosopher\u0027s Stone","Happy Flower","Regal Pillow","aspiration:Lifesprig","Vajra","Replay:Wax Seal"],"acts_visited":["Exordium","TheCity"],"potions_floor_usage":[14,16,16,18,18,18,25,29,29],"damage_taken":[{"damage":0,"enemies":"Cultist","floor":1,"turns":1},{"damage":0,"enemies":"Small Slimes","floor":2,"turns":1},{"damage":0,"enemies":"Gremlin Nob","floor":6,"turns":1},{"damage":31,"enemies":"3 Sentries","floor":8,"turns":8},{"damage":0,"enemies":"2 Louse","floor":9,"turns":6},{"damage":0,"enemies":"2 Louse","floor":13,"turns":2},{"damage":29,"enemies":"Gremlin Gang","floor":14,"turns":5},{"damage":12,"enemies":"The Guardian","floor":16,"turns":16},{"damage":38,"enemies":"3 Byrds","floor":18,"turns":6},{"damage":0,"enemies":"Shell Parasite","floor":21,"turns":4},{"damage":21,"enemies":"3 Cultists","floor":25,"turns":5},{"damage":0,"enemies":"conspire:Head Lice","floor":27,"turns":3},{"damage":7,"enemies":"Chosen and Byrds","floor":28,"turns":4},{"damage":16,"enemies":"Book of Stabbing","floor":29,"turns":3}],"seed_played":"4496838595767834785","potions_obtained":[{"floor":6,"key":"Elixir"},{"floor":8,"key":"champ:CounterPotion"},{"floor":14,"key":"Block Potion"},{"floor":16,"key":"LiquidMemories"},{"floor":18,"key":"DuplicationPotion"},{"floor":19,"key":"FearPotion"},{"floor":19,"key":"FearPotion"},{"floor":19,"key":"EssenceOfSteel"},{"floor":21,"key":"Fire Potion"}],"is_trial":false,"path_per_floor":["M","M","?","$","?","E","R","E","MIM","?","?","R","M","M","R","B",null,"M","?","$","M","$","R","?","M","T","E","M","E"],"character_chosen":"THE_WILD_CARD","items_purchased":["theWildCard:MagicalMight+1","Happy Flower","Regal Pillow","aspiration:Lifesprig","theWildCard:ArcaneArts"],"campfire_rested":4,"item_purchase_floors":[4,20,20,22,22],"current_hp_per_floor":[60,60,45,45,50,50,65,34,34,34,34,53,53,24,43,31,65,27,27,7,7,7,41,41,20,20,20,13,0,0],"gold":257,"neow_bonus":"THREE_ENEMY_KILL","is_daily":false,"chose_seed":false,"campfire_upgraded":0,"win_rate":0.0,"timestamp":1612038512,"path_taken":["M","M","?","$","?","E","R","E","MIM","?","?","R","M","?","R","BOSS","M","?","?","M","$","R","?","M","T","E","M","E"],"items_purchased_type":["Card","Relic","Relic","Relic","Card"],"build_version":"2020-12-22","purchased_purges":0,"victory":false,"max_hp_per_floor":[60,60,60,60,65,65,65,65,65,65,65,65,65,65,65,65,65,65,65,65,65,65,65,65,65,65,65,65,65,65],"card_choices":[{"not_picked":["theWildCard:Polydeuces","theWildCard:StalwartBlade"],"picked":"theWildCard:StingingStrike","floor":1},{"not_picked":["theWildCard:Polydeuces","theWildCard:UnderLockAndKey"],"picked":"theWildCard:MagicalMight","floor":2},{"not_picked":["theWildCard:IdentityTheft","theWildCard:Alice","theWildCard:LadyLuck"],"picked":"SKIP","floor":6},{"not_picked":["theWildCard:MasterPlan","theWildCard:Overwhelm","theWildCard:Lucifer"],"picked":"SKIP","floor":8},{"not_picked":["theWildCard:Safeguard","theWildCard:StingingStrike"],"picked":"theWildCard:SeveringSlash","floor":9},{"not_picked":["theWildCard:MagicMettle","theWildCard:Proficiency"],"picked":"theWildCard:SacrificialStroke","floor":13},{"not_picked":["theWildCard:BladeOfGenerations","theWildCard:PaleRider","theWildCard:Safeguard"],"picked":"SKIP","floor":14},{"not_picked":["theWildCard:ArcanaArtistry","theWildCard:StingingStrike"],"picked":"theWildCard:SacrificialStroke","floor":18},{"not_picked":["theWildCard:Patience","theWildCard:ArcaneArts"],"picked":"theWildCard:SacrificialStroke","floor":21},{"not_picked":["theWildCard:PaleRider+1","theWildCard:ArcaneArts"],"picked":"theWildCard:MagicMettle","floor":25},{"not_picked":["theWildCard:CryOfAgony","theWildCard:Michael","theWildCard:BladeOfGenerations"],"picked":"SKIP","floor":27},{"not_picked":["theWildCard:BladeOfGenerations","theWildCard:Impatience"],"picked":"theWildCard:MagicMettle","floor":28}],"player_experience":328088,"relics_obtained":[{"floor":8,"key":"aspiration:ChemicalBlood"},{"floor":9,"key":"Bag of Preparation"},{"floor":26,"key":"Vajra"},{"floor":27,"key":"Replay:Wax Seal"}],"event_choices":[{"damage_healed":0,"gold_gain":0,"player_choice":"Take Damage","damage_taken":15,"relics_obtained":["Golden Idol"],"max_hp_gain":0,"max_hp_loss":0,"event_name":"Golden Idol","floor":3,"gold_loss":0},{"damage_healed":0,"gold_gain":0,"player_choice":"Donut","damage_taken":0,"max_hp_gain":5,"max_hp_loss":0,"event_name":"Big Fish","floor":5,"gold_loss":0},{"damage_healed":0,"gold_gain":0,"player_choice":"Leave","damage_taken":0,"max_hp_gain":0,"max_hp_loss":0,"event_name":"conspire:Investor","floor":10,"gold_loss":0},{"cards_removed":["theWildCard:CallToAdventure"],"damage_healed":0,"gold_gain":0,"player_choice":"Offered Basic","damage_taken":0,"max_hp_gain":0,"max_hp_loss":0,"event_name":"Bonfire Elementals","floor":11,"gold_loss":0},{"damage_healed":0,"gold_gain":0,"player_choice":"Got Potions","damage_taken":0,"max_hp_gain":0,"max_hp_loss":0,"event_name":"Lab","floor":19,"gold_loss":0},{"damage_healed":0,"gold_gain":0,"player_choice":"Upgraded","damage_taken":0,"max_hp_gain":0,"max_hp_loss":0,"event_name":"Upgrade Shrine","floor":24,"gold_loss":0,"cards_upgraded":["theWildCard:ArcaneArts"]}],"is_beta":false,"boss_relics":[{"not_picked":["Coffee Dripper","Replay:Drink Me"],"picked":"Philosopher\u0027s Stone"}],"items_purged_floors":[],"is_endless":false,"potions_floor_spawned":[6,8,14,16,21,25],"killed_by":"Book of Stabbing","ascension_level":1}}