{"host":"6xsbn6ynqlzwllfm","time":1612046817,"event":{"mods":["2.2 Compatiblity","BaseMod","Bestiary","Colored Map","Colored Powertips","Curses Come First","Highlight Path","Keyboard Shortcuts","Minty Spire (QoL Compilation)","Relic Stats","Slay the Relics Exporter","StSLib","SuperFastMode"],"gold_per_floor":[112,112,126,138,138,171,181,211,211,231,266,266,275,315,315,315,315],"floor_reached":16,"language":"ENG","playtime":362,"items_purged":[],"score":410,"play_id":"2b4a7ebc-fb46-4c0f-9dcc-384acabc4d00","local_time":"20210130174657","is_ascension_mode":true,"campfire_choices":[{"data":"Tantrum","floor":12.0,"key":"SMITH"},{"data":"Fasting2","floor":15.0,"key":"SMITH"}],"circlet_count":0,"master_deck":["AscendersBane","Strike_P","Strike_P","Strike_P","Strike_P","Defend_P","Defend_P","Defend_P","Defend_P","Eruption","Vigilance","FollowUp+1","FollowUp","Fasting2+1","Tantrum+1","FlyingSleeves","Collect","Protect","Pain","Ragnarok"],"relics":["VioletLotus","Matryoshka","Happy Flower","Frozen Egg 2","Juzu Bracelet","Bottled Tornado","CeramicFish","WarpedTongs","Meat on the Bone"],"acts_visited":["Exordium"],"potions_floor_usage":[],"damage_taken":[{"damage":5.0,"enemies":"2 Louse","floor":1.0,"turns":4.0},{"damage":1.0,"enemies":"Cultist","floor":3.0,"turns":3.0},{"damage":0.0,"enemies":"Small Slimes","floor":4.0,"turns":1.0},{"damage":36.0,"enemies":"3 Sentries","floor":6.0,"turns":10.0},{"damage":5.0,"enemies":"Exordium Thugs","floor":7.0,"turns":5.0},{"damage":0.0,"enemies":"Gremlin Nob","floor":8.0,"turns":2.0},{"damage":6.0,"enemies":"Red Slaver","floor":10.0,"turns":2.0},{"damage":0.0,"enemies":"3 Sentries","floor":11.0,"turns":2.0},{"damage":1.0,"enemies":"Lagavulin","floor":14.0,"turns":4.0},{"damage":16,"enemies":"The Guardian","floor":16,"turns":2}],"seed_played":"-2759876876152376008","potions_obtained":[{"floor":3.0,"key":"FearPotion"},{"floor":6.0,"key":"StancePotion"},{"floor":8.0,"key":"LiquidMemories"},{"floor":11.0,"key":"DistilledChaos"}],"is_trial":false,"path_per_floor":["M","?","M","M","T","E","M","E","T","M","E","R","?","E","R","B"],"character_chosen":"WATCHER","items_purchased":[],"campfire_rested":0,"item_purchase_floors":[],"current_hp_per_floor":[56,56,55,55,55,19,14,14,14,8,8,8,8,7,7,0,0],"gold":315,"neow_bonus":"BOSS_RELIC","is_daily":false,"chose_seed":false,"campfire_upgraded":2,"win_rate":0.0,"timestamp":1612046817,"path_taken":["M","?","M","?","?","E","M","E","T","M","E","R","?","E","R","BOSS"],"items_purchased_type":[],"build_version":"2020-12-22","purchased_purges":0,"victory":false,"max_hp_per_floor":[68,68,68,68,68,68,68,68,68,68,68,68,68,68,68,68,68],"relic_stats":{"Happy Flower":[5],"counters":[10,35],"CeramicFish":27,"VioletLotus":[4],"Juzu Bracelet":0,"obtain_stats":[{"Matryoshka":5,"Happy Flower":6,"CeramicFish":11,"VioletLotus":0,"Juzu Bracelet":9,"PureWater":0,"Frozen Egg 2":8,"Bottled Tornado":9,"WarpedTongs":13,"Meat on the Bone":14},{"Matryoshka":3,"Happy Flower":4,"CeramicFish":8,"VioletLotus":0,"Juzu Bracelet":6,"PureWater":0,"Frozen Egg 2":6,"Bottled Tornado":6,"WarpedTongs":8,"Meat on the Bone":9},{"Matryoshka":8,"Happy Flower":18,"CeramicFish":29,"VioletLotus":0,"Juzu Bracelet":25,"PureWater":0,"Frozen Egg 2":25,"Bottled Tornado":25,"WarpedTongs":29,"Meat on the Bone":33}],"WarpedTongs":[6],"Meat on the Bone":0},"card_choices":[{"not_picked":["CrushJoints","EmptyFist"],"picked":"FollowUp","floor":1.0},{"not_picked":["PathToVictory","JustLucky"],"picked":"FollowUp","floor":3.0},{"not_picked":["Halt","ThirdEye"],"picked":"Fasting2","floor":4.0},{"not_picked":["EmptyFist","SignatureMove"],"picked":"Tantrum","floor":7.0},{"not_picked":["Establishment+1","ClearTheMind"],"picked":"FlyingSleeves","floor":8.0},{"not_picked":["WheelKick","ThirdEye"],"picked":"Collect","floor":10.0},{"not_picked":["Evaluate","FollowUp"],"picked":"Protect","floor":11.0},{"not_picked":["SignatureMove","Protect"],"picked":"Ragnarok","floor":14.0}],"player_experience":1306412,"relics_obtained":[{"floor":5.0,"key":"Matryoshka"},{"floor":6.0,"key":"Happy Flower"},{"floor":8.0,"key":"Frozen Egg 2"},{"floor":9.0,"key":"Juzu Bracelet"},{"floor":9.0,"key":"Bottled Tornado"},{"floor":11.0,"key":"CeramicFish"},{"floor":14.0,"key":"Meat on the Bone"}],"event_choices":[{"damage_healed":0.0,"max_hp_gain":0.0,"max_hp_loss":0.0,"gold_gain":0.0,"event_name":"Upgrade Shrine","player_choice":"Upgraded","floor":2.0,"gold_loss":0.0,"damage_taken":0.0,"cards_upgraded":["FollowUp"]},{"damage_healed":0.0,"max_hp_gain":0.0,"max_hp_loss":0.0,"gold_gain":0.0,"event_name":"Accursed Blacksmith","player_choice":"Rummage","floor":13.0,"gold_loss":0.0,"damage_taken":0.0,"relics_obtained":["WarpedTongs"],"cards_obtained":["Pain"]}],"is_beta":false,"boss_relics":[],"items_purged_floors":[],"is_endless":false,"potions_floor_spawned":[3,6,8,10,11],"killed_by":"The Guardian","ascension_level":20}}