{"host":"4jj9j1v1tx707ann","time":1612006540,"event":{"mods":["AchievementEnabler","BaseMod","Colored Map","Keyboard Shortcuts","Minty Spire (QoL Compilation)","Permanent Neow","Quick Restart","Rare Cards Sparkle","StSLib","SuperFastMode","everything is the same but u backflip on backflip"],"gold_per_floor":[18,37,52,52,52,52,71,110,110,110,128,128,163,184,184,303,303,323,323,341,120,144,144,163,163,190,206,230,248,248,264,264,387,387,387],"floor_reached":34,"language":"KOR","playtime":3137,"items_purged":["Strike_G"],"score":442,"play_id":"49ffbfe5-7b34-43e4-853c-a7ae56c27b75","local_time":"20210130203540","is_ascension_mode":true,"campfire_choices":[{"data":"Crippling Poison","floor":6.0,"key":"SMITH"},{"data":"Dagger Spray","floor":15.0,"key":"SMITH"},{"data":"Envenom","floor":23,"key":"SMITH"},{"floor":25,"key":"REST"},{"floor":32,"key":"REST"}],"circlet_count":0,"master_deck":["Strike_G","Strike_G","Defend_G","Defend_G","Defend_G","Defend_G","Defend_G","Survivor","Neutralize","Blade Dance","Crippling Poison+1","Quick Slash","Blur","Footwork","Dagger Spray+1","Envenom+1","PiercingWail","Escape Plan","Dodge and Roll","Panacea","Poisoned Stab","Backflip+1","Terror+1","Riddle With Holes+1","Crippling Poison+1","Burst"],"relics":["Ring of the Serpent","Peace Pipe","Golden Idol","Snake Skull","InkBottle","Paper Crane","Smiling Mask","Runic Pyramid"],"acts_visited":["Exordium","TheCity","TheBeyond"],"potions_floor_usage":[29,29,33,33],"damage_taken":[{"damage":4.0,"enemies":"Jaw Worm","floor":1.0,"turns":4.0},{"damage":4.0,"enemies":"Small Slimes","floor":2.0,"turns":4.0},{"damage":7.0,"enemies":"2 Louse","floor":3.0,"turns":3.0},{"damage":9.0,"enemies":"Lots of Slimes","floor":7.0,"turns":3.0},{"damage":19.0,"enemies":"Gremlin Nob","floor":8.0,"turns":4.0},{"damage":3.0,"enemies":"Looter","floor":11.0,"turns":3.0},{"damage":19.0,"enemies":"Lagavulin","floor":13.0,"turns":9.0},{"damage":1.0,"enemies":"Exordium Thugs","floor":14.0,"turns":4.0},{"damage":10.0,"enemies":"Slime Boss","floor":16.0,"turns":9.0},{"damage":32.0,"enemies":"Spheric Guardian","floor":18.0,"turns":6.0},{"damage":14,"enemies":"2 Thieves","floor":20,"turns":5},{"damage":4,"enemies":"3 Cultists","floor":22,"turns":4},{"damage":5,"enemies":"Snake Plant","floor":24,"turns":7},{"damage":13,"enemies":"Sentry and Sphere","floor":27,"turns":9},{"damage":10,"enemies":"Centurion and Healer","floor":28,"turns":5},{"damage":5,"enemies":"3 Cultists","floor":29,"turns":6},{"damage":0,"enemies":"Snecko","floor":31,"turns":3},{"damage":18,"enemies":"Champ","floor":33,"turns":11}],"seed_played":"-1795415011127574668","potions_obtained":[{"floor":2.0,"key":"DuplicationPotion"},{"floor":7.0,"key":"SteroidPotion"},{"floor":8.0,"key":"PowerPotion"},{"floor":16.0,"key":"Swift Potion"},{"floor":27,"key":"LiquidMemories"},{"floor":28,"key":"LiquidBronze"},{"floor":29,"key":"Poison Potion"},{"floor":31,"key":"Poison Potion"}],"is_trial":false,"path_per_floor":["M","M","M","?","?","R","M","E","T","?","M","?","E","M","R","B",null,"M","?","M","$","M","R","M","R","T","M","M","M","?","M","R","B",null],"character_chosen":"THE_SILENT","items_purchased":["Dodge and Roll","Panacea"],"campfire_rested":2,"item_purchase_floors":[21,21],"current_hp_per_floor":[66,62,55,55,48,48,39,20,20,41,38,38,19,18,18,8,65,33,33,19,19,15,15,10,29,29,16,6,1,1,1,20,2,65,65],"gold":387,"neow_bonus":"ONE_RARE_RELIC","is_daily":false,"chose_seed":false,"campfire_upgraded":3,"win_rate":0.0,"timestamp":1612006540,"path_taken":["M","M","M","?","?","R","M","E","T","?","M","?","E","M","R","BOSS","M","?","M","$","M","R","M","R","T","M","M","M","?","M","R","BOSS"],"items_purchased_type":["Card","Card"],"build_version":"2020-12-22","purchased_purges":1,"victory":false,"max_hp_per_floor":[70,70,70,65,65,65,65,65,65,65,65,65,65,65,65,65,65,65,65,65,65,65,65,65,65,65,65,65,65,65,65,65,65,65,65],"card_choices":[{"not_picked":["Deadly Poison","Riddle With Holes"],"picked":"Blade Dance","floor":1.0},{"not_picked":["Accuracy","Poisoned Stab"],"picked":"Crippling Poison","floor":2.0},{"not_picked":["Dagger Throw","Deflect","All Out Attack"],"picked":"SKIP","floor":3.0},{"not_picked":["Bullet Time","Dodge and Roll"],"picked":"Quick Slash","floor":7.0},{"not_picked":["Acrobatics","Expertise","Bane"],"picked":"SKIP","floor":8.0},{"not_picked":["Reflex","Quick Slash"],"picked":"Blur","floor":11.0},{"not_picked":["Riddle With Holes","Blur","Tools of the Trade"],"picked":"SKIP","floor":13.0},{"not_picked":["Deflect","Distraction"],"picked":"Dagger Spray","floor":14.0},{"not_picked":["Unload","Bullet Time"],"picked":"Envenom","floor":16.0},{"not_picked":["Flying Knee","Eviscerate"],"picked":"PiercingWail","floor":18.0},{"not_picked":["Leg Sweep","Prepared+1","Bane"],"picked":"SKIP","floor":20},{"not_picked":["Acrobatics+1","Underhanded Strike","Dagger Spray"],"picked":"SKIP","floor":22},{"not_picked":["Prepared","Unload"],"picked":"Poisoned Stab","floor":24},{"not_picked":["Dagger Spray","Deflect"],"picked":"Backflip+1","floor":27},{"not_picked":["Bane","Backflip"],"picked":"Terror+1","floor":28},{"not_picked":["Dagger Spray+1","Outmaneuver"],"picked":"Riddle With Holes+1","floor":29},{"not_picked":["Dodge and Roll","Infinite Blades","Underhanded Strike"],"picked":"SKIP","floor":31},{"not_picked":["Storm of Steel","Grand Finale"],"picked":"Burst","floor":33}],"player_experience":172146,"relics_obtained":[{"floor":8.0,"key":"Snake Skull"},{"floor":9.0,"key":"InkBottle"},{"floor":13.0,"key":"Paper Crane"},{"floor":26,"key":"Smiling Mask"}],"event_choices":[{"damage_healed":0.0,"max_hp_gain":0.0,"max_hp_loss":5.0,"gold_gain":0.0,"event_name":"Golden Idol","player_choice":"Lose Max HP","floor":4.0,"gold_loss":0.0,"damage_taken":0.0,"relics_obtained":["Golden Idol"]},{"cards_removed":["Strike_G"],"damage_healed":0.0,"max_hp_gain":0.0,"max_hp_loss":0.0,"gold_gain":0.0,"event_name":"Golden Wing","player_choice":"Card Removal","floor":5.0,"gold_loss":0.0,"damage_taken":7.0},{"damage_healed":21.0,"max_hp_gain":0.0,"max_hp_loss":0.0,"gold_gain":0.0,"event_name":"Big Fish","player_choice":"Banana","floor":10.0,"gold_loss":0.0,"damage_taken":0.0},{"damage_healed":0.0,"max_hp_gain":0.0,"max_hp_loss":0.0,"gold_gain":0.0,"cards_transformed":["Strike_G"],"event_name":"Living Wall","player_choice":"Change","floor":12.0,"gold_loss":0.0,"damage_taken":0.0,"cards_obtained":["Footwork"]},{"damage_healed":0.0,"max_hp_gain":0.0,"max_hp_loss":0.0,"gold_gain":0.0,"event_name":"The Library","player_choice":"Read","floor":19.0,"gold_loss":0.0,"damage_taken":0.0,"cards_obtained":["Escape Plan"]},{"damage_healed":0,"gold_gain":0,"player_choice":"Copied","damage_taken":0,"max_hp_gain":0,"max_hp_loss":0,"event_name":"Duplicator","floor":30,"gold_loss":0,"cards_obtained":["Crippling Poison"]}],"is_beta":false,"boss_relics":[{"not_picked":["Pandora\u0027s Box","SlaversCollar"],"picked":"Ring of the Serpent"},{"not_picked":["WristBlade","Sozu"],"picked":"Runic Pyramid"}],"items_purged_floors":[21],"is_endless":false,"potions_floor_spawned":[2,7,8,16,27,28,29,31],"ascension_level":4}}