{"host":"2se5dq1do2gp0x9k","time":1612031704,"event":{"mods":["AchievementEnabler","BaseMod","Block Reminder","Colored Map","Colored Powertips","Minty Spire (QoL Compilation)","Relic Stats","StSLib","SuperFastMode"],"gold_per_floor":[111,130,130,143,218,218,252,317,340,45,45,45,84,105,105,201,201,226,226,246,261,282,282,282,282],"floor_reached":24,"language":"ENG","playtime":778,"items_purged":["Strike_B"],"score":512,"play_id":"a86176a7-ece0-4e2c-b8f7-96e41b78a071","local_time":"20210130103504","is_ascension_mode":true,"campfire_choices":[{"data":"Zap","floor":6,"key":"SMITH"},{"data":"Sweeping Beam","floor":12,"key":"SMITH"},{"data":"Beam Cell","floor":15,"key":"SMITH"},{"floor":23,"key":"REST"}],"circlet_count":0,"master_deck":["AscendersBane","Strike_B","Strike_B","Defend_B","Defend_B","Defend_B","Defend_B","Zap+1","Dualcast","Leap","Tempest","Cold Snap","Hologram","Sweeping Beam+1","Cold Snap","Beam Cell+1","Ball Lightning","Echo Form","Coolheaded","Defragment"],"relics":["FrozenCore","NeowsBlessing","Bag of Preparation","Mango","Ancient Tea Set","Runic Capacitor","Golden Idol","Ornamental Fan","Tiny Chest"],"acts_visited":["Exordium","TheCity"],"potions_floor_usage":[8,16,24],"damage_taken":[{"damage":0,"enemies":"Jaw Worm","floor":1,"turns":1},{"damage":0,"enemies":"Small Slimes","floor":2,"turns":1},{"damage":0,"enemies":"2 Louse","floor":4,"turns":1},{"damage":31,"enemies":"Lagavulin","floor":7,"turns":9},{"damage":1,"enemies":"3 Sentries","floor":8,"turns":10},{"damage":13,"enemies":"3 Sentries","floor":13,"turns":5},{"damage":0,"enemies":"2 Fungi Beasts","floor":14,"turns":2},{"damage":0,"enemies":"Slime Boss","floor":16,"turns":4},{"damage":9,"enemies":"Shell Parasite","floor":18,"turns":8},{"damage":5,"enemies":"Spheric Guardian","floor":20,"turns":6},{"damage":12,"enemies":"Snecko","floor":21,"turns":5},{"damage":14,"enemies":"Centurion and Healer","floor":22,"turns":8},{"damage":46,"enemies":"Slavers","floor":24,"turns":3}],"seed_played":"-4803134838727322661","potions_obtained":[{"floor":4,"key":"PowerPotion"},{"floor":7,"key":"SneckoOil"},{"floor":13,"key":"AttackPotion"},{"floor":14,"key":"ColorlessPotion"},{"floor":18,"key":"SkillPotion"}],"is_trial":false,"path_per_floor":["M","M","?","M","?","R","E","?","T","$","?","R","E","M","R","B",null,"M","?","M","M","M","R","E"],"character_chosen":"DEFECT","items_purchased":["Cold Snap","Runic Capacitor"],"campfire_rested":1,"item_purchase_floors":[10,10],"current_hp_per_floor":[64,64,57,57,46,46,15,28,28,28,28,28,15,15,15,15,62,53,53,48,36,22,45,0,0],"gold":282,"neow_bonus":"THREE_ENEMY_KILL","is_daily":false,"chose_seed":false,"campfire_upgraded":3,"win_rate":0.0,"timestamp":1612031704,"path_taken":["M","M","?","M","?","R","E","?","T","$","?","R","E","M","R","BOSS","M","?","M","M","?","R","E"],"items_purchased_type":["Card","Relic"],"build_version":"2020-12-22","purchased_purges":1,"victory":false,"max_hp_per_floor":[71,71,71,71,71,71,71,85,85,85,77,77,77,77,77,77,77,77,77,77,77,77,77,77,77],"relic_stats":{"counters":[13,63],"Golden Idol":47,"Ornamental Fan":[40],"Tiny Chest":0,"Bag of Preparation":[18],"obtain_stats":[{"NeowsBlessing":0,"Golden Idol":11,"Ornamental Fan":13,"Mango":8,"Tiny Chest":19,"Bag of Preparation":7,"Runic Capacitor":10,"Cracked Core":0,"Ancient Tea Set":9,"FrozenCore":17},{"NeowsBlessing":0,"Golden Idol":5,"Ornamental Fan":6,"Mango":5,"Tiny Chest":9,"Bag of Preparation":4,"Runic Capacitor":5,"Cracked Core":0,"Ancient Tea Set":5,"FrozenCore":8},{"NeowsBlessing":0,"Golden Idol":22,"Ornamental Fan":27,"Mango":22,"Tiny Chest":41,"Bag of Preparation":12,"Runic Capacitor":22,"Cracked Core":0,"Ancient Tea Set":22,"FrozenCore":33}],"FrozenCore":[9]},"card_choices":[{"not_picked":["Skim","Consume"],"picked":"Leap","floor":1},{"not_picked":["Hologram","Barrage"],"picked":"Tempest","floor":2},{"not_picked":["Compile Driver","Hologram"],"picked":"Cold Snap","floor":4},{"not_picked":["Barrage","Reboot"],"picked":"Hologram","floor":7},{"not_picked":["Hello World","Leap"],"picked":"Sweeping Beam","floor":8},{"not_picked":["Steam","Blizzard"],"picked":"Beam Cell","floor":13},{"not_picked":["Streamline","Coolheaded"],"picked":"Ball Lightning","floor":14},{"not_picked":["Buffer","Multi-Cast"],"picked":"Echo Form","floor":16},{"not_picked":["Leap+1","Gash","Compile Driver"],"picked":"SKIP","floor":18},{"not_picked":["Steam","Redo","Turbo"],"picked":"SKIP","floor":20},{"not_picked":["Sweeping Beam","Turbo"],"picked":"Coolheaded","floor":21},{"not_picked":["Static Discharge","Cold Snap"],"picked":"Defragment","floor":22}],"player_experience":3995724,"relics_obtained":[{"floor":7,"key":"Bag of Preparation"},{"floor":8,"key":"Mango"},{"floor":9,"key":"Ancient Tea Set"},{"floor":13,"key":"Ornamental Fan"}],"event_choices":[{"cards_removed":["Strike_B"],"damage_healed":0,"gold_gain":0,"player_choice":"Card Removal","damage_taken":7,"max_hp_gain":0,"max_hp_loss":0,"event_name":"Golden Wing","floor":3,"gold_loss":0},{"damage_healed":0,"gold_gain":75,"player_choice":"Gather Gold","damage_taken":11,"max_hp_gain":0,"max_hp_loss":0,"event_name":"World of Goop","floor":5,"gold_loss":0},{"damage_healed":0,"gold_gain":0,"player_choice":"Searched \u00271\u0027 times","damage_taken":0,"max_hp_gain":0,"max_hp_loss":0,"event_name":"Dead Adventurer","floor":8,"gold_loss":0},{"damage_healed":0,"gold_gain":0,"player_choice":"Lose Max HP","damage_taken":0,"relics_obtained":["Golden Idol"],"max_hp_gain":0,"max_hp_loss":8,"event_name":"Golden Idol","floor":11,"gold_loss":0},{"damage_healed":0,"gold_gain":0,"player_choice":"Gave Potion","damage_taken":0,"relics_obtained":["Tiny Chest"],"max_hp_gain":0,"max_hp_loss":0,"event_name":"WeMeetAgain","floor":19,"gold_loss":0}],"is_beta":false,"boss_relics":[{"not_picked":["Velvet Choker","Coffee Dripper"],"picked":"FrozenCore"}],"items_purged_floors":[10],"is_endless":false,"potions_floor_spawned":[4,7,13,14,18],"killed_by":"Slavers","ascension_level":20}}