{"host":"363c1o4m0ew2jbar","time":1612000552,"event":{"mods":["AchievementEnabler","BaseMod","Better Note","Downfall","Hubris","Minty Spire (QoL Compilation)","StSLib"],"gold_per_floor":[99,99,99,99,99,99,99,99,115,134,144,44,61,46,64,169,169,169,181,181,91,109,109,109,109,9,22,35,58,58,58,68,165,165,165,180,200,200,218,230,278,290,302,302,302],"floor_reached":43,"language":"ENG","playtime":2051,"items_purged":["bronze:Strike"],"score":393,"play_id":"29eabf53-ff41-4f01-9b18-4ef35d11d7da","local_time":"20210129235552","is_ascension_mode":false,"campfire_choices":[{"floor":1,"key":"RECALL"},{"data":"bronze:Repulsor","floor":12,"key":"SMITH"},{"floor":18,"key":"DIG"},{"floor":23,"key":"REST"},{"floor":26,"key":"REST"},{"data":"bronze:Shell","floor":30,"key":"SMITH"},{"floor":35,"key":"DIG"}],"circlet_count":0,"master_deck":["bronze:Strike","bronze:Strike","bronze:Defend","bronze:Defend","bronze:Defend","bronze:Replicate","bronze:Goto+1","bronze:CutThrough+1","bronze:ItsAFeature+1","bronze:Flail","bronze:Safeguard+1","bronze:MaxOutput","bronze:Repulsor+1","bronze:Repulsor","bronze:GetLatest","bronze:HardenedForm","bronze:Shield","bronze:Shell+1","hubris:NaturalOne","bronze:HardenedForm","bronze:OilSpill","bronze:BugBarrage+1"],"relics":["bronze:BronzeCore","downfall:HeartsMalice","Shovel","hubris:Icosahedron","Torii","downfall:HeartBlessingRed","Busted Crown","Orichalcum","downfall:HeartBlessingBlue","hubris:SlimyHat","hubris:HollowSoul","Dream Catcher","MawBank","Bottled Lightning"],"acts_visited":["Exordium","TheCity","TheBeyond"],"potions_floor_usage":[16,16,36,37,40,43],"damage_taken":[{"damage":0,"enemies":"2 Louse","floor":2,"turns":1},{"damage":0,"enemies":"Small Slimes","floor":3,"turns":1},{"damage":0,"enemies":"Cultist","floor":4,"turns":1},{"damage":4,"enemies":"3 Louse","floor":9,"turns":3},{"damage":1,"enemies":"Red Slaver","floor":10,"turns":2},{"damage":20,"enemies":"Exordium Wildlife","floor":11,"turns":4},{"damage":1,"enemies":"Large Slime","floor":13,"turns":4},{"damage":12,"enemies":"downfall:FleeingMerchant","floor":14,"turns":4},{"damage":21,"enemies":"Exordium Wildlife","floor":15,"turns":2},{"damage":30,"enemies":"SI_SHIV_ARCHETYPE","floor":16,"turns":8},{"damage":16,"enemies":"Shell Parasite","floor":19,"turns":6},{"damage":0,"enemies":"downfall:FleeingMerchant","floor":21,"turns":4},{"damage":28,"enemies":"Spheric Guardian","floor":22,"turns":6},{"damage":0,"enemies":"Cultist and Chosen","floor":27,"turns":5},{"damage":10,"enemies":"Snecko","floor":28,"turns":7},{"damage":16,"enemies":"Snake Plant","floor":32,"turns":5},{"damage":40,"enemies":"IC_MUSHROOM_ARCHETYPE","floor":33,"turns":9},{"damage":21,"enemies":"3 Shapes","floor":36,"turns":4},{"damage":10,"enemies":"3 Darklings","floor":37,"turns":6},{"damage":12,"enemies":"4 Shapes","floor":39,"turns":6},{"damage":12,"enemies":"Transient","floor":40,"turns":5},{"damage":20,"enemies":"Nemesis","floor":43,"turns":4}],"seed_played":"-2258955005727466099","potions_obtained":[{"floor":10,"key":"Ancient Potion"},{"floor":11,"key":"BlessingOfTheForge"},{"floor":13,"key":"hexamod:SoulburnPotion"},{"floor":22,"key":"bronze:CleanCodePotion"},{"floor":33,"key":"SteroidPotion"},{"floor":39,"key":"PowerPotion"},{"floor":40,"key":"SpeedPotion"}],"is_trial":false,"path_per_floor":["R","M","M","M","?","?","T","?","M","M","M","R","M","$","M","B",null,"R","M","?","$","M","R","T","?","R","M","M","T","R","?","M","B",null,"R","M","M","?","M","M","T","?","E"],"character_chosen":"THE_AUTOMATON","items_purchased":[],"campfire_rested":2,"item_purchase_floors":[],"current_hp_per_floor":[70,70,70,70,70,70,70,70,66,65,45,45,69,57,36,6,70,70,54,54,54,26,47,47,39,73,73,63,63,63,63,47,7,80,80,59,49,49,37,25,25,25,5,5,5],"gold":302,"neow_bonus":"THREE_ENEMY_KILL","is_daily":false,"chose_seed":false,"campfire_upgraded":2,"win_rate":0.0,"timestamp":1612000552,"path_taken":["R","M","M","M","?","?","T","?","M","M","M","R","M","$","M","BOSS","R","M","?","$","M","R","T","?","R","?","M","?","R","?","M","BOSS","R","M","M","?","M","M","T","?","E"],"items_purchased_type":[],"build_version":"2020-12-22","purchased_purges":1,"victory":false,"max_hp_per_floor":[70,70,70,70,70,70,70,70,70,70,70,70,70,70,70,70,70,70,70,70,70,70,70,70,70,80,80,80,80,80,80,80,80,80,80,80,80,80,80,80,80,80,80,80,80],"card_choices":[{"not_picked":["bronze:Turbo","bronze:Allocate"],"picked":"bronze:CutThrough","floor":2},{"not_picked":["bronze:BuggyMess","bronze:Return"],"picked":"bronze:ItsAFeature","floor":3},{"not_picked":["bronze:WhirlingStrike","bronze:Refactor"],"picked":"bronze:Flail","floor":4},{"not_picked":["bronze:DigitalCarnage","bronze:Flail"],"picked":"bronze:Safeguard","floor":9},{"not_picked":["bronze:Return","bronze:DelayedSlice"],"picked":"bronze:MaxOutput","floor":10},{"not_picked":["bronze:Shield","bronze:BitShift"],"picked":"bronze:Repulsor","floor":11},{"not_picked":["bronze:Turbo","bronze:BitShift"],"picked":"bronze:Repulsor","floor":13},{"not_picked":["bronze:Branch","bronze:Overload","bronze:DelayedGuard"],"picked":"SKIP","floor":14},{"not_picked":["bronze:Assembly","bronze:Turbo"],"picked":"bronze:GetLatest","floor":15},{"not_picked":["bronze:BurnOut","bronze:Virus"],"picked":"bronze:HardenedForm","floor":16},{"not_picked":["bronze:ChildClass"],"picked":"SKIP","floor":19},{"not_picked":[],"picked":"bronze:Shield","floor":21},{"not_picked":["bronze:BitShift+1"],"picked":"SKIP","floor":22},{"not_picked":[],"picked":"bronze:Shell","floor":27},{"not_picked":["bronze:Return"],"picked":"SKIP","floor":28},{"not_picked":["bronze:Shell"],"picked":"SKIP","floor":32},{"not_picked":[],"picked":"bronze:HardenedForm","floor":33},{"not_picked":["bronze:Shield+1"],"picked":"SKIP","floor":36},{"not_picked":["bronze:ForLoop"],"picked":"SKIP","floor":37},{"not_picked":[],"picked":"bronze:BugBarrage+1","floor":39},{"not_picked":["bronze:Return+1"],"picked":"SKIP","floor":40}],"player_experience":1225538,"relics_obtained":[{"floor":7,"key":"Torii"},{"floor":18,"key":"Orichalcum"},{"floor":29,"key":"hubris:SlimyHat"},{"floor":35,"key":"Dream Catcher"},{"floor":41,"key":"MawBank"},{"floor":42,"key":"Bottled Lightning"}],"event_choices":[{"damage_healed":0,"gold_gain":0,"player_choice":"Box","damage_taken":0,"relics_obtained":["Shovel"],"max_hp_gain":0,"max_hp_loss":0,"event_name":"Big Fish","floor":5,"gold_loss":0,"cards_obtained":["Regret"]},{"cards_removed":["bronze:Strike"],"damage_healed":0,"gold_gain":0,"player_choice":"Offered Basic","damage_taken":0,"max_hp_gain":0,"max_hp_loss":0,"event_name":"Bonfire Elementals","floor":8,"gold_loss":0}],"is_beta":false,"boss_relics":[{"not_picked":["hubris:CrackedHourglass","hubris:RunicObelisk"],"picked":"Busted Crown"},{"not_picked":["hubris:VirtuousBlindfold","Astrolabe"],"picked":"hubris:HollowSoul"}],"items_purged_floors":[21],"is_endless":false,"potions_floor_spawned":[10,11,13,15,22,33,39,40],"killed_by":"Nemesis","ascension_level":0}}