{"host":"mnpd8gh7cwxsn5kh","time":1612035826,"event":{"mods":["BaseMod","Bestiary","Block Reminder","Colored Map","Colored Powertips","Highlight Path","Minty Spire (QoL Compilation)","Relic Sorter","Relic Stats"],"gold_per_floor":[114,189,189,28,46,81,81,107,107,138,148,148,148,42,42,165,165,188,113,113,137,18,57,57,57,82,123,178,203,129,148,148,276,276,297,297,297,297,316,349,349,349,349,388,388,402,2,16,16,16],"floor_reached":51,"language":"ENG","playtime":5688,"items_purged":[],"score":969,"play_id":"99d4f605-be8f-4b67-ad59-7cd871011e00","local_time":"20210130204346","is_ascension_mode":true,"campfire_choices":[{"data":"True Grit","floor":7.0,"key":"SMITH"},{"data":"Entrench","floor":13.0,"key":"SMITH"},{"data":"Rampage","floor":15.0,"key":"SMITH"},{"data":"Body Slam","floor":24.0,"key":"SMITH"},{"data":"Demon Form","floor":32.0,"key":"SMITH"},{"data":"Clothesline","floor":42,"key":"SMITH"},{"data":"Defend_R","floor":49,"key":"SMITH"}],"circlet_count":0,"master_deck":["Defend_R+1","Defend_R","Defend_R","Bash","Entrench+1","True Grit+1","Demon Form+1","Cleave","Twin Strike","Infernal Blade+1","Armaments+1","Clothesline+1","Rage+1","Rampage+1","Offering+1","Body Slam+1","Entrench+1","Reaper","True Grit+1","Bite","Bite","Bite","Bite","Bite","Shrug It Off+1","True Grit+1","Feed","Flex+1","Madness+1","Juggernaut+1","Parasite","Barricade+1","Shrug It Off+1","Body Slam+1","Sentinel+1"],"relics":["Burning Blood","Bag of Preparation","Self Forming Clay","Toxic Egg 2","Boot","Golden Idol","Runic Pyramid","Torii","Nunchaku","White Beast Statue","Pen Nib","Philosopher\u0027s Stone","Ginger","The Courier","Frozen Egg 2","Ancient Tea Set","Mummified Hand","Oddly Smooth Stone","DollysMirror"],"acts_visited":["Exordium","TheCity","TheBeyond"],"potions_floor_usage":[40,44,50,50],"damage_taken":[{"damage":3.0,"enemies":"Jaw Worm","floor":1.0,"turns":7.0},{"damage":3.0,"enemies":"2 Louse","floor":5.0,"turns":3.0},{"damage":40.0,"enemies":"Lagavulin","floor":6.0,"turns":9.0},{"damage":17.0,"enemies":"3 Sentries","floor":8.0,"turns":9.0},{"damage":13.0,"enemies":"Lagavulin","floor":10.0,"turns":7.0},{"damage":3.0,"enemies":"Cultist","floor":11.0,"turns":3.0},{"damage":17.0,"enemies":"The Guardian","floor":16.0,"turns":16.0},{"damage":2.0,"enemies":"Spheric Guardian","floor":18.0,"turns":4.0},{"damage":7.0,"enemies":"3 Byrds","floor":21.0,"turns":4.0},{"damage":27.0,"enemies":"Slavers","floor":23.0,"turns":7.0},{"damage":25.0,"enemies":"Gremlin Leader","floor":27.0,"turns":12.0},{"damage":14.0,"enemies":"Snecko","floor":29.0,"turns":7.0},{"damage":25.0,"enemies":"Snake Plant","floor":31.0,"turns":5.0},{"damage":29.0,"enemies":"Collector","floor":33.0,"turns":11.0},{"damage":29.0,"enemies":"3 Shapes","floor":35.0,"turns":6.0},{"damage":0,"enemies":"Orb Walker","floor":39,"turns":3},{"damage":30,"enemies":"Reptomancer","floor":40,"turns":7},{"damage":24,"enemies":"Nemesis","floor":44,"turns":7},{"damage":52,"enemies":"Writhing Mass","floor":46,"turns":4},{"damage":40,"enemies":"Jaw Worm Horde","floor":48,"turns":7},{"damage":27,"enemies":"Donu and Deca","floor":50,"turns":7}],"seed_played":"-4649371861825109726","potions_obtained":[{"floor":1.0,"key":"ElixirPotion"},{"floor":10.0,"key":"EssenceOfSteel"},{"floor":11.0,"key":"SteroidPotion"},{"floor":18.0,"key":"SpeedPotion"},{"floor":21.0,"key":"Block Potion"},{"floor":29.0,"key":"Dexterity Potion"},{"floor":31.0,"key":"Regen Potion"},{"floor":33.0,"key":"PowerPotion"},{"floor":35,"key":"Block Potion"},{"floor":39,"key":"HeartOfIron"},{"floor":40,"key":"ElixirPotion"},{"floor":44,"key":"Dexterity Potion"}],"is_trial":false,"path_per_floor":["M","?","?","$","M","E","R","E","T","E","M","?","R","$","R","B",null,"M","?","?","M","$","E","R","?","T","E","T","M","$","M","R","B",null,"M","$","?","?","M","E","T","R","T","E","T","M","$","M","R","B",null],"character_chosen":"IRONCLAD","items_purchased":["Demon Form","Rage+1","Rampage","Reaper","True Grit+1","Shrug It Off+1","True Grit+1","Barricade+1","Shrug It Off+1","Oddly Smooth Stone","DollysMirror"],"campfire_rested":0,"item_purchase_floors":[4,14,14,22,22,30,30,47,47,47,47],"current_hp_per_floor":[75,64,64,64,67,33,33,22,22,17,22,22,22,22,22,13,59,65,65,65,66,66,52,52,52,52,74,74,73,73,74,74,74,74,68,68,68,68,77,81,81,81,81,85,85,53,53,75,75,87],"gold":16,"neow_bonus":"RANDOM_COMMON_RELIC","is_daily":false,"chose_seed":false,"campfire_upgraded":7,"win_rate":0.0,"timestamp":1612035826,"path_taken":["M","?","?","$","?","E","R","E","T","E","M","?","R","$","R","BOSS","M","?","?","?","$","E","R","?","T","E","?","M","?","M","R","BOSS","M","$","?","?","M","E","?","R","T","E","?","M","$","M","R","BOSS"],"items_purchased_type":["Card","Card","Card","Card","Card","Card","Card","Card","Card","Relic","Relic"],"build_version":"2020-12-22","purchased_purges":0,"victory":true,"max_hp_per_floor":[80,80,80,80,80,80,80,80,80,80,80,74,74,74,74,74,74,74,74,74,74,74,74,74,74,74,74,74,74,74,74,74,74,74,77,77,77,77,77,81,81,81,81,85,85,85,85,85,85,89],"relic_stats":{"Nunchaku":[14],"Torii":23,"counters":[21,145],"Self Forming Clay":[183],"Golden Idol":145,"Mummified Hand":[10],"Pen Nib":[12],"Bag of Preparation":[42],"Ginger":[2],"Boot":[42],"obtain_stats":[{"Torii":23,"Self Forming Clay":6,"Golden Idol":12,"Oddly Smooth Stone":47,"Pen Nib":28,"The Courier":41,"Bag of Preparation":0,"Ginger":40,"Frozen Egg 2":43,"Boot":10,"Ancient Tea Set":44,"Burning Blood":0,"White Beast Statue":27,"Blood Vial":9,"Nunchaku":26,"Mummified Hand":45,"DollysMirror":47,"Philosopher\u0027s Stone":34,"Toxic Egg 2":8,"Runic Pyramid":17},{"Torii":10,"Self Forming Clay":3,"Golden Idol":6,"Oddly Smooth Stone":19,"Pen Nib":11,"The Courier":17,"Bag of Preparation":0,"Ginger":17,"Frozen Egg 2":17,"Boot":5,"Ancient Tea Set":18,"Burning Blood":0,"White Beast Statue":11,"Blood Vial":4,"Nunchaku":10,"Mummified Hand":18,"DollysMirror":19,"Philosopher\u0027s Stone":14,"Toxic Egg 2":4,"Runic Pyramid":7},{"Torii":69,"Self Forming Clay":19,"Golden Idol":38,"Oddly Smooth Stone":131,"Pen Nib":81,"The Courier":120,"Bag of Preparation":0,"Ginger":120,"Frozen Egg 2":120,"Boot":35,"Ancient Tea Set":127,"Burning Blood":0,"White Beast Statue":81,"Blood Vial":28,"Nunchaku":69,"Mummified Hand":127,"DollysMirror":131,"Philosopher\u0027s Stone":104,"Toxic Egg 2":28,"Runic Pyramid":54}],"Burning Blood":106},"card_choices":[{"not_picked":["Spot Weakness","Second Wind"],"picked":"Entrench","floor":1.0},{"not_picked":["Anger","Heavy Blade"],"picked":"Cleave","floor":5.0},{"not_picked":["Clothesline","Hemokinesis"],"picked":"Twin Strike","floor":6.0},{"not_picked":["Hemokinesis","Clash"],"picked":"Infernal Blade+1","floor":8.0},{"not_picked":["True Grit+1","Whirlwind"],"picked":"Armaments+1","floor":10.0},{"not_picked":["Clash","Perfected Strike"],"picked":"Clothesline","floor":11.0},{"not_picked":["Brutality","Bludgeon"],"picked":"Offering+1","floor":16.0},{"not_picked":["Clash","Second Wind+1"],"picked":"Body Slam","floor":18.0},{"not_picked":["Perfected Strike+1","Bloodletting+1"],"picked":"Entrench+1","floor":21.0},{"not_picked":["Anger","Blood for Blood","Heavy Blade"],"picked":"SKIP","floor":23.0},{"not_picked":["Rupture+1","Sword Boomerang","Clash"],"picked":"SKIP","floor":27.0},{"not_picked":["Inflame","Fire Breathing","Entrench+1"],"picked":"SKIP","floor":29.0},{"not_picked":["Warcry+1","Power Through+1","Havoc+1"],"picked":"SKIP","floor":31.0},{"not_picked":["Exhume+1","Brutality"],"picked":"Feed","floor":33.0},{"not_picked":["Uppercut","Armaments+1"],"picked":"Flex+1","floor":35},{"not_picked":["Secret Weapon+1","Dramatic Entrance"],"picked":"Madness+1","floor":37},{"not_picked":["Warcry+1","Armaments+1","Dropkick+1"],"picked":"SKIP","floor":39},{"not_picked":["Evolve","Pommel Strike","Reaper"],"picked":"SKIP","floor":40},{"not_picked":["Twin Strike+1","Anger"],"picked":"Juggernaut+1","floor":44},{"not_picked":["True Grit+1","Armaments+1","Reckless Charge+1"],"picked":"SKIP","floor":46},{"not_picked":["Headbutt+1","Reckless Charge"],"picked":"Sentinel+1","floor":48}],"player_experience":204038,"relics_obtained":[{"floor":6.0,"key":"Self Forming Clay"},{"floor":8.0,"key":"Toxic Egg 2"},{"floor":9.0,"key":"Blood Vial"},{"floor":10.0,"key":"Boot"},{"floor":23.0,"key":"Torii"},{"floor":26.0,"key":"Nunchaku"},{"floor":27.0,"key":"White Beast Statue"},{"floor":28.0,"key":"Pen Nib"},{"floor":40,"key":"Ginger"},{"floor":41,"key":"The Courier"},{"floor":43,"key":"Frozen Egg 2"},{"floor":44,"key":"Ancient Tea Set"},{"floor":45,"key":"Mummified Hand"}],"event_choices":[{"damage_healed":0.0,"max_hp_gain":0.0,"max_hp_loss":0.0,"gold_gain":75.0,"event_name":"World of Goop","player_choice":"Gather Gold","floor":2.0,"gold_loss":0.0,"damage_taken":11.0},{"damage_healed":0.0,"max_hp_gain":0.0,"max_hp_loss":0.0,"gold_gain":0.0,"event_name":"Match and Keep!","player_choice":"1 cards matched","floor":3.0,"gold_loss":0.0,"damage_taken":0.0,"cards_obtained":["True Grit"]},{"damage_healed":0.0,"max_hp_gain":0.0,"max_hp_loss":6.0,"gold_gain":0.0,"event_name":"Golden Idol","player_choice":"Lose Max HP","floor":12.0,"gold_loss":0.0,"damage_taken":0.0,"relics_obtained":["Golden Idol"]},{"cards_removed":["Strike_R"],"damage_healed":0.0,"max_hp_gain":0.0,"max_hp_loss":0.0,"gold_gain":0.0,"event_name":"Beggar","player_choice":"Gave Gold","floor":19.0,"gold_loss":75.0,"damage_taken":0.0},{"damage_healed":0.0,"max_hp_gain":0.0,"max_hp_loss":0.0,"gold_gain":0.0,"event_name":"Vampires","player_choice":"Became a vampire (Vial)","floor":25.0,"relics_lost":["Blood Vial"],"gold_loss":0.0,"damage_taken":0.0,"cards_obtained":["Bite","Bite","Bite","Bite","Bite"]},{"damage_healed":0,"gold_gain":0,"player_choice":"Memory 1","damage_taken":0,"max_hp_gain":0,"max_hp_loss":0,"event_name":"SensoryStone","floor":37,"gold_loss":0},{"cards_removed":["Defend_R"],"damage_healed":0,"gold_gain":0,"player_choice":"Removed Skill","damage_taken":0,"max_hp_gain":0,"max_hp_loss":0,"event_name":"Falling","floor":38,"gold_loss":0}],"is_beta":false,"boss_relics":[{"not_picked":["Fusion Hammer","Cursed Key"],"picked":"Runic Pyramid"},{"not_picked":["SacredBark","Runic Cube"],"picked":"Philosopher\u0027s Stone"}],"items_purged_floors":[],"is_endless":false,"potions_floor_spawned":[1,10,11,18,21,29,31,33,35,39,40,44,46,48],"ascension_level":6}}