{"host":"p4v0hquynnreu717","time":1612018372,"event":{"mods":["BaseMod","Better Vampires","DeckTracker","Googly Eyes","Minty Spire (QoL Compilation)","Quick Restart","StSLib","SuperFastMode"],"gold_per_floor":[117,135,135,147,165,165,199,199,247,282,296,296,315,333,333,411,411,431,431,446,466,485,485,501,501,574,574,319,319,331,343,343,415,415,435,435,483,361,372,401,401,428,453,488,488,488],"floor_reached":45,"language":"ZHS","playtime":1821,"items_purged":["Strike_R","Bash"],"score":999,"play_id":"3b7e8df2-cead-4df2-b84a-d9b10df59485","local_time":"20210130225252","is_ascension_mode":true,"campfire_choices":[{"data":"Sword Boomerang","floor":6.0,"key":"SMITH"},{"data":"Armaments","floor":8.0,"key":"SMITH"},{"data":"Evolve","floor":12.0,"key":"SMITH"},{"data":"Armaments","floor":15.0,"key":"SMITH"},{"floor":23.0,"key":"REST"},{"data":"Entrench","floor":25.0,"key":"SMITH"},{"floor":29.0,"key":"REST"},{"data":"Feed","floor":32.0,"key":"SMITH"},{"floor":41.0,"key":"REST"}],"circlet_count":0,"master_deck":["AscendersBane","Strike_R","Strike_R+1","Strike_R","Defend_R","Defend_R","Defend_R","Defend_R","Spot Weakness+1","Sword Boomerang+1","Burning Pact","Feed+1","Armaments+1","Evolve+1","Havoc","Searing Blow","Armaments+1","Offering","Entrench+1","Inflame","True Grit","Feel No Pain","Sentinel","Burning Pact","Feel No Pain","Offering","Pommel Strike+1","Pommel Strike+1","Double Tap","Bloodletting","Shrug It Off","Body Slam+1","Pommel Strike+1","Power Through+1"],"relics":["Burning Blood","NeowsBlessing","HornCleat","Boot","Calling Bell","Red Skull","Letter Opener","Prayer Wheel","Molten Egg 2","Medical Kit","Philosopher\u0027s Stone","StoneCalendar","Strawberry","Bottled Lightning","Happy Flower","Thread and Needle"],"acts_visited":["Exordium","TheCity","TheBeyond"],"potions_floor_usage":[45,45],"damage_taken":[{"damage":0.0,"enemies":"2 Louse","floor":1.0,"turns":1.0},{"damage":0.0,"enemies":"Jaw Worm","floor":2.0,"turns":1.0},{"damage":0.0,"enemies":"Cultist","floor":4.0,"turns":1.0},{"damage":14.0,"enemies":"Blue Slaver","floor":5.0,"turns":4.0},{"damage":15.0,"enemies":"Lagavulin","floor":7.0,"turns":7.0},{"damage":27.0,"enemies":"Gremlin Nob","floor":10.0,"turns":4.0},{"damage":8.0,"enemies":"Exordium Wildlife","floor":11.0,"turns":5.0},{"damage":15.0,"enemies":"Looter","floor":13.0,"turns":4.0},{"damage":1.0,"enemies":"Red Slaver","floor":14.0,"turns":3.0},{"damage":20.0,"enemies":"Hexaghost","floor":16.0,"turns":9.0},{"damage":34.0,"enemies":"Chosen","floor":18.0,"turns":7.0},{"damage":15.0,"enemies":"Shell Parasite","floor":20.0,"turns":5.0},{"damage":27.0,"enemies":"Shelled Parasite and Fungi","floor":21.0,"turns":5.0},{"damage":20.0,"enemies":"Chosen and Byrds","floor":22.0,"turns":5.0},{"damage":16.0,"enemies":"Centurion and Healer","floor":24.0,"turns":6.0},{"damage":6.0,"enemies":"Snake Plant","floor":30.0,"turns":6.0},{"damage":12.0,"enemies":"Cultist and Chosen","floor":31.0,"turns":8.0},{"damage":47.0,"enemies":"Collector","floor":33.0,"turns":13.0},{"damage":17.0,"enemies":"3 Shapes","floor":35.0,"turns":7.0},{"damage":30.0,"enemies":"2 Orb Walkers","floor":37.0,"turns":4.0},{"damage":41.0,"enemies":"3 Darklings","floor":39.0,"turns":5.0},{"damage":23.0,"enemies":"Reptomancer","floor":40.0,"turns":5.0},{"damage":39.0,"enemies":"Nemesis","floor":42.0,"turns":7.0},{"damage":16.0,"enemies":"Giant Head","floor":44.0,"turns":6.0},{"damage":15,"enemies":"Writhing Mass","floor":45,"turns":5}],"seed_played":"-8112990939549944767","potions_obtained":[{"floor":2.0,"key":"Explosive Potion"},{"floor":4.0,"key":"Weak Potion"},{"floor":10.0,"key":"Ancient Potion"},{"floor":14.0,"key":"Weak Potion"},{"floor":16.0,"key":"DuplicationPotion"},{"floor":30.0,"key":"ElixirPotion"},{"floor":33.0,"key":"SteroidPotion"}],"is_trial":false,"path_per_floor":["M","M","?","M","M","R","E","R","T","E","M","R","M","M","R","B",null,"M","?","M","M","M","R","M","R","T","?","$","R","M","M","R","B",null,"M","?","?","$","M","E","R","E","T","E","M"],"character_chosen":"IRONCLAD","items_purchased":["Medical Kit","Burning Pact","Shrug It Off"],"campfire_rested":3,"item_purchase_floors":[28,28,38],"current_hp_per_floor":[74,75,52,58,50,50,44,44,44,26,28,28,19,27,27,13,69,45,45,36,18,8,37,31,31,31,31,31,61,61,59,59,18,85,78,78,58,58,27,17,53,24,24,14,0,0],"gold":488,"neow_bonus":"THREE_ENEMY_KILL","is_daily":false,"chose_seed":false,"campfire_upgraded":6,"win_rate":0.0,"timestamp":1612018372,"path_taken":["M","M","?","M","M","R","E","R","T","E","M","R","M","M","R","BOSS","M","?","?","M","M","R","M","R","T","?","?","R","M","M","R","BOSS","M","?","?","?","M","E","R","E","T","E","?"],"items_purchased_type":["Relic","Card","Card"],"build_version":"2020-12-22","purchased_purges":2,"victory":false,"max_hp_per_floor":[75,75,75,75,75,75,78,78,78,81,85,85,85,88,88,88,88,92,92,92,95,99,99,103,103,103,103,103,103,103,107,107,107,107,111,105,109,109,113,120,120,124,124,124,124,124],"card_choices":[{"not_picked":["Anger","Sentinel"],"picked":"Spot Weakness","floor":1.0},{"not_picked":["Anger","Spot Weakness"],"picked":"Sword Boomerang","floor":2.0},{"not_picked":["Infernal Blade","Twin Strike"],"picked":"Burning Pact","floor":4.0},{"not_picked":["Iron Wave","Havoc"],"picked":"Feed","floor":5.0},{"not_picked":["Sword Boomerang","Shrug It Off"],"picked":"Armaments","floor":7.0},{"not_picked":["Shrug It Off","Carnage"],"picked":"Evolve","floor":10.0},{"not_picked":["Clothesline","Flex"],"picked":"Havoc","floor":11.0},{"not_picked":["Sword Boomerang","Havoc"],"picked":"Searing Blow","floor":13.0},{"not_picked":["Cleave","Twin Strike"],"picked":"Armaments","floor":14.0},{"not_picked":["Immolate","Barricade"],"picked":"Offering","floor":16.0},{"not_picked":["Dual Wield","Fire Breathing"],"picked":"Entrench","floor":18.0},{"not_picked":["Havoc","Power Through"],"picked":"Inflame","floor":18.0},{"not_picked":["Inflame","Havoc"],"picked":"True Grit","floor":20.0},{"not_picked":["Cleave","Havoc+1","Inflame"],"picked":"SKIP","floor":20.0},{"not_picked":["Blood for Blood","Clash","Reckless Charge"],"picked":"SKIP","floor":21.0},{"not_picked":["Uppercut","Dual Wield","Headbutt"],"picked":"SKIP","floor":21.0},{"not_picked":["Whirlwind+1","Headbutt"],"picked":"Feel No Pain","floor":22.0},{"not_picked":["Iron Wave","Headbutt","Cleave"],"picked":"SKIP","floor":22.0},{"not_picked":["Evolve","True Grit"],"picked":"Sentinel","floor":24.0},{"not_picked":["Pummel","Sword Boomerang","Fire Breathing+1"],"picked":"SKIP","floor":24.0},{"not_picked":["Fire Breathing","Intimidate"],"picked":"Feel No Pain","floor":30.0},{"not_picked":["Carnage+1","Seeing Red+1"],"picked":"Offering","floor":30.0},{"not_picked":["Feel No Pain","Twin Strike+1"],"picked":"Pommel Strike+1","floor":31.0},{"not_picked":["Twin Strike+1","Sword Boomerang+1"],"picked":"Pommel Strike+1","floor":31.0},{"not_picked":["Fiend Fire+1","Corruption"],"picked":"Double Tap","floor":33.0},{"not_picked":["Uppercut+1","Sword Boomerang+1","Shrug It Off"],"picked":"SKIP","floor":35.0},{"not_picked":["Flex","Reckless Charge+1","Havoc"],"picked":"SKIP","floor":35.0},{"not_picked":["Corruption","Pommel Strike+1"],"picked":"Bloodletting","floor":37.0},{"not_picked":["Thunderclap+1","Wild Strike+1"],"picked":"Body Slam+1","floor":39.0},{"not_picked":["Perfected Strike+1","Bloodletting","Spot Weakness"],"picked":"SKIP","floor":39.0},{"not_picked":["Havoc","Anger+1"],"picked":"Pommel Strike+1","floor":40.0},{"not_picked":["Barricade","Body Slam+1"],"picked":"Power Through+1","floor":42.0},{"not_picked":["Dropkick+1","Battle Trance","Rage"],"picked":"SKIP","floor":44.0}],"player_experience":800519,"relics_obtained":[{"floor":7.0,"key":"HornCleat"},{"floor":10.0,"key":"Boot"},{"floor":17.0,"key":"Red Skull"},{"floor":17.0,"key":"Letter Opener"},{"floor":17.0,"key":"Prayer Wheel"},{"floor":26.0,"key":"Molten Egg 2"},{"floor":37.0,"key":"StoneCalendar"},{"floor":40.0,"key":"Strawberry"},{"floor":42.0,"key":"Bottled Lightning"},{"floor":43.0,"key":"Happy Flower"},{"floor":44.0,"key":"Thread and Needle"}],"event_choices":[{"damage_healed":0.0,"max_hp_gain":0.0,"max_hp_loss":0.0,"gold_gain":0.0,"event_name":"Shining Light","player_choice":"Entered Light","floor":3.0,"gold_loss":0.0,"damage_taken":23.0,"cards_upgraded":["Spot Weakness","Strike_R"]},{"cards_removed":["Strike_R"],"damage_healed":0.0,"max_hp_gain":0.0,"max_hp_loss":0.0,"gold_gain":0.0,"event_name":"Bonfire Elementals","player_choice":"Offered Basic","floor":19.0,"gold_loss":0.0,"damage_taken":0.0},{"damage_healed":0.0,"max_hp_gain":0.0,"max_hp_loss":0.0,"gold_gain":0.0,"event_name":"Vampires","player_choice":"Ignored","floor":27.0,"gold_loss":0.0,"damage_taken":0.0},{"damage_healed":0.0,"max_hp_gain":0.0,"max_hp_loss":6.0,"gold_gain":0.0,"event_name":"Winding Halls","player_choice":"Max HP","floor":36.0,"gold_loss":0.0,"damage_taken":0.0},{"damage_healed":0.0,"max_hp_gain":0.0,"max_hp_loss":0.0,"gold_gain":0.0,"event_name":"Mysterious Sphere","player_choice":"Fight","floor":37.0,"gold_loss":0.0,"damage_taken":0.0}],"is_beta":false,"boss_relics":[{"not_picked":["Fusion Hammer","Black Blood"],"picked":"Calling Bell"},{"not_picked":["Black Star","Cursed Key"],"picked":"Philosopher\u0027s Stone"}],"items_purged_floors":[28,38],"is_endless":false,"potions_floor_spawned":[2,4,10,14,16,20,21,30,33,42,44],"killed_by":"Writhing Mass","ascension_level":15}}