{"host":"vhvubw4jk4f204qs","time":1612031681,"event":{"mods":["AchievementEnabler","BaseMod","DeckTracker","GifTheSpireLib","Minty Spire (QoL Compilation)","Permanent Neow","Quick Restart","StSLib","SuperFastMode","The IronCluck","slay the spire mod where everything is the same but ironclad has a cowboy hat"],"gold_per_floor":[114,125,136,101,116,141,141,173,173,173,173,199,211,39,39,114,114,124,124,149,159,209,239,239,265,265,265,282,282,310,330,330,401,401,414,414,253,271,322,322,115,115,115,127,138,138,360,386,386,386],"floor_reached":51,"language":"ENG","playtime":3304,"items_purged":["Crescendo+1","SignatureMove"],"score":1547,"play_id":"bb52e41a-586c-41d7-b015-6ae35845c716","local_time":"20210130133441","is_ascension_mode":true,"campfire_choices":[{"data":"Eruption","floor":7.0,"key":"SMITH"},{"data":"TalkToTheHand","floor":10.0,"key":"SMITH"},{"data":"Consecrate","floor":15.0,"key":"SMITH"},{"data":"Blasphemy","floor":24.0,"key":"SMITH"},{"data":"Scrawl","floor":27,"key":"SMITH"},{"floor":29,"key":"REST"},{"floor":32,"key":"REST"},{"floor":40,"key":"REST"},{"data":"Establishment","floor":42,"key":"SMITH"},{"floor":46,"key":"REST"},{"floor":49,"key":"REST"}],"circlet_count":0,"master_deck":["AscendersBane","Eruption+1","Vigilance","TalkToTheHand+1","Sanctity","Consecrate+1","SashWhip+1","Consecrate","FearNoEvil","FlurryOfBlows","Evaluate","FollowUp+1","Vengeance","Scrawl+1","Weave","EmptyMind","InnerPeace","Evaluate","FlurryOfBlows","ThirdEye+1","LikeWater","TalkToTheHand","Blasphemy+1","Evaluate","Study","EmptyBody","Establishment+1","Madness","Madness","Fasting2","Scrawl"],"relics":["PureWater","CaptainsWheel","Gremlin Horn","Bottled Lightning","Centennial Puzzle","OrangePellets","Pandora\u0027s Box","Red Mask","Dead Branch","Whetstone","Molten Egg 2","Vajra","Cursed Key","Unceasing Top","Singing Bowl"],"acts_visited":["Exordium","TheCity","TheBeyond"],"potions_floor_usage":[30,33,38,44,44,44,45,50],"damage_taken":[{"damage":2.0,"enemies":"2 Louse","floor":1.0,"turns":4.0},{"damage":8.0,"enemies":"Small Slimes","floor":2.0,"turns":4.0},{"damage":2.0,"enemies":"Jaw Worm","floor":3.0,"turns":3.0},{"damage":0.0,"enemies":"2 Fungi Beasts","floor":5.0,"turns":1.0},{"damage":5.0,"enemies":"Gremlin Nob","floor":6.0,"turns":3.0},{"damage":21.0,"enemies":"3 Sentries","floor":8.0,"turns":6.0},{"damage":15.0,"enemies":"Gremlin Nob","floor":12.0,"turns":3.0},{"damage":0.0,"enemies":"Exordium Thugs","floor":13.0,"turns":3.0},{"damage":5.0,"enemies":"Slime Boss","floor":16.0,"turns":6.0},{"damage":13.0,"enemies":"2 Thieves","floor":18.0,"turns":2.0},{"damage":0.0,"enemies":"Masked Bandits","floor":20.0,"turns":2.0},{"damage":1.0,"enemies":"3 Byrds","floor":21.0,"turns":3.0},{"damage":18.0,"enemies":"Slavers","floor":23.0,"turns":2.0},{"damage":0,"enemies":"Gremlin Leader","floor":25,"turns":2},{"damage":3,"enemies":"3 Cultists","floor":28,"turns":3},{"damage":18,"enemies":"Book of Stabbing","floor":30,"turns":4},{"damage":1,"enemies":"Centurion and Healer","floor":31,"turns":3},{"damage":0,"enemies":"Collector","floor":33,"turns":10},{"damage":0,"enemies":"3 Darklings","floor":35,"turns":1},{"damage":23,"enemies":"3 Shapes","floor":38,"turns":5},{"damage":14,"enemies":"2 Orb Walkers","floor":39,"turns":4},{"damage":0,"enemies":"Jaw Worm Horde","floor":44,"turns":2},{"damage":0,"enemies":"3 Darklings","floor":45,"turns":2},{"damage":24,"enemies":"Nemesis","floor":48,"turns":10},{"damage":35,"enemies":"Time Eater","floor":50,"turns":9}],"seed_played":"-8398866737621868854","potions_obtained":[{"floor":1.0,"key":"StancePotion"},{"floor":2.0,"key":"Fire Potion"},{"floor":8.0,"key":"FearPotion"},{"floor":13.0,"key":"Block Potion"},{"floor":16.0,"key":"Ambrosia"},{"floor":20.0,"key":"CultistPotion"},{"floor":25,"key":"BlessingOfTheForge"},{"floor":30,"key":"PowerPotion"},{"floor":31,"key":"AttackPotion"},{"floor":35,"key":"FearPotion"},{"floor":44,"key":"Fire Potion"},{"floor":48,"key":"Weak Potion"}],"is_trial":false,"path_per_floor":["M","M","M","?","M","E","R","E","T","R","?","E","M","$","R","B",null,"M","?","?","M","?","E","R","E","T","R","M","R","E","M","R","B",null,"M","?","$","M","?","R","$","R","T","M","M","R","?","E","R","B",null],"character_chosen":"WATCHER","items_purchased":["OrangePellets","Fasting2","EntropicBrew"],"campfire_rested":5,"item_purchase_floors":[14,37,41],"current_hp_per_floor":[41,33,31,48,48,43,43,22,22,22,44,29,29,29,29,24,57,44,44,44,43,43,25,25,25,25,25,22,42,24,23,43,43,62,62,50,50,27,13,33,33,33,33,33,33,53,53,29,49,14],"gold":386,"neow_bonus":"TRANSFORM_TWO_CARDS","is_daily":false,"chose_seed":false,"campfire_upgraded":6,"win_rate":0.0,"timestamp":1612031681,"path_taken":["M","M","M","?","M","E","R","E","T","R","?","E","M","$","R","BOSS","M","?","?","M","?","E","R","E","T","R","?","R","E","M","R","BOSS","M","?","$","M","?","R","?","R","T","?","M","R","?","E","R","BOSS"],"items_purchased_type":["Relic","Card","Potion"],"build_version":"2020-12-22","purchased_purges":2,"victory":true,"max_hp_per_floor":[68,68,68,68,68,68,68,68,68,68,68,68,68,68,68,68,68,68,68,68,68,68,68,68,68,68,68,68,68,68,68,68,68,68,68,68,68,68,68,68,68,68,68,68,68,68,68,68,68,68],"card_choices":[{"not_picked":["SignatureMove","BattleHymn"],"picked":"Consecrate","floor":1.0},{"not_picked":["Fasting2","EmptyMind"],"picked":"SashWhip","floor":2.0},{"not_picked":["Vengeance","JustLucky"],"picked":"Consecrate","floor":3.0},{"not_picked":["Halt","CrushJoints"],"picked":"FearNoEvil","floor":5.0},{"not_picked":["Consecrate","CarveReality"],"picked":"FlurryOfBlows","floor":6.0},{"not_picked":["JustLucky","Blasphemy"],"picked":"Evaluate","floor":8.0},{"not_picked":["Crescendo","Wireheading"],"picked":"FollowUp","floor":12.0},{"not_picked":["Crescendo","ClearTheMind"],"picked":"Vengeance","floor":13.0},{"not_picked":["Establishment","Alpha"],"picked":"Scrawl","floor":16.0},{"not_picked":["SashWhip","BowlingBash"],"picked":"ThirdEye+1","floor":18.0},{"not_picked":["EmptyBody","Consecrate"],"picked":"LikeWater","floor":20.0},{"not_picked":["DeceiveReality","Crescendo"],"picked":"TalkToTheHand","floor":21.0},{"not_picked":["EmptyFist","CrushJoints"],"picked":"Blasphemy","floor":23.0},{"not_picked":["ReachHeaven","EmptyFist"],"picked":"Evaluate","floor":25},{"not_picked":["WindmillStrike+1","JustLucky+1"],"picked":"Study","floor":28},{"not_picked":["Brilliance+1","ThirdEye"],"picked":"EmptyBody","floor":30},{"not_picked":["Perseverance","FollowUp+1"],"picked":"Crescendo+1","floor":31},{"not_picked":["Scrawl","SpiritShield"],"picked":"Establishment","floor":33},{"not_picked":["Prostrate","Nirvana","FlurryOfBlows+1"],"picked":"SKIP","floor":35},{"not_picked":["WreathOfFlame","Indignation","WheelKick+1"],"picked":"SKIP","floor":38},{"not_picked":["EmptyBody","ClearTheMind","Protect"],"picked":"SKIP","floor":44},{"not_picked":["EmptyFist+1","Indignation","FlurryOfBlows+1"],"picked":"SKIP","floor":45},{"not_picked":["Crescendo","BattleHymn+1"],"picked":"Scrawl","floor":48}],"player_experience":745803,"relics_obtained":[{"floor":6.0,"key":"CaptainsWheel"},{"floor":8.0,"key":"Gremlin Horn"},{"floor":9.0,"key":"Bottled Lightning"},{"floor":12.0,"key":"Centennial Puzzle"},{"floor":20.0,"key":"Red Mask"},{"floor":23.0,"key":"Dead Branch"},{"floor":25,"key":"Whetstone"},{"floor":26,"key":"Molten Egg 2"},{"floor":30,"key":"Vajra"},{"floor":39,"key":"Unceasing Top"},{"floor":48,"key":"Singing Bowl"}],"event_choices":[{"damage_healed":17.0,"max_hp_gain":0.0,"max_hp_loss":0.0,"gold_gain":0.0,"event_name":"The Cleric","player_choice":"Healed","floor":4.0,"gold_loss":35.0,"damage_taken":0.0},{"damage_healed":22.0,"max_hp_gain":0.0,"max_hp_loss":0.0,"gold_gain":0.0,"event_name":"Big Fish","player_choice":"Banana","floor":11.0,"gold_loss":0.0,"damage_taken":0.0},{"damage_healed":0.0,"max_hp_gain":0.0,"max_hp_loss":0.0,"gold_gain":0.0,"event_name":"Vampires","player_choice":"Ignored","floor":19.0,"gold_loss":0.0,"damage_taken":0.0},{"damage_healed":0.0,"max_hp_gain":0.0,"max_hp_loss":0.0,"gold_gain":0.0,"event_name":"Masked Bandits","player_choice":"Fought Bandits","floor":20.0,"gold_loss":0.0,"damage_taken":0.0},{"damage_healed":0.0,"max_hp_gain":0.0,"max_hp_loss":0.0,"gold_gain":50.0,"event_name":"Nest","player_choice":"Stole From Cult","floor":22.0,"gold_loss":0.0,"damage_taken":0.0},{"damage_healed":0,"gold_gain":0,"player_choice":"Embrace Madness","damage_taken":12,"max_hp_gain":0,"max_hp_loss":0,"event_name":"Winding Halls","floor":36,"gold_loss":0,"cards_obtained":["Madness","Madness"]},{"damage_healed":0,"gold_gain":0,"player_choice":"Fight","damage_taken":0,"max_hp_gain":0,"max_hp_loss":0,"event_name":"Mysterious Sphere","floor":39,"gold_loss":0},{"damage_healed":0,"gold_gain":222,"player_choice":"Wore Mask","damage_taken":0,"max_hp_gain":0,"max_hp_loss":0,"event_name":"Tomb of Lord Red Mask","floor":47,"gold_loss":0}],"is_beta":false,"boss_relics":[{"not_picked":["Snecko Eye","Sozu"],"picked":"Pandora\u0027s Box"},{"not_picked":["Velvet Choker","Busted Crown"],"picked":"Cursed Key"}],"items_purged_floors":[37,41],"is_endless":false,"potions_floor_spawned":[1,2,8,13,16,20,25,30,31,35,44,48],"ascension_level":18}}