{"host":"9qk11wtevf51xvhl","time":1612033653,"event":{"mods":["BaseMod","Minty Spire (QoL Compilation)"],"gold_per_floor":[163,163,113,113,133,168,168,168,192,192,225,81,112,125,125,225,225,239,252,177,195,214,243,243,274,301,301,301],"floor_reached":27,"language":"ENG","playtime":1862,"items_purged":["Strike_G"],"score":415,"play_id":"8ec8b511-41e3-49fa-8b83-0ebc0a6a4534","local_time":"20210130200733","is_ascension_mode":true,"campfire_choices":[{"floor":7,"key":"REST"},{"floor":10,"key":"REST"},{"data":"Infinite Blades","floor":15,"key":"SMITH"},{"floor":24,"key":"REST"}],"circlet_count":0,"master_deck":["Strike_G","Strike_G","Defend_G","Defend_G+1","Defend_G","Defend_G+1","Defend_G+1","Survivor","Neutralize","Eviscerate","Infinite Blades+1","Dagger Throw","Noxious Fumes","Bane","Bane","CurseOfTheBell","Cloak And Dagger","Outmaneuver+1","Prepared+1","A Thousand Cuts","Envenom"],"relics":["Tiny House","Singing Bowl","Shuriken","Vajra","Letter Opener","Lee\u0027s Waffle","Eternal Feather","Calling Bell","PreservedInsect","Matryoshka","Thread and Needle","Bag of Preparation","War Paint","Orichalcum","Snake Skull"],"acts_visited":["Exordium","TheCity"],"potions_floor_usage":[6,16,18,25],"damage_taken":[{"damage":0,"enemies":"2 Louse","floor":1,"turns":3},{"damage":4,"enemies":"Jaw Worm","floor":5,"turns":4},{"damage":40,"enemies":"Gremlin Nob","floor":6,"turns":6},{"damage":12,"enemies":"Lagavulin","floor":11,"turns":7},{"damage":20,"enemies":"Gremlin Nob","floor":13,"turns":4},{"damage":10,"enemies":"Small Slimes","floor":14,"turns":3},{"damage":52,"enemies":"The Guardian","floor":16,"turns":9},{"damage":4,"enemies":"3 Byrds","floor":18,"turns":3},{"damage":12,"enemies":"Spheric Guardian","floor":19,"turns":4},{"damage":21,"enemies":"Centurion and Healer","floor":21,"turns":6},{"damage":17,"enemies":"Snake Plant","floor":22,"turns":5},{"damage":11,"enemies":"Book of Stabbing","floor":23,"turns":4},{"damage":26,"enemies":"Slavers","floor":25,"turns":5},{"damage":19,"enemies":"Book of Stabbing","floor":27,"turns":3}],"seed_played":"361860990640825609","potions_obtained":[{"floor":0,"key":"LiquidBronze"},{"floor":1,"key":"Weak Potion"},{"floor":13,"key":"Weak Potion"},{"floor":23,"key":"LiquidBronze"}],"is_trial":false,"path_per_floor":["M","?","?","?","M","E","R","?","T","R","E","$","E","M","R","B",null,"M","M","$","M","M","E","R","E","T","E"],"character_chosen":"THE_SILENT","items_purchased":["Lee\u0027s Waffle"],"campfire_rested":3,"item_purchase_floors":[12],"current_hp_per_floor":[68,61,61,49,45,5,27,27,27,49,37,82,64,54,63,13,68,64,54,54,33,16,5,43,17,17,0,0],"gold":301,"neow_bonus":"BOSS_RELIC","is_daily":false,"chose_seed":false,"campfire_upgraded":1,"win_rate":0.0,"timestamp":1612033653,"path_taken":["M","?","?","?","M","E","R","?","T","R","E","?","E","?","R","BOSS","M","?","$","M","?","E","R","E","T","E"],"items_purchased_type":["Relic"],"build_version":"2020-12-22","purchased_purges":1,"victory":false,"max_hp_per_floor":[75,75,75,75,75,75,75,75,75,75,75,82,84,84,84,86,86,86,88,88,88,88,88,88,88,88,88,88],"card_choices":[{"not_picked":["Bane","Setup"],"picked":"Eviscerate","floor":0},{"not_picked":["Cloak And Dagger","Riddle With Holes"],"picked":"Infinite Blades","floor":1},{"not_picked":["Backflip","Flying Knee"],"picked":"Dagger Throw","floor":5},{"not_picked":["Die Die Die","Acrobatics"],"picked":"Noxious Fumes","floor":6},{"not_picked":["Venomology","Distraction"],"picked":"Bane","floor":11},{"not_picked":["Flying Knee","Bane","PiercingWail"],"picked":"Singing Bowl","floor":13},{"not_picked":["Dodge and Roll","Dagger Spray"],"picked":"Bane","floor":14},{"not_picked":["Unload","Night Terror","Glass Knife"],"picked":"Singing Bowl","floor":16},{"not_picked":["Wraith Form v2","Deflect"],"picked":"Cloak And Dagger","floor":18},{"not_picked":["Dagger Spray","Dodge and Roll","Predator"],"picked":"Singing Bowl","floor":19},{"not_picked":["Acrobatics","Leg Sweep"],"picked":"Outmaneuver+1","floor":21},{"not_picked":["Poisoned Stab","Acrobatics"],"picked":"Prepared+1","floor":22},{"not_picked":["Poisoned Stab","Endless Agony"],"picked":"A Thousand Cuts","floor":23},{"not_picked":["Slice","Masterful Stab"],"picked":"Envenom","floor":25}],"player_experience":559353,"relics_obtained":[{"floor":6,"key":"Shuriken"},{"floor":9,"key":"Vajra"},{"floor":11,"key":"Letter Opener"},{"floor":13,"key":"Eternal Feather"},{"floor":17,"key":"PreservedInsect"},{"floor":17,"key":"Matryoshka"},{"floor":17,"key":"Thread and Needle"},{"floor":23,"key":"Bag of Preparation"},{"floor":25,"key":"War Paint"},{"floor":26,"key":"Orichalcum"},{"floor":26,"key":"Snake Skull"}],"event_choices":[{"cards_removed":["Strike_G"],"damage_healed":0,"gold_gain":0,"player_choice":"Card Removal","damage_taken":7,"max_hp_gain":0,"max_hp_loss":0,"event_name":"Golden Wing","floor":2,"gold_loss":0},{"cards_removed":["Strike_G"],"damage_healed":0,"gold_gain":0,"player_choice":"Card Removal","damage_taken":0,"max_hp_gain":0,"max_hp_loss":0,"event_name":"The Cleric","floor":3,"gold_loss":50},{"damage_healed":0,"gold_gain":0,"player_choice":"Success","damage_taken":12,"relics_obtained":["Singing Bowl"],"max_hp_gain":0,"max_hp_loss":0,"event_name":"Scrap Ooze","floor":4,"gold_loss":0},{"damage_healed":0,"gold_gain":0,"player_choice":"Ignored","damage_taken":0,"max_hp_gain":0,"max_hp_loss":0,"event_name":"Liars Game","floor":8,"gold_loss":0}],"is_beta":false,"boss_relics":[{"not_picked":["Fusion Hammer","SlaversCollar"],"picked":"Calling Bell"}],"items_purged_floors":[20],"is_endless":false,"potions_floor_spawned":[1,13,23],"killed_by":"Book of Stabbing","ascension_level":9}}