{"host":"gobyjzz6xbwq9f9i","time":1612047294,"event":{"mods":["AchievementEnabler","BaseMod","Bestiary","Colored Map","Minty Spire (QoL Compilation)","Relic Stats"],"gold_per_floor":[109,127,140,20,31,60,60,94,94,131,154,186,198,221,233,342,354,377,399,41,54,54,54,54,86,113,113,38,38,66,27,27,27,27],"floor_reached":33,"language":"ENG","playtime":1128,"items_purged":[],"score":380,"play_id":"0bc18fc6-99d1-4f38-a697-42ccb9f2edb4","local_time":"20210130145454","is_ascension_mode":false,"campfire_choices":[{"data":"CrushJoints","floor":7.0,"key":"SMITH"},{"data":"Tantrum","floor":13.0,"key":"SMITH"},{"data":"Perseverance","floor":15.0,"key":"SMITH"},{"data":"Scrawl","floor":23,"key":"SMITH"},{"data":"BowlingBash","floor":29,"key":"SMITH"},{"floor":32,"key":"REST"}],"circlet_count":0,"master_deck":["Strike_P+1","Strike_P+1","Strike_P+1","Defend_P+1","Defend_P+1","Eruption","Vigilance","Evaluate","BowlingBash+1","ReachHeaven+1","Tantrum+1","Perseverance+1","CrushJoints+1","FlurryOfBlows","Conclude+1","FlurryOfBlows+1","FlurryOfBlows+1","SashWhip+1","Scrawl+1","CutThroughFate+1","Fasting2+1","LessonLearned+1","ThirdEye","FearNoEvil+1","FlurryOfBlows+1","MentalFortress","Wallop+1"],"relics":["Empty Cage","Matryoshka","StrikeDummy","MawBank","Molten Egg 2","GoldenEye","Runic Pyramid","Lee\u0027s Waffle","Smiling Mask","Eternal Feather","Oddly Smooth Stone","Ice Cream"],"acts_visited":["Exordium","TheCity"],"potions_floor_usage":[16,16],"damage_taken":[{"damage":0.0,"enemies":"Cultist","floor":1.0,"turns":3.0},{"damage":0.0,"enemies":"Jaw Worm","floor":2.0,"turns":3.0},{"damage":0.0,"enemies":"2 Louse","floor":3.0,"turns":2.0},{"damage":8.0,"enemies":"Large Slime","floor":5.0,"turns":6.0},{"damage":0.0,"enemies":"Lagavulin","floor":6.0,"turns":3.0},{"damage":18.0,"enemies":"3 Sentries","floor":8.0,"turns":3.0},{"damage":0.0,"enemies":"Gremlin Nob","floor":10.0,"turns":2.0},{"damage":0.0,"enemies":"3 Louse","floor":11.0,"turns":1.0},{"damage":4.0,"enemies":"Blue Slaver","floor":12.0,"turns":2.0},{"damage":0.0,"enemies":"Gremlin Gang","floor":14.0,"turns":3.0},{"damage":33,"enemies":"Hexaghost","floor":16,"turns":4},{"damage":6,"enemies":"3 Byrds","floor":18,"turns":3},{"damage":19,"enemies":"2 Thieves","floor":19,"turns":3},{"damage":21,"enemies":"Snake Plant","floor":21,"turns":3},{"damage":42,"enemies":"Slavers","floor":25,"turns":4},{"damage":21,"enemies":"Book of Stabbing","floor":30,"turns":3},{"damage":96,"enemies":"Automaton","floor":33,"turns":6}],"seed_played":"8486732189520128092","potions_obtained":[{"floor":2.0,"key":"EssenceOfSteel"},{"floor":3.0,"key":"StancePotion"},{"floor":6.0,"key":"SteroidPotion"},{"floor":12.0,"key":"ColorlessPotion"},{"floor":19,"key":"BlessingOfTheForge"},{"floor":25,"key":"Explosive Potion"}],"is_trial":false,"path_per_floor":["M","M","M","$","M","E","R","E","T","E","M","M","R","M","R","B",null,"M","M","$","M","?","R","?","E","T","?","?","R","E","$","R","B"],"character_chosen":"WATCHER","items_purchased":["Tantrum","AttackPotion","Lee\u0027s Waffle","LessonLearned+1","ThirdEye","Wallop+1"],"campfire_rested":1,"item_purchase_floors":[4,4,20,20,20,31],"current_hp_per_floor":[72,72,72,72,64,64,64,46,46,46,46,42,42,42,42,9,72,66,47,79,58,58,58,58,16,16,16,16,31,10,10,48,0,0],"gold":27,"neow_bonus":"BOSS_RELIC","is_daily":false,"chose_seed":false,"campfire_upgraded":5,"win_rate":0.0,"timestamp":1612047294,"path_taken":["M","M","M","?","M","E","R","E","T","E","M","M","R","M","R","BOSS","M","M","$","M","?","R","?","E","T","?","?","R","E","$","R","BOSS"],"items_purchased_type":["Card","Potion","Relic","Card","Card","Card"],"build_version":"2020-12-22","purchased_purges":0,"victory":false,"max_hp_per_floor":[72,72,72,72,72,72,72,72,72,72,72,72,72,72,72,72,72,72,72,79,79,79,79,79,79,79,79,79,79,79,79,79,79,79],"relic_stats":{"Lee\u0027s Waffle":32,"counters":[17,54],"Eternal Feather":30,"MawBank":132,"GoldenEye":[6],"Smiling Mask":0,"obtain_stats":[{"Ice Cream":30,"Lee\u0027s Waffle":20,"Oddly Smooth Stone":26,"Eternal Feather":26,"Empty Cage":0,"MawBank":9,"GoldenEye":10,"Smiling Mask":25,"Matryoshka":6,"Molten Egg 2":9,"PureWater":0,"StrikeDummy":8,"Runic Pyramid":17},{"Ice Cream":16,"Lee\u0027s Waffle":13,"Oddly Smooth Stone":15,"Eternal Feather":15,"Empty Cage":0,"MawBank":6,"GoldenEye":7,"Smiling Mask":15,"Matryoshka":5,"Molten Egg 2":6,"PureWater":0,"StrikeDummy":6,"Runic Pyramid":11},{"Ice Cream":48,"Lee\u0027s Waffle":38,"Oddly Smooth Stone":45,"Eternal Feather":45,"Empty Cage":0,"MawBank":20,"GoldenEye":22,"Smiling Mask":45,"Matryoshka":17,"Molten Egg 2":20,"PureWater":0,"StrikeDummy":20,"Runic Pyramid":32}]},"card_choices":[{"not_picked":["SashWhip","ClearTheMind"],"picked":"Evaluate","floor":1.0},{"not_picked":["Prostrate","FollowUp"],"picked":"BowlingBash","floor":2.0},{"not_picked":["Fasting2","JustLucky"],"picked":"ReachHeaven","floor":3.0},{"not_picked":["Weave","PathToVictory"],"picked":"Perseverance","floor":5.0},{"not_picked":["Perseverance","Tantrum"],"picked":"CrushJoints","floor":6.0},{"not_picked":["Study","Prostrate"],"picked":"FlurryOfBlows","floor":8.0},{"not_picked":["BattleHymn","ThirdEye"],"picked":"Conclude+1","floor":10.0},{"not_picked":["Vengeance","FlyingSleeves+1"],"picked":"FlurryOfBlows+1","floor":11.0},{"not_picked":["WaveOfTheHand","Weave+1"],"picked":"FlurryOfBlows+1","floor":12.0},{"not_picked":["JustLucky+1","Indignation"],"picked":"SashWhip+1","floor":14.0},{"not_picked":["MasterReality","Devotion"],"picked":"Scrawl","floor":16},{"not_picked":["BowlingBash+1","PathToVictory"],"picked":"CutThroughFate+1","floor":18},{"not_picked":["CrushJoints+1","Halt"],"picked":"Fasting2+1","floor":19},{"not_picked":["Protect+1","Consecrate+1"],"picked":"FearNoEvil+1","floor":21},{"not_picked":["MasterReality","Protect"],"picked":"FlurryOfBlows+1","floor":25},{"not_picked":["Fasting2","Adaptation"],"picked":"MentalFortress","floor":30}],"player_experience":1223003,"relics_obtained":[{"floor":6.0,"key":"Matryoshka"},{"floor":8.0,"key":"StrikeDummy"},{"floor":9.0,"key":"MawBank"},{"floor":9.0,"key":"Molten Egg 2"},{"floor":10.0,"key":"GoldenEye"},{"floor":25,"key":"Smiling Mask"},{"floor":26,"key":"Eternal Feather"},{"floor":26,"key":"Oddly Smooth Stone"},{"floor":30,"key":"Ice Cream"}],"event_choices":[{"damage_healed":0,"gold_gain":0,"player_choice":"Simplicity","damage_taken":0,"max_hp_gain":0,"max_hp_loss":0,"event_name":"Back to Basics","floor":22,"gold_loss":0,"cards_upgraded":["Strike_P","Strike_P","Strike_P","Strike_P","Defend_P"]},{"damage_healed":0,"gold_gain":0,"player_choice":"Ignored","damage_taken":0,"max_hp_gain":0,"max_hp_loss":0,"event_name":"Vampires","floor":24,"gold_loss":0},{"cards_removed":["Strike_P"],"damage_healed":0,"gold_gain":0,"player_choice":"Gave Gold","damage_taken":0,"max_hp_gain":0,"max_hp_loss":0,"event_name":"Beggar","floor":28,"gold_loss":75}],"is_beta":false,"boss_relics":[{"not_picked":["Ectoplasm","Coffee Dripper"],"picked":"Runic Pyramid"}],"items_purged_floors":[],"is_endless":false,"potions_floor_spawned":[2,3,5,6,12,19,25],"killed_by":"Automaton","ascension_level":0}}