{"host":"6xsbn6ynqlzwllfm","time":1612002357,"event":{"mods":["2.2 Compatiblity","BaseMod","Bestiary","Colored Map","Colored Powertips","Curses Come First","Highlight Path","Keyboard Shortcuts","Minty Spire (QoL Compilation)","Relic Stats","Slay the Relics Exporter","StSLib","SuperFastMode"],"gold_per_floor":[141,186,56,56,56,89,89,89,89,106,106,28,28,69,69,69,69],"floor_reached":16,"language":"ENG","playtime":429,"items_purged":["Strike_P"],"score":246,"play_id":"3ce31a25-6517-44d9-aa5c-bd9861212184","local_time":"20210130052557","is_ascension_mode":true,"campfire_choices":[{"data":"Tantrum","floor":7.0,"key":"SMITH"},{"data":"Wish","floor":13.0,"key":"SMITH"},{"data":"FlurryOfBlows","floor":15.0,"key":"SMITH"}],"circlet_count":0,"master_deck":["AscendersBane","Strike_P","Strike_P","Strike_P","Defend_P","Defend_P","Defend_P","Defend_P","Eruption","Vigilance","Wish+1","Tantrum+1","FlurryOfBlows+1","EmptyBody","JustLucky","Adaptation+1","Protect"],"relics":["PureWater","Akabeko","Frozen Egg 2","Peace Pipe"],"acts_visited":["Exordium"],"potions_floor_usage":[16],"damage_taken":[{"damage":18.0,"enemies":"Cultist","floor":1.0,"turns":6.0},{"damage":14.0,"enemies":"Small Slimes","floor":2.0,"turns":4.0},{"damage":0.0,"enemies":"Gremlin Nob","floor":6.0,"turns":2.0},{"damage":0.0,"enemies":"Jaw Worm","floor":10.0,"turns":1.0},{"damage":6.0,"enemies":"2 Fungi Beasts","floor":14.0,"turns":4.0},{"damage":8,"enemies":"The Guardian","floor":16,"turns":7}],"seed_played":"-1271280285079724716","potions_obtained":[{"floor":2.0,"key":"SkillPotion"},{"floor":11.0,"key":"BottledMiracle"},{"floor":11.0,"key":"EssenceOfSteel"}],"is_trial":false,"path_per_floor":["M","M","$","?","?","E","R","T","T","M","?","$","R","M","R","B"],"character_chosen":"WATCHER","items_purchased":["AttackPotion","Adaptation+1"],"campfire_rested":0,"item_purchase_floors":[3,12],"current_hp_per_floor":[43,29,29,29,11,11,11,11,11,11,11,11,11,5,5,0,0],"gold":69,"neow_bonus":"ONE_RANDOM_RARE_CARD","is_daily":false,"chose_seed":false,"campfire_upgraded":3,"win_rate":0.0,"timestamp":1612002357,"path_taken":["M","M","$","?","?","E","R","?","T","M","?","$","R","M","R","BOSS"],"items_purchased_type":["Potion","Card"],"build_version":"2020-12-22","purchased_purges":1,"victory":false,"max_hp_per_floor":[68,68,68,68,68,68,68,68,68,68,68,68,68,68,68,68,68],"relic_stats":{"Peace Pipe":0,"counters":[6,24],"obtain_stats":[{"Peace Pipe":8,"PureWater":0,"Frozen Egg 2":6,"Akabeko":5},{"Peace Pipe":3,"PureWater":0,"Frozen Egg 2":3,"Akabeko":2},{"Peace Pipe":12,"PureWater":0,"Frozen Egg 2":12,"Akabeko":10}]},"card_choices":[{"not_picked":["Halt","EmptyFist"],"picked":"Tantrum","floor":1.0},{"not_picked":["FlyingSleeves","PathToVictory"],"picked":"FlurryOfBlows","floor":2.0},{"not_picked":["Alpha","Crescendo"],"picked":"EmptyBody","floor":6.0},{"not_picked":["ForeignInfluence","WreathOfFlame"],"picked":"JustLucky","floor":10.0},{"not_picked":["FlurryOfBlows","Perseverance"],"picked":"Protect","floor":14.0}],"player_experience":1269851,"relics_obtained":[{"floor":6.0,"key":"Frozen Egg 2"},{"floor":8.0,"key":"Peace Pipe"}],"event_choices":[{"damage_healed":0.0,"max_hp_gain":0.0,"max_hp_loss":0.0,"gold_gain":0.0,"event_name":"Liars Game","player_choice":"Ignored","floor":4.0,"gold_loss":0.0,"damage_taken":0.0},{"damage_healed":0.0,"max_hp_gain":0.0,"max_hp_loss":0.0,"gold_gain":0.0,"event_name":"Scrap Ooze","player_choice":"Success","floor":5.0,"gold_loss":0.0,"damage_taken":18.0,"relics_obtained":["Akabeko"]},{"damage_healed":0.0,"max_hp_gain":0.0,"max_hp_loss":0.0,"gold_gain":0.0,"event_name":"Lab","player_choice":"Got Potions","floor":11.0,"gold_loss":0.0,"damage_taken":0.0}],"is_beta":false,"boss_relics":[],"items_purged_floors":[3],"is_endless":false,"potions_floor_spawned":[2],"killed_by":"The Guardian","ascension_level":20}}