{"host":"928gv66myv2vlnsd","time":1612040729,"event":{"mods":["BaseMod","Minty Spire (QoL Compilation)","StSLib"],"gold_per_floor":[112,112,130,147,162,162,173,173,173,173,173,10,42,57,57,132,132,142,142,162,162,181,231,231,21,69,69,81,91,91,91],"floor_reached":30,"language":"ENG","playtime":1271,"items_purged":["Strike_G"],"score":454,"play_id":"0821e9a9-9fce-4a79-92f7-5dc8a324a7e9","local_time":"20210130160529","is_ascension_mode":true,"campfire_choices":[{"data":"Neutralize","floor":6,"key":"SMITH"},{"data":"A Thousand Cuts","floor":8,"key":"SMITH"},{"floor":10,"key":"REST"},{"floor":15,"key":"REST"},{"floor":24,"key":"REST"},{"floor":27,"key":"REST"}],"circlet_count":0,"master_deck":["AscendersBane","Strike_G","Strike_G","Strike_G","Defend_G","Defend_G","Defend_G","Defend_G","Defend_G","Survivor","Neutralize+1","Dodge and Roll","A Thousand Cuts+1","Deflect","Heel Hook","Calculated Gamble","Crippling Poison","Die Die Die","Heel Hook","A Thousand Cuts","Deflect","Concentrate","Deflect","Deflect","Outmaneuver","Concentrate+1"],"relics":["Ring of the Snake","Unceasing Top","Ice Cream","Mercury Hourglass","Blood Vial","Pocketwatch","SlaversCollar","Dream Catcher"],"acts_visited":["Exordium","TheCity"],"potions_floor_usage":[20,20,22,30],"damage_taken":[{"damage":0,"enemies":"Cultist","floor":1,"turns":4},{"damage":0,"enemies":"2 Louse","floor":3,"turns":5},{"damage":7,"enemies":"Jaw Worm","floor":4,"turns":10},{"damage":6,"enemies":"Red Slaver","floor":5,"turns":7},{"damage":6,"enemies":"2 Fungi Beasts","floor":7,"turns":4},{"damage":7,"enemies":"3 Sentries","floor":13,"turns":7},{"damage":0,"enemies":"3 Louse","floor":14,"turns":3},{"damage":15,"enemies":"Slime Boss","floor":16,"turns":8},{"damage":11,"enemies":"Shell Parasite","floor":18,"turns":10},{"damage":10,"enemies":"3 Byrds","floor":20,"turns":3},{"damage":26,"enemies":"Snake Plant","floor":22,"turns":4},{"damage":30,"enemies":"Snecko","floor":28,"turns":8},{"damage":22,"enemies":"Shelled Parasite and Fungi","floor":29,"turns":5},{"damage":4,"enemies":"Sentry and Sphere","floor":30,"turns":2}],"seed_played":"-1756499654378380428","potions_obtained":[{"floor":1,"key":"BlessingOfTheForge"},{"floor":13,"key":"SpeedPotion"},{"floor":20,"key":"AttackPotion"},{"floor":29,"key":"Strength Potion"}],"is_trial":false,"path_per_floor":["M","?","M","M","M","R","M","R","T","R","?","$","E","M","R","B",null,"M","?","M","?","M","?","R","$","T","R","M","M","M"],"character_chosen":"THE_SILENT","items_purchased":["Blood Vial","Deflect","Ancient Potion"],"campfire_rested":4,"item_purchase_floors":[12,25,25],"current_hp_per_floor":[59,59,59,52,46,46,40,40,40,58,32,32,27,29,47,34,54,45,45,37,37,13,13,31,31,31,49,21,1,0,0],"gold":91,"neow_bonus":"ONE_RARE_RELIC","is_daily":false,"chose_seed":false,"campfire_upgraded":2,"win_rate":0.0,"timestamp":1612040729,"path_taken":["M","?","M","M","M","R","M","R","T","R","?","$","E","M","R","BOSS","M","?","?","?","M","?","R","$","T","R","?","M","M"],"items_purchased_type":["Relic","Card","Potion"],"build_version":"2020-12-22","purchased_purges":1,"victory":false,"max_hp_per_floor":[60,60,60,60,60,60,60,60,60,60,60,60,60,60,60,60,60,60,60,60,60,60,60,60,60,60,60,60,60,60,60],"card_choices":[{"not_picked":["Infinite Blades","Quick Slash"],"picked":"Dodge and Roll","floor":1},{"not_picked":["Reflex","Setup"],"picked":"Deflect","floor":3},{"not_picked":["Malaise","Bouncing Flask"],"picked":"Heel Hook","floor":4},{"not_picked":["Dagger Throw","Sucker Punch"],"picked":"Calculated Gamble","floor":5},{"not_picked":["Blade Dance","Masterful Stab"],"picked":"Crippling Poison","floor":7},{"not_picked":["Slice","Poisoned Stab"],"picked":"Die Die Die","floor":13},{"not_picked":["Blur","Quick Slash"],"picked":"Heel Hook","floor":14},{"not_picked":["Grand Finale","Tools of the Trade"],"picked":"A Thousand Cuts","floor":16},{"not_picked":["Poisoned Stab","Expertise"],"picked":"Deflect","floor":18},{"not_picked":["Slice","Dagger Throw"],"picked":"Concentrate","floor":20},{"not_picked":["PiercingWail","Cloak And Dagger"],"picked":"Deflect","floor":22},{"not_picked":["Crippling Poison","Noxious Fumes"],"picked":"Outmaneuver","floor":27},{"not_picked":["Dagger Throw","Poisoned Stab","Eviscerate"],"picked":"SKIP","floor":28},{"not_picked":["Underhanded Strike","Dodge and Roll+1"],"picked":"Concentrate+1","floor":29}],"player_experience":1394691,"relics_obtained":[{"floor":9,"key":"Ice Cream"},{"floor":13,"key":"Pocketwatch"},{"floor":26,"key":"Dream Catcher"}],"event_choices":[{"damage_healed":0,"gold_gain":0,"cards_transformed":["Strike_G"],"player_choice":"Change","damage_taken":0,"max_hp_gain":0,"max_hp_loss":0,"event_name":"Living Wall","floor":2,"gold_loss":0,"cards_obtained":["A Thousand Cuts"]},{"damage_healed":0,"gold_gain":0,"player_choice":"Success","damage_taken":26,"relics_obtained":["Mercury Hourglass"],"max_hp_gain":0,"max_hp_loss":0,"event_name":"Scrap Ooze","floor":11,"gold_loss":0},{"damage_healed":0,"gold_gain":0,"player_choice":"1 cards matched","damage_taken":0,"max_hp_gain":0,"max_hp_loss":0,"event_name":"Match and Keep!","floor":19,"gold_loss":0,"cards_obtained":["Pain"]},{"cards_removed":["Pain"],"damage_healed":0,"gold_gain":0,"player_choice":"Elegance","damage_taken":0,"max_hp_gain":0,"max_hp_loss":0,"event_name":"Back to Basics","floor":21,"gold_loss":0},{"damage_healed":0,"gold_gain":50,"player_choice":"Stole From Cult","damage_taken":0,"max_hp_gain":0,"max_hp_loss":0,"event_name":"Nest","floor":23,"gold_loss":0}],"is_beta":false,"boss_relics":[{"not_picked":["WristBlade","SacredBark"],"picked":"SlaversCollar"}],"items_purged_floors":[25],"is_endless":false,"potions_floor_spawned":[1,13,14,20,29],"killed_by":"Sentry and Sphere","ascension_level":17}}