{"host":"o7j6aatxjwpw1421","time":1612008960,"event":{"mods":["2.2 Compatiblity","AchievementEnabler","BaseMod","Colored Map","DeckTracker","Highlight Path","Keyboard Shortcuts","Minty Spire (QoL Compilation)","Permanent Neow","Quick Restart","StSLib","SuperFastMode","everything is the same but u backflip on backflip"],"gold_per_floor":[113,113,123,83,101,101,129,129,129,142,12,27,54,82,82,156,156,169,169,169,169,189,189,189,189],"floor_reached":24,"language":"KOR","playtime":573,"items_purged":[],"score":433,"play_id":"c9c7c423-d78a-4c64-81d0-b1edc00604a5","local_time":"20210130211600","is_ascension_mode":true,"campfire_choices":[{"data":"Immolate","floor":6.0,"key":"SMITH"},{"data":"Whirlwind","floor":8.0,"key":"SMITH"},{"data":"Pommel Strike","floor":15.0,"key":"SMITH"},{"data":"Demon Form","floor":23.0,"key":"SMITH"}],"circlet_count":0,"master_deck":["AscendersBane","Defend_R","Defend_R","Defend_R","Defend_R","Bash","Immolate+1","Whirlwind+1","Pummel","Shrug It Off","Pommel Strike+1","Flame Barrier","Demon Form+1","Seeing Red","Bite","Bite","Bite","Bite","Bite","Shrug It Off"],"relics":["Burning Blood","Kunai","The Courier","Membership Card","Odd Mushroom","Sundial","Cursed Key","Orichalcum"],"acts_visited":["Exordium","TheCity"],"potions_floor_usage":[24],"damage_taken":[{"damage":4.0,"enemies":"Small Slimes","floor":1.0,"turns":3.0},{"damage":0.0,"enemies":"2 Louse","floor":3.0,"turns":1.0},{"damage":1.0,"enemies":"Cultist","floor":5.0,"turns":3.0},{"damage":28.0,"enemies":"Gremlin Nob","floor":7.0,"turns":4.0},{"damage":18.0,"enemies":"3 Louse","floor":10.0,"turns":3.0},{"damage":2.0,"enemies":"Large Slime","floor":12.0,"turns":4.0},{"damage":1.0,"enemies":"The Mushroom Lair","floor":13.0,"turns":2.0},{"damage":10.0,"enemies":"3 Sentries","floor":14.0,"turns":2.0},{"damage":32.0,"enemies":"Slime Boss","floor":16.0,"turns":9.0},{"damage":10.0,"enemies":"Chosen","floor":18.0,"turns":4.0},{"damage":7.0,"enemies":"2 Thieves","floor":22.0,"turns":3.0},{"damage":5,"enemies":"Gremlin Leader","floor":24,"turns":2}],"seed_played":"-4222032076154872447","potions_obtained":[{"floor":1.0,"key":"PowerPotion"},{"floor":4.0,"key":"CultistPotion"},{"floor":7.0,"key":"BloodPotion"},{"floor":12.0,"key":"SkillPotion"},{"floor":14.0,"key":"Fire Potion"}],"is_trial":false,"path_per_floor":["M","?","M","?","M","R","E","R","T","M","$","M","?","E","R","B",null,"M","?","?","?","M","R","E"],"character_chosen":"IRONCLAD","items_purchased":["Membership Card"],"campfire_rested":0,"item_purchase_floors":[11],"current_hp_per_floor":[70,75,80,80,80,80,58,58,58,46,46,66,71,67,67,41,70,66,56,41,41,42,42,41,41],"gold":189,"neow_bonus":"ONE_RANDOM_RARE_CARD","is_daily":false,"chose_seed":false,"campfire_upgraded":4,"win_rate":0.0,"timestamp":1612008960,"path_taken":["M","?","M","?","M","R","E","R","T","M","$","?","?","E","R","BOSS","M","?","?","?","?","R","E"],"items_purchased_type":["Relic"],"build_version":"2020-12-22","purchased_purges":0,"victory":false,"max_hp_per_floor":[75,80,80,80,80,80,80,80,80,80,80,80,80,80,80,80,80,80,56,61,61,61,61,61,61],"card_choices":[{"not_picked":["Shrug It Off","Clothesline"],"picked":"Whirlwind","floor":1.0},{"not_picked":["Sword Boomerang","Wild Strike"],"picked":"Pummel","floor":3.0},{"not_picked":["Twin Strike","Clothesline"],"picked":"Shrug It Off","floor":5.0},{"not_picked":["Twin Strike","Corruption"],"picked":"Spot Weakness","floor":7.0},{"not_picked":["Flex","Warcry","Thunderclap"],"picked":"SKIP","floor":10.0},{"not_picked":["Heavy Blade","Dropkick"],"picked":"Pommel Strike","floor":12.0},{"not_picked":["Body Slam","Intimidate"],"picked":"Flame Barrier","floor":13.0},{"not_picked":["Sentinel","Exhume","Combust"],"picked":"SKIP","floor":14.0},{"not_picked":["Brutality","Double Tap"],"picked":"Demon Form","floor":16.0},{"not_picked":["Clothesline","Bloodletting"],"picked":"Seeing Red","floor":18.0},{"not_picked":["Wild Strike","Reckless Charge+1"],"picked":"Shrug It Off","floor":22.0}],"player_experience":649092,"relics_obtained":[{"floor":7.0,"key":"Kunai"},{"floor":9.0,"key":"The Courier"},{"floor":13.0,"key":"Odd Mushroom"},{"floor":14.0,"key":"Sundial"}],"event_choices":[{"damage_healed":0.0,"max_hp_gain":5.0,"max_hp_loss":0.0,"gold_gain":0.0,"event_name":"Big Fish","player_choice":"Donut","floor":2.0,"gold_loss":0.0,"damage_taken":0.0},{"damage_healed":0.0,"max_hp_gain":0.0,"max_hp_loss":0.0,"gold_gain":0.0,"event_name":"The Woman in Blue","player_choice":"Bought 3 Potions","floor":4.0,"gold_loss":0.0,"damage_taken":0.0},{"damage_healed":0.0,"max_hp_gain":0.0,"max_hp_loss":0.0,"gold_gain":0.0,"event_name":"Mushrooms","player_choice":"Fought Mushrooms","floor":13.0,"gold_loss":0.0,"damage_taken":0.0},{"damage_healed":0.0,"max_hp_gain":0.0,"max_hp_loss":24.0,"gold_gain":0.0,"event_name":"Vampires","player_choice":"Became a vampire","floor":19.0,"gold_loss":0.0,"damage_taken":0.0,"cards_obtained":["Bite","Bite","Bite","Bite","Bite"]},{"damage_healed":0.0,"max_hp_gain":5.0,"max_hp_loss":0.0,"gold_gain":0.0,"event_name":"Forgotten Altar","player_choice":"Shed Blood","floor":20.0,"gold_loss":0.0,"damage_taken":20.0},{"cards_removed":["Spot Weakness"],"damage_healed":0.0,"max_hp_gain":0.0,"max_hp_loss":0.0,"gold_gain":0.0,"event_name":"WeMeetAgain","player_choice":"Gave Card","floor":21.0,"gold_loss":0.0,"damage_taken":0.0,"relics_obtained":["Orichalcum"]}],"is_beta":false,"boss_relics":[{"not_picked":["Astrolabe","Busted Crown"],"picked":"Cursed Key"}],"items_purged_floors":[],"is_endless":false,"potions_floor_spawned":[1,7,12,13,14],"killed_by":"Gremlin Leader","ascension_level":20}}