{"host":"3zb3nk4wvq0dtbuh","time":1612002655,"event":{"mods":["AchievementEnabler","BaseMod","Lobotomy","Minty Spire (QoL Compilation)","Quick Restart","Relic Filter Mod","StSLib","SuperFastMode","The Blackbeard"],"gold_per_floor":[112,112,112,39,50,50,75,75,75,89,89,106,125,153,153,256,256,272,272,272,272,286,312,322,333,359,359,370,370,389,389,389,492,492,492],"floor_reached":34,"language":"ZHS","playtime":424,"items_purged":[],"score":422,"play_id":"98f5b92e-75c7-4125-9d15-15ea6974aae8","local_time":"20210130183055","is_ascension_mode":false,"campfire_choices":[{"data":"Burning Pact","floor":6.0,"key":"SMITH"},{"data":"Thunderclap","floor":11.0,"key":"SMITH"},{"data":"Brutality","floor":15.0,"key":"SMITH"},{"data":"Brutality","floor":29.0,"key":"SMITH"},{"floor":32,"key":"RECALL"}],"circlet_count":0,"master_deck":["Bash+1","Brutality+1","Second Wind","Iron Wave+1","Reaper","Juggernaut","Feed","Burning Pact+1","Thunderclap+1","Headbutt+1","Hemokinesis+1","Pommel Strike+1","Metallicize+1","Brutality+1","Uppercut+1","Pommel Strike+1","J.A.X.","Fiend Fire+1"],"relics":["Pandora\u0027s Box","Molten Egg 2","Art of War","Odd Mushroom","Gremlin Horn","Bronze Scales"],"acts_visited":["Exordium","TheCity","TheBeyond"],"potions_floor_usage":[],"damage_taken":[{"damage":4.0,"enemies":"2 Louse","floor":1.0,"turns":4.0},{"damage":1.0,"enemies":"Jaw Worm","floor":5.0,"turns":4.0},{"damage":15.0,"enemies":"3 Sentries","floor":7.0,"turns":6.0},{"damage":0.0,"enemies":"Cultist","floor":10.0,"turns":4.0},{"damage":4.0,"enemies":"Large Slime","floor":12.0,"turns":5.0},{"damage":2.0,"enemies":"2 Fungi Beasts","floor":13.0,"turns":3.0},{"damage":12.0,"enemies":"The Mushroom Lair","floor":14.0,"turns":4.0},{"damage":6.0,"enemies":"Slime Boss","floor":16.0,"turns":5.0},{"damage":6.0,"enemies":"Shell Parasite","floor":18.0,"turns":4.0},{"damage":3.0,"enemies":"Spheric Guardian","floor":22.0,"turns":4.0},{"damage":18.0,"enemies":"Book of Stabbing","floor":23.0,"turns":5.0},{"damage":62.0,"enemies":"Shelled Parasite and Fungi","floor":24.0,"turns":8.0},{"damage":40.0,"enemies":"Snake Plant","floor":25.0,"turns":6.0},{"damage":15.0,"enemies":"Cultist and Chosen","floor":28.0,"turns":6.0},{"damage":49.0,"enemies":"3 Cultists","floor":30.0,"turns":6.0},{"damage":38,"enemies":"Champ","floor":33,"turns":4}],"seed_played":"5770570859773911095","potions_obtained":[{"floor":10.0,"key":"AttackPotion"},{"floor":12.0,"key":"Swift Potion"},{"floor":13.0,"key":"Swift Potion"}],"is_trial":false,"path_per_floor":["M","?","?","$","M","R","E","?","T","M","R","M","M","?","R","B",null,"M","?","?","$","M","E","M","M","T","?","M","R","M","?","R","B",null],"character_chosen":"IRONCLAD","items_purchased":["Burning Pact"],"campfire_rested":0,"item_purchase_floors":[4],"current_hp_per_floor":[83,83,83,83,83,83,83,83,83,83,83,83,86,86,86,86,86,86,86,86,86,86,86,80,89,89,89,86,86,45,45,45,92,92,92],"gold":492,"neow_bonus":"BOSS_RELIC","is_daily":false,"chose_seed":false,"campfire_upgraded":4,"win_rate":0.0,"timestamp":1612002655,"path_taken":["M","?","?","?","M","R","E","?","T","?","R","M","M","?","R","BOSS","M","?","?","$","M","E","?","M","T","?","?","R","M","?","R","BOSS"],"items_purchased_type":["Card"],"build_version":"2020-12-22","purchased_purges":0,"victory":false,"max_hp_per_floor":[83,83,83,83,83,83,83,83,83,83,83,83,86,86,86,86,86,86,86,86,86,86,86,89,89,89,89,92,92,92,92,92,92,92,92],"card_choices":[{"not_picked":["True Grit","Flex","Clothesline"],"picked":"SKIP","floor":1.0},{"not_picked":["Exhume","True Grit"],"picked":"Thunderclap","floor":5.0},{"not_picked":["Evolve","Iron Wave+1"],"picked":"Headbutt+1","floor":7.0},{"not_picked":["Clothesline+1","Twin Strike+1","Cleave+1"],"picked":"SKIP","floor":10.0},{"not_picked":["Twin Strike+1","Battle Trance"],"picked":"Hemokinesis+1","floor":12.0},{"not_picked":["Heavy Blade+1","Armaments"],"picked":"Pommel Strike+1","floor":13.0},{"not_picked":["Warcry","Iron Wave+1","Pummel+1"],"picked":"SKIP","floor":18.0},{"not_picked":["Heavy Blade+1","Thunderclap+1"],"picked":"Metallicize+1","floor":22.0},{"not_picked":["Rage+1","Searing Blow+1"],"picked":"Brutality","floor":23.0},{"not_picked":["Reckless Charge+1","Inflame","Wild Strike+1"],"picked":"SKIP","floor":24.0},{"not_picked":["Armaments+1","Clothesline+1","Searing Blow+1"],"picked":"SKIP","floor":25.0},{"not_picked":["Perfected Strike+1","Feel No Pain"],"picked":"Uppercut+1","floor":28.0},{"not_picked":["Searing Blow+1","Dropkick+1"],"picked":"Pommel Strike+1","floor":30.0},{"not_picked":["Feed+1","Immolate+1"],"picked":"Fiend Fire+1","floor":33}],"player_experience":18377,"relics_obtained":[{"floor":7.0,"key":"Molten Egg 2"},{"floor":9.0,"key":"Art of War"},{"floor":14.0,"key":"Odd Mushroom"},{"floor":23.0,"key":"Gremlin Horn"},{"floor":26.0,"key":"Bronze Scales"}],"event_choices":[{"damage_healed":0.0,"max_hp_gain":0.0,"max_hp_loss":0.0,"gold_gain":0.0,"event_name":"Living Wall","player_choice":"Grow","floor":2.0,"gold_loss":0.0,"damage_taken":0.0,"cards_upgraded":["Bash"]},{"damage_healed":0.0,"max_hp_gain":0.0,"max_hp_loss":0.0,"gold_gain":0.0,"event_name":"Shining Light","player_choice":"Entered Light","floor":3.0,"gold_loss":0.0,"damage_taken":17.0,"cards_upgraded":["Iron Wave","Body Slam"]},{"cards_removed":["Bloodletting"],"damage_healed":0.0,"max_hp_gain":0.0,"max_hp_loss":0.0,"gold_gain":0.0,"event_name":"Bonfire Elementals","player_choice":"Offered Uncommon","floor":8.0,"gold_loss":0.0,"damage_taken":0.0},{"damage_healed":0.0,"max_hp_gain":0.0,"max_hp_loss":0.0,"gold_gain":0.0,"event_name":"Mushrooms","player_choice":"Fought Mushrooms","floor":14.0,"gold_loss":0.0,"damage_taken":0.0},{"cards_removed":["Body Slam"],"damage_healed":0.0,"max_hp_gain":0.0,"max_hp_loss":0.0,"gold_gain":0.0,"event_name":"Back to Basics","player_choice":"Elegance","floor":19.0,"gold_loss":0.0,"damage_taken":0.0},{"damage_healed":0.0,"max_hp_gain":0.0,"max_hp_loss":0.0,"gold_gain":0.0,"event_name":"Lab","player_choice":"Got Potions","floor":20.0,"gold_loss":0.0,"damage_taken":0.0},{"cards_removed":["Flame Barrier"],"damage_healed":0.0,"max_hp_gain":0.0,"max_hp_loss":0.0,"gold_gain":0.0,"event_name":"Purifier","player_choice":"Purged","floor":27.0,"gold_loss":0.0,"damage_taken":0.0},{"damage_healed":0.0,"max_hp_gain":0.0,"max_hp_loss":0.0,"gold_gain":0.0,"event_name":"Drug Dealer","player_choice":"Obtain J.A.X.","floor":31.0,"gold_loss":0.0,"damage_taken":0.0,"cards_obtained":["J.A.X."]}],"is_beta":false,"boss_relics":[{"not_picked":["Circlet","Circlet","Circlet"]},{"not_picked":["Circlet","Circlet","Circlet"]}],"items_purged_floors":[],"is_endless":false,"potions_floor_spawned":[10,12,13,18,28,30],"ascension_level":0}}