{"host":"ffjrj7fisyni1ebk","time":1612001892,"event":{"mods":["2.2 Compatiblity","BaseMod","Bestiary","Colored Map","Colored Powertips","Curses Come First","Highlight Path","Keyboard Shortcuts","Minty Spire (QoL Compilation)","Relic Stats","Slay the Relics Exporter","StSLib","SuperFastMode"],"gold_per_floor":[112,132,144,24,24,24,58,58,58,77,77,97,97,97,97,197,197,207,222,232,252,1,1,17,28,28,47,63,63,263,54,54,155,155,169,183,24,36,53,53,68,68,144,144,162,162,162,175,175,175,175,175,22,55,55,55],"floor_reached":55,"language":"ENG","playtime":3321,"items_purged":["Strike_R","Strike_R","Parasite","Strike_R"],"score":675,"play_id":"1f5d2ec1-0040-45c0-adb7-c1f7660fe548","local_time":"20210130121812","is_ascension_mode":false,"campfire_choices":[{"data":"Body Slam","floor":6,"key":"SMITH"},{"data":"Body Slam","floor":8,"key":"SMITH"},{"data":"Flame Barrier","floor":11,"key":"SMITH"},{"floor":13,"key":"REST"},{"data":"Shrug It Off","floor":15,"key":"SMITH"},{"floor":23,"key":"REST"},{"floor":29,"key":"REST"},{"data":"True Grit","floor":32,"key":"SMITH"},{"data":"Entrench","floor":40,"key":"SMITH"},{"floor":42,"key":"REST"},{"data":"Exhume","floor":44,"key":"SMITH"},{"floor":47,"key":"REST"},{"floor":49,"key":"RECALL"},{"data":"Dark Shackles","floor":52,"key":"SMITH"}],"circlet_count":0,"master_deck":["Defend_R","Defend_R","Defend_R","Defend_R","Body Slam+1","Body Slam+1","Flame Barrier+1","Shrug It Off+1","Juggernaut","Feed","Fire Breathing+1","Offering","Shrug It Off+1","True Grit+1","Exhume+1","CurseOfTheBell","Mayhem","Entrench+1","Shockwave","Armaments+1","Doubt","Dark Shackles+1","Finesse","Reaper","Inflame"],"relics":["Cursed Key","Pantograph","Empty Cage","Dream Catcher","Darkstone Periapt","Membership Card","Calling Bell","Nunchaku","Mercury Hourglass","StoneCalendar","The Courier","Happy Flower","Anchor","Shuriken"],"acts_visited":["Exordium","TheCity","TheBeyond","TheEnding"],"potions_floor_usage":[16,20,20,28,33,33,36,41,41,50,55],"damage_taken":[{"damage":0,"enemies":"Small Slimes","floor":1,"turns":3},{"damage":1,"enemies":"Jaw Worm","floor":2,"turns":2},{"damage":1,"enemies":"Cultist","floor":3,"turns":3},{"damage":30,"enemies":"3 Sentries","floor":7,"turns":14},{"damage":3,"enemies":"Exordium Thugs","floor":10,"turns":4},{"damage":9,"enemies":"Looter","floor":12,"turns":3},{"damage":40,"enemies":"Slime Boss","floor":16,"turns":7},{"damage":6,"enemies":"2 Thieves","floor":18,"turns":5},{"damage":0,"enemies":"Chosen","floor":19,"turns":5},{"damage":0,"enemies":"Snake Plant","floor":20,"turns":3},{"damage":2,"enemies":"3 Cultists","floor":21,"turns":5},{"damage":4,"enemies":"Centurion and Healer","floor":24,"turns":6},{"damage":17,"enemies":"Sentry and Sphere","floor":25,"turns":4},{"damage":5,"enemies":"Shelled Parasite and Fungi","floor":27,"turns":4},{"damage":6,"enemies":"Cultist and Chosen","floor":28,"turns":3},{"damage":18,"enemies":"Champ","floor":33,"turns":9},{"damage":9,"enemies":"3 Shapes","floor":35,"turns":3},{"damage":21,"enemies":"Orb Walker","floor":36,"turns":4},{"damage":12,"enemies":"Jaw Worm Horde","floor":38,"turns":3},{"damage":6,"enemies":"4 Shapes","floor":39,"turns":4},{"damage":23,"enemies":"Spire Growth","floor":41,"turns":3},{"damage":6,"enemies":"Jaw Worm Horde","floor":45,"turns":5},{"damage":6,"enemies":"Writhing Mass","floor":48,"turns":4},{"damage":92,"enemies":"Donu and Deca","floor":50,"turns":10},{"damage":57,"enemies":"Shield and Spear","floor":54,"turns":7},{"damage":106,"enemies":"The Heart","floor":55,"turns":9}],"seed_played":"-3750068306308928197","potions_obtained":[{"floor":7,"key":"DistilledChaos"},{"floor":10,"key":"LiquidMemories"},{"floor":12,"key":"Energy Potion"},{"floor":18,"key":"PowerPotion"},{"floor":21,"key":"SteroidPotion"},{"floor":27,"key":"PowerPotion"},{"floor":33,"key":"BlessingOfTheForge"},{"floor":35,"key":"DistilledChaos"},{"floor":39,"key":"Strength Potion"},{"floor":45,"key":"DuplicationPotion"},{"floor":54,"key":"DistilledChaos"}],"is_trial":false,"path_per_floor":["M","M","M","$","?","R","E","R","T","M","R","M","R","?","R","B",null,"M","M","M","M","$","R","M","M","T","M","M","R","?","$","R","B",null,"M","M","$","M","M","R","M","R","T","R","M","?","R","M","R","B",null,"R","$","E","B"],"character_chosen":"IRONCLAD","items_purchased":["Shrug It Off","Dream Catcher","Membership Card","Mayhem","Happy Flower","Anchor","Inflame"],"campfire_rested":5,"item_purchase_floors":[4,22,31,37,53,53,53],"current_hp_per_floor":[80,79,78,78,71,71,41,41,41,38,38,29,53,53,53,38,80,77,77,77,75,75,83,82,65,65,63,57,83,83,83,83,68,92,86,65,65,56,53,53,30,60,66,66,63,58,91,85,85,18,110,110,110,63,0,0],"gold":55,"neow_bonus":"BOSS_RELIC","is_daily":false,"chose_seed":false,"campfire_upgraded":8,"win_rate":0.0,"timestamp":1612001892,"path_taken":["M","M","M","$","?","R","E","R","T","M","R","M","R","?","R","BOSS","M","?","M","M","$","R","M","M","T","M","M","R","?","?","R","BOSS","M","M","$","M","M","R","M","R","T","R","M","?","R","M","R","BOSS","R","$","E","BOSS"],"items_purchased_type":["Card","Relic","Relic","Card","Relic","Relic","Card"],"build_version":"2020-12-22","purchased_purges":4,"victory":false,"max_hp_per_floor":[80,80,80,80,80,80,80,80,80,80,80,80,80,80,80,80,80,83,83,83,83,83,83,86,86,86,89,89,89,89,86,86,86,92,95,95,95,98,101,101,101,101,107,107,110,110,110,110,110,110,110,110,110,110,110,110],"relic_stats":{"Darkstone Periapt":12,"Dream Catcher":4,"Nunchaku":[4],"Happy Flower":[5],"counters":[26,132],"Shuriken":[0],"Pantograph":78,"StoneCalendar":[156],"Cursed Key":3,"obtain_stats":[{"Darkstone Periapt":26,"Happy Flower":53,"StoneCalendar":34,"The Courier":43,"Cursed Key":0,"Empty Cage":17,"Burning Blood":0,"Mercury Hourglass":34,"Calling Bell":34,"Dream Catcher":22,"Nunchaku":34,"Anchor":53,"Shuriken":54,"Pantograph":7,"Membership Card":31},{"Darkstone Periapt":13,"Happy Flower":24,"StoneCalendar":16,"The Courier":21,"Cursed Key":0,"Empty Cage":7,"Burning Blood":0,"Mercury Hourglass":16,"Calling Bell":16,"Dream Catcher":11,"Nunchaku":16,"Anchor":24,"Shuriken":25,"Pantograph":4,"Membership Card":15},{"Darkstone Periapt":64,"Happy Flower":116,"StoneCalendar":80,"The Courier":97,"Cursed Key":0,"Empty Cage":36,"Burning Blood":0,"Mercury Hourglass":80,"Calling Bell":80,"Dream Catcher":54,"Nunchaku":80,"Anchor":116,"Shuriken":123,"Pantograph":22,"Membership Card":71}],"Mercury Hourglass":[177]},"card_choices":[{"not_picked":["Headbutt","True Grit"],"picked":"Body Slam","floor":1},{"not_picked":["Pommel Strike","Clothesline"],"picked":"Body Slam","floor":2},{"not_picked":["Cleave","Twin Strike"],"picked":"Flame Barrier","floor":3},{"not_picked":["Iron Wave","Body Slam"],"picked":"Juggernaut","floor":7},{"not_picked":["Wild Strike","Combust","Pommel Strike"],"picked":"SKIP","floor":10},{"not_picked":["Sword Boomerang","Perfected Strike","Headbutt"],"picked":"SKIP","floor":12},{"not_picked":["Reaper","Berserk"],"picked":"Feed","floor":16},{"not_picked":["Rampage","Clothesline","Burning Pact"],"picked":"SKIP","floor":18},{"not_picked":["Infernal Blade","Iron Wave+1","Dropkick+1"],"picked":"SKIP","floor":19},{"not_picked":["Rage","Perfected Strike+1"],"picked":"Fire Breathing+1","floor":20},{"not_picked":["Iron Wave+1","Clothesline","Perfected Strike"],"picked":"SKIP","floor":21},{"not_picked":["Flex","Clash","Sever Soul+1"],"picked":"SKIP","floor":24},{"not_picked":["Heavy Blade","Clothesline","Iron Wave"],"picked":"SKIP","floor":25},{"not_picked":["Fire Breathing","Twin Strike"],"picked":"Offering","floor":27},{"not_picked":["Sever Soul","Sentinel+1"],"picked":"Shrug It Off+1","floor":28},{"not_picked":["Dark Embrace","Sword Boomerang"],"picked":"True Grit","floor":29},{"not_picked":["Double Tap","Corruption"],"picked":"Exhume","floor":33},{"not_picked":["Rage+1","Clothesline+1","Shrug It Off"],"picked":"SKIP","floor":35},{"not_picked":["Anger+1","Headbutt","Havoc"],"picked":"SKIP","floor":36},{"not_picked":["Carnage","Shrug It Off"],"picked":"Entrench","floor":38},{"not_picked":["Perfected Strike+1","Pommel Strike"],"picked":"Shockwave","floor":39},{"not_picked":["Fire Breathing","Anger+1","Shrug It Off+1"],"picked":"SKIP","floor":41},{"not_picked":["Inflame","Spot Weakness+1"],"picked":"Armaments+1","floor":42},{"not_picked":["True Grit","Rampage+1","Wild Strike"],"picked":"SKIP","floor":45},{"not_picked":["Madness","Flash of Steel"],"picked":"Dark Shackles","floor":46},{"not_picked":["PanicButton","Jack Of All Trades"],"picked":"Finesse","floor":46},{"not_picked":["Armaments","Bloodletting+1"],"picked":"Reaper","floor":48},{"not_picked":["Sword Boomerang","Armaments+1","Dropkick+1"],"picked":"SKIP","floor":54}],"player_experience":266632,"relics_obtained":[{"floor":7,"key":"Pantograph"},{"floor":26,"key":"Darkstone Periapt"},{"floor":34,"key":"Nunchaku"},{"floor":34,"key":"Mercury Hourglass"},{"floor":34,"key":"StoneCalendar"},{"floor":43,"key":"The Courier"},{"floor":54,"key":"Shuriken"}],"event_choices":[{"cards_removed":["Strike_R"],"damage_healed":0,"gold_gain":0,"player_choice":"Card Removal","damage_taken":7,"max_hp_gain":0,"max_hp_loss":0,"event_name":"Golden Wing","floor":5,"gold_loss":0},{"cards_removed":["Bash"],"damage_healed":0,"gold_gain":0,"player_choice":"Offered Basic","damage_taken":0,"max_hp_gain":0,"max_hp_loss":0,"event_name":"Bonfire Elementals","floor":14,"gold_loss":0},{"damage_healed":0,"gold_gain":200,"player_choice":"Gold","damage_taken":0,"max_hp_gain":0,"max_hp_loss":0,"event_name":"Wheel of Change","floor":30,"gold_loss":0},{"damage_healed":0,"gold_gain":0,"player_choice":"Memory 2","damage_taken":5,"max_hp_gain":0,"max_hp_loss":0,"event_name":"SensoryStone","floor":46,"gold_loss":0}],"is_beta":false,"boss_relics":[{"not_picked":["Pandora\u0027s Box","Philosopher\u0027s Stone"],"picked":"Empty Cage"},{"not_picked":["Sozu","Mark of Pain"],"picked":"Calling Bell"}],"items_purged_floors":[4,22,31,37],"is_endless":false,"potions_floor_spawned":[7,10,12,18,19,21,27,33,35,39,45,54],"killed_by":"The Heart","ascension_level":0}}