{"host":"f0gpob8hq9vgebej","time":1612022394,"event":{"mods":["AchievementEnabler","BaseMod","Minty Spire (QoL Compilation)","Quick Restart","SuperFastMode"],"gold_per_floor":[109,122,135,153,171,171,44,72,72,72,72],"floor_reached":10,"language":"KOR","playtime":163,"items_purged":["Defend_B"],"score":109,"play_id":"d6a1e22f-081c-4fac-ac33-63aba29cb79a","local_time":"20210131005954","is_ascension_mode":true,"campfire_choices":[{"data":"Zap","floor":6.0,"key":"SMITH"}],"circlet_count":0,"master_deck":["AscendersBane","Strike_B","Strike_B","Strike_B","Defend_B","Defend_B","Defend_B","Zap+1","Dualcast","Conserve Battery","Static Discharge","BootSequence","Turbo","Force Field"],"relics":["Cracked Core","Happy Flower","Toxic Egg 2"],"acts_visited":["Exordium"],"potions_floor_usage":[],"damage_taken":[{"damage":1.0,"enemies":"Cultist","floor":1.0,"turns":3.0},{"damage":2.0,"enemies":"2 Louse","floor":2.0,"turns":3.0},{"damage":0.0,"enemies":"Small Slimes","floor":3.0,"turns":6.0},{"damage":10.0,"enemies":"Red Slaver","floor":4.0,"turns":4.0},{"damage":10.0,"enemies":"Gremlin Gang","floor":5.0,"turns":3.0},{"damage":20.0,"enemies":"Gremlin Nob","floor":8.0,"turns":4.0},{"damage":0,"enemies":"Lagavulin","floor":10,"turns":1}],"seed_played":"2494540184689015993","potions_obtained":[{"floor":1.0,"key":"DistilledChaos"},{"floor":3.0,"key":"Explosive Potion"}],"is_trial":false,"path_per_floor":["M","M","M","M","M","R","$","E","T","E"],"character_chosen":"DEFECT","items_purchased":["BlessingOfTheForge"],"campfire_rested":0,"item_purchase_floors":[7],"current_hp_per_floor":[67,65,65,55,45,45,45,25,25,25,25],"gold":72,"neow_bonus":"REMOVE_CARD","is_daily":false,"chose_seed":false,"campfire_upgraded":1,"win_rate":0.0,"timestamp":1612022394,"path_taken":["M","M","M","M","M","R","$","E","T","E"],"items_purchased_type":["Potion"],"build_version":"2020-12-22","purchased_purges":1,"victory":false,"max_hp_per_floor":[75,75,75,75,75,75,75,75,75,75,75],"card_choices":[{"not_picked":["Lockon","Coolheaded"],"picked":"Conserve Battery","floor":1.0},{"not_picked":["Rebound","Double Energy"],"picked":"Static Discharge","floor":2.0},{"not_picked":["Beam Cell","Sunder","Coolheaded"],"picked":"SKIP","floor":3.0},{"not_picked":["Redo","Doom and Gloom"],"picked":"BootSequence","floor":4.0},{"not_picked":["Fusion","Rebound"],"picked":"Turbo","floor":5.0},{"not_picked":["Reprogram","Gash"],"picked":"Force Field","floor":8.0}],"player_experience":302834,"relics_obtained":[{"floor":8.0,"key":"Happy Flower"},{"floor":9.0,"key":"Toxic Egg 2"}],"event_choices":[],"is_beta":false,"boss_relics":[],"items_purged_floors":[7],"is_endless":false,"potions_floor_spawned":[1,3,4],"killed_by":"Lagavulin","ascension_level":11}}