{"host":"cpnwtw6j9ov48mid","time":1612013662,"event":{"mods":["AchievementEnabler","Act Like it!","Aspiration","BaseMod","Bestiary","Better Third Choice","BetterRewards","CapriCore","Colored Map","Colored Powertips","Conspire","Energized Spire","Friendly Minions","GifTheSpireLib","Gold Saver","Halation","Hubris","Infinite Spire","Jedi Mod","Marked Mod","Minty Spire (QoL Compilation)","Permanent Neow","Quarter Circle Forward PUNCH!","Quick Restart","RRrroohrrRGHHhhh!!","Rare Cards Sparkle","RatMod","Relic Stats","Replay The Spire","Small Relic Pack","StSLib","Stuff the Spire","The Animator","The Blue Laboratory","Transform Curses","yUi"],"gold_per_floor":[124,124,155,166,178,223,239,239,239,239,239,253,272,305,305,406,406,419,419,435,153,153,184,206,237,237,265,326,340,353,353,353,456,456,500,562,610,668,125,125,153,153,223,223,223,223,264,118,118,250,275,275],"floor_reached":51,"language":"ENG","playtime":4025,"items_purged":["animator:Illya","animator:Strike"],"score":1047,"play_id":"e3e7c861-85ab-4ab8-9eba-ccd5ec173fe1","local_time":"20210130143422","is_ascension_mode":false,"campfire_choices":[{"floor":8.0,"key":"REST"},{"data":"animator:Tyuule","floor":10.0,"key":"SMITH"},{"data":"animator:Darkness","floor":15.0,"key":"SMITH"},{"floor":49,"key":"DIG"}],"circlet_count":0,"master_deck":["animator:Strike_Konosuba+1","animator:Defend_Konosuba+1","animator:Strike+1","animator:Strike+1","animator:Defend+1","animator:Defend+1","animator:Defend+1","animator:Kazuma+1","animator:Aqua+1","animator:Archer+1","animator:TukaLunaMarceau+1","animator:YaoHaDucy+1","animator:Tyuule+1","animator:Mitsurugi+1","animator:NarberalGamma+1","hubris:NaturalOne","animator:Mitsurugi+1","animator:Darkness+1","animator:Eve+1","Beam Cell+1","animator:Entoma+5","animator:Shalltear+1","animator:Shalltear+1","Beam Cell+1","animator:Megumin+8","Go for the Eyes+1","animator:Kazuma+1","animator:Aqua+1","animator:Tyuule+1","jedi:meditation+1","animator:YaoHaDucy+1","animator:RinTohsaka+1","rorgmod:Storm+1","animator:EmiyaShirou+1","animator:PandorasActor+1","animator:PandorasActor+1","animator:Lelouch+1","animator:HarukoHaruhara+1","animator:Vanir","animator:Gilgamesh+2"],"relics":["animator:LivingPicture","animator:TheMissingPiece","animator:PurgingStone","aspiration:Nostalgia","Replay:M_StaffOfTheSnake","Mercury Hourglass","Ice Cream","halation:AfternoonTea","jedi:heavyjacket","hubris:Icosahedron","infinitespire:BottledMercury","aspiration:DefectSkillbook","animator:Buoy","jedi:fakemustache","Coffee Dripper","halation:KoshaPiece","aspiration:ArtOfWarUpgrade","Golden Egg","ReplayTheSpireMod:Ninjato","Smiling Mask","infinitespire:EvilPickle","Replay:Grab Bag","energizedSpire:DeadBattery","aspiration:FutureDiary","conspire:RunicOctahedron","Bronze Scales","TungstenRod","relicPack:OneForAll","hubris:DisguiseKit","Mark of the Bloom","Torii","StuffTheSpire:BottledEssence","jedi:shrinkray","aspiration:PoetsPen"],"acts_visited":["Exordium","TheCity","TheBeyond","Exordium"],"potions_floor_usage":[50,50,50],"damage_taken":[{"damage":0.0,"enemies":"Small Slimes","floor":1.0,"turns":3.0},{"damage":19.0,"enemies":"conspire:MimicChest","floor":3.0,"turns":7.0},{"damage":0.0,"enemies":"conspire:RoseBush","floor":4.0,"turns":3.0},{"damage":0.0,"enemies":"2 Louse","floor":5.0,"turns":2.0},{"damage":27.0,"enemies":"Gremlin Nob","floor":6.0,"turns":4.0},{"damage":4.0,"enemies":"Lots of Slimes","floor":7.0,"turns":3.0},{"damage":0.0,"enemies":"Exordium Thugs","floor":12.0,"turns":3.0},{"damage":0.0,"enemies":"Exordium Wildlife","floor":13.0,"turns":3.0},{"damage":2.0,"enemies":"3 Sentries","floor":14.0,"turns":6.0},{"damage":0.0,"enemies":"Hexaghost","floor":16.0,"turns":12.0},{"damage":0.0,"enemies":"Chosen","floor":18.0,"turns":4.0},{"damage":14.0,"enemies":"2 Thieves","floor":20.0,"turns":3.0},{"damage":13.0,"enemies":"Book of Stabbing","floor":23.0,"turns":4.0},{"damage":0.0,"enemies":"Centurion and Healer","floor":24.0,"turns":4.0},{"damage":0.0,"enemies":"animator:HornedBat","floor":25.0,"turns":4.0},{"damage":3.0,"enemies":"conspire:SneckoGhost","floor":27.0,"turns":4.0},{"damage":0.0,"enemies":"Snake Plant","floor":29.0,"turns":3.0},{"damage":0.0,"enemies":"Chosen and Byrds","floor":30.0,"turns":3.0},{"damage":0.0,"enemies":"Pondfish","floor":33.0,"turns":8.0},{"damage":0.0,"enemies":"Orb Walker","floor":35.0,"turns":2.0},{"damage":0.0,"enemies":"3 Darklings","floor":36.0,"turns":3.0},{"damage":0.0,"enemies":"Transient","floor":37.0,"turns":5.0},{"damage":0,"enemies":"Sphere and 2 Shapes","floor":38,"turns":2},{"damage":0,"enemies":"3 Darklings","floor":41,"turns":3},{"damage":0,"enemies":"Giant Head","floor":47,"turns":4},{"damage":0,"enemies":"Replay:Hell Engine","floor":50,"turns":7}],"seed_played":"-6192042436622181897","potions_obtained":[{"floor":3.0,"key":"jedi:StrikingPotion"},{"floor":5.0,"key":"DistilledChaos"},{"floor":6.0,"key":"animator:GrowthPotion"},{"floor":12.0,"key":"Flashbang"},{"floor":14.0,"key":"blueLaboratory:AbyssPotion"},{"floor":18.0,"key":"Fire Potion"},{"floor":24.0,"key":"blueLaboratory:HorrorPotion"},{"floor":27.0,"key":"Elixir"},{"floor":28.0,"key":"animator:FalseLifePotion"},{"floor":50,"key":"Strength Potion"}],"is_trial":false,"path_per_floor":["M","?","?","M","M","E","M","R","T","R","?","M","M","E","R","B",null,"M","?","M","$","AVR","E","M","E","T","E","?","M","M","?","R","B",null,"M","M","M","M","$","R","M","?","T","?","?","?","E","$","R_BF","B",null],"character_chosen":"THE_ANIMATOR","items_purchased":["animator:Buoy","animator:Shalltear","animator:PandorasActor","Bronze Scales","TungstenRod","StuffTheSpire:BottledEssence"],"campfire_rested":1,"item_purchase_floors":[21,21,39,39,39,48],"current_hp_per_floor":[66,63,46,48,50,25,23,42,42,42,42,57,59,60,60,62,68,68,68,56,56,66,55,57,59,59,60,43,45,49,54,54,58,70,70,72,72,73,73,73,75,75,75,66,66,66,66,66,66,66,66,66],"gold":275,"neow_bonus":"NOSTALGIA","is_daily":false,"chose_seed":false,"campfire_upgraded":2,"win_rate":0.0,"timestamp":1612013662,"path_taken":["M","?","?","M","M","E","M","R","T","R","?","?","?","E","R","BOSS","M","?","M","?","AVR","E","M","E","T","E","?","M","M","?","R","BOSS","M","?","M","M","$","R","M","?","T","?","?","?","E","$","R_BF","BOSS"],"items_purchased_type":["Relic","Card","Card","Relic","Relic","Relic"],"build_version":"2020-12-22","purchased_purges":2,"victory":false,"max_hp_per_floor":[66,66,66,66,66,66,66,66,66,66,66,67,67,68,68,68,68,68,68,68,68,68,68,68,68,68,70,70,70,70,70,70,70,70,70,72,72,73,73,73,75,75,75,75,75,75,78,78,78,78,78,78],"relic_stats":{"Mark of the Bloom":98,"Torii":0,"counters":[26,104],"Bronze Scales":[26],"Smiling Mask":50,"obtain_stats":[{"Ice Cream":3,"infinitespire:BottledMercury":14,"Golden Egg":26,"Mark of the Bloom":45,"Torii":47,"animator:TheMissingPiece":0,"StuffTheSpire:BottledEssence":48,"Smiling Mask":28,"jedi:shrinkray":49,"relicPack:OneForAll":42,"hubris:Icosahedron":11,"aspiration:PoetsPen":51,"animator:PurgingStone":0,"aspiration:DefectSkillbook":17,"aspiration:ArtOfWarUpgrade":40,"halation:KoshaPiece":23,"aspiration:FutureDiary":34,"animator:Buoy":21,"hubris:DisguiseKit":43,"Replay:M_StaffOfTheSnake":0,"ReplayTheSpireMod:Ninjato":27,"aspiration:Nostalgia":0,"Replay:Grab Bag":34,"conspire:RunicOctahedron":34,"energizedSpire:DeadBattery":34,"Mercury Hourglass":2,"jedi:fakemustache":22,"infinitespire:EvilPickle":33,"jedi:heavyjacket":9,"Bronze Scales":39,"animator:LivingPicture":0,"Coffee Dripper":22,"Art of War":25,"halation:AfternoonTea":6,"TungstenRod":39},{"Ice Cream":2,"infinitespire:BottledMercury":9,"Golden Egg":15,"Mark of the Bloom":24,"Torii":25,"animator:TheMissingPiece":0,"StuffTheSpire:BottledEssence":25,"Smiling Mask":16,"jedi:shrinkray":25,"relicPack:OneForAll":24,"hubris:Icosahedron":6,"aspiration:PoetsPen":26,"animator:PurgingStone":0,"aspiration:DefectSkillbook":10,"aspiration:ArtOfWarUpgrade":23,"halation:KoshaPiece":13,"aspiration:FutureDiary":19,"animator:Buoy":12,"hubris:DisguiseKit":24,"Replay:M_StaffOfTheSnake":0,"ReplayTheSpireMod:Ninjato":16,"aspiration:Nostalgia":0,"Replay:Grab Bag":19,"conspire:RunicOctahedron":19,"energizedSpire:DeadBattery":19,"Mercury Hourglass":1,"jedi:fakemustache":12,"infinitespire:EvilPickle":19,"jedi:heavyjacket":6,"Bronze Scales":23,"animator:LivingPicture":0,"Coffee Dripper":12,"Art of War":15,"halation:AfternoonTea":5,"TungstenRod":23},{"Ice Cream":10,"infinitespire:BottledMercury":32,"Golden Egg":60,"Mark of the Bloom":93,"Torii":97,"animator:TheMissingPiece":0,"StuffTheSpire:BottledEssence":97,"Smiling Mask":64,"jedi:shrinkray":97,"relicPack:OneForAll":93,"hubris:Icosahedron":21,"aspiration:PoetsPen":104,"animator:PurgingStone":0,"aspiration:DefectSkillbook":43,"aspiration:ArtOfWarUpgrade":90,"halation:KoshaPiece":53,"aspiration:FutureDiary":78,"animator:Buoy":50,"hubris:DisguiseKit":93,"Replay:M_StaffOfTheSnake":0,"ReplayTheSpireMod:Ninjato":64,"aspiration:Nostalgia":0,"Replay:Grab Bag":78,"conspire:RunicOctahedron":78,"energizedSpire:DeadBattery":78,"Mercury Hourglass":3,"jedi:fakemustache":50,"infinitespire:EvilPickle":78,"jedi:heavyjacket":21,"Bronze Scales":90,"animator:LivingPicture":0,"Coffee Dripper":50,"Art of War":60,"halation:AfternoonTea":19,"TungstenRod":90}],"TungstenRod":1,"Mercury Hourglass":[449]},"card_choices":[{"not_picked":["animator:AcuraAkari","animator:Ara"],"picked":"animator:Archer","floor":1.0},{"not_picked":["animator:HiiragiShinya","animator:RoryMercury"],"picked":"animator:TukaLunaMarceau","floor":3.0},{"not_picked":["animator:Shinoa","animator:SilverFang"],"picked":"animator:YaoHaDucy","floor":4.0},{"not_picked":["animator:Chung","animator:Hakurou"],"picked":"animator:Tyuule","floor":5.0},{"not_picked":["animator:Kazuma","animator:Vanir"],"picked":"animator:Mitsurugi","floor":6.0},{"not_picked":["animator:RoryMercury","animator:Souei"],"picked":"animator:NarberalGamma","floor":7.0},{"not_picked":["animator:Rider","animator:Mitsurugi"],"picked":"animator:Illya","floor":12.0},{"not_picked":["animator:RoryMercury","animator:RinTohsaka"],"picked":"animator:Mitsurugi","floor":13.0},{"not_picked":["animator:YunYun","animator:Vanir"],"picked":"animator:Darkness","floor":14.0},{"not_picked":["Wraith Form v2","animator:Elesis"],"picked":"animator:Eve","floor":16.0},{"not_picked":["animator:Evileye","StuffTheSpire:LoadUp+1","Doom and Gloom"],"picked":"Beam Cell","floor":18.0},{"not_picked":["animator:Viivi","FIFO Queue","rorgmod:Leap"],"picked":"animator:Entoma","floor":20.0},{"not_picked":["animator:Kaijin+1","Reboot","animator:Viivi"],"picked":"Beam Cell","floor":23.0},{"not_picked":["animator:Kazuma","animator:Verdia","animator:YunYun"],"picked":"animator:Megumin","floor":24.0},{"not_picked":["animator:Evileye","animator:Souei+1","animator:Shion"],"picked":"Go for the Eyes+1","floor":25.0},{"not_picked":["animator:Millim","animator:Rider","animator:YaoHaDucy"],"picked":"animator:Kazuma","floor":27.0},{"not_picked":["animator:Elsword","Ball Lightning","rorgmod:Antivirus"],"picked":"rorgmod:Refrigerate","floor":28.0},{"not_picked":["animator:Fredrika","Hello World","animator:NarberalGamma+1"],"picked":"animator:Aqua","floor":29.0},{"not_picked":["animator:Kuribayashi","animator:Bozes","animator:TukaLunaMarceau"],"picked":"animator:Tyuule","floor":30.0},{"not_picked":["rorgmod:Volatility","jedi:BurstDark","All For One"],"picked":"jedi:meditation","floor":33.0},{"not_picked":["Gash+1","animator:Hakurou","animator:Chung"],"picked":"animator:YaoHaDucy+1","floor":35.0},{"not_picked":["animator:SilverFang","animator:Mitsurugi","animator:Illya"],"picked":"animator:RinTohsaka+1","floor":36.0},{"not_picked":["animator:Shuna","animator:Mitsurugi","animator:Tyuule+1"],"picked":"rorgmod:Storm+1","floor":37},{"not_picked":["animator:RinTohsaka","animator:Lancer","animator:Illya"],"picked":"animator:EmiyaShirou","floor":38},{"not_picked":["animator:Demiurge+1","Leap","animator:Illya+1","Cold Snap"],"picked":"SKIP","floor":41},{"not_picked":["animator:LimeBell","animator:Kagari","animator:Cirno"],"picked":"animator:Lelouch","floor":44},{"not_picked":["animator:MamizouFutatsuiwa","animator:NononJakuzure","animator:QuestionMark"],"picked":"animator:HarukoHaruhara","floor":44},{"not_picked":["animator:Urushihara","animator:Shimakaze","animator:HououinKyouma"],"picked":"animator:Zero","floor":44},{"not_picked":["animator:Alexander","animator:Yuuichirou","ReplaySolidLightProjector+1","WindmillStrike"],"picked":"animator:Vanir","floor":47},{"not_picked":["ReplayRNGCard","animator:AcuraShin","ReplayTheSpireMod:Omega Cannon","DeusExMachina"],"picked":"animator:Gilgamesh","floor":50}],"player_experience":538,"relics_obtained":[{"floor":3.0,"key":"Ice Cream"},{"floor":6.0,"key":"halation:AfternoonTea"},{"floor":9.0,"key":"jedi:heavyjacket"},{"floor":14.0,"key":"infinitespire:BottledMercury"},{"floor":23.0,"key":"halation:KoshaPiece"},{"floor":25.0,"key":"Art of War"},{"floor":26.0,"key":"Golden Egg"},{"floor":27.0,"key":"ReplayTheSpireMod:Ninjato"},{"floor":28.0,"key":"Smiling Mask"},{"floor":43,"key":"hubris:DisguiseKit"},{"floor":47,"key":"Torii"},{"floor":49,"key":"jedi:shrinkray"}],"event_choices":[{"damage_healed":0.0,"max_hp_gain":0.0,"max_hp_loss":0.0,"gold_gain":0.0,"event_name":"betterThird:BetterScrap","player_choice":"Relic ","floor":2.0,"gold_loss":0.0,"damage_taken":3.0,"cards_obtained":["jedi:strikingstrike"]},{"cards_removed":["rorgmod:Refrigerate"],"damage_healed":5.0,"max_hp_gain":0.0,"max_hp_loss":0.0,"gold_gain":0.0,"event_name":"Bonfire Elementals","player_choice":"Offered Common","floor":31.0,"gold_loss":0.0,"damage_taken":0.0},{"cards_removed":["rorgmod:Refrigerate"],"damage_healed":5.0,"max_hp_gain":0.0,"max_hp_loss":0.0,"gold_gain":0.0,"event_name":"Bonfire Elementals","player_choice":"Offered Special","floor":31.0,"gold_loss":0.0,"damage_taken":0.0},{"damage_healed":0,"gold_gain":0,"player_choice":"Memory 3","damage_taken":10,"max_hp_gain":0,"max_hp_loss":0,"event_name":"SensoryStone","floor":44,"gold_loss":0},{"damage_healed":0,"gold_gain":0,"player_choice":"Upgrade","damage_taken":0,"relics_obtained":["Mark of the Bloom"],"max_hp_gain":0,"max_hp_loss":0,"event_name":"MindBloom","floor":45,"gold_loss":0,"cards_upgraded":["animator:Strike_Konosuba","animator:Defend_Konosuba","animator:Strike","animator:Strike","animator:Defend","animator:Defend","animator:Defend","animator:Kazuma","animator:Aqua","animator:Archer","animator:TukaLunaMarceau","animator:YaoHaDucy","animator:Mitsurugi","animator:NarberalGamma","animator:Mitsurugi","Beam Cell","animator:Entoma","animator:Shalltear","animator:Shalltear","Beam Cell","animator:Megumin","animator:Kazuma","animator:Aqua","animator:Tyuule","animator:EmiyaShirou","animator:Zero"]},{"cards_removed":["animator:Zero"],"damage_healed":0,"gold_gain":0,"player_choice":"Removed Skill","damage_taken":0,"max_hp_gain":0,"max_hp_loss":0,"event_name":"Falling","floor":46,"gold_loss":0}],"is_beta":false,"boss_relics":[{"not_picked":["Replay:Ancient Bell","jedi:paperlyon"],"picked":"aspiration:DefectSkillbook"},{"not_picked":["energizedSpire:StickyHand","StuffTheSpire:RunicConfusion"],"picked":"Replay:Grab Bag"},{"not_picked":["hubris:GrandSneckoEye","Replay:Bronze Core"],"picked":"energizedSpire:DeadBattery"},{"not_picked":["energizedSpire:OgreHead","jedi:hotpepper"],"picked":"aspiration:FutureDiary"},{"not_picked":["hubris:Stopwatch","halation:Yufonium"],"picked":"conspire:RunicOctahedron"},{"not_picked":["aspiration:SecretTechniqueScroll","Astrolabe"],"picked":"aspiration:PoetsPen"}],"items_purged_floors":[21,39],"is_endless":true,"potions_floor_spawned":[3,5,6,12,14,18,24,27,29,37,50],"ascension_level":0}}