{"host":"Zandorum","time":1612046745,"event":{"mods":["100% Spire Juice","2.2 Compatiblity","Act Like it!","Bard","BaseMod","Downfall","Hermit","Hubris","Jorbs\u0027s Wanderer Trilogy","Mimic Mod","Minty Spire (QoL Compilation)","Quick Restart","Rare Cards Sparkle","Reorder Act Four","Somnambulant","StSLib","The Cursed","The Disciple","The Hierophant","The Jungle","The Runesmith"],"gold_per_floor":[349,368,384,400,400,418,418,418,456,456,472,482,482,482,498,498,498,498],"floor_reached":16,"language":"ENG","playtime":584,"items_purged":[],"score":93,"play_id":"975a2174-93ec-4f29-b9d6-6147a5ab0769","local_time":"20210130144545","is_ascension_mode":false,"campfire_choices":[{"data":"Slimebound:Split","floor":1,"key":"SMITH"},{"floor":10,"key":"REST"},{"data":"Slimebound:LevelUp","floor":13,"key":"SMITH"}],"circlet_count":0,"master_deck":["Slimebound:Strike_Slimebound","Slimebound:Strike_Slimebound","Slimebound:Strike_Slimebound","Slimebound:Tackle","Slimebound:Defend_Slimebound+1","Slimebound:Defend_Slimebound+1","Slimebound:Defend_Slimebound","Slimebound:Defend_Slimebound","Slimebound:Split+1","Slimebound:CorrosiveSpit","Slimebound:LeechingTouch+1","Slimebound:LevelUp+1","Slimebound:LivingWall","Slimebound:SamplingLick"],"relics":["Slimebound:AbsorbEndCombat","hubris:Towel","hubris:PeanutButter","Regal Pillow","Boot","Spirit Poop"],"acts_visited":["Exordium"],"potions_floor_usage":[9,16],"damage_taken":[{"damage":0,"enemies":"Cultist","floor":2,"turns":3},{"damage":8,"enemies":"2 Louse","floor":3,"turns":3},{"damage":16,"enemies":"Jaw Worm","floor":4,"turns":4},{"damage":38,"enemies":"Gremlin Gang","floor":6,"turns":6},{"damage":0,"enemies":"Lots of Slimes","floor":9,"turns":5},{"damage":9,"enemies":"Lots of Slimes","floor":11,"turns":4},{"damage":0,"enemies":"2 Fungi Beasts","floor":12,"turns":4},{"damage":10,"enemies":"Exordium Thugs","floor":15,"turns":6},{"damage":53,"enemies":"IC_STATUS_ARCHETYPE","floor":16,"turns":8}],"seed_played":"-3577557575514706918","potions_obtained":[{"floor":2,"key":"GamblersBrew"},{"floor":6,"key":"Slimebound:SlimyTonguePotion"},{"floor":12,"key":"hexamod:SoulburnPotion"}],"is_trial":false,"path_per_floor":["R","M","M","M","?","M","T","?","MIM","R","M","M","R","?","M","B"],"character_chosen":"SLIMEBOUND","items_purchased":[],"campfire_rested":1,"item_purchase_floors":[],"current_hp_per_floor":[59,59,51,41,41,7,7,7,11,43,40,42,42,42,40,0,0,0],"gold":498,"neow_bonus":"TWO_FIFTY_GOLD","is_daily":false,"chose_seed":false,"campfire_upgraded":2,"win_rate":0.0,"timestamp":1612046745,"path_taken":["R","M","M","M","?","M","T","?","?","R","M","?","R","?","M","BOSS"],"items_purchased_type":[],"build_version":"2020-12-18","purchased_purges":0,"victory":false,"max_hp_per_floor":[59,59,59,59,59,59,59,59,59,59,59,59,59,59,59,59,59,59],"card_choices":[{"not_picked":["Slimebound:ProtectTheBoss","Slimebound:HauntingLick","Slimebound:ViciousTackle"],"picked":"SKIP","floor":2},{"not_picked":["Slimebound:GoopTackle","Slimebound:Schlurp","Slimebound:AcidTongue"],"picked":"SKIP","floor":3},{"not_picked":["Slimebound:ItLooksTasty","Slimebound:ComboTackle"],"picked":"Slimebound:LeechingTouch","floor":4},{"not_picked":["Slimebound:GoopTackle","Slimebound:SplitMire"],"picked":"Slimebound:LevelUp","floor":6},{"not_picked":["Slimebound:Replication","Slimebound:HauntingLick"],"picked":"Slimebound:LivingWall","floor":9},{"not_picked":["Slimebound:Replication","Slimebound:FinishingTackle","Slimebound:AcidTongue"],"picked":"SKIP","floor":11},{"not_picked":["Slimebound:SlimeTap","Slimebound:SplitMire","Slimebound:LeechingTouch"],"picked":"SKIP","floor":12},{"not_picked":["Slimebound:PressTheAttack","Slimebound:ItLooksTasty"],"picked":"Slimebound:SamplingLick","floor":15}],"player_experience":168522,"relics_obtained":[{"floor":7,"key":"hubris:PeanutButter"},{"floor":9,"key":"Regal Pillow"},{"floor":9,"key":"Boot"}],"event_choices":[{"cards_removed":["downfall:Malfunctioning"],"damage_healed":0,"gold_gain":0,"player_choice":"Offered Curse","damage_taken":0,"relics_obtained":["Spirit Poop"],"max_hp_gain":0,"max_hp_loss":0,"event_name":"Bonfire Elementals","floor":14,"gold_loss":0}],"is_beta":true,"boss_relics":[],"items_purged_floors":[],"is_endless":false,"potions_floor_spawned":[2,6,12],"killed_by":"IC_STATUS_ARCHETYPE","ascension_level":0}}