{"host":"gmrw3hv4wligmwgo","time":1612009780,"event":{"mods":["2.2 Compatiblity","BaseMod","Colored Map","Highlight Path","Minty Spire (QoL Compilation)","Relic Stats","StSLib","Synergy Search","Td1madao Mod","The Animator"],"gold_per_floor":[109,127,144,38,313,339,351,107,131,143,160,176,176,176,176],"floor_reached":14,"language":"ENG","playtime":2685,"items_purged":["Regret"],"score":188,"play_id":"5633a7a7-4f9c-4f24-9e1c-d0531aa7d4eb","local_time":"20210130132940","is_ascension_mode":true,"campfire_choices":[{"floor":13.0,"key":"REST"}],"circlet_count":0,"master_deck":["AscendersBane","Strike_R","Strike_R","Strike_R","Strike_R","Strike_R","Defend_R","Defend_R","Defend_R","Defend_R","Bash","Fire Breathing","True Grit","Limit Break","Evolve","Dual Wield","Wild Strike","Wild Strike","Fire Breathing","Dark Embrace"],"relics":["Burning Blood","NeowsBlessing","Juzu Bracelet","Orrery","Bag of Marbles"],"acts_visited":["Exordium"],"potions_floor_usage":[14,14],"damage_taken":[{"damage":0.0,"enemies":"Cultist","floor":1.0,"turns":1.0},{"damage":0.0,"enemies":"Small Slimes","floor":2.0,"turns":1.0},{"damage":0.0,"enemies":"2 Louse","floor":3.0,"turns":1.0},{"damage":18.0,"enemies":"3 Sentries","floor":6.0,"turns":6.0},{"damage":9.0,"enemies":"Gremlin Gang","floor":7.0,"turns":3.0},{"damage":26.0,"enemies":"Large Slime","floor":10.0,"turns":6.0},{"damage":4.0,"enemies":"Exordium Wildlife","floor":11.0,"turns":3.0},{"damage":17.0,"enemies":"Looter","floor":12.0,"turns":4.0},{"damage":56,"enemies":"Gremlin Nob","floor":14,"turns":4}],"seed_played":"-5310765723820894987","potions_obtained":[{"floor":1.0,"key":"ElixirPotion"},{"floor":3.0,"key":"Explosive Potion"},{"floor":7.0,"key":"GamblersBrew"},{"floor":11.0,"key":"PowerPotion"}],"is_trial":false,"path_per_floor":["M","M","M","$","?","E","M","$","T","M","M","M","R","E"],"character_chosen":"IRONCLAD","items_purchased":["True Grit","SkillPotion","Orrery"],"campfire_rested":1,"item_purchase_floors":[4,4,8],"current_hp_per_floor":[74,75,75,75,75,63,60,60,60,40,42,31,53,0,0],"gold":176,"neow_bonus":"THREE_ENEMY_KILL","is_daily":false,"chose_seed":false,"campfire_upgraded":0,"win_rate":0.0,"timestamp":1612009780,"path_taken":["M","M","?","$","?","E","M","$","T","M","M","M","R","E"],"items_purchased_type":["Card","Potion","Relic"],"build_version":"2020-12-22","purchased_purges":1,"victory":false,"max_hp_per_floor":[75,75,75,75,75,75,75,75,75,75,75,75,75,75,75],"relic_stats":{"counters":[9,29],"Juzu Bracelet":0,"obtain_stats":[{"NeowsBlessing":0,"Orrery":8,"Juzu Bracelet":6,"Bag of Marbles":9,"Burning Blood":0},{"NeowsBlessing":0,"Orrery":5,"Juzu Bracelet":4,"Bag of Marbles":5,"Burning Blood":0},{"NeowsBlessing":0,"Orrery":12,"Juzu Bracelet":9,"Bag of Marbles":12,"Burning Blood":0}],"Burning Blood":37},"card_choices":[{"not_picked":["Searing Blow","Clothesline"],"picked":"Fire Breathing","floor":1.0},{"not_picked":["Combust","Clash","Havoc"],"picked":"SKIP","floor":2.0},{"not_picked":["Perfected Strike","Havoc","Clash"],"picked":"SKIP","floor":3.0},{"not_picked":["Clash","Metallicize"],"picked":"Limit Break","floor":6.0},{"not_picked":["Rage","Dropkick","Hemokinesis"],"picked":"SKIP","floor":7.0},{"not_picked":["Body Slam","Shrug It Off"],"picked":"Evolve","floor":8.0},{"not_picked":["Havoc","Limit Break"],"picked":"Dual Wield","floor":8.0},{"not_picked":["Headbutt","Warcry"],"picked":"Wild Strike","floor":8.0},{"not_picked":["Headbutt","Blood for Blood"],"picked":"Wild Strike","floor":8.0},{"not_picked":["Iron Wave","Reckless Charge"],"picked":"Fire Breathing","floor":10.0},{"not_picked":["Clothesline","Wild Strike","Warcry"],"picked":"SKIP","floor":11.0},{"not_picked":["Disarm","Sword Boomerang"],"picked":"Dark Embrace","floor":12.0}],"player_experience":673646,"relics_obtained":[{"floor":6.0,"key":"Juzu Bracelet"},{"floor":9.0,"key":"Bag of Marbles"}],"event_choices":[{"damage_healed":0.0,"max_hp_gain":0.0,"max_hp_loss":0.0,"gold_gain":275.0,"event_name":"Golden Shrine","player_choice":"Desecrate","floor":5.0,"gold_loss":0.0,"damage_taken":0.0,"cards_obtained":["Regret"]}],"is_beta":false,"boss_relics":[],"items_purged_floors":[8],"is_endless":false,"potions_floor_spawned":[1,3,7,11],"killed_by":"Gremlin Nob","ascension_level":20}}