{"host":"94aus4jnk6thj94q","time":1612031270,"event":{"mods":["BaseMod","Minty Spire (QoL Compilation)","Quick Restart","StSLib"],"gold_per_floor":[216,216,216,239,19,19,43,43,124,124,76,117,117,136,136,264,264,285,301,67,83,106,106,106,106,106],"floor_reached":25,"language":"ENG","playtime":11789,"items_purged":[],"score":201,"play_id":"6967eff7-2710-41f6-9925-a567809dab4c","local_time":"20210130202750","is_ascension_mode":false,"campfire_choices":[{"floor":6,"key":"REST"},{"floor":10,"key":"RECALL"},{"floor":13,"key":"REST"},{"data":"Footwork","floor":15,"key":"SMITH"},{"floor":23,"key":"REST"}],"circlet_count":0,"master_deck":["Strike_G","Strike_G","Strike_G","Strike_G","Strike_G","Defend_G","Defend_G","Defend_G","Defend_G","Defend_G","Survivor","Neutralize","Poisoned Stab","Injury","Poisoned Stab","Footwork+1","Corpse Explosion","Crippling Poison","Adrenaline","Venomology","Caltrops","Bane","Bouncing Flask","Footwork","Poisoned Stab+1"],"relics":["Ring of the Snake","Golden Idol","Tingsha","StoneCalendar","Black Star","Vajra"],"acts_visited":["Exordium","TheCity"],"potions_floor_usage":[12,12,14,19,21,22,22,25,25,25],"damage_taken":[{"damage":15,"enemies":"Small Slimes","floor":1,"turns":5},{"damage":1,"enemies":"Jaw Worm","floor":4,"turns":4},{"damage":0,"enemies":"Cultist","floor":7,"turns":4},{"damage":29,"enemies":"Gremlin Nob","floor":12,"turns":5},{"damage":0,"enemies":"2 Fungi Beasts","floor":14,"turns":1},{"damage":32,"enemies":"Hexaghost","floor":16,"turns":9},{"damage":4,"enemies":"Spheric Guardian","floor":18,"turns":6},{"damage":5,"enemies":"Shell Parasite","floor":19,"turns":6},{"damage":31,"enemies":"Sentry and Sphere","floor":21,"turns":4},{"damage":6,"enemies":"Centurion and Healer","floor":22,"turns":5},{"damage":55,"enemies":"Book of Stabbing","floor":25,"turns":5}],"seed_played":"6735437948552151263","potions_obtained":[{"floor":1,"key":"Ancient Potion"},{"floor":4,"key":"DistilledChaos"},{"floor":7,"key":"AttackPotion"},{"floor":12,"key":"Energy Potion"},{"floor":19,"key":"Explosive Potion"}],"is_trial":false,"path_per_floor":["M","?","T","M","$","R","M","$","T","R","?","E","R","M","R","B",null,"M","M","$","M","M","R","?","E"],"character_chosen":"THE_SILENT","items_purchased":["Footwork","Corpse Explosion","Vajra","Bouncing Flask"],"campfire_rested":3,"item_purchase_floors":[5,5,20,20],"current_hp_per_floor":[55,55,55,54,54,70,70,70,70,70,70,41,62,62,62,30,70,66,61,61,30,24,45,50,0,0],"gold":106,"neow_bonus":"HUNDRED_GOLD","is_daily":false,"chose_seed":false,"campfire_upgraded":1,"win_rate":0.0,"timestamp":1612031270,"path_taken":["M","?","?","M","$","R","M","$","T","R","?","E","R","M","R","BOSS","M","M","$","M","M","R","?","E"],"items_purchased_type":["Card","Card","Relic","Card"],"build_version":"2020-12-22","purchased_purges":0,"victory":false,"max_hp_per_floor":[70,70,70,70,70,70,70,70,70,70,70,70,70,70,70,70,70,70,70,70,70,70,70,70,70,70],"card_choices":[{"not_picked":["Escape Plan","Dagger Throw"],"picked":"Poisoned Stab","floor":1},{"not_picked":["Concentrate","Dodge and Roll"],"picked":"Poisoned Stab","floor":4},{"not_picked":["Slice","Bane"],"picked":"Crippling Poison","floor":7},{"not_picked":["Heel Hook","Blade Dance"],"picked":"Adrenaline","floor":12},{"not_picked":["Outmaneuver","Dagger Spray"],"picked":"Flying Knee","floor":14},{"not_picked":["Corpse Explosion","A Thousand Cuts"],"picked":"Venomology","floor":16},{"not_picked":["Eviscerate","Slice"],"picked":"Caltrops","floor":18},{"not_picked":["Quick Slash+1","Dagger Throw"],"picked":"Bane","floor":19},{"not_picked":["Deflect+1","Bane"],"picked":"Footwork","floor":21},{"not_picked":["Backflip","Setup+1"],"picked":"Poisoned Stab+1","floor":22}],"player_experience":6016105,"relics_obtained":[{"floor":3,"key":"Tingsha"},{"floor":12,"key":"StoneCalendar"}],"event_choices":[{"damage_healed":0,"gold_gain":0,"player_choice":"Take Wound","damage_taken":0,"relics_obtained":["Golden Idol"],"max_hp_gain":0,"max_hp_loss":0,"event_name":"Golden Idol","floor":2,"gold_loss":0,"cards_obtained":["Injury"]},{"damage_healed":0,"gold_gain":0,"player_choice":"Left Gold","damage_taken":0,"max_hp_gain":0,"max_hp_loss":0,"event_name":"World of Goop","floor":11,"gold_loss":48},{"cards_removed":["Flying Knee"],"damage_healed":5,"gold_gain":0,"player_choice":"Offered Common","damage_taken":0,"max_hp_gain":0,"max_hp_loss":0,"event_name":"Bonfire Elementals","floor":24,"gold_loss":0},{"cards_removed":["Flying Knee"],"damage_healed":5,"gold_gain":0,"player_choice":"Offered Special","damage_taken":0,"max_hp_gain":0,"max_hp_loss":0,"event_name":"Bonfire Elementals","floor":24,"gold_loss":0}],"is_beta":false,"boss_relics":[{"not_picked":["Velvet Choker","Ectoplasm"],"picked":"Black Star"}],"items_purged_floors":[],"is_endless":false,"potions_floor_spawned":[1,4,7,12,19],"killed_by":"Book of Stabbing","ascension_level":0}}