{"host":"4pckc3u5mqcilakq","time":1612024569,"event":{"mods":["AchievementEnabler","BaseMod","Colored Map","Colored Powertips","Highlight Path","Minty Spire (QoL Compilation)"],"gold_per_floor":[113,126,139,89,103,135,135,210,233,295,295,295,53,53,53,83,83],"floor_reached":16,"language":"ENG","playtime":546,"items_purged":[],"score":173,"play_id":"bc530728-aaec-46ca-b0e1-4adfc1422670","local_time":"20210130193609","is_ascension_mode":true,"campfire_choices":[{"data":"Wish","floor":7,"key":"SMITH"},{"floor":12,"key":"REST"},{"data":"Eruption","floor":15,"key":"SMITH"}],"circlet_count":0,"master_deck":["Strike_P","Strike_P+1","Strike_P","Strike_P","Defend_P+1","Defend_P","Defend_P+1","Eruption+1","Vigilance","Consecrate","WheelKick","CutThroughFate+1","CutThroughFate","Wish+1","SignatureMove","Evaluate","ReachHeaven"],"relics":["PureWater","NeowsBlessing","War Paint","Tiny Chest","Omamori","HandDrill"],"acts_visited":["Exordium"],"potions_floor_usage":[6,10],"damage_taken":[{"damage":0,"enemies":"Cultist","floor":1,"turns":1},{"damage":0,"enemies":"2 Louse","floor":2,"turns":1},{"damage":0,"enemies":"Small Slimes","floor":3,"turns":1},{"damage":11,"enemies":"3 Louse","floor":5,"turns":2},{"damage":0,"enemies":"Gremlin Nob","floor":6,"turns":2},{"damage":25,"enemies":"3 Sentries","floor":10,"turns":8},{"damage":38,"enemies":"The Guardian","floor":16,"turns":7}],"seed_played":"6088864512202629938","potions_obtained":[{"floor":2,"key":"Dexterity Potion"},{"floor":5,"key":"BlessingOfTheForge"},{"floor":6,"key":"SteroidPotion"}],"is_trial":false,"path_per_floor":["M","M","M","?","M","E","R","?","T","E","?","R","$","?","R","B"],"character_chosen":"WATCHER","items_purchased":["HandDrill","Evaluate","ReachHeaven"],"campfire_rested":1,"item_purchase_floors":[13,13,13],"current_hp_per_floor":[65,65,65,65,54,54,54,43,43,18,4,25,25,30,30,0,0],"gold":83,"neow_bonus":"THREE_ENEMY_KILL","is_daily":false,"chose_seed":false,"campfire_upgraded":2,"win_rate":0.0,"timestamp":1612024569,"path_taken":["M","M","M","?","M","E","R","?","T","E","?","R","$","?","R","BOSS"],"items_purchased_type":["Relic","Card","Card"],"build_version":"2020-12-22","purchased_purges":0,"victory":false,"max_hp_per_floor":[72,72,72,72,72,72,72,72,72,72,72,72,72,77,77,77,77],"card_choices":[{"not_picked":["Protect","Crescendo"],"picked":"Consecrate","floor":1},{"not_picked":["CrushJoints","TalkToTheHand"],"picked":"WheelKick","floor":2},{"not_picked":["Halt","WindmillStrike"],"picked":"CutThroughFate","floor":3},{"not_picked":["FlurryOfBlows","SashWhip"],"picked":"CutThroughFate","floor":5},{"not_picked":["JustLucky","ThirdEye"],"picked":"Wish","floor":6},{"not_picked":["EmptyBody","Crescendo"],"picked":"SignatureMove","floor":10}],"player_experience":225067,"relics_obtained":[{"floor":6,"key":"War Paint"},{"floor":9,"key":"Tiny Chest"},{"floor":10,"key":"Omamori"}],"event_choices":[{"cards_removed":["Defend_P"],"damage_healed":0,"gold_gain":0,"player_choice":"Card Removal","damage_taken":0,"max_hp_gain":0,"max_hp_loss":0,"event_name":"The Cleric","floor":4,"gold_loss":50},{"damage_healed":0,"gold_gain":75,"player_choice":"Gather Gold","damage_taken":11,"max_hp_gain":0,"max_hp_loss":0,"event_name":"World of Goop","floor":8,"gold_loss":0},{"damage_healed":0,"gold_gain":0,"player_choice":"Entered Light","damage_taken":14,"max_hp_gain":0,"max_hp_loss":0,"event_name":"Shining Light","floor":11,"gold_loss":0,"cards_upgraded":["Strike_P","CutThroughFate"]},{"damage_healed":0,"gold_gain":0,"player_choice":"Donut","damage_taken":0,"max_hp_gain":5,"max_hp_loss":0,"event_name":"Big Fish","floor":14,"gold_loss":0}],"is_beta":false,"boss_relics":[],"items_purged_floors":[],"is_endless":false,"potions_floor_spawned":[2,5,6],"killed_by":"The Guardian","ascension_level":6}}