{"host":"q6r63elxu27obe7v","time":1612017880,"event":{"mods":["BaseMod","DeckTracker","Keyboard Shortcuts","Minty Spire (QoL Compilation)","Permanent Neow","Quick Restart","StSLib","SuperFastMode","Swap Starting Deck Mod"],"gold_per_floor":[112,37,37,2,19,19,35,66,114,133,151,166,194,207,207,207,207],"floor_reached":16,"language":"KOR","playtime":651,"items_purged":["Defend_G"],"score":120,"play_id":"d0c64647-6150-454f-beda-64534f9ef2ad","local_time":"20210130234440","is_ascension_mode":true,"campfire_choices":[{"floor":6,"key":"RECALL"},{"floor":15,"key":"REST"}],"circlet_count":0,"master_deck":["Strike_G","Strike_G","Strike_G","Strike_G","Strike_G","Defend_G","Defend_G","Defend_G","Defend_G","Survivor","Neutralize+1","Skewer","Predator","Flying Knee","Bane","Riddle With Holes","Blur","Underhanded Strike"],"relics":["Snecko Eye","Oddly Smooth Stone","Eternal Feather"],"acts_visited":["Exordium"],"potions_floor_usage":[8,13,14,16,16],"damage_taken":[{"damage":10,"enemies":"Jaw Worm","floor":1,"turns":4},{"damage":0,"enemies":"Cultist","floor":5,"turns":3},{"damage":2,"enemies":"Small Slimes","floor":7,"turns":3},{"damage":18,"enemies":"3 Sentries","floor":8,"turns":6},{"damage":0,"enemies":"Red Slaver","floor":10,"turns":3},{"damage":16,"enemies":"Exordium Wildlife","floor":11,"turns":3},{"damage":6,"enemies":"3 Louse","floor":12,"turns":2},{"damage":5,"enemies":"Lagavulin","floor":13,"turns":4},{"damage":0,"enemies":"Exordium Thugs","floor":14,"turns":4},{"damage":45,"enemies":"Slime Boss","floor":16,"turns":9}],"seed_played":"1233450714648130804","potions_obtained":[{"floor":7,"key":"ColorlessPotion"},{"floor":8,"key":"Block Potion"},{"floor":11,"key":"Dexterity Potion"},{"floor":12,"key":"GamblersBrew"},{"floor":13,"key":"Dexterity Potion"}],"is_trial":false,"path_per_floor":["M","$","?","$","M","R","M","E","T","M","M","M","E","M","R","B"],"character_chosen":"THE_SILENT","items_purchased":["Skewer"],"campfire_rested":1,"item_purchase_floors":[4],"current_hp_per_floor":[60,60,60,60,60,60,58,40,40,40,24,18,13,13,43,0,0],"gold":207,"neow_bonus":"BOSS_RELIC","is_daily":false,"chose_seed":false,"campfire_upgraded":0,"win_rate":0.0,"timestamp":1612017880,"path_taken":["M","$","?","?","M","R","M","E","T","M","?","?","E","M","R","BOSS"],"items_purchased_type":["Card"],"build_version":"2020-12-22","purchased_purges":1,"victory":false,"max_hp_per_floor":[70,70,70,70,70,70,70,70,70,70,70,70,70,70,70,70,70],"card_choices":[{"not_picked":["Acrobatics","Catalyst","Backflip"],"picked":"SKIP","floor":1},{"not_picked":["Riddle With Holes","Flechettes"],"picked":"Predator","floor":5},{"not_picked":["Endless Agony","Deadly Poison"],"picked":"Flying Knee","floor":7},{"not_picked":["Skewer","Prepared","Distraction"],"picked":"SKIP","floor":8},{"not_picked":["Dodge and Roll","Footwork"],"picked":"Bane","floor":10},{"not_picked":["Deadly Poison","Terror"],"picked":"Riddle With Holes","floor":11},{"not_picked":["Poisoned Stab","Bane","Escape Plan"],"picked":"SKIP","floor":12},{"not_picked":["Tools of the Trade","Acrobatics"],"picked":"Blur","floor":13},{"not_picked":["Dodge and Roll","Dagger Spray"],"picked":"Underhanded Strike","floor":14}],"player_experience":50822,"relics_obtained":[{"floor":8,"key":"Oddly Smooth Stone"},{"floor":13,"key":"Eternal Feather"}],"event_choices":[{"damage_healed":0,"gold_gain":0,"player_choice":"Forge","damage_taken":0,"max_hp_gain":0,"max_hp_loss":0,"event_name":"Accursed Blacksmith","floor":3,"gold_loss":0,"cards_upgraded":["Neutralize"]}],"is_beta":false,"boss_relics":[],"items_purged_floors":[2],"is_endless":false,"potions_floor_spawned":[7,8,11,12,13],"killed_by":"Slime Boss","ascension_level":1}}