{"host":"fiyb7gvx7tok3jeh","time":1612019691,"event":{"mods":["BaseMod","Colored Map","Colored Powertips","DeckTracker","Googly Eyes","Highlight Path","Minty Spire (QoL Compilation)"],"gold_per_floor":[116,130,80,99,109,109,109,127,127,141,141,158,158,185,185,281,281,296,296,296,307,319,319,229,169,194,194,194,194],"floor_reached":28,"language":"ENG","playtime":1276,"items_purged":["Strike_P"],"score":264,"play_id":"abd32fd2-a7d8-4acf-b74e-d04aec91e8dc","local_time":"20210130171451","is_ascension_mode":true,"campfire_choices":[{"data":"Eruption","floor":6,"key":"SMITH"},{"data":"Devotion","floor":11,"key":"SMITH"},{"floor":15,"key":"REST"},{"data":"Alpha","floor":23,"key":"SMITH"},{"data":"MasterReality","floor":27,"key":"SMITH"}],"circlet_count":0,"master_deck":["Strike_P","Strike_P","Defend_P","Defend_P","Eruption+1","Vigilance+1","Evaluate+1","Devotion+1","MasterReality+1","Consecrate+1","Wallop","FollowUp","Alpha+1","Clumsy"],"relics":["PureWater","White Beast Statue","The Courier","Singing Bowl","Cursed Key","Bag of Marbles"],"acts_visited":["Exordium","TheCity"],"potions_floor_usage":[12,14,14,16,21,21],"damage_taken":[{"damage":0,"enemies":"2 Louse","floor":1,"turns":2},{"damage":0,"enemies":"Jaw Worm","floor":2,"turns":3},{"damage":0,"enemies":"Cultist","floor":4,"turns":2},{"damage":0,"enemies":"2 Fungi Beasts","floor":5,"turns":2},{"damage":5,"enemies":"Large Slime","floor":8,"turns":5},{"damage":0,"enemies":"Blue Slaver","floor":10,"turns":4},{"damage":2,"enemies":"3 Louse","floor":12,"turns":2},{"damage":19,"enemies":"3 Sentries","floor":14,"turns":6},{"damage":24,"enemies":"The Guardian","floor":16,"turns":12},{"damage":21,"enemies":"Spheric Guardian","floor":18,"turns":5},{"damage":16,"enemies":"2 Thieves","floor":21,"turns":5},{"damage":23,"enemies":"Snecko","floor":22,"turns":6},{"damage":34,"enemies":"Snake Plant","floor":28,"turns":3}],"seed_played":"2336394008237848614","potions_obtained":[{"floor":2,"key":"SteroidPotion"},{"floor":8,"key":"StancePotion"},{"floor":10,"key":"BlessingOfTheForge"},{"floor":12,"key":"Energy Potion"},{"floor":14,"key":"DistilledChaos"},{"floor":16,"key":"ColorlessPotion"},{"floor":18,"key":"Regen Potion"},{"floor":21,"key":"LiquidBronze"},{"floor":22,"key":"Dexterity Potion"}],"is_trial":false,"path_per_floor":["M","M","?","M","M","R","?","M","T","M","R","M","?","E","R","B",null,"M","?","?","M","M","R","?","$","T","R","M"],"character_chosen":"WATCHER","items_purchased":[],"campfire_rested":1,"item_purchase_floors":[],"current_hp_per_floor":[72,72,72,72,72,72,72,67,67,67,67,65,65,48,70,46,74,53,53,53,51,30,30,30,30,30,30,0,0],"gold":194,"neow_bonus":"REMOVE_CARD","is_daily":false,"chose_seed":false,"campfire_upgraded":4,"win_rate":0.0,"timestamp":1612019691,"path_taken":["M","M","?","M","M","R","?","?","T","M","R","M","?","E","R","BOSS","M","?","?","M","M","R","?","$","T","R","?"],"items_purchased_type":[],"build_version":"2020-12-22","purchased_purges":1,"victory":false,"max_hp_per_floor":[72,72,72,72,72,72,72,72,72,72,72,72,72,74,74,74,74,74,74,74,74,76,76,76,76,76,76,76,76],"card_choices":[{"not_picked":["BowlingBash","Meditate","WheelKick"],"picked":"SKIP","floor":1},{"not_picked":["CutThroughFate","JustLucky","Halt"],"picked":"SKIP","floor":2},{"not_picked":["FlyingSleeves","CrushJoints"],"picked":"Evaluate","floor":4},{"not_picked":["FollowUp","ClearTheMind","EmptyBody"],"picked":"SKIP","floor":5},{"not_picked":["EmptyFist","ClearTheMind","Collect"],"picked":"SKIP","floor":8},{"not_picked":["Worship","SashWhip"],"picked":"Devotion","floor":10},{"not_picked":["Consecrate","Wallop","EmptyBody"],"picked":"SKIP","floor":12},{"not_picked":["Halt","Study","EmptyBody"],"picked":"Singing Bowl","floor":14},{"not_picked":["DevaForm","Vault"],"picked":"MasterReality","floor":16},{"not_picked":["Crescendo","FlyingSleeves"],"picked":"Consecrate+1","floor":18},{"not_picked":["CarveReality+1","Sanctity"],"picked":"Alpha","floor":21},{"not_picked":["Adaptation","CutThroughFate","Fasting2"],"picked":"Singing Bowl","floor":22}],"player_experience":282172,"relics_obtained":[{"floor":9,"key":"White Beast Statue"},{"floor":14,"key":"Singing Bowl"},{"floor":26,"key":"Bag of Marbles"}],"event_choices":[{"cards_removed":["Defend_P"],"damage_healed":0,"gold_gain":0,"player_choice":"Card Removal","damage_taken":0,"max_hp_gain":0,"max_hp_loss":0,"event_name":"The Cleric","floor":3,"gold_loss":50},{"damage_healed":0,"gold_gain":0,"player_choice":"Upgraded","damage_taken":0,"max_hp_gain":0,"max_hp_loss":0,"event_name":"Upgrade Shrine","floor":7,"gold_loss":0,"cards_upgraded":["Evaluate"]},{"damage_healed":0,"gold_gain":0,"player_choice":"Box","damage_taken":0,"relics_obtained":["The Courier"],"max_hp_gain":0,"max_hp_loss":0,"event_name":"Big Fish","floor":13,"gold_loss":0,"cards_obtained":["Regret"]},{"damage_healed":0,"gold_gain":0,"player_choice":"Read","damage_taken":0,"max_hp_gain":0,"max_hp_loss":0,"event_name":"The Library","floor":19,"gold_loss":0,"cards_obtained":["Wallop"]},{"damage_healed":0,"gold_gain":0,"cards_transformed":["Regret","Strike_P"],"player_choice":"Became Test Subject","damage_taken":0,"max_hp_gain":0,"max_hp_loss":0,"event_name":"Drug Dealer","floor":20,"gold_loss":0,"cards_obtained":["Clumsy","FollowUp"]},{"cards_removed":["Clumsy"],"damage_healed":0,"gold_gain":0,"player_choice":"Upgrade and Remove","damage_taken":0,"max_hp_gain":0,"max_hp_loss":0,"event_name":"Designer","floor":24,"gold_loss":90,"cards_upgraded":["Vigilance"]}],"is_beta":false,"boss_relics":[{"not_picked":["Runic Pyramid","HolyWater"],"picked":"Cursed Key"}],"items_purged_floors":[25],"is_endless":false,"potions_floor_spawned":[2,8,10,12,14,16,18,21,22],"killed_by":"Snake Plant","ascension_level":4}}