{"host":"opg65mucj6ra7dr1","time":1612023469,"event":{"mods":["BaseMod","DeckTracker","Keyboard Shortcuts","Minty Spire (QoL Compilation)","Permanent Neow","Quick Restart","everything is the same but u backflip on backflip"],"gold_per_floor":[117,67,67,87,105,131,131,141,190,46,56,85,7,7,7],"floor_reached":14,"language":"KOR","playtime":369,"items_purged":[],"score":188,"play_id":"9b110c8c-c1a0-413b-adfc-fdd4f6482811","local_time":"20210131011749","is_ascension_mode":true,"campfire_choices":[{"floor":7.0,"key":"REST"}],"circlet_count":0,"master_deck":["AscendersBane","Strike_G","Strike_G","Strike_G","Strike_G","Defend_G+1","Defend_G","Defend_G","Defend_G+1","Defend_G","Survivor","Neutralize","Dagger Throw","Underhanded Strike","Underhanded Strike","Prepared","Backflip","Reflex","A Thousand Cuts","Outmaneuver","Setup"],"relics":["Ring of the Snake","Gremlin Horn","War Paint","Oddly Smooth Stone","Blood Vial"],"acts_visited":["Exordium"],"potions_floor_usage":[],"damage_taken":[{"damage":2.0,"enemies":"Jaw Worm","floor":1.0,"turns":4.0},{"damage":0.0,"enemies":"Cultist","floor":4.0,"turns":3.0},{"damage":0.0,"enemies":"Small Slimes","floor":5.0,"turns":3.0},{"damage":41.0,"enemies":"Lagavulin","floor":6.0,"turns":7.0},{"damage":0.0,"enemies":"Exordium Wildlife","floor":8.0,"turns":2.0},{"damage":10.0,"enemies":"3 Louse","floor":11.0,"turns":5.0},{"damage":0.0,"enemies":"3 Sentries","floor":12.0,"turns":7.0},{"damage":10,"enemies":"Gremlin Nob","floor":14,"turns":3}],"seed_played":"6039790723710187279","potions_obtained":[{"floor":4.0,"key":"EssenceOfSteel"},{"floor":8.0,"key":"FearPotion"}],"is_trial":false,"path_per_floor":["M","?","?","M","M","E","R","M","T","$","M","E","$","E"],"character_chosen":"THE_SILENT","items_purchased":["Oddly Smooth Stone","Setup"],"campfire_rested":1,"item_purchase_floors":[10,13],"current_hp_per_floor":[61,61,54,54,54,13,34,34,34,34,24,24,24,16,16],"gold":7,"neow_bonus":"THREE_CARDS","is_daily":false,"chose_seed":false,"campfire_upgraded":0,"win_rate":0.0,"timestamp":1612023469,"path_taken":["M","?","?","M","M","E","R","M","T","$","?","E","?","E"],"items_purchased_type":["Relic","Card"],"build_version":"2020-12-22","purchased_purges":0,"victory":false,"max_hp_per_floor":[70,70,70,70,70,70,70,70,70,70,70,70,70,70,70],"card_choices":[{"not_picked":["Expertise","Caltrops"],"picked":"Dagger Throw","floor":0.0},{"not_picked":["Flying Knee","Outmaneuver"],"picked":"Underhanded Strike","floor":1.0},{"not_picked":["Slice","Accuracy"],"picked":"Underhanded Strike","floor":4.0},{"not_picked":["PiercingWail","Bane"],"picked":"Prepared","floor":5.0},{"not_picked":["Blade Dance","Dodge and Roll"],"picked":"Backflip","floor":6.0},{"not_picked":["Riddle With Holes","Cloak And Dagger"],"picked":"Reflex","floor":8.0},{"not_picked":["Blur","Bane"],"picked":"A Thousand Cuts","floor":11.0},{"not_picked":["Noxious Fumes","Cloak And Dagger"],"picked":"Outmaneuver","floor":12.0}],"player_experience":161270,"relics_obtained":[{"floor":6.0,"key":"Gremlin Horn"},{"floor":9.0,"key":"War Paint"},{"floor":12.0,"key":"Blood Vial"}],"event_choices":[{"cards_removed":["Strike_G"],"damage_healed":0.0,"max_hp_gain":0.0,"max_hp_loss":0.0,"gold_gain":0.0,"event_name":"The Cleric","player_choice":"Card Removal","floor":2.0,"gold_loss":50.0,"damage_taken":0.0},{"damage_healed":0.0,"max_hp_gain":0.0,"max_hp_loss":0.0,"gold_gain":0.0,"event_name":"Wheel of Change","player_choice":"Damaged","floor":3.0,"gold_loss":0.0,"damage_taken":7.0}],"is_beta":false,"boss_relics":[],"items_purged_floors":[],"is_endless":false,"potions_floor_spawned":[4,8],"killed_by":"Gremlin Nob","ascension_level":10}}