{"host":"lfvf97io7xuhaz8c","time":1612020954,"event":{"mods":["2.2 Compatiblity","BaseMod","Bestiary","Colored Map","Colored Powertips","Curses Come First","Highlight Path","Minty Spire (QoL Compilation)","Relic Stats","StSLib","SuperFastMode"],"gold_per_floor":[112,130,130,146,146,178,178,188,258,268,268,10,30,61,61,164,164,175,193,193,212,224,224,256,256,256,266,279,279,295,295,295,396,396,407,407,407,427,427,427,427,452,477,477,16,66,66,80,80,80,80],"floor_reached":50,"language":"FRA","playtime":4254,"items_purged":["Strike_G","Defend_G"],"score":653,"play_id":"b809a018-9f0d-4632-b88d-750b3ff73402","local_time":"20210130163554","is_ascension_mode":true,"campfire_choices":[{"data":"Footwork","floor":7,"key":"SMITH"},{"data":"Blade Dance","floor":11,"key":"SMITH"},{"data":"Envenom","floor":15,"key":"SMITH"},{"data":"Catalyst","floor":23,"key":"SMITH"},{"data":"Accuracy","floor":25,"key":"SMITH"},{"floor":29,"key":"REST"},{"data":"Infinite Blades","floor":32,"key":"SMITH"},{"floor":40,"key":"RECALL"},{"data":"Tools of the Trade","floor":41,"key":"SMITH"},{"data":"Cloak And Dagger","floor":44,"key":"SMITH"},{"data":"Cloak And Dagger","floor":47,"key":"SMITH"},{"data":"Leg Sweep","floor":49,"key":"SMITH"}],"circlet_count":0,"master_deck":["Strike_G","Strike_G","Strike_G","Defend_G","Defend_G","Defend_G","Defend_G","Survivor","Neutralize","Footwork+1","Blade Dance+1","Blade Dance","Leg Sweep+1","Dagger Spray","Envenom+1","Cloak And Dagger+1","Accuracy+1","Catalyst+1","Tools of the Trade+1","Choke","Underhanded Strike","Blade Dance+1","Parasite","Slice","Infinite Blades+1","Malaise","CurseOfTheBell","Trip","Cloak And Dagger+1","Infinite Blades+1"],"relics":["Ring of the Snake","NeowsBlessing","FaceOfCleric","StoneCalendar","White Beast Statue","Akabeko","Cursed Key","Toy Ornithopter","Calling Bell","Omamori","StrikeDummy","Tingsha","WingedGreaves","MealTicket","Blood Vial","Shuriken","Gambling Chip"],"acts_visited":["Exordium","TheCity","TheBeyond"],"potions_floor_usage":[6,8,14,14,16,21,21,22,24,27,30,30,30,33,35,35,35,42,42,48,50,50,50],"damage_taken":[{"damage":0,"enemies":"Jaw Worm","floor":1,"turns":1},{"damage":0,"enemies":"Cultist","floor":2,"turns":1},{"damage":0,"enemies":"2 Louse","floor":4,"turns":1},{"damage":22,"enemies":"3 Sentries","floor":6,"turns":8},{"damage":5,"enemies":"Exordium Thugs","floor":8,"turns":6},{"damage":0,"enemies":"Looter","floor":10,"turns":3},{"damage":0,"enemies":"Red Slaver","floor":13,"turns":3},{"damage":1,"enemies":"Lagavulin","floor":14,"turns":4},{"damage":2,"enemies":"The Guardian","floor":16,"turns":10},{"damage":10,"enemies":"Chosen","floor":18,"turns":6},{"damage":2,"enemies":"Shell Parasite","floor":19,"turns":4},{"damage":12,"enemies":"Centurion and Healer","floor":21,"turns":5},{"damage":0,"enemies":"Cultist and Chosen","floor":22,"turns":4},{"damage":13,"enemies":"Gremlin Leader","floor":24,"turns":5},{"damage":11,"enemies":"Snake Plant","floor":27,"turns":3},{"damage":22,"enemies":"3 Cultists","floor":28,"turns":5},{"damage":1,"enemies":"Snecko","floor":30,"turns":4},{"damage":56,"enemies":"Collector","floor":33,"turns":7},{"damage":6,"enemies":"3 Darklings","floor":35,"turns":3},{"damage":0,"enemies":"3 Shapes","floor":38,"turns":4},{"damage":22,"enemies":"Giant Head","floor":42,"turns":7},{"damage":0,"enemies":"Mind Bloom Boss Battle","floor":46,"turns":5},{"damage":5,"enemies":"Jaw Worm Horde","floor":48,"turns":3},{"damage":115,"enemies":"Time Eater","floor":50,"turns":7}],"seed_played":"8161818282479907682","potions_obtained":[{"floor":4,"key":"LiquidBronze"},{"floor":6,"key":"Regen Potion"},{"floor":10,"key":"Poison Potion"},{"floor":13,"key":"BlessingOfTheForge"},{"floor":14,"key":"Fire Potion"},{"floor":16,"key":"ColorlessPotion"},{"floor":18,"key":"SpeedPotion"},{"floor":19,"key":"LiquidMemories"},{"floor":21,"key":"Poison Potion"},{"floor":22,"key":"GamblersBrew"},{"floor":24,"key":"SkillPotion"},{"floor":27,"key":"PowerPotion"},{"floor":28,"key":"Fire Potion"},{"floor":30,"key":"Explosive Potion"},{"floor":31,"key":"GhostInAJar"},{"floor":31,"key":"FearPotion"},{"floor":33,"key":"BlessingOfTheForge"},{"floor":35,"key":"GhostInAJar"},{"floor":38,"key":"DistilledChaos"},{"floor":42,"key":"GhostInAJar"},{"floor":46,"key":"LiquidMemories"},{"floor":48,"key":"CunningPotion"}],"is_trial":false,"path_per_floor":["M","M","?","M","?","E","R","M","T","M","R","$","M","E","R","B",null,"M","M","?","M","M","R","E","R","T","M","M","R","M","?","R","B",null,"M","?","?","M","?","R","R","E","T","R","$","?","R","M","R","B"],"character_chosen":"THE_SILENT","items_purchased":["Envenom","Cloak And Dagger","Shuriken","LiquidBronze","Cloak And Dagger"],"campfire_rested":1,"item_purchase_floors":[12,12,45,45,45],"current_hp_per_floor":[70,70,70,71,71,50,50,61,61,62,62,62,63,63,63,62,73,64,63,63,52,53,53,41,41,41,36,15,40,55,55,55,5,66,76,76,76,77,77,77,77,66,66,66,81,84,84,86,86,0,0],"gold":80,"neow_bonus":"THREE_ENEMY_KILL","is_daily":false,"chose_seed":false,"campfire_upgraded":10,"win_rate":0.0,"timestamp":1612020954,"path_taken":["M","M","?","?","?","E","R","M","T","M","R","$","M","E","R","BOSS","M","M","?","M","M","R","E","R","T","M","M","R","M","?","R","BOSS","M","?","?","?","?","R","R","E","T","R","$","?","R","M","R","BOSS"],"items_purchased_type":["Card","Card","Relic","Potion","Card"],"build_version":"2020-12-22","purchased_purges":2,"victory":false,"max_hp_per_floor":[70,70,70,71,71,72,72,73,73,74,74,74,75,76,76,77,77,78,79,79,80,81,81,82,82,82,83,84,84,85,85,85,86,86,87,87,87,88,88,88,88,89,89,89,89,90,90,91,91,91,91],"relic_stats":{"Blood Vial":6,"FaceOfCleric":21,"counters":[24,109],"Shuriken":[17],"Gambling Chip":[2],"StoneCalendar":[116],"Tingsha":[24],"MealTicket":15,"Cursed Key":2,"obtain_stats":[{"NeowsBlessing":0,"StoneCalendar":6,"Tingsha":34,"Omamori":34,"Cursed Key":17,"White Beast Statue":9,"Akabeko":14,"Calling Bell":34,"Blood Vial":43,"FaceOfCleric":3,"Shuriken":45,"Gambling Chip":46,"MealTicket":42,"WingedGreaves":37,"StrikeDummy":34,"Toy Ornithopter":24,"Ring of the Snake":0},{"NeowsBlessing":0,"StoneCalendar":4,"Tingsha":18,"Omamori":18,"Cursed Key":9,"White Beast Statue":5,"Akabeko":8,"Calling Bell":18,"Blood Vial":21,"FaceOfCleric":2,"Shuriken":21,"Gambling Chip":22,"MealTicket":21,"WingedGreaves":19,"StrikeDummy":18,"Toy Ornithopter":14,"Ring of the Snake":0},{"NeowsBlessing":0,"StoneCalendar":11,"Tingsha":80,"Omamori":80,"Cursed Key":37,"White Beast Statue":17,"Akabeko":27,"Calling Bell":80,"Blood Vial":94,"FaceOfCleric":2,"Shuriken":94,"Gambling Chip":99,"MealTicket":94,"WingedGreaves":83,"StrikeDummy":80,"Toy Ornithopter":61,"Ring of the Snake":0}],"Toy Ornithopter":67,"Ring of the Snake":[48]},"card_choices":[{"not_picked":["PiercingWail","Backflip"],"picked":"Footwork","floor":1},{"not_picked":["Heel Hook","Deadly Poison"],"picked":"Blade Dance","floor":2},{"not_picked":["Sucker Punch","Underhanded Strike"],"picked":"Blade Dance","floor":4},{"not_picked":["Dodge and Roll","Sucker Punch"],"picked":"Leg Sweep","floor":6},{"not_picked":["Backflip","Bane"],"picked":"Dagger Spray","floor":8},{"not_picked":["Heel Hook","All Out Attack","Riddle With Holes"],"picked":"SKIP","floor":10},{"not_picked":["Deflect","Escape Plan"],"picked":"Accuracy","floor":13},{"not_picked":["Backstab","Adrenaline"],"picked":"Catalyst","floor":14},{"not_picked":["Glass Knife","Envenom"],"picked":"Tools of the Trade","floor":16},{"not_picked":["Setup","Dash"],"picked":"Choke","floor":18},{"not_picked":["Flying Knee","Prepared"],"picked":"Underhanded Strike","floor":19},{"not_picked":["Outmaneuver+1","Sucker Punch+1"],"picked":"Blade Dance+1","floor":21},{"not_picked":["Outmaneuver","Quick Slash","Tactician"],"picked":"SKIP","floor":22},{"not_picked":["Glass Knife","Poisoned Stab","Flying Knee+1"],"picked":"SKIP","floor":24},{"not_picked":["Quick Slash","Sucker Punch+1"],"picked":"Slice","floor":27},{"not_picked":["Tactician","Prepared"],"picked":"Infinite Blades","floor":28},{"not_picked":["Deadly Poison","Slice","Deflect"],"picked":"SKIP","floor":30},{"not_picked":["Grand Finale","Night Terror"],"picked":"Malaise","floor":33},{"not_picked":["PiercingWail","Flying Knee+1","Dodge and Roll"],"picked":"SKIP","floor":35},{"not_picked":["Underhanded Strike+1","Endless Agony+1","Deflect"],"picked":"SKIP","floor":38},{"not_picked":["Forethought","Metamorphosis"],"picked":"Trip","floor":39},{"not_picked":["Endless Agony+1","Flying Knee+1","Dash+1"],"picked":"SKIP","floor":42},{"not_picked":["Heel Hook+1","Dagger Spray+1"],"picked":"Infinite Blades+1","floor":46},{"not_picked":["Dagger Spray","Concentrate","Flying Knee+1"],"picked":"SKIP","floor":48}],"player_experience":1476108,"relics_obtained":[{"floor":6,"key":"StoneCalendar"},{"floor":9,"key":"White Beast Statue"},{"floor":14,"key":"Akabeko"},{"floor":24,"key":"Toy Ornithopter"},{"floor":34,"key":"Omamori"},{"floor":34,"key":"StrikeDummy"},{"floor":34,"key":"Tingsha"},{"floor":37,"key":"WingedGreaves"},{"floor":42,"key":"MealTicket"},{"floor":43,"key":"Blood Vial"},{"floor":46,"key":"Gambling Chip"}],"event_choices":[{"damage_healed":0,"gold_gain":0,"player_choice":"Trade","damage_taken":0,"relics_obtained":["FaceOfCleric"],"max_hp_gain":0,"max_hp_loss":0,"event_name":"FaceTrader","floor":3,"gold_loss":0},{"damage_healed":0,"gold_gain":0,"player_choice":"Ignored","damage_taken":0,"max_hp_gain":0,"max_hp_loss":0,"event_name":"Liars Game","floor":5,"gold_loss":0},{"damage_healed":0,"gold_gain":0,"player_choice":"Ignored","damage_taken":0,"max_hp_gain":0,"max_hp_loss":0,"event_name":"Ghosts","floor":20,"gold_loss":0},{"damage_healed":0,"gold_gain":0,"player_choice":"Got Potions","damage_taken":0,"max_hp_gain":0,"max_hp_loss":0,"event_name":"Lab","floor":31,"gold_loss":0},{"cards_removed":["Strike_G"],"damage_healed":0,"gold_gain":0,"player_choice":"Removed Attack","damage_taken":0,"max_hp_gain":0,"max_hp_loss":0,"event_name":"Falling","floor":36,"gold_loss":0},{"damage_healed":0,"gold_gain":0,"player_choice":"Relic","damage_taken":0,"max_hp_gain":0,"max_hp_loss":0,"event_name":"Wheel of Change","floor":37,"gold_loss":0},{"damage_healed":0,"gold_gain":0,"player_choice":"Memory 1","damage_taken":0,"max_hp_gain":0,"max_hp_loss":0,"event_name":"SensoryStone","floor":39,"gold_loss":0},{"damage_healed":0,"gold_gain":0,"player_choice":"Fight","damage_taken":0,"max_hp_gain":0,"max_hp_loss":0,"event_name":"MindBloom","floor":46,"gold_loss":0}],"is_beta":false,"boss_relics":[{"not_picked":["Velvet Choker","Snecko Eye"],"picked":"Cursed Key"},{"not_picked":["Philosopher\u0027s Stone","Black Star"],"picked":"Calling Bell"}],"items_purged_floors":[12,45],"is_endless":false,"potions_floor_spawned":[4,6,10,13,14,16,18,19,21,22,24,27,28,30,33,35,38,42,46,48],"killed_by":"Time Eater","ascension_level":5}}