{"host":"6xsbn6ynqlzwllfm","time":1612033209,"event":{"mods":["2.2 Compatiblity","BaseMod","Bestiary","Colored Map","Colored Powertips","Curses Come First","Highlight Path","Keyboard Shortcuts","Minty Spire (QoL Compilation)","Relic Stats","Slay the Relics Exporter","StSLib","SuperFastMode"],"gold_per_floor":[117,13,24,37,37,37,64,64,64,90,106,117,136,167,167,244,244,262,262,262],"floor_reached":19,"language":"ENG","playtime":583,"items_purged":[],"score":378,"play_id":"b6fb781e-a0e5-4f01-b8c9-4427289b7c1e","local_time":"20210130140009","is_ascension_mode":true,"campfire_choices":[{"data":"BattleHymn","floor":6,"key":"SMITH"},{"data":"MasterReality","floor":15,"key":"SMITH"}],"circlet_count":0,"master_deck":["AscendersBane","Strike_P","Strike_P","Strike_P","Defend_P","Defend_P","Defend_P","Defend_P","Eruption","Vigilance","ReachHeaven","BattleHymn+1","CrushJoints","FlurryOfBlows","SandsOfTime","MasterReality+1","FlurryOfBlows","FlurryOfBlows","Ragnarok","TalkToTheHand"],"relics":["PureWater","InkBottle","Shuriken","Darkstone Periapt","Letter Opener","Sozu"],"acts_visited":["Exordium","TheCity"],"potions_floor_usage":[10,12,13,16],"damage_taken":[{"damage":1,"enemies":"2 Louse","floor":1,"turns":4},{"damage":0,"enemies":"Cultist","floor":3,"turns":3},{"damage":2,"enemies":"Jaw Worm","floor":4,"turns":3},{"damage":7,"enemies":"Gremlin Nob","floor":7,"turns":3},{"damage":7,"enemies":"3 Sentries","floor":10,"turns":4},{"damage":7,"enemies":"Large Slime","floor":11,"turns":4},{"damage":0,"enemies":"Blue Slaver","floor":12,"turns":1},{"damage":2,"enemies":"Exordium Wildlife","floor":13,"turns":4},{"damage":8,"enemies":"Gremlin Nob","floor":14,"turns":3},{"damage":8,"enemies":"Hexaghost","floor":16,"turns":6},{"damage":28,"enemies":"2 Thieves","floor":18,"turns":3},{"damage":35,"enemies":"Shell Parasite","floor":19,"turns":3}],"seed_played":"323153342942700298","potions_obtained":[{"floor":3,"key":"StancePotion"},{"floor":4,"key":"SpeedPotion"},{"floor":11,"key":"BottledMiracle"},{"floor":13,"key":"Ancient Potion"},{"floor":14,"key":"SpeedPotion"}],"is_trial":false,"path_per_floor":["M","$","M","M","?","R","E","$","T","E","M","M","M","E","R","B",null,"M","M"],"character_chosen":"WATCHER","items_purchased":["BattleHymn","CrushJoints"],"campfire_rested":0,"item_purchase_floors":[2,2],"current_hp_per_floor":[66,66,66,64,64,64,57,57,57,50,43,43,41,33,33,25,62,34,0,0],"gold":262,"neow_bonus":"TEN_PERCENT_HP_BONUS","is_daily":false,"chose_seed":false,"campfire_upgraded":2,"win_rate":0.0,"timestamp":1612033209,"path_taken":["M","$","M","M","?","R","E","?","T","E","M","M","M","E","R","BOSS","M","?"],"items_purchased_type":["Card","Card"],"build_version":"2020-12-22","purchased_purges":0,"victory":false,"max_hp_per_floor":[74,74,74,74,74,74,74,74,74,74,74,74,74,74,74,74,74,74,74,74],"relic_stats":{"Darkstone Periapt":0,"Sozu":0,"counters":[12,41],"Shuriken":[18],"Letter Opener":[10],"obtain_stats":[{"Darkstone Periapt":10,"Sozu":17,"Shuriken":9,"Letter Opener":14,"PureWater":0,"InkBottle":7},{"Darkstone Periapt":5,"Sozu":10,"Shuriken":4,"Letter Opener":9,"PureWater":0,"InkBottle":4},{"Darkstone Periapt":17,"Sozu":35,"Shuriken":13,"Letter Opener":29,"PureWater":0,"InkBottle":13}],"InkBottle":[13]},"card_choices":[{"not_picked":["Crescendo","Evaluate"],"picked":"ReachHeaven","floor":1},{"not_picked":["WindmillStrike","Consecrate"],"picked":"FlurryOfBlows","floor":3},{"not_picked":["Protect","WreathOfFlame"],"picked":"SandsOfTime","floor":4},{"not_picked":["Vengeance","Wallop"],"picked":"MasterReality","floor":7},{"not_picked":["Halt","Conclude"],"picked":"FlurryOfBlows","floor":11},{"not_picked":["ThirdEye","EmptyBody"],"picked":"FlurryOfBlows","floor":12},{"not_picked":["Omniscience","DevaForm"],"picked":"Ragnarok","floor":16},{"not_picked":["Vengeance","WreathOfFlame"],"picked":"TalkToTheHand","floor":18}],"player_experience":1295635,"relics_obtained":[{"floor":7,"key":"InkBottle"},{"floor":9,"key":"Shuriken"},{"floor":10,"key":"Darkstone Periapt"},{"floor":14,"key":"Letter Opener"}],"event_choices":[{"cards_removed":["Strike_P"],"damage_healed":0,"gold_gain":0,"player_choice":"Purged","damage_taken":0,"max_hp_gain":0,"max_hp_loss":0,"event_name":"Purifier","floor":5,"gold_loss":0}],"is_beta":false,"boss_relics":[{"not_picked":["Tiny House","Runic Pyramid"],"picked":"Sozu"}],"items_purged_floors":[],"is_endless":false,"potions_floor_spawned":[3,4,11,13,14],"killed_by":"Shell Parasite","ascension_level":20}}