{"host":"oc9j5nmpwz4e9fqj","time":1612033462,"event":{"mods":["ATMod(°¢èªMod)","AchievementEnabler","BaseMod","Conspire","KomeijiMod","Lobotomy","Minty Spire (QoL Compilation)","Replay The Spire","StSLib","TestMod","[IsaacMod]ÒÔÈö¼âËþ","¡¾ÒÅÎï¿¨ÅÆ¡¿REMEMod"],"gold_per_floor":[532,563,1005,1472,802,802,802,1313,1363,1363,1793,1823,1823],"floor_reached":12,"language":"ZHS","playtime":663,"items_purged":["DreamingCurrent"],"score":240,"play_id":"68ecf330-92c1-4d71-96c2-97fa1e212090","local_time":"20210131040422","is_ascension_mode":true,"campfire_choices":[{"floor":6,"key":"REST"},{"floor":10,"key":"RECALL"}],"circlet_count":0,"master_deck":["Strike_G","Strike_G","Strike_G","Strike_G","Strike_G","Defend_G","Defend_G","Defend_G","Defend_G","Defend_G","Neutralize","Toxin Wave","Parasite","Parasite","OldLady","Deadly Poison","BigBird","Parasite","Funeral","Parasite","GalaxyChild","Noxious Fumes"],"relics":["testmod-TestBox","HushsDoor","AT_ATBox","REME_ComplimentaryCards","PokeGo","testmod-CrystalShield","CogitoBucket","testmod-HeartOfDaVinci","HandDrill","Bag of Marbles","UnicornStump","Sizzling Blood","LuminousBracelet"],"acts_visited":["Exordium"],"potions_floor_usage":[11,11,12,12],"damage_taken":[{"damage":6,"enemies":"2 Louse","floor":1,"turns":3},{"damage":9,"enemies":"conspire:MimicChest","floor":2,"turns":6},{"damage":20,"enemies":"Small Slimes","floor":3,"turns":4},{"damage":21,"enemies":"Cultist","floor":4,"turns":3},{"damage":5,"enemies":"2 Fungi Beasts","floor":8,"turns":4},{"damage":12,"enemies":"Exordium Wildlife","floor":11,"turns":4},{"damage":70,"enemies":"Gremlin Nob","floor":12,"turns":5}],"seed_played":"2750398017101805851","potions_obtained":[{"floor":1,"key":"Fruit Juice"},{"floor":2,"key":"ColorlessPotion"},{"floor":11,"key":"AttackPotion"},{"floor":11,"key":"REME_GoldPotion"}],"is_trial":false,"path_per_floor":["M","?","M","M","$","R","?","M","T","R","M","E"],"character_chosen":"THE_SILENT","items_purchased":["HandDrill","Bag of Marbles","UnicornStump"],"campfire_rested":1,"item_purchase_floors":[5,5,5],"current_hp_per_floor":[53,44,48,27,27,46,50,49,49,49,62,0,0],"gold":1823,"neow_bonus":"","is_daily":false,"chose_seed":false,"campfire_upgraded":0,"win_rate":0.0,"timestamp":1612033462,"path_taken":["M","?","M","M","$","R","?","M","T","R","M","E"],"items_purchased_type":["Relic","Relic","Relic"],"build_version":"2020-12-22","purchased_purges":1,"victory":false,"max_hp_per_floor":[66,66,66,66,66,66,70,70,70,70,90,90,90],"card_choices":[{"not_picked":["Murderer","GreedKing"],"picked":"WhitesApple","floor":1},{"not_picked":["Bane","Blade Dance"],"picked":"Toxin Wave","floor":1},{"not_picked":["Deflect","Flechettes","Prepared"],"picked":"SKIP","floor":1},{"not_picked":["ShyLook","QueenBee"],"picked":"DreamingCurrent","floor":2},{"not_picked":["SpiderBud","Murderer"],"picked":"OldLady","floor":3},{"not_picked":["Underhanded Strike","AT_TinkerSharpsword"],"picked":"Deadly Poison","floor":3},{"not_picked":["Sucker Punch","conspire:DoublingDagger"],"picked":"PiercingWail","floor":3},{"not_picked":["PunishingBird","Murderer"],"picked":"BigBird","floor":4},{"not_picked":["Sucker Punch","Bomb","Deadly Poison"],"picked":"SKIP","floor":4},{"not_picked":["Dodge and Roll","ReplayTheSpireMod:Speed Training","ReplayTheSpireMod:Exploit Weakness"],"picked":"SKIP","floor":4},{"not_picked":["VoidDream","Porccubus"],"picked":"Funeral","floor":8},{"not_picked":["Deflect","Envenom","Sucker Punch"],"picked":"SKIP","floor":8},{"not_picked":["Hidden Blade","AT_WindFlip","Footwork"],"picked":"SKIP","floor":8},{"not_picked":["Hidden Blade","Footwork"],"picked":"AT_WindFlip","floor":8},{"not_picked":["Deflect","Envenom","Sucker Punch"],"picked":"SKIP","floor":8},{"not_picked":["CrumblingArmor","UniverseFragment"],"picked":"GalaxyChild","floor":11},{"not_picked":["Deflect","Escape Plan"],"picked":"Noxious Fumes","floor":11},{"not_picked":["Underhanded Strike","Quick Slash","Blade Dance"],"picked":"SKIP","floor":11}],"player_experience":242955,"relics_obtained":[{"floor":2,"key":"testmod-HeartOfDaVinci"}],"event_choices":[],"is_beta":false,"boss_relics":[],"items_purged_floors":[5],"is_endless":false,"potions_floor_spawned":[1,2,3,4,4,8,11,11],"killed_by":"Gremlin Nob","ascension_level":20}}