{"host":"a3oe3gstxz77c7qu","time":1612025565,"event":{"mods":["2.2 Compatiblity","Act Like it!","Astrologer","BaseMod","Bestiary","Better Altar","Better Match","Better Note","Better Skull","Better Third Choice","Block Reminder","Curses Come First","Custom Start","Dark Map","Downfall","Friendly Minions","GifTheSpireLib","Hallownest","Hermit","Jorbs\u0027s Wanderer Trilogy","Lobotomy","LobotomyExtend","Marisa????????","Minty Spire (QoL Compilation)","Permanent Neow","Quick Restart","Relic Filter Mod","Relic Stats","Reliquary","Smile Girya","Spire Arcade","StSLib","The Bug Knight","The Cursed","The Disciple","The Jungle","Uncapped","Unknown Chances","Wandering Minibosses"],"gold_per_floor":[99,90,190,190,190,210,237,246,252,44,44,44,68,74,74,163,163,163,174,182,520,574,599,599,599,299,29,29,43,43,60,75,170,170,170,220,238,238,81,81,107,121,121,121,121,147,60,60,60,60,60],"floor_reached":50,"language":"ENG","playtime":4470,"items_purged":["bronze:Strike","bronze:Strike","bronze:Strike","bronze:Strike"],"score":800,"play_id":"6a93a43b-66fc-4548-9d2f-4a60e78562d3","local_time":"20210130165245","is_ascension_mode":true,"campfire_choices":[{"data":"bronze:Virus","floor":1.0,"key":"SMITH"},{"floor":12.0,"key":"REST"},{"floor":18.0,"key":"RECALL"},{"data":"bronze:Mutator","floor":26.0,"key":"SMITH"},{"data":"bronze:Virus","floor":28.0,"key":"SMITH"},{"data":"expansioncontent:StudyTheSpire","floor":30.0,"key":"SMITH"},{"data":"bronze:ThunderWave","floor":35.0,"key":"SMITH"},{"data":"bronze:Flail","floor":40.0,"key":"SMITH"},{"data":"bronze:ItsAFeature","floor":48,"key":"SMITH"}],"circlet_count":0,"master_deck":["bronze:Defend","bronze:Defend+1","bronze:Defend+1","bronze:Defend","bronze:Replicate","bronze:Goto","bronze:Virus+1","bronze:Separator","bronze:InfiniteBeams","CurseOfTheBell","CurseOfTheBell","bronze:Boost","bronze:Terminator","bronze:RecursiveStrike","bronze:MaxOutput","bronze:Separator","bronze:Virus+1","bronze:Constructor","expansioncontent:StudyTheSpire+1","bronze:ItsAFeature+1","bronze:Mutator+1","bronze:Iterate","bronze:Flail+1","bronze:Iterate","bronze:ThunderWave+1","bronze:Shield+1","bronze:Shield+1","bronze:MaxOutput"],"relics":["bronze:BronzeCore","LetterFromLob","Ancient Tea Set","Guardian:PocketSentry","Membership Card","downfall:ExtraCursedBell","reliquary:TuningFork","Matryoshka","WingedGreaves","Bottled Flame","reliquary:RedCape","wanderingMiniBosses:MasterThiefsPresence","Pantograph","War Paint","FossilizedHelix","Shuriken","downfall:HeartBlessingRed","downfall:HeartBlessingGreen","downfall:HeartBlessingBlue","Guardian:BottledAnomaly","HornCleat","Coffee Dripper","reliquary:OuijaBoard","downfall:TeleportStone","Mango","Pantograph","StrikeDummy"],"acts_visited":["Exordium","TheCity","TheBeyond","TheEnding"],"potions_floor_usage":[43,43,46,49,49,50],"damage_taken":[{"damage":32.0,"enemies":"Cultist","floor":2.0,"turns":6.0},{"damage":15.0,"enemies":"3 Sentries","floor":6.0,"turns":6.0},{"damage":3.0,"enemies":"Jaw Worm","floor":8.0,"turns":2.0},{"damage":0.0,"enemies":"2 Louse","floor":9.0,"turns":3.0},{"damage":0.0,"enemies":"downfall:FleeingMerchant","floor":10.0,"turns":4.0},{"damage":13.0,"enemies":"Lagavulin","floor":13.0,"turns":3.0},{"damage":8.0,"enemies":"Gremlin Gang","floor":14.0,"turns":3.0},{"damage":18.0,"enemies":"SI_SHIV_ARCHETYPE","floor":16.0,"turns":7.0},{"damage":0.0,"enemies":"3 Byrds","floor":19.0,"turns":4.0},{"damage":8.0,"enemies":"Shell Parasite","floor":20.0,"turns":4.0},{"damage":15.0,"enemies":"downfall:FleeingMerchant","floor":21.0,"turns":7.0},{"damage":5.0,"enemies":"downfall:FleeingMerchant","floor":22.0,"turns":4.0},{"damage":8.0,"enemies":"Gremlin Leader","floor":23.0,"turns":4.0},{"damage":0.0,"enemies":"Centurion and Healer","floor":29.0,"turns":2.0},{"damage":0.0,"enemies":"Chosen and Byrds","floor":31.0,"turns":2.0},{"damage":0.0,"enemies":"Snecko","floor":32.0,"turns":3.0},{"damage":13.0,"enemies":"DF_ARCHETYPE_CLAW","floor":33.0,"turns":4.0},{"damage":0.0,"enemies":"DF_ARCHETYPE_CLAW","floor":36.0,"turns":2.0},{"damage":0.0,"enemies":"3 Darklings","floor":37.0,"turns":3.0},{"damage":0.0,"enemies":"Giant Head","floor":41.0,"turns":4.0},{"damage":0,"enemies":"3 Shapes","floor":42,"turns":2},{"damage":11,"enemies":"IC_BLOCK_ARCHETYPE","floor":43,"turns":7},{"damage":60,"enemies":"downfall:CharBossMerchant","floor":46,"turns":6},{"damage":0,"enemies":"downfall:NeowBoss","floor":49,"turns":18},{"damage":116,"enemies":"downfall:NeowBossFinal","floor":50,"turns":9}],"seed_played":"1373116875785069980","potions_obtained":[{"floor":2.0,"key":"Dexterity Potion"},{"floor":5.0,"key":"Fruit Juice"},{"floor":5.0,"key":"Block Potion"},{"floor":5.0,"key":"Strength Potion"},{"floor":8.0,"key":"sneckomod:MuddlingPotion"},{"floor":13.0,"key":"hexamod:SoulburnPotion"},{"floor":16.0,"key":"DistilledChaos"},{"floor":19.0,"key":"LiquidMemories"},{"floor":23.0,"key":"SteroidPotion"}],"is_trial":false,"path_per_floor":["R","M","?","?","?","E","T","M","M","$","?","R","E","M","M","B",null,"R","M","M","$","$","E","T","?","R","$","R","M","R","M","M","B",null,"R","?","M","?","$","R","E","M","B",null,null,"E","$","R","B","B"],"character_chosen":"THE_AUTOMATON","items_purchased":["Membership Card","bronze:Virus","bronze:Constructor","Pantograph","expansioncontent:StudyTheSpire","bronze:Mutator","bronze:Iterate","bronze:Flail","War Paint","Guardian:BottledAnomaly","HornCleat","Mango","Dexterity Potion","EssenceOfSteel","Fire Potion"],"campfire_rested":1,"item_purchase_floors":[10,21,21,21,21,22,22,22,22,27,27,39,47,47,47],"current_hp_per_floor":[70,38,38,38,43,28,28,25,25,25,25,47,34,26,26,8,75,75,75,67,52,47,39,39,39,49,49,49,49,49,49,49,61,85,85,85,85,85,99,99,99,99,88,88,99,39,39,39,89,0,0,0],"gold":60,"neow_bonus":"ONE_RANDOM_RARE_CARD","is_daily":false,"chose_seed":false,"campfire_upgraded":7,"win_rate":0.0,"timestamp":1612025565,"path_taken":["R","M","?","?","?","E","T","?","M","$","?","R","E","M","M","BOSS","R","M","M","$","$","E","T","?","R","$","R","M","R","M","M","BOSS","R","?","M","?","$","R","E","M","BOSS","E","$","R","BOSS","BOSS"],"items_purchased_type":["Relic","Card","Card","Relic","Card","Card","Card","Card","Relic","Relic","Relic","Relic","Potion","Potion","Potion"],"build_version":"2020-12-22","purchased_purges":4,"victory":false,"max_hp_per_floor":[70,70,70,70,75,75,75,75,75,75,75,75,75,75,75,75,75,75,75,75,75,75,75,75,75,85,85,85,85,85,85,85,85,85,85,85,85,85,99,99,99,99,99,99,99,99,99,99,99,99,99,99],"relic_stats":{"counters":[25,118],"Shuriken":[44],"Pantograph":85,"War Paint":["bronze:Defend","bronze:Defend"],"obtain_stats":[{"reliquary:OuijaBoard":36,"bronze:BronzeCore":0,"downfall:HeartBlessingGreen":26,"Mango":39,"downfall:TeleportStone":38,"reliquary:RedCape":17,"Ancient Tea Set":6,"Matryoshka":11,"HornCleat":27,"downfall:HeartBlessingBlue":26,"Pantograph":21,"WingedGreaves":11,"downfall:ExtraCursedBell":11,"Guardian:BottledAnomaly":27,"downfall:HeartBlessingRed":26,"wanderingMiniBosses:MasterThiefsPresence":21,"Guardian:PocketSentry":7,"War Paint":22,"Bottled Flame":13,"Shuriken":24,"reliquary:SculptingSteel":41,"LetterFromLob":2,"reliquary:TuningFork":11,"Coffee Dripper":34,"Membership Card":10,"StrikeDummy":46,"FossilizedHelix":23},{"reliquary:OuijaBoard":18,"bronze:BronzeCore":0,"downfall:HeartBlessingGreen":13,"Mango":19,"downfall:TeleportStone":19,"reliquary:RedCape":8,"Ancient Tea Set":2,"Matryoshka":5,"HornCleat":13,"downfall:HeartBlessingBlue":13,"Pantograph":11,"WingedGreaves":5,"downfall:ExtraCursedBell":5,"Guardian:BottledAnomaly":13,"downfall:HeartBlessingRed":13,"wanderingMiniBosses:MasterThiefsPresence":11,"Guardian:PocketSentry":2,"War Paint":12,"Bottled Flame":6,"Shuriken":13,"reliquary:SculptingSteel":20,"LetterFromLob":1,"reliquary:TuningFork":5,"Coffee Dripper":17,"Membership Card":5,"StrikeDummy":23,"FossilizedHelix":13},{"reliquary:OuijaBoard":69,"bronze:BronzeCore":0,"downfall:HeartBlessingGreen":56,"Mango":72,"downfall:TeleportStone":72,"reliquary:RedCape":34,"Ancient Tea Set":12,"Matryoshka":21,"HornCleat":56,"downfall:HeartBlessingBlue":56,"Pantograph":48,"WingedGreaves":21,"downfall:ExtraCursedBell":21,"Guardian:BottledAnomaly":56,"downfall:HeartBlessingRed":56,"wanderingMiniBosses:MasterThiefsPresence":48,"Guardian:PocketSentry":12,"War Paint":52,"Bottled Flame":24,"Shuriken":56,"reliquary:SculptingSteel":76,"LetterFromLob":6,"reliquary:TuningFork":21,"Coffee Dripper":67,"Membership Card":21,"StrikeDummy":91,"FossilizedHelix":56}]},"card_choices":[{"not_picked":["bronze:Repair","bronze:NullPointer","bronze:BronzeArmor"],"picked":"SKIP","floor":2.0},{"not_picked":["bronze:CutThrough","bronze:WildBeam","bronze:Turbo"],"picked":"SKIP","floor":6.0},{"not_picked":["bronze:Turbo","bronze:Iterate"],"picked":"bronze:Separator","floor":8.0},{"not_picked":["bronze:ClassDefault","bronze:FineTuning","bronze:Frontload"],"picked":"SKIP","floor":9.0},{"not_picked":["bronze:FollowUp","bronze:ForceShield"],"picked":"bronze:InfiniteBeams","floor":10.0},{"not_picked":["bronze:Deprecate","bronze:Branch"],"picked":"bronze:Boost","floor":13.0},{"not_picked":["bronze:CloningBeam","bronze:Deprecate"],"picked":"bronze:Terminator","floor":14.0},{"not_picked":["bronze:BurnOut","bronze:Mutator"],"picked":"bronze:RecursiveStrike","floor":16.0},{"not_picked":["bronze:Iterate","bronze:BuggyMess","bronze:BronzeOrb"],"picked":"SKIP","floor":19.0},{"not_picked":["bronze:DelayedSlice","bronze:Frontload+1"],"picked":"bronze:MaxOutput","floor":20.0},{"not_picked":["bronze:BuggyMess","bronze:Deprecate+1"],"picked":"bronze:Separator","floor":21.0},{"not_picked":["bronze:MaxOutput","bronze:Flail"],"picked":"bronze:ItsAFeature","floor":22.0},{"not_picked":["bronze:GetLatest","bronze:Frontload","bronze:CleanCode"],"picked":"SKIP","floor":23.0},{"not_picked":["bronze:Refactor","bronze:Frontload","bronze:GetLatest+1"],"picked":"SKIP","floor":29.0},{"not_picked":["bronze:BuggyMess","bronze:Backtrace","bronze:OilSpill+1"],"picked":"SKIP","floor":31.0},{"not_picked":["bronze:BitShift+1","bronze:Branch"],"picked":"bronze:Iterate","floor":32.0},{"not_picked":["bronze:Assembly","bronze:Virus"],"picked":"bronze:ThunderWave","floor":33.0},{"not_picked":["bronze:CutThrough","bronze:BuggyMess+1"],"picked":"bronze:Shield+1","floor":36.0},{"not_picked":["bronze:DelayedGuard","bronze:BronzeArmor+1"],"picked":"bronze:Shield+1","floor":37.0},{"not_picked":["bronze:Shield+1","bronze:DelayedGuard+1"],"picked":"bronze:MaxOutput","floor":41},{"not_picked":["bronze:Overheat+1","bronze:Invalidate","bronze:Iterate+1"],"picked":"SKIP","floor":42},{"not_picked":["bronze:ClassDefault+1","bronze:AlphaBuild","bronze:WhirlingStrike+1"],"picked":"SKIP","floor":46}],"player_experience":1120902,"relics_obtained":[{"floor":2.0,"key":"LetterFromLob"},{"floor":6.0,"key":"Ancient Tea Set"},{"floor":7.0,"key":"Guardian:PocketSentry"},{"floor":11.0,"key":"reliquary:TuningFork"},{"floor":11.0,"key":"Matryoshka"},{"floor":11.0,"key":"WingedGreaves"},{"floor":13.0,"key":"Bottled Flame"},{"floor":21.0,"key":"wanderingMiniBosses:MasterThiefsPresence"},{"floor":23.0,"key":"FossilizedHelix"},{"floor":24.0,"key":"Shuriken"},{"floor":36.0,"key":"reliquary:OuijaBoard"},{"floor":41,"key":"reliquary:SculptingSteel"},{"floor":46,"key":"StrikeDummy"}],"event_choices":[{"damage_healed":0.0,"max_hp_gain":0.0,"max_hp_loss":0.0,"gold_gain":0.0,"event_name":"Lab","player_choice":"Got Potions","floor":5.0,"gold_loss":0.0,"damage_taken":0.0},{"damage_healed":0.0,"max_hp_gain":0.0,"max_hp_loss":0.0,"gold_gain":0.0,"event_name":"Vampires","player_choice":"Ignored","floor":25.0,"gold_loss":0.0,"damage_taken":0.0}],"is_beta":false,"boss_relics":[{"not_picked":["Philosopher\u0027s Stone","Velvet Choker"],"picked":"reliquary:RedCape"},{"not_picked":["SlaversCollar","Runic Dome"],"picked":"Coffee Dripper"}],"items_purged_floors":[10,21,22,27],"is_endless":false,"potions_floor_spawned":[2,8,13,16,19,23,33,36,41],"killed_by":"downfall:NeowBossFinal","ascension_level":1}}