{"host":"d30a110yzuqvj3hw","time":1612016848,"event":{"mods":["Alarm Clock","Aspiration","BaseMod","Downfall","Energized Spire","Googly Eyes","Highlight Path","Minty Spire (QoL Compilation)","Quarter Circle Forward PUNCH!","Quick Restart","Reliquary","Replay The Spire","Spicy Shops","StSLib","The Jungle"],"gold_per_floor":[117,129,129,139,150,184,184,184,184],"floor_reached":8,"language":"ZHS","playtime":270,"items_purged":[],"score":104,"play_id":"e3688503-e999-4f1b-91de-35d8107fee72","local_time":"20210130222728","is_ascension_mode":true,"campfire_choices":[{"data":"Armaments","floor":7,"key":"SMITH"}],"circlet_count":0,"master_deck":["AscendersBane","Strike_R","Strike_R","Strike_R","Strike_R","Strike_R","Defend_R","Defend_R","Defend_R","Bash","ReplayTheSpireMod:Corrosion Curse","Run Through","Sentinel","Armaments+1","Cleave","Flex"],"relics":["Burning Blood","NeowsBlessing","Regal Pillow"],"acts_visited":["Exordium"],"potions_floor_usage":[8],"damage_taken":[{"damage":0,"enemies":"Small Slimes","floor":1,"turns":1},{"damage":0,"enemies":"Cultist","floor":2,"turns":1},{"damage":0,"enemies":"2 Louse","floor":4,"turns":1},{"damage":13,"enemies":"Blue Slaver","floor":5,"turns":5},{"damage":50,"enemies":"3 Sentries","floor":6,"turns":9},{"damage":36,"enemies":"Replay:BlueRogue","floor":8,"turns":3}],"seed_played":"5459454385745650645","potions_obtained":[{"floor":1,"key":"PowerPotion"},{"floor":6,"key":"Adrenaline Potion"}],"is_trial":false,"path_per_floor":["M","M","?","M","M","E","R","E"],"character_chosen":"IRONCLAD","items_purchased":[],"campfire_rested":0,"item_purchase_floors":[],"current_hp_per_floor":[74,75,75,75,68,24,24,0,0],"gold":184,"neow_bonus":"THREE_ENEMY_KILL","is_daily":false,"chose_seed":false,"campfire_upgraded":1,"win_rate":0.0,"timestamp":1612016848,"path_taken":["M","M","?","?","M","E","R","E"],"items_purchased_type":[],"build_version":"2020-12-22","purchased_purges":0,"victory":false,"max_hp_per_floor":[75,75,75,75,75,75,75,75,75],"card_choices":[{"not_picked":["Headbutt","Replay:Undeath\u0027s Touch"],"picked":"ReplayTheSpireMod:Corrosion Curse","floor":1},{"not_picked":["Warcry","Entrench"],"picked":"Run Through","floor":2},{"not_picked":["Twin Strike","Perfected Strike"],"picked":"Armaments","floor":4},{"not_picked":["Body Slam","Armaments"],"picked":"Cleave","floor":5},{"not_picked":["Armaments","ReplayTheSpireMod:Corrosion Curse"],"picked":"Flex","floor":6}],"player_experience":506766,"relics_obtained":[{"floor":6,"key":"Regal Pillow"}],"event_choices":[{"damage_healed":0,"gold_gain":0,"cards_transformed":["Defend_R"],"player_choice":"Transformed","damage_taken":0,"max_hp_gain":0,"max_hp_loss":0,"event_name":"Transmorgrifier","floor":3,"gold_loss":0,"cards_obtained":["Sentinel"]}],"is_beta":false,"boss_relics":[],"items_purged_floors":[],"is_endless":false,"potions_floor_spawned":[1,6],"killed_by":"Replay:BlueRogue","ascension_level":16}}