{"host":"r10yh36zs2k9z1sa","time":1612040655,"event":{"mods":["AchievementEnabler","Act Like it!","Aspiration","Astrologer","BaseMod","Colored Map","Conspire","Decade(¤ý¤p©ú)","Gensokyo","Hermit","Highlight Path","KinomotoSakuraMod(¤ì¤§¥»?)","Koishi","Marisa¡]Ãú«B¡@Å]²z¨F¡^","Minty Spire (QoL Compilation)","Permanent Neow","Quick Restart","Reimu¡]³Õ???¡^","Remilia¡]Á¢¦Ì²ú?¡^","StSLib","SuperFastMode","The Administrix","The Blackbeard","The Bug Knight","The Cursed","The Gatherer","The Mystic","The Saiyan","The Senshi","The Servant 0.9.4","Youmu¡]»î¾z§¯?¡^","Yuri Mod","Yuyuko"],"gold_per_floor":[97,97,114,131,206,235,258,297,309,339,351,378,403,415,427,537,549,580,605,617,641,653,653],"floor_reached":22,"language":"ZHS","playtime":2802,"items_purged":[],"score":275,"play_id":"63a4eb16-142d-4120-8f1c-b3e696179dce","local_time":"20210131050415","is_ascension_mode":false,"campfire_choices":[{"floor":11,"key":"REST"},{"data":"Saiyan:SuperSaiyanForm","floor":15,"key":"SMITH"}],"circlet_count":0,"master_deck":["Saiyan:SAIYA_Strike","Saiyan:SAIYA_Strike","Saiyan:SAIYA_Strike","Saiyan:SAIYA_Strike","Saiyan:SAIYA_Defend","Saiyan:SAIYA_Defend","Saiyan:SAIYA_Defend","Saiyan:SAIYA_Defend","Saiyan:EnergyBlast","Saiyan:KaioKen","Saiyan:RuthlessBlow","Saiyan:DoubleMasenko","Saiyan:Flurry","Saiyan:SenzuBean","Saiyan:DragonRadar","Saiyan:FingerParry","Saiyan:Quickening","Saiyan:CCCapsule","Saiyan:SuperSaiyanForm+1","Saiyan:MajinSeal","Saiyan:SuperSaiyanThree","Saiyan:Expend+1"],"relics":["SaiyanSoul","SaiyanHeart","TungstenRod","MawBank","aspiration:Lifesprig","Pen Nib","conspire:Flyswatter","Ancient Tea Set","Art of War","HollowMod:PaleOreRelic","Boot","Philosopher\u0027s Stone","Akabeko","Blood Vial","Torii","Happy Flower"],"acts_visited":["Exordium","TheCity"],"potions_floor_usage":[8,13,16,16],"damage_taken":[{"damage":0,"enemies":"Small Slimes","floor":1,"turns":3},{"damage":0,"enemies":"Cultist","floor":3,"turns":3},{"damage":0,"enemies":"2 Louse","floor":4,"turns":2},{"damage":26,"enemies":"Lagavulin","floor":6,"turns":9},{"damage":21,"enemies":"Gremlin Gang","floor":7,"turns":13},{"damage":7,"enemies":"3 Sentries","floor":8,"turns":14},{"damage":0,"enemies":"3 Louse","floor":10,"turns":11},{"damage":3,"enemies":"Lots of Slimes","floor":12,"turns":6},{"damage":0,"enemies":"Large Slime","floor":13,"turns":5},{"damage":0,"enemies":"Hexaghost","floor":16,"turns":13},{"damage":12,"enemies":"Chosen","floor":18,"turns":8},{"damage":17,"enemies":"3 Byrds","floor":19,"turns":9},{"damage":21,"enemies":"Cultist and Chosen","floor":21,"turns":14},{"damage":36,"enemies":"Snake Plant","floor":22,"turns":6}],"seed_played":"-7156988775144984760","potions_obtained":[{"floor":7,"key":"Block Potion"},{"floor":8,"key":"Weak Potion"},{"floor":10,"key":"MagicPotion:ReiMu"},{"floor":12,"key":"BlessingOfTheForge"},{"floor":18,"key":"GrandPatriotsElixir:ReiMu"}],"is_trial":false,"path_per_floor":["M","?","M","M","?","E","M","E","T","M","R","M","M","?","R","B",null,"M","M","?","M","M"],"character_chosen":"SAIYAJIN","items_purchased":[],"campfire_rested":1,"item_purchase_floors":[],"current_hp_per_floor":[56,56,57,59,55,30,11,6,6,8,27,26,28,28,28,29,71,60,44,44,27,0,0],"gold":653,"neow_bonus":"ONE_RARE_RELIC","is_daily":false,"chose_seed":false,"campfire_upgraded":1,"win_rate":0.0,"timestamp":1612040655,"path_taken":["M","?","M","?","?","E","M","E","T","?","R","M","M","?","R","BOSS","M","?","?","M","M"],"items_purchased_type":[],"build_version":"2020-12-22","purchased_purges":0,"victory":false,"max_hp_per_floor":[56,56,57,59,59,60,62,64,64,66,66,68,70,70,70,71,71,72,73,73,75,77,77],"card_choices":[{"not_picked":["Saiyan:BackAttack","Saiyan:PlotArmor"],"picked":"Saiyan:DoubleMasenko","floor":1},{"not_picked":["Saiyan:PlotArmor","Saiyan:DragonFist"],"picked":"Saiyan:Flurry","floor":3},{"not_picked":["Saiyan:ExpandingShockwave","Saiyan:SuperSaiyanForm"],"picked":"Saiyan:SenzuBean","floor":4},{"not_picked":["Saiyan:Planning","Saiyan:BackAttack"],"picked":"Saiyan:DragonRadar","floor":6},{"not_picked":["Saiyan:PlotArmor","Saiyan:KiExplosion"],"picked":"Saiyan:FingerParry","floor":7},{"not_picked":["Saiyan:DragonFist","Saiyan:PressOn"],"picked":"Saiyan:Quickening","floor":8},{"not_picked":["Saiyan:MeteorDash","Saiyan:ExpandingShockwave"],"picked":"Saiyan:CCCapsule","floor":10},{"not_picked":["Saiyan:Scouter","Saiyan:Furor"],"picked":"Saiyan:SuperSaiyanForm","floor":12},{"not_picked":["Saiyan:RemoveWeights","Saiyan:DoubleMasenko"],"picked":"Saiyan:MajinSeal","floor":13},{"not_picked":["Saiyan:TheBomb","Saiyan:Rekindle"],"picked":"Saiyan:MindBoom","floor":16},{"not_picked":["Saiyan:SoulSpice","Saiyan:MeteorDash","Saiyan:Scouter"],"picked":"SKIP","floor":18},{"not_picked":["Saiyan:DoubleMasenko+1","Saiyan:TurtleShell"],"picked":"Saiyan:Expend+1","floor":19},{"not_picked":["Saiyan:DragonFist","Saiyan:FingerParry","Saiyan:WarmUp+1"],"picked":"SKIP","floor":21}],"player_experience":391098,"relics_obtained":[{"floor":6,"key":"MawBank"},{"floor":7,"key":"aspiration:Lifesprig"},{"floor":8,"key":"Pen Nib"},{"floor":8,"key":"conspire:Flyswatter"},{"floor":9,"key":"Ancient Tea Set"},{"floor":10,"key":"Art of War"},{"floor":12,"key":"HollowMod:PaleOreRelic"},{"floor":16,"key":"Boot"},{"floor":18,"key":"Akabeko"},{"floor":19,"key":"Blood Vial"},{"floor":21,"key":"Happy Flower"}],"event_choices":[{"damage_healed":0,"gold_gain":75,"player_choice":"Touch","damage_taken":5,"max_hp_gain":0,"max_hp_loss":0,"event_name":"FaceTrader","floor":5,"gold_loss":0},{"damage_healed":0,"gold_gain":0,"player_choice":"1 cards matched","damage_taken":0,"max_hp_gain":0,"max_hp_loss":0,"event_name":"Match and Keep!","floor":14,"gold_loss":0,"cards_obtained":["Saiyan:SuperSaiyanThree"]},{"cards_removed":["Saiyan:MindBoom"],"damage_healed":0,"gold_gain":0,"player_choice":"Gave Card","damage_taken":0,"relics_obtained":["Torii"],"max_hp_gain":0,"max_hp_loss":0,"event_name":"WeMeetAgain","floor":20,"gold_loss":0}],"is_beta":false,"boss_relics":[{"not_picked":["conspire:SlowCooker","aspiration:ServantSkillbook"],"picked":"Philosopher\u0027s Stone"}],"items_purged_floors":[],"is_endless":false,"potions_floor_spawned":[7,8,10,12,18],"killed_by":"Snake Plant","ascension_level":0}}