{"host":"bxn2em57qlx5u4i0","time":1612012596,"event":{"mods":["BaseMod","Colored Map","Colored Powertips","Highlight Path","Minty Spire (QoL Compilation)","Random Character Button","Relic Sorter","Relic Stats","StSLib","SuperFastMode"],"gold_per_floor":[113,263,263,31,42,68,68,68,144,177,193,228,228,244,244,319,319,337,337,347,347,358,358,358],"floor_reached":23,"language":"ENG","playtime":550,"items_purged":["Doubt"],"score":468,"play_id":"0b20d873-8aac-4b17-9d3c-77ed86c45173","local_time":"20210130081636","is_ascension_mode":true,"campfire_choices":[{"data":"Crippling Poison","floor":8.0,"key":"SMITH"},{"data":"Footwork","floor":13.0,"key":"SMITH"},{"data":"All Out Attack","floor":15,"key":"SMITH"}],"circlet_count":0,"master_deck":["AscendersBane","Strike_G","Strike_G","Strike_G","Strike_G","Strike_G+1","Defend_G","Defend_G","Defend_G","Defend_G","Defend_G+1","Survivor+1","Neutralize","Terror+1","Crippling Poison+1","Backstab","All Out Attack+1","Footwork+1","Venomology","Deflect","Ghostly","Ghostly","Ghostly","Deflect","Concentrate","Bouncing Flask"],"relics":["Ring of the Snake","NeowsBlessing","ClockworkSouvenir","Ginger","Gremlin Horn","War Paint","Boot","Runic Pyramid"],"acts_visited":["Exordium","TheCity"],"potions_floor_usage":[16,18,22,23],"damage_taken":[{"damage":0.0,"enemies":"2 Louse","floor":1.0,"turns":1.0},{"damage":0.0,"enemies":"Small Slimes","floor":5.0,"turns":1.0},{"damage":0.0,"enemies":"Lagavulin","floor":6.0,"turns":1.0},{"damage":2.0,"enemies":"3 Sentries","floor":10.0,"turns":6.0},{"damage":0.0,"enemies":"Cultist","floor":11.0,"turns":3.0},{"damage":8.0,"enemies":"Gremlin Nob","floor":12.0,"turns":3.0},{"damage":0,"enemies":"Gremlin Gang","floor":14,"turns":3},{"damage":16,"enemies":"Slime Boss","floor":16,"turns":7},{"damage":4,"enemies":"Shell Parasite","floor":18,"turns":4},{"damage":0,"enemies":"2 Thieves","floor":20,"turns":5},{"damage":17,"enemies":"Shelled Parasite and Fungi","floor":22,"turns":7},{"damage":22,"enemies":"Book of Stabbing","floor":23,"turns":6}],"seed_played":"-8948920262968330728","potions_obtained":[{"floor":5.0,"key":"AttackPotion"},{"floor":6.0,"key":"AttackPotion"},{"floor":10.0,"key":"CultistPotion"},{"floor":12.0,"key":"GhostInAJar"},{"floor":16,"key":"PowerPotion"},{"floor":20,"key":"ColorlessPotion"}],"is_trial":false,"path_per_floor":["M","?","?","$","M","E","?","R","T","E","M","E","R","M","R","B",null,"M","?","M","?","M","E"],"character_chosen":"THE_SILENT","items_purchased":["ClockworkSouvenir"],"campfire_rested":0,"item_purchase_floors":[4],"current_hp_per_floor":[59,59,39,39,39,39,61,61,61,59,59,51,51,51,51,35,58,54,33,33,33,16,0,0],"gold":358,"neow_bonus":"THREE_ENEMY_KILL","is_daily":false,"chose_seed":false,"campfire_upgraded":3,"win_rate":0.0,"timestamp":1612012596,"path_taken":["M","?","?","$","M","E","?","R","T","E","M","E","R","M","R","BOSS","M","?","M","?","M","E"],"items_purchased_type":["Relic"],"build_version":"2020-12-22","purchased_purges":1,"victory":false,"max_hp_per_floor":[66,66,66,66,66,66,66,66,66,66,66,66,66,66,66,66,66,66,33,33,33,33,33,33],"relic_stats":{"Gremlin Horn":[8,8],"counters":[12,47],"Ginger":[2],"War Paint":["Survivor","Defend_G"],"Boot":[17],"obtain_stats":[{"NeowsBlessing":0,"Gremlin Horn":9,"Ginger":6,"War Paint":10,"Boot":12,"Ring of the Snake":0,"ClockworkSouvenir":4,"Runic Pyramid":17},{"NeowsBlessing":0,"Gremlin Horn":3,"Ginger":3,"War Paint":4,"Boot":6,"Ring of the Snake":0,"ClockworkSouvenir":1,"Runic Pyramid":8},{"NeowsBlessing":0,"Gremlin Horn":3,"Ginger":3,"War Paint":9,"Boot":15,"Ring of the Snake":0,"ClockworkSouvenir":1,"Runic Pyramid":25}],"Ring of the Snake":[24]},"card_choices":[{"not_picked":["Flying Knee","Outmaneuver"],"picked":"Terror","floor":1.0},{"not_picked":["Backflip","Heel Hook"],"picked":"Crippling Poison","floor":5.0},{"not_picked":["Finisher","Quick Slash"],"picked":"Backstab","floor":6.0},{"not_picked":["Flying Knee","Unload"],"picked":"All Out Attack","floor":10.0},{"not_picked":["Slice","Expertise","Terror"],"picked":"SKIP","floor":11.0},{"not_picked":["Calculated Gamble","Backflip"],"picked":"Footwork","floor":12.0},{"not_picked":["Deadly Poison","Blade Dance","Bane"],"picked":"SKIP","floor":14},{"not_picked":["Grand Finale","Phantasmal Killer"],"picked":"Venomology","floor":16},{"not_picked":["Bane","Quick Slash"],"picked":"Deflect","floor":18},{"not_picked":["Terror","Poisoned Stab"],"picked":"Deflect","floor":20},{"not_picked":["Predator","Accuracy"],"picked":"Bouncing Flask","floor":22}],"player_experience":2970866,"relics_obtained":[{"floor":6.0,"key":"Ginger"},{"floor":9.0,"key":"Gremlin Horn"},{"floor":10.0,"key":"War Paint"},{"floor":12.0,"key":"Boot"}],"event_choices":[{"damage_healed":0.0,"max_hp_gain":0.0,"max_hp_loss":0.0,"gold_gain":150.0,"event_name":"Liars Game","player_choice":"AGREE","floor":2.0,"gold_loss":0.0,"damage_taken":0.0,"cards_obtained":["Doubt"]},{"damage_healed":0.0,"max_hp_gain":0.0,"max_hp_loss":0.0,"gold_gain":0.0,"event_name":"Shining Light","player_choice":"Entered Light","floor":3.0,"gold_loss":0.0,"damage_taken":20.0,"cards_upgraded":["Strike_G","Terror"]},{"damage_healed":22.0,"max_hp_gain":0.0,"max_hp_loss":0.0,"gold_gain":0.0,"event_name":"Big Fish","player_choice":"Banana","floor":7.0,"gold_loss":0.0,"damage_taken":0.0},{"damage_healed":0,"gold_gain":0,"player_choice":"Became a Ghost","damage_taken":0,"max_hp_gain":0,"max_hp_loss":33,"event_name":"Ghosts","floor":19,"gold_loss":0,"cards_obtained":["Ghostly","Ghostly","Ghostly"]},{"damage_healed":0,"gold_gain":0,"player_choice":"Read","damage_taken":0,"max_hp_gain":0,"max_hp_loss":0,"event_name":"The Library","floor":21,"gold_loss":0,"cards_obtained":["Concentrate"]}],"is_beta":false,"boss_relics":[{"not_picked":["Ring of the Serpent","Astrolabe"],"picked":"Runic Pyramid"}],"items_purged_floors":[4],"is_endless":false,"potions_floor_spawned":[5,6,10,12,16,18,20,22],"killed_by":"Book of Stabbing","ascension_level":20}}