{"host":"cbu6enf2xtq4r7r3","time":1612019693,"event":{"mods":["2.2 Compatiblity","AlwaysNeverKeys","BaseMod","Better Match","Better Note","Better Sensory Stone","Better Skull","Better Third Choice","Colored Map","Colored Powertips","Defuse TimeMaze Blight","Emptier Cage","Minty Spire (QoL Compilation)","Permanent Neow","Quick Restart","Random Character Button","Relic Sorter","Reorder Act Four","Shop Mod","StSLib"],"gold_per_floor":[11,25,42,42,54,54,67,67,67],"floor_reached":8,"language":"ENG","playtime":346,"items_purged":[],"score":65,"play_id":"26205049-fafb-4cfa-a752-74a6e891a0dd","local_time":"20210130161453","is_ascension_mode":true,"campfire_choices":[{"data":"Corruption","floor":6,"key":"SMITH"}],"circlet_count":0,"master_deck":["Strike_R","Strike_R","Strike_R","Strike_R","Strike_R","Defend_R","Defend_R","Defend_R","Defend_R","Bash","Corruption+1","Feel No Pain","Rage","Shrug It Off","Panacea","Intimidate","Infernal Blade"],"relics":["Burning Blood"],"acts_visited":["Exordium"],"potions_floor_usage":[5],"damage_taken":[{"damage":8,"enemies":"Jaw Worm","floor":1,"turns":4},{"damage":10,"enemies":"Cultist","floor":2,"turns":5},{"damage":1,"enemies":"Small Slimes","floor":3,"turns":4},{"damage":2,"enemies":"2 Fungi Beasts","floor":5,"turns":5},{"damage":2,"enemies":"Blue Slaver","floor":7,"turns":5},{"damage":4,"enemies":"3 Sentries","floor":8,"turns":3}],"seed_played":"-4769405240979015740","potions_obtained":[{"floor":3,"key":"DistilledChaos"},{"floor":7,"key":"LiquidMemories"}],"is_trial":false,"path_per_floor":["M","M","M","?","M","R","M","E"],"character_chosen":"IRONCLAD","items_purchased":[],"campfire_rested":0,"item_purchase_floors":[],"current_hp_per_floor":[70,66,71,71,75,75,79,75,75],"gold":67,"neow_bonus":"THREE_RARE_CARDS","is_daily":false,"chose_seed":false,"campfire_upgraded":1,"win_rate":0.0,"timestamp":1612019693,"path_taken":["M","M","M","?","M","R","M","E"],"items_purchased_type":[],"build_version":"2020-12-22","purchased_purges":0,"victory":false,"max_hp_per_floor":[80,80,80,80,80,80,80,80,80],"card_choices":[{"not_picked":["Berserk","Double Tap"],"picked":"Corruption","floor":0},{"not_picked":["Clothesline","Searing Blow"],"picked":"Feel No Pain","floor":1},{"not_picked":["Dual Wield","Twin Strike"],"picked":"Rage","floor":2},{"not_picked":["Iron Wave","Dropkick"],"picked":"Shrug It Off","floor":3},{"not_picked":["Blind","Madness"],"picked":"Panacea","floor":4},{"not_picked":["Reaper","Wild Strike"],"picked":"Intimidate","floor":5},{"not_picked":["Twin Strike","Thunderclap"],"picked":"Infernal Blade","floor":7}],"player_experience":114409,"relics_obtained":[],"event_choices":[{"damage_healed":0,"gold_gain":1,"player_choice":"1","damage_taken":0,"max_hp_gain":0,"max_hp_loss":0,"event_name":"betterStone:BetterStone","floor":4,"gold_loss":0}],"is_beta":false,"boss_relics":[],"items_purged_floors":[],"is_endless":false,"potions_floor_spawned":[3,7],"killed_by":"3 Sentries","ascension_level":6}}