{"host":"e1dz7n8k2o9zh5uh","time":1612038620,"event":{"mods":["BaseMod","Curses Come First","Hermit","Marisa????????","Minty Spire (QoL Compilation)","Remilia??????","Replay The Spire","StSLib","The Animator","The Cursed","The Marked","The Servant 0.9.4"],"gold_per_floor":[115,128,203,75,93,123,123,137,163,163,176,176,176,187,187,292,292,309,321,261,261,98,98,118,132,132,145,145,164,183,144,144,144,144],"floor_reached":33,"language":"SPA","playtime":2719,"items_purged":[],"score":301,"play_id":"859d9d9a-fa49-441b-9124-c1af1b908c87","local_time":"20210130173020","is_ascension_mode":false,"campfire_choices":[{"floor":7.0,"key":"REST"},{"floor":10.0,"key":"RECALL"},{"floor":13.0,"key":"REST"},{"floor":15.0,"key":"REST"},{"floor":23.0,"key":"REST"},{"floor":28.0,"key":"REST"},{"floor":32,"key":"REST"}],"circlet_count":0,"master_deck":["hermit:Strike_Hermit","hermit:Strike_Hermit","hermit:Strike_Hermit","hermit:Strike_Hermit","hermit:Defend_Hermit","hermit:Defend_Hermit","hermit:Defend_Hermit","hermit:Defend_Hermit","hermit:Snapshot","hermit:Desperado","hermit:Misfire","hermit:CursedWeapon","hermit:Headshot","hermit:Vantage","hermit:Enervate","hermit:Enervate","hermit:TrackingShot","hermit:Enervate","hermit:Desperado","hermit:Dissolve","hermit:Headshot","hermit:ItchyTrigger","RitualDagger","hermit:GoldenBullet","hermit:HoleUp+1","hermit:Manifest","hermit:Deadeye","hermit:Feint+1","hermit:Dive+1","hermit:Enervate","hermit:Roughhouse","hermit:BigShot"],"relics":["hermit:Momento","Art of War","SlaversCollar","Pear"],"acts_visited":["Exordium","TheCity"],"potions_floor_usage":[33],"damage_taken":[{"damage":5.0,"enemies":"Small Slimes","floor":1.0,"turns":4.0},{"damage":1.0,"enemies":"Jaw Worm","floor":2.0,"turns":2.0},{"damage":0.0,"enemies":"Cultist","floor":5.0,"turns":2.0},{"damage":31.0,"enemies":"3 Sentries","floor":6.0,"turns":9.0},{"damage":8.0,"enemies":"2 Fungi Beasts","floor":8.0,"turns":2.0},{"damage":14.0,"enemies":"Exordium Wildlife","floor":11.0,"turns":4.0},{"damage":2.0,"enemies":"Blue Slaver","floor":14.0,"turns":2.0},{"damage":63.0,"enemies":"Hexaghost","floor":16.0,"turns":9.0},{"damage":13.0,"enemies":"3 Byrds","floor":18.0,"turns":5.0},{"damage":29.0,"enemies":"Shell Parasite","floor":19.0,"turns":4.0},{"damage":21.0,"enemies":"3 Cultists","floor":24.0,"turns":6.0},{"damage":23.0,"enemies":"Chosen and Byrds","floor":25.0,"turns":7.0},{"damage":18.0,"enemies":"Shelled Parasite and Fungi","floor":27.0,"turns":5.0},{"damage":48.0,"enemies":"3 Cultists","floor":29.0,"turns":6.0},{"damage":19.0,"enemies":"Cultist and Chosen","floor":30.0,"turns":5.0},{"damage":35,"enemies":"Automaton","floor":33,"turns":4}],"seed_played":"-4028155996917563219","potions_obtained":[{"floor":1.0,"key":"EntropicBrew"},{"floor":2.0,"key":"FairyPotion"},{"floor":8.0,"key":"SpeedPotion"},{"floor":18.0,"key":"Flashbang"},{"floor":25.0,"key":"Fire Potion"},{"floor":29.0,"key":"FearPotion"}],"is_trial":false,"path_per_floor":["M","M","?","$","M","E","R","M","T","R","M","?","R","M","R","B",null,"M","M","?","?","$","R","M","M","T","M","R","M","M","$","R","B"],"character_chosen":"HERMIT","items_purchased":["hermit:CursedWeapon","hermit:Headshot","hermit:GoldenBullet","hermit:HoleUp+1","hermit:Manifest","hermit:BigShot"],"campfire_rested":6,"item_purchase_floors":[4,4,22,22,22,31],"current_hp_per_floor":[77,76,65,65,65,34,58,50,50,50,36,36,60,58,82,19,82,69,40,40,34,34,58,37,14,24,6,33,25,6,6,33,0,0],"gold":144,"neow_bonus":"TEN_PERCENT_HP_BONUS","is_daily":false,"chose_seed":false,"campfire_upgraded":0,"win_rate":0.0,"timestamp":1612038620,"path_taken":["M","M","?","$","M","E","R","M","T","R","M","?","R","M","R","BOSS","M","M","?","?","?","R","M","M","T","M","R","M","M","?","R","BOSS"],"items_purchased_type":["Card","Card","Card","Card","Card","Card"],"build_version":"2020-12-22","purchased_purges":0,"victory":false,"max_hp_per_floor":[82,82,82,82,82,82,82,82,82,82,82,82,82,82,82,82,82,82,82,82,82,82,82,82,82,92,92,92,92,92,92,92,92,92],"card_choices":[{"not_picked":["hermit:Cheat","hermit:SprayPray"],"picked":"hermit:Desperado","floor":1.0},{"not_picked":["hermit:Feint","hermit:Desperado"],"picked":"hermit:Misfire","floor":2.0},{"not_picked":["hermit:Maintenance","hermit:LoneWolf"],"picked":"hermit:Vantage","floor":5.0},{"not_picked":["hermit:Combo","hermit:HighNoon"],"picked":"hermit:Enervate","floor":6.0},{"not_picked":["hermit:HighCaliber","hermit:Vantage"],"picked":"hermit:Enervate","floor":8.0},{"not_picked":["hermit:Desperado","hermit:CalledShot"],"picked":"hermit:TrackingShot","floor":11.0},{"not_picked":["hermit:CalledShot","hermit:Brawl"],"picked":"hermit:Desperado","floor":14.0},{"not_picked":["hermit:Magnum","hermit:DeadOrAlive"],"picked":"hermit:Dissolve","floor":16.0},{"not_picked":["hermit:EyeOfTheStorm","hermit:FlashPowder"],"picked":"hermit:Headshot","floor":18.0},{"not_picked":["hermit:LowProfile","hermit:Misfire"],"picked":"hermit:ItchyTrigger","floor":19.0},{"not_picked":["hermit:CalledShot","hermit:Scavenge"],"picked":"hermit:Deadeye","floor":24.0},{"not_picked":["hermit:SprayPray+1","hermit:Determination"],"picked":"hermit:Feint+1","floor":25.0},{"not_picked":["hermit:Ricochet+1","hermit:Combo+1"],"picked":"hermit:Dive+1","floor":27.0},{"not_picked":["hermit:Vantage","hermit:Grudge"],"picked":"hermit:Enervate","floor":29.0},{"not_picked":["hermit:Coalescence","hermit:PistolWhip"],"picked":"hermit:Roughhouse","floor":30.0}],"player_experience":87718,"relics_obtained":[{"floor":6.0,"key":"Art of War"},{"floor":26.0,"key":"Pear"}],"event_choices":[{"damage_healed":0.0,"max_hp_gain":0.0,"max_hp_loss":0.0,"gold_gain":75.0,"event_name":"World of Goop","player_choice":"Gather Gold","floor":3.0,"gold_loss":0.0,"damage_taken":11.0},{"damage_healed":0.0,"max_hp_gain":0.0,"max_hp_loss":0.0,"gold_gain":0.0,"cards_transformed":["hermit:Covet"],"event_name":"Transmorgrifier","player_choice":"Transformed","floor":12.0,"gold_loss":0.0,"damage_taken":0.0,"cards_obtained":["hermit:Enervate"]},{"damage_healed":0.0,"max_hp_gain":0.0,"max_hp_loss":0.0,"gold_gain":0.0,"event_name":"Nest","player_choice":"Joined the Cult","floor":21.0,"gold_loss":0.0,"damage_taken":6.0,"cards_obtained":["RitualDagger"]}],"is_beta":false,"boss_relics":[{"not_picked":["ChewingGum","SacredBark"],"picked":"SlaversCollar"}],"items_purged_floors":[],"is_endless":false,"potions_floor_spawned":[1,2,8,16,18,25,29],"killed_by":"Automaton","ascension_level":0}}