{"host":"6p0attdrtjqaih7v","time":1612000744,"event":{"mods":["2.2 Compatiblity","AchievementEnabler","Bard","BaseMod","Better Skull","Better Third Choice","Colored Powertips","Downfall","Hermit","Highlight Path","Key Reminder","Minty Spire (QoL Compilation)","Permanent Neow","Quick Restart","Random Character Button","Relic Stats","Replay The Spire","Robot Space Explorer","StSLib","The Witch"],"gold_per_floor":[217,65,65,145,157,157,191,201,201,228,228,258,258,191,191,305,305,339,119,165,181,225,225,265,288,288,354,354,413,413,29,29,178,178,203,260,6,52,52,52,102,102,102,102,25,25,77,108,108,135],"floor_reached":51,"language":"ENG","playtime":2644,"items_purged":["Defend_Witch","Strike_Witch","Strike_Witch"],"score":864,"play_id":"fd614a43-18db-448f-b2b7-b8ec37aca835","local_time":"20210130045904","is_ascension_mode":true,"campfire_choices":[{"data":"SkullFlask","floor":6,"key":"SMITH"},{"data":"WickedThoughts","floor":13,"key":"SMITH"},{"data":"BoneCarving","floor":15,"key":"SMITH"},{"data":"Puncture","floor":23,"key":"SMITH"},{"data":"RiteOfSummer","floor":28,"key":"SMITH"},{"data":"SkullFlask","floor":30,"key":"SMITH"},{"data":"BlackShield","floor":32,"key":"SMITH"},{"data":"Decrepify","floor":40,"key":"SMITH"},{"data":"Demonfyre","floor":44,"key":"SMITH"},{"data":"Demonfyre","floor":46,"key":"SMITH"},{"data":"BoneCarving","floor":49,"key":"SMITH"}],"circlet_count":0,"master_deck":["Strike_Witch","Defend_Witch","Defend_Witch","Defend_Witch","Hexguard","ZombieSpit+1","SkullFlask+1","Puncture+1","RiteOfSummer+1","Demonfyre+1","BoneCarving+1","Decrepify+1","WickedThoughts+1","MysticUnburial","Demonfyre+1","Schadenfreude+1","ReplayTheSpireMod:Splinters","KarmaDrain+1","BlackShield+1","Puncture+1","EternalThirst","SkullFlask+1","RoilingBarrier+1","RoilingBarrier+1","SummonCatFamiliar+1","BoneCarving+1"],"relics":["BlackCat","Shuriken","MealTicket","Simple Rune","Iron Hammer","Frozen Egg 2","Replay:Bandana","Coffee Dripper","Bag of Preparation","Potion Belt","Pear","Orichalcum","Pantograph","sneckomod:SneckoTalon","Vajra","InkBottle"],"acts_visited":["Exordium","TheCity","TheBeyond"],"potions_floor_usage":[7,10,16,18,24,24,33,36,41,50,50,50],"damage_taken":[{"damage":1,"enemies":"2 Louse","floor":1,"turns":3},{"damage":0,"enemies":"Small Slimes","floor":5,"turns":3},{"damage":0,"enemies":"Replay:BlueRogue","floor":7,"turns":2},{"damage":0,"enemies":"Cultist","floor":8,"turns":3},{"damage":5,"enemies":"Gremlin Nob","floor":10,"turns":3},{"damage":20,"enemies":"Lagavulin","floor":12,"turns":4},{"damage":0,"enemies":"Slime Boss","floor":16,"turns":3},{"damage":10,"enemies":"2 Thieves","floor":18,"turns":3},{"damage":0,"enemies":"Shell Parasite","floor":21,"turns":3},{"damage":21,"enemies":"Snake Plant","floor":22,"turns":3},{"damage":0,"enemies":"Gremlin Leader","floor":24,"turns":6},{"damage":3,"enemies":"Slavers","floor":27,"turns":4},{"damage":0,"enemies":"Centurion and Healer","floor":29,"turns":3},{"damage":14,"enemies":"Automaton","floor":33,"turns":7},{"damage":0,"enemies":"3 Shapes","floor":35,"turns":3},{"damage":16,"enemies":"3 Darklings","floor":36,"turns":5},{"damage":12,"enemies":"Spire Growth","floor":38,"turns":6},{"damage":14,"enemies":"Sphere and 2 Shapes","floor":41,"turns":6},{"damage":0,"enemies":"3 Darklings","floor":47,"turns":3},{"damage":0,"enemies":"Spire Growth","floor":48,"turns":3},{"damage":28,"enemies":"Awakened One","floor":50,"turns":11}],"seed_played":"9158100554014038823","potions_obtained":[{"floor":1,"key":"EntropicBrew"},{"floor":7,"key":"Guardian:BlockOnCardUsePotion"},{"floor":18,"key":"LiquidBronze"},{"floor":20,"key":"Guardian:BlockOnCardUsePotion"},{"floor":20,"key":"DuplicationPotion"},{"floor":20,"key":"Toxic Potion"},{"floor":27,"key":"ColorlessPotion"},{"floor":29,"key":"SteroidPotion"},{"floor":47,"key":"Doom Potion"},{"floor":48,"key":"FearPotion"}],"is_trial":false,"path_per_floor":["M","$","?","?","M","R","E","M","T","E","?","E","R","?","R","B",null,"M","$","?","M","M","R","E","T","T","E","R","M","R","$","R","B",null,"M","M","$","M","?","R","M","?","T","R","$","R","M","M","R","B",null],"character_chosen":"WITCH","items_purchased":["Puncture","Demonfyre","Schadenfreude+1","Pantograph","Vajra","Dexterity Potion","PowerPotion","SummonCatFamiliar+1"],"campfire_rested":0,"item_purchase_floors":[2,19,19,31,37,37,37,45],"current_hp_per_floor":[66,66,53,53,53,53,53,53,53,48,42,22,22,22,22,31,67,57,67,67,67,46,46,46,46,56,53,53,53,53,68,68,63,77,77,61,76,64,64,64,50,50,50,50,65,65,65,65,65,73],"gold":135,"neow_bonus":"HUNDRED_GOLD","is_daily":false,"chose_seed":false,"campfire_upgraded":11,"win_rate":0.0,"timestamp":1612000744,"path_taken":["M","$","?","?","M","R","E","M","T","E","?","E","R","?","R","BOSS","M","$","?","?","M","R","E","?","T","E","R","M","R","$","R","BOSS","M","M","$","M","?","R","M","?","T","R","$","R","?","M","R","BOSS"],"items_purchased_type":["Card","Card","Card","Relic","Relic","Potion","Potion","Card"],"build_version":"2020-12-22","purchased_purges":3,"victory":true,"max_hp_per_floor":[67,67,67,67,67,67,67,67,67,67,67,67,67,67,67,67,67,67,67,67,67,67,67,67,67,77,77,77,77,77,77,77,77,77,77,77,77,77,73,73,73,73,73,73,73,73,73,73,73,73],"relic_stats":{"counters":[21,87],"Shuriken":[35],"Pantograph":17,"MealTicket":55,"Bag of Preparation":[20],"Orichalcum":[24],"obtain_stats":[{"Potion Belt":25,"Pear":26,"Vajra":37,"Bag of Preparation":24,"Frozen Egg 2":12,"Orichalcum":27,"sneckomod:SneckoTalon":34,"BlackCat":0,"Replay:Bandana":14,"Shuriken":9,"Pantograph":31,"MealTicket":10,"Simple Rune":11,"Iron Hammer":11,"Coffee Dripper":17,"InkBottle":43},{"Potion Belt":11,"Pear":11,"Vajra":16,"Bag of Preparation":11,"Frozen Egg 2":6,"Orichalcum":12,"sneckomod:SneckoTalon":14,"BlackCat":0,"Replay:Bandana":6,"Shuriken":4,"Pantograph":13,"MealTicket":5,"Simple Rune":5,"Iron Hammer":5,"Coffee Dripper":7,"InkBottle":18},{"Potion Belt":36,"Pear":36,"Vajra":58,"Bag of Preparation":36,"Frozen Egg 2":18,"Orichalcum":40,"sneckomod:SneckoTalon":50,"BlackCat":0,"Replay:Bandana":18,"Shuriken":11,"Pantograph":43,"MealTicket":14,"Simple Rune":14,"Iron Hammer":14,"Coffee Dripper":21,"InkBottle":70}],"InkBottle":[9]},"card_choices":[{"not_picked":["MagicFang","GnarledBody"],"picked":"SkullFlask","floor":1},{"not_picked":["SaltCircle","BleedOut"],"picked":"RiteOfSummer","floor":5},{"not_picked":["Harmlessness","Thundercloud"],"picked":"Demonfyre","floor":7},{"not_picked":["CrystalResonance","Harmlessness"],"picked":"BoneCarving","floor":8},{"not_picked":["NighInvulnerability","SaltCircle"],"picked":"Decrepify","floor":10},{"not_picked":["BalefulWard","MercuryWand"],"picked":"WickedThoughts","floor":12},{"not_picked":["UnnaturalEnergy","BloodSabbath"],"picked":"MysticUnburial","floor":16},{"not_picked":["PlagueSpreader","WretchedNails","Atonement"],"picked":"SKIP","floor":18},{"not_picked":["SummonCatFamiliar+1","BoneCarving"],"picked":"KarmaDrain+1","floor":20},{"not_picked":["SoulBarrier","MercuryWand"],"picked":"BlackShield","floor":21},{"not_picked":["PlagueSpreader","WickedThoughts"],"picked":"Puncture","floor":22},{"not_picked":["CursedBlade+1","RiteOfWinter"],"picked":"EternalThirst","floor":24},{"not_picked":["Harmlessness","PlagueSpreader","BalefulWard+1"],"picked":"SKIP","floor":27},{"not_picked":["SummonOwlFamiliar+1","LivingBomb"],"picked":"SkullFlask","floor":29},{"not_picked":["Harmlessness","MortusClaw+1"],"picked":"RoilingBarrier+1","floor":35},{"not_picked":["MortusClaw+1","Demonfyre"],"picked":"RoilingBarrier+1","floor":36},{"not_picked":["Malady","Broomstick+1","TwistedMind+1"],"picked":"SKIP","floor":38},{"not_picked":["Malady","Broomstick+1","TwistedMind+1"],"picked":"SKIP","floor":38},{"not_picked":["CursedBlade","LivingBomb","MortusClaw"],"picked":"SKIP","floor":41},{"not_picked":["MementoMori+1","SaltCircle+1"],"picked":"BoneCarving","floor":47},{"not_picked":["Intelligence+1","Foresight","WretchedNails"],"picked":"SKIP","floor":48}],"player_experience":961461,"relics_obtained":[{"floor":9,"key":"Shuriken"},{"floor":10,"key":"MealTicket"},{"floor":12,"key":"Frozen Egg 2"},{"floor":24,"key":"Bag of Preparation"},{"floor":25,"key":"Potion Belt"},{"floor":26,"key":"Pear"},{"floor":27,"key":"Orichalcum"},{"floor":43,"key":"InkBottle"}],"event_choices":[{"damage_healed":0,"gold_gain":0,"player_choice":"Entered Light","damage_taken":13,"max_hp_gain":0,"max_hp_loss":0,"event_name":"Shining Light","floor":3,"gold_loss":0,"cards_upgraded":["Puncture","ZombieSpit"]},{"damage_healed":0,"gold_gain":1,"player_choice":"Relic Relic ","damage_taken":6,"max_hp_gain":0,"max_hp_loss":0,"event_name":"betterThird:BetterScrap","floor":11,"gold_loss":0,"cards_obtained":["Reflex"]},{"damage_healed":0,"gold_gain":0,"player_choice":"Paid Gold","damage_taken":0,"relics_obtained":["Replay:Bandana"],"max_hp_gain":0,"max_hp_loss":0,"event_name":"WeMeetAgain","floor":14,"gold_loss":67},{"damage_healed":0,"gold_gain":0,"player_choice":"Max HP","damage_taken":0,"max_hp_gain":0,"max_hp_loss":4,"event_name":"Winding Halls","floor":39,"gold_loss":0},{"cards_removed":["Strike_Witch"],"damage_healed":0,"gold_gain":0,"player_choice":"Purged","damage_taken":0,"max_hp_gain":0,"max_hp_loss":0,"event_name":"Purifier","floor":42,"gold_loss":0}],"is_beta":false,"boss_relics":[{"not_picked":["Sozu","SacredBark"],"picked":"Coffee Dripper"},{"not_picked":["Kintsugi","Philosopher\u0027s Stone"],"picked":"sneckomod:SneckoTalon"}],"items_purged_floors":[2,19,31],"is_endless":false,"potions_floor_spawned":[1,7,18,21,27,29,47,48],"ascension_level":1}}