{"host":"\u003c无名\u003e","time":1612008692,"event":{"mods":["BaseMod","Downfall","Lobotomy","Minty Spire (QoL Compilation)","Quick Restart","Remilia（蕾米莉亚）","Replay The Spire","Robot Space Explorer","StSLib","The Bug Knight"],"gold_per_floor":[99,99,99,99,99,134,134,145,180,193,212,229,29,44,60,157,157,157,170,180,280,291,317,344,377,391,420,320,320,320,320,340,445,445,445,461,476,476,476,506,506,526,526,536,571,571,571,571,621,655,668,668],"floor_reached":53,"language":"ZHS","playtime":4202,"items_purged":[],"score":1246,"play_id":"981e6118-e276-4e89-956b-46bd38da7b8d","local_time":"20210130201132","is_ascension_mode":true,"campfire_choices":[{"floor":1.0,"key":"RECALL"},{"floor":13.0,"key":"REST"},{"data":"EmergencyRegeneration","floor":18.0,"key":"SMITH"},{"floor":28.0,"key":"DIG"},{"floor":30.0,"key":"DIG"},{"floor":46.0,"key":"DIG"}],"circlet_count":0,"master_deck":["Strike_RM+1","Strike_RM","Strike_RM","Defend_RM","Defend_RM","Defend_RM","Defend_RM","RedMoon","ScarletShoot","ScarletDream","ScarletDream","ChainGang","Stigmanizer","CharismaGuard","BombardNight","EmergencyRegeneration+1","ScarletGensokyo","ChainGang","ScarletDevilSign","BatForm","Maim+1","NightLord+1","NightLord","ScarletDevilSign+1","Pot Of Greed","Pot Of Greed","Pot Of Greed","TwelveNightmare+1","BloodHunter","ReincarnationDial","downfall:Icky","UnderTheZenith+1","TransientEternity","ScarletNetherworld+1","RedMagic+1","RedRainbow+1","ReincarnationDial+1"],"relics":["ScarletHat","downfall:HeartsMalice","Chameleon Ring","PreservedInsect","Eternal Feather","Replay:Rubber Ducky","downfall:HeartBlessingRed","downfall:HeartBlessingGreen","Painkiller Herb","Gungnir","Darkstone Periapt","Grinning Jar","Blood Vial","Divine Protection","Replay:Multitool","downfall:HeartBlessingBlue","Bag of Marbles","Kunai","Black Star","Replay:Mystery Machine","Replay:Kaleidoscope","Whetstone","Replay:Wax Seal","Onion Ring","Smiling Mask","Anchor","Unceasing Top","Ginger","FossilizedHelix"],"acts_visited":["Exordium","TheCity","TheBeyond"],"potions_floor_usage":[52,52],"damage_taken":[{"damage":0.0,"enemies":"Jaw Worm","floor":2.0,"turns":1.0},{"damage":0.0,"enemies":"Cultist","floor":5.0,"turns":1.0},{"damage":0.0,"enemies":"Lagavulin","floor":6.0,"turns":1.0},{"damage":0.0,"enemies":"Small Slimes","floor":8.0,"turns":1.0},{"damage":16.0,"enemies":"Gremlin Nob","floor":9.0,"turns":4.0},{"damage":8.0,"enemies":"2 Fungi Beasts","floor":10.0,"turns":4.0},{"damage":14.0,"enemies":"Exordium Thugs","floor":11.0,"turns":3.0},{"damage":16.0,"enemies":"3 Louse","floor":12.0,"turns":2.0},{"damage":11.0,"enemies":"Blue Slaver","floor":14.0,"turns":5.0},{"damage":0.0,"enemies":"Large Slime","floor":15.0,"turns":5.0},{"damage":35.0,"enemies":"DF_ARCHETYPE_STREAMLINE","floor":16.0,"turns":11.0},{"damage":4.0,"enemies":"Shell Parasite","floor":19.0,"turns":5.0},{"damage":0.0,"enemies":"Spheric Guardian","floor":20.0,"turns":2.0},{"damage":2.0,"enemies":"Colosseum Nobs","floor":21.0,"turns":2.0},{"damage":0.0,"enemies":"Centurion and Healer","floor":22.0,"turns":5.0},{"damage":16.0,"enemies":"Gremlin Leader","floor":23.0,"turns":3.0},{"damage":22.0,"enemies":"Book of Stabbing","floor":25.0,"turns":4.0},{"damage":10.0,"enemies":"Snake Plant","floor":26.0,"turns":2.0},{"damage":6.0,"enemies":"Slavers","floor":27.0,"turns":3.0},{"damage":0.0,"enemies":"Shelled Parasite and Fungi","floor":32.0,"turns":2.0},{"damage":13.0,"enemies":"IC_MUSHROOM_ARCHETYPE","floor":33.0,"turns":7.0},{"damage":0.0,"enemies":"Orb Walker","floor":36.0,"turns":3.0},{"damage":0.0,"enemies":"3 Shapes","floor":37.0,"turns":3.0},{"damage":0.0,"enemies":"Nemesis","floor":40.0,"turns":3.0},{"damage":0.0,"enemies":"Writhing Mass","floor":42.0,"turns":1.0},{"damage":0.0,"enemies":"3 Darklings","floor":44.0,"turns":1.0},{"damage":0.0,"enemies":"Reptomancer","floor":45.0,"turns":1.0},{"damage":12.0,"enemies":"Reptomancer","floor":49.0,"turns":4.0},{"damage":0.0,"enemies":"Giant Head","floor":50.0,"turns":3.0},{"damage":0.0,"enemies":"Sphere and 2 Shapes","floor":51.0,"turns":2.0},{"damage":6,"enemies":"WA_ARCHETYPE_DIVINITY","floor":52,"turns":6},{"damage":0,"enemies":"Malkuth","floor":53,"turns":6},{"damage":15,"enemies":"Yesod","floor":53,"turns":7}],"seed_played":"5556538298941377047","potions_obtained":[{"floor":6.0,"key":"Reflective Coating"},{"floor":8.0,"key":"Explosive Potion"},{"floor":10.0,"key":"Venom Potion"},{"floor":36.0,"key":"SteroidPotion"},{"floor":49.0,"key":"Cursed Concoction"}],"is_trial":false,"path_per_floor":["R","M","?","T","M","E","T","M","E","M","M","M","R","M","M","B",null,"T","?","?","?","?","E","T","E","?","E","T","?","T","?","?","B",null,"T","?","?","?","T","E","T","?","?","?","E","T","PTL","PTL","T","E","?","B",null],"character_chosen":"REMILIA","items_purchased":[],"campfire_rested":1,"item_purchase_floors":[],"current_hp_per_floor":[75,75,75,75,75,75,75,75,61,55,43,27,58,47,47,24,62,74,71,71,71,74,61,61,59,55,52,77,77,85,91,91,80,88,91,91,91,91,91,91,91,91,91,91,91,91,91,91,90,91,91,91],"gold":568,"neow_bonus":"THREE_ENEMY_KILL","is_daily":false,"chose_seed":false,"campfire_upgraded":1,"win_rate":0.0,"timestamp":1612008692,"path_taken":["R","M","?","?","?","E","T","M","E","M","?","?","R","M","M","BOSS","T","?","?","?","?","E","T","E","?","E","T","?","T","?","?","BOSS","T","?","?","?","?","E","T","?","?","?","E","T","PTL","PTL","T","E","?","BOSS"],"items_purchased_type":[],"build_version":"2020-12-18","purchased_purges":0,"victory":true,"max_hp_per_floor":[75,75,75,75,75,75,75,75,75,75,75,75,75,75,75,75,75,75,75,75,75,75,75,75,75,75,75,85,85,85,91,91,91,91,91,91,91,91,91,91,91,91,91,91,91,91,91,91,91,91,91,91],"card_choices":[{"not_picked":["DiffusionOfMisfortune","UnstableMagic"],"picked":"ScarletDream","floor":2.0},{"not_picked":["FavorOfDestiny","DevilSight"],"picked":"ScarletDream","floor":5.0},{"not_picked":["CharismaGuard","BloodAndWine"],"picked":"ChainGang","floor":6.0},{"not_picked":["UltimateOffering","VampireKiss"],"picked":"Stigmanizer","floor":8.0},{"not_picked":["ScarletDevil","ReincarnationDial"],"picked":"CharismaGuard","floor":9.0},{"not_picked":["ScarletDevil","UnstableMagic"],"picked":"BombardNight","floor":10.0},{"not_picked":["VampireKiss","VampireSweep"],"picked":"EmergencyRegeneration","floor":11.0},{"not_picked":["GlobalNightmare","StarOfDavid"],"picked":"ScarletGensokyo","floor":12.0},{"not_picked":["NightDance","UnderTheZenith"],"picked":"ChainGang","floor":14.0},{"not_picked":["CharismaGuard","NightDance"],"picked":"ScarletDevilSign","floor":15.0},{"not_picked":["BloodRain","CeilingFear"],"picked":"BatForm","floor":16.0},{"not_picked":["BlasphemousPunishment","VampireKiss"],"picked":"Maim+1","floor":19.0},{"not_picked":["UnderTheZenith+1","DiffusionOfMisfortune"],"picked":"NightLord","floor":20.0},{"not_picked":["NightDance","ScarletDevil"],"picked":"NightLord","floor":21.0},{"not_picked":["VampireKiss","FavorOfDestiny+1"],"picked":"ScarletDevilSign","floor":22.0},{"not_picked":["BloodRain","EmergencyRegeneration"],"picked":"TwelveNightmare+1","floor":23.0},{"not_picked":["VampireSweep","BombardNight","MiserableFate+1"],"picked":"SKIP","floor":25.0},{"not_picked":["BloodyTrap","CharismaGuard"],"picked":"BloodHunter","floor":26.0},{"not_picked":["VampireKiss","BloodHunter","UltimateOffering+1"],"picked":"SKIP","floor":27.0},{"not_picked":["BloodHunter","DevilSight"],"picked":"UnderTheZenith+1","floor":32.0},{"not_picked":["ScarletMeister","ChaoticDestiny"],"picked":"TransientEternity","floor":33.0},{"not_picked":["UnstableMagic+1","NightLord"],"picked":"ScarletNetherworld+1","floor":36.0},{"not_picked":["ScarletDevil+1","UnstableMagic+1"],"picked":"RedMagic+1","floor":37.0},{"not_picked":["ScarletDevil+1","UnderTheZenith+1"],"picked":"RedRainbow+1","floor":40.0},{"not_picked":["FavorOfDestiny","NightDance","CharismaGuard"],"picked":"SKIP","floor":42.0},{"not_picked":["MastersStateliness","BadLadyScramble+1","ScarletGensokyo"],"picked":"SKIP","floor":44.0},{"not_picked":["BloodyTrap","ForbiddenFruit","MastersStateliness"],"picked":"SKIP","floor":45.0},{"not_picked":["VampireClaw+1","BadLadyScramble+1"],"picked":"ReincarnationDial+1","floor":50.0},{"not_picked":["FavorOfDestiny","MastersStateliness","UnderTheZenith+1"],"picked":"SKIP","floor":51.0}],"player_experience":611185,"relics_obtained":[{"floor":4.0,"key":"Chameleon Ring"},{"floor":6.0,"key":"PreservedInsect"},{"floor":7.0,"key":"Eternal Feather"},{"floor":9.0,"key":"Replay:Rubber Ducky"},{"floor":21.0,"key":"Gungnir"},{"floor":21.0,"key":"Darkstone Periapt"},{"floor":23.0,"key":"Grinning Jar"},{"floor":25.0,"key":"Blood Vial"},{"floor":27.0,"key":"Divine Protection"},{"floor":27.0,"key":"Replay:Multitool"},{"floor":28.0,"key":"Bag of Marbles"},{"floor":30.0,"key":"Kunai"},{"floor":39.0,"key":"Replay:Mystery Machine"},{"floor":40.0,"key":"Replay:Kaleidoscope"},{"floor":40.0,"key":"Whetstone"},{"floor":41.0,"key":"Replay:Wax Seal"},{"floor":45.0,"key":"Onion Ring"},{"floor":45.0,"key":"Smiling Mask"},{"floor":46.0,"key":"Anchor"},{"floor":49.0,"key":"Unceasing Top"},{"floor":50.0,"key":"Ginger"},{"floor":50.0,"key":"FossilizedHelix"}],"event_choices":[{"damage_healed":0.0,"max_hp_gain":0.0,"max_hp_loss":0.0,"gold_gain":0.0,"event_name":"The Library","player_choice":"Read","floor":29.0,"gold_loss":0.0,"damage_taken":0.0,"cards_obtained":["ReincarnationDial"]},{"cards_removed":["Slimebound:CheckThePlaybook"],"damage_healed":0.0,"max_hp_gain":0.0,"max_hp_loss":0.0,"gold_gain":0.0,"event_name":"Falling","player_choice":"Removed Skill","floor":38.0,"gold_loss":0.0,"damage_taken":0.0}],"is_beta":true,"boss_relics":[{"not_picked":["Runic Dome","SacredBark"],"picked":"Painkiller Herb"},{"not_picked":["Astrolabe","Philosopher\u0027s Stone"],"picked":"Black Star"}],"items_purged_floors":[],"is_endless":false,"potions_floor_spawned":[6,8,10,14,15,20,21,26,27,32,36,49,50,51],"ascension_level":5}}