{"host":"o3b7ow6d1xe49css","time":1612002884,"event":{"mods":["Act Like it!","Aspiration","BaseMod","Bestiary","Better Altar","Better Match","Better Note","Better Sensory Stone","Better Skull","Better Third Choice","Colored Powertips","Conspire","Energized Spire","Force Act Four","GifTheSpireLib","Halation","Hermit","Hubris","Infinite Spire","Lobotomy","Minty Spire (QoL Compilation)","Quick Restart","Rare Cards Sparkle","Relic Filter Mod","Reliquary","Replay The Spire","Spicy Shops","Spikes Relics","Spire Arcade","StSLib","Stuff the Spire","The Blue Laboratory","Wandering Minibosses"],"gold_per_floor":[114,126,140,152,152,184,218,218,218,218,243,243,23,51,51,150,150,168,181,197,197,197,227,227,227],"floor_reached":24,"language":"ENG","playtime":925,"items_purged":["Strike_B","Strike_B"],"score":336,"play_id":"8086c0ec-e6e7-46d8-92f4-0a3cc4440c0d","local_time":"20210130013444","daily_mods":["Heirloom","Flight"],"is_ascension_mode":true,"campfire_choices":[{"floor":8,"key":"REST"},{"data":"Lockon","floor":10,"key":"SMITH"},{"data":"Buffer","floor":15,"key":"SMITH"}],"circlet_count":0,"master_deck":["Strike_B","Defend_B","Defend_B","Defend_B","Defend_B","Zap+1","Dualcast","Scorched","Cold Snap","Lockon+1","OldLady","StuffTheSpire:Coldhearted","StuffTheSpire:ForEach","UniverseFragment","OSAHOGD","Electrodynamics","Buffer+1","Glacier","Undo","Coolheaded","Biased Cognition"],"relics":["Cracked Core","Ring of Chaos","Bird Faced Urn","CogitoBucket","reliquary:PartyBalloon","hubris:BallOfYels","Pondfish Scales","reliquary:Stiletto","conspire:GiftBox","conspire:TreasureMap","hubris:MobiusCoin","Snecko Eye","BehaviorAdjustment","aspiration:VileToxins","infinitespire:CheckeredPen"],"acts_visited":["Exordium","TheCity"],"potions_floor_usage":[4,14,16,23],"damage_taken":[{"damage":1,"enemies":"2 Louse","floor":1,"turns":2},{"damage":5,"enemies":"Jaw Worm","floor":2,"turns":2},{"damage":0,"enemies":"Cultist","floor":3,"turns":2},{"damage":10,"enemies":"Exordium Thugs","floor":4,"turns":3},{"damage":11,"enemies":"3 Sentries","floor":6,"turns":5},{"damage":20,"enemies":"Lagavulin","floor":7,"turns":6},{"damage":1,"enemies":"3 Sentries","floor":11,"turns":3},{"damage":7,"enemies":"Lagavulin","floor":14,"turns":5},{"damage":4,"enemies":"Fading Forest","floor":16,"turns":11},{"damage":25,"enemies":"3 Byrds","floor":18,"turns":5},{"damage":0,"enemies":"Spheric Guardian","floor":19,"turns":1},{"damage":0,"enemies":"Centurion and Healer","floor":20,"turns":2},{"damage":0,"enemies":"Book of Stabbing","floor":23,"turns":4},{"damage":0,"enemies":"Nightmare","floor":24,"turns":2}],"seed_played":"-662163078820556916","potions_obtained":[{"floor":2,"key":"blueLaboratory:PhilterOfMotion"},{"floor":11,"key":"blueLaboratory:SystemWipe"},{"floor":14,"key":"Regen Potion"},{"floor":18,"key":"SkillPotion"},{"floor":23,"key":"DuplicationPotion"}],"is_trial":true,"path_per_floor":["M","M","M","M","?","E","E","R","T","R","E","?","$","E","R","B",null,"M","M","M","AVR","?","E","NM"],"character_chosen":"DEFECT","items_purchased":["conspire:TreasureMap"],"campfire_rested":1,"item_purchase_floors":[13],"current_hp_per_floor":[74,69,69,59,59,48,28,50,50,50,49,46,46,41,41,64,72,49,51,55,55,55,59,61,61],"gold":227,"neow_bonus":"","is_daily":false,"chose_seed":false,"campfire_upgraded":2,"win_rate":0.0,"timestamp":1612002884,"path_taken":["M","M","M","M","?","E","E","R","T","R","E","?","$","E","R","BOSS","M","M","M","AVR","?","E","NM"],"items_purchased_type":["Relic"],"build_version":"2020-12-22","purchased_purges":2,"victory":false,"max_hp_per_floor":[75,75,75,75,75,75,75,75,75,75,75,75,75,75,75,75,75,75,75,75,75,75,75,75,75],"card_choices":[{"not_picked":["OSAHOGD","UniverseFragment"],"picked":"Scorched","floor":1},{"not_picked":["Barrage","conspire:SharedLibrary"],"picked":"Cold Snap","floor":1},{"not_picked":["Yin","WhitesApple","Wellcheers"],"picked":"Singing Bowl","floor":2},{"not_picked":["Sweeping Beam","Rebound"],"picked":"Lockon","floor":2},{"not_picked":["PunishingBird","DespairKnight","Freischutz"],"picked":"Singing Bowl","floor":3},{"not_picked":["DreamingCurrent","ShyLook"],"picked":"OldLady","floor":3},{"not_picked":["ReplayTheSpireMod:Repulse","conspire:SharedLibrary","Cold Snap"],"picked":"SKIP","floor":3},{"not_picked":["MeatLantern","ShyLook","HeroicMonk"],"picked":"Singing Bowl","floor":4},{"not_picked":["aspiration:Polymerization","Conserve Battery"],"picked":"StuffTheSpire:Coldhearted","floor":4},{"not_picked":["Bloodbath","MeatLantern","RedShoes"],"picked":"Singing Bowl","floor":6},{"not_picked":["ReplayTheSpireMod:Dual Polarity","Storm"],"picked":"StuffTheSpire:ForEach","floor":6},{"not_picked":["HeroicMonk","WallGazer","ShyLook"],"picked":"Singing Bowl","floor":7},{"not_picked":["Murderer","MeatLantern"],"picked":"UniverseFragment","floor":7},{"not_picked":["Cold Snap","Sunder","Rebound"],"picked":"SKIP","floor":7},{"not_picked":["CrumblingArmor","Alriune","PunishingBird"],"picked":"Singing Bowl","floor":11},{"not_picked":["CherryBlossoms","DreamingCurrent"],"picked":"OSAHOGD","floor":11},{"not_picked":["Sweeping Beam","Ball Lightning"],"picked":"Electrodynamics","floor":11},{"not_picked":["hubris:Prefetch","Electrodynamics"],"picked":"Buffer","floor":12},{"not_picked":["Bloodbath","SpiderBud","Scarecrow"],"picked":"Singing Bowl","floor":14},{"not_picked":["Redo","Leap"],"picked":"Glacier","floor":14},{"not_picked":["GreedKing","Yin","SingingMachine"],"picked":"Singing Bowl","floor":16},{"not_picked":["HeroicMonk","GreedKing","FairyFestival"],"picked":"Singing Bowl","floor":18},{"not_picked":["Stack","Compile Driver","StuffTheSpire:CleanHardDrive"],"picked":"SKIP","floor":18},{"not_picked":["CherryBlossoms","MeltingLove","QueenBee"],"picked":"Singing Bowl","floor":19},{"not_picked":["Chill+1","Conserve Battery"],"picked":"Undo","floor":19},{"not_picked":["Wellcheers","PunishingBird","Woodsman"],"picked":"Singing Bowl","floor":20},{"not_picked":["Rebound","Leap"],"picked":"Coolheaded","floor":20},{"not_picked":["VoidDream","Yin","Freischutz"],"picked":"Singing Bowl","floor":23},{"not_picked":["Undo","Leap"],"picked":"Biased Cognition","floor":23}],"player_experience":1906846,"relics_obtained":[{"floor":6,"key":"reliquary:PartyBalloon"},{"floor":7,"key":"hubris:BallOfYels"},{"floor":9,"key":"Pondfish Scales"},{"floor":11,"key":"reliquary:Stiletto"},{"floor":14,"key":"hubris:MobiusCoin"},{"floor":23,"key":"infinitespire:CheckeredPen"}],"event_choices":[{"damage_healed":0,"gold_gain":0,"player_choice":"Grow","damage_taken":0,"max_hp_gain":0,"max_hp_loss":0,"event_name":"Living Wall","floor":5,"gold_loss":0,"cards_upgraded":["Zap"]},{"damage_healed":0,"gold_gain":0,"player_choice":"Relic ","damage_taken":3,"max_hp_gain":0,"max_hp_loss":0,"event_name":"betterThird:BetterScrap","floor":12,"gold_loss":0,"cards_obtained":["Reckless Charge"]},{"damage_healed":0,"gold_gain":0,"player_choice":"Ignored","damage_taken":0,"max_hp_gain":0,"max_hp_loss":0,"event_name":"betterNote:BetterNote","floor":22,"gold_loss":0,"cards_obtained":["Strike_P"]}],"is_beta":false,"boss_relics":[{"not_picked":["hubris:HollowSoul","Replay:Ancient Bell"],"picked":"Snecko Eye"}],"items_purged_floors":[13,21],"is_endless":false,"potions_floor_spawned":[2,11,14,18,23],"killed_by":"Nightmare","ascension_level":5}}