{"host":"rn4c402gwd40h2z6","time":1612009530,"event":{"mods":["100% Spire Juice","A Penny For Your Troubles","AchievementEnabler","Act Like it!","Astrologer","BaseMod","CapriCore","Card Forge","Challenge The Spire","Chen","DNKmod","Data Control","Downfall","Friendly Minions","Gensokyo","Hallownest","Hermit","HumanHunterMod(怪物杀人mod)","Infinite Spire","KinomotoSakuraMod(木之本樱)","Koishi","LagranYue(拉格朗・月)","Lobotomy","LobotomyExtend","Mad Scientist","Marisa（F雨　魔理沙）","Minty Spire (QoL Compilation)","Quick Restart","Random Character Button","Reimu（博丽灵梦）","Relic Filter Mod","Remilia（蕾米莉亚）","Robot Space Explorer","RumiaBox-露米娅的神秘盒子","StSLib","Td1madao Mod","The Administrix","The Bug Knight","The Construct","The Cursed","The Gatherer","The Immortal","The Runesmith","The Saiyan","The Senshi","WarShipGirlsR/战舰少女R mod","Yakumo Yukari mod","Youmu（魂魄妖梦）","Yuyuko","[GremlinLeader]The Maniac","noobMod","【功能Mod】混沌之环修复补丁","【遗物卡牌】REMEMod"],"gold_per_floor":[115,125,143,154,165,165,198,198,224,224,240,254,287,287,287,358,358,372,372,372,383,383,383,410,426,451,482,482,497,528,528,528,597,597,617,617,617,627,645,675,417,417,417,327,369,369,165,175,175,175,175],"floor_reached":52,"language":"ZHS","playtime":4174,"items_purged":[],"score":1755,"play_id":"b6fe693f-5f98-44d6-8649-20fe5498fd90","local_time":"20210130202530","is_ascension_mode":true,"campfire_choices":[{"floor":6,"key":"REST"},{"floor":10,"key":"REST"},{"floor":15,"key":"REST"},{"floor":32,"key":"REST"},{"floor":42,"key":"REST"},{"floor":46,"key":"REST"},{"floor":49,"key":"REST"}],"circlet_count":0,"master_deck":["AscendersBane","Eruption+1","Vigilance+1","PathToVictory+1","CutThroughFate+1","AscendersBane","FearNoEvil+1","ReachHeaven+1","Evaluate+1","ThroughViolence+1","Devotion+1","ConjureBlade+1","SandsOfTime+1","infinitespire:Collect+1","Vault+1","EmptyMind+1","Bite+1","Bite+1","Bite+1","Bite+1","Bite+1","ConjureBlade+1","PathToVictory+1","Prostrate+1","Evaluate+1","Ragnarok+1","SignatureMove+1","Gensokyo:CustomPotion","Prostrate+1","Gensokyo:RedCapeBlueCape+1"],"relics":["PureWater","Hammer of Thor","Seething Fire","Anvil of the Gods","REME_ComplimentaryCards","ice","CogitoBucket","RabbitCall","AddBug","SecretRecord","Baka2","SecretRecord","SecretRecord","SecretRecord","SecretRecord","SecretRecord"],"acts_visited":["Hallownest:Greenpath","TheCity","Gensokyo:Gensokyoest"],"potions_floor_usage":[],"damage_taken":[{"damage":0,"enemies":"2_ Uuma","floor":1,"turns":4},{"damage":0,"enemies":"Hallownest:monsterHuskWarrior","floor":2,"turns":2},{"damage":10,"enemies":"Hallownest:2_MossCreeps","floor":3,"turns":2},{"damage":0,"enemies":"Hallownest:MossCreep_and_Mosskin","floor":4,"turns":4},{"damage":0,"enemies":"Hallownest:Guard_and_Warrior","floor":5,"turns":2},{"damage":0,"enemies":"Hallownest:eliteMossKnight","floor":7,"turns":2},{"damage":14,"enemies":"Hallownest:1_Ooma_and_2_Uuma","floor":11,"turns":3},{"damage":22,"enemies":"Hallownest:1_Baldur_1_Crawlid_1_Warrior","floor":12,"turns":3},{"damage":8,"enemies":"Hallownest:eliteVengeflyKing","floor":13,"turns":3},{"damage":8,"enemies":"Hallownest:BossFalseKnight","floor":16,"turns":5},{"damage":30,"enemies":"Chosen","floor":18,"turns":3},{"damage":40,"enemies":"2 Thieves","floor":21,"turns":4},{"damage":0,"enemies":"REME_1_Revenger","floor":24,"turns":1},{"damage":57,"enemies":"Chosen and Byrds","floor":25,"turns":5},{"damage":26,"enemies":"Nightmare","floor":27,"turns":3},{"damage":1,"enemies":"Cultist and Chosen","floor":29,"turns":2},{"damage":0,"enemies":"HollowMod:Nosk","floor":30,"turns":2},{"damage":0,"enemies":"Collector","floor":33,"turns":6},{"damage":0,"enemies":"Gensokyo:AncientGuardian","floor":35,"turns":2},{"damage":24,"enemies":"Gensokyo:3_Bats","floor":38,"turns":3},{"damage":17,"enemies":"Gensokyo:Dusk_and_Dawn","floor":39,"turns":2},{"damage":5,"enemies":"Gensokyo:Kasen","floor":40,"turns":2},{"damage":18,"enemies":"Gensokyo:Marisa","floor":45,"turns":3},{"damage":38,"enemies":"Gensokyo:Rafflesia","floor":48,"turns":3},{"damage":36,"enemies":"Gensokyo:Scarlet_Devils","floor":50,"turns":2}],"seed_played":"-6994533766792310451","potions_obtained":[],"is_trial":false,"path_per_floor":["M","M","M","M","M","R","E","?","T","R","M","M","E","?","R","B",null,"M","T","?","M","?","?","E","M","T","NM","?","M","E","?","R","B",null,"M","?","?","M","M","E","$","R","T","?","E","R","COS","M","R","B",null,null],"character_chosen":"WATCHER","items_purchased":["Ragnarok","SignatureMove"],"campfire_rested":7,"item_purchase_floors":[41,41],"current_hp_per_floor":[1000,1000,990,990,990,1000,1000,997,997,1007,993,971,969,969,1013,1005,1011,985,985,1013,973,973,723,723,666,666,640,640,639,639,639,709,709,709,709,709,709,705,692,696,696,709,709,709,709,709,709,671,709,673,673],"gold":175,"neow_bonus":"","is_daily":false,"chose_seed":false,"campfire_upgraded":0,"win_rate":0.0,"timestamp":1612009530,"path_taken":["M","?","M","M","M","R","E","?","T","R","M","M","E","?","R","BOSS","M","?","?","M","?","?","E","M","T","NM","?","?","E","?","R","BOSS","M","?","?","?","M","E","$","R","T","?","E","R","COS","M","R","BOSS"],"items_purchased_type":["Card","Card"],"build_version":"2020-12-22","purchased_purges":0,"victory":true,"max_hp_per_floor":[1000,1000,1000,1000,1000,1000,1000,1007,1007,1007,1007,1007,1013,1013,1013,1013,1013,1013,1013,1013,1013,1013,1013,1013,1013,1013,1013,1013,1013,1013,709,709,709,709,709,709,709,709,709,709,709,709,709,709,709,709,709,709,709,709,709],"card_choices":[{"not_picked":["Halt","ThirdEye"],"picked":"PathToVictory","floor":1},{"not_picked":["REME_CRH","ThirdEye"],"picked":"CutThroughFate","floor":2},{"not_picked":["Conclude","EmptyFist"],"picked":"FearNoEvil","floor":3},{"not_picked":["BattleHymn","Protect"],"picked":"ReachHeaven","floor":4},{"not_picked":["EmptyBody","JustLucky"],"picked":"Evaluate","floor":5},{"not_picked":["FlyingSleeves","Pray","FlurryOfBlows"],"picked":"SKIP","floor":7},{"not_picked":["REME_EmptyShield","Crescendo","ThirdEye"],"picked":"SKIP","floor":11},{"not_picked":["BowlingBash","FlyingSleeves"],"picked":"InnerPeace","floor":12},{"not_picked":["Evaluate","REME_Repentance"],"picked":"Devotion","floor":13},{"not_picked":["Omniscience","DevaForm"],"picked":"ConjureBlade","floor":16},{"not_picked":["EmptyBody","Evaluate"],"picked":"SandsOfTime","floor":18},{"not_picked":["EmptyFist+1","FearNoEvil","Establishment"],"picked":"SKIP","floor":21},{"not_picked":["infinitespire:Starlight","infinitespire:NeuralNetwork"],"picked":"infinitespire:Collect","floor":23},{"not_picked":["Indignation","ClearTheMind","FollowUp"],"picked":"SKIP","floor":24},{"not_picked":["FlyingSleeves","Fasting2","EmptyBody"],"picked":"SKIP","floor":25},{"not_picked":["ThirdEye+1","REME_Repentance"],"picked":"Vault","floor":27},{"not_picked":["Prostrate","Protect"],"picked":"EmptyMind","floor":29},{"not_picked":["FollowUp","REME_MusicOfDeath+1","Wireheading"],"picked":"SKIP","floor":30},{"not_picked":["DevaForm","Ragnarok"],"picked":"ConjureBlade","floor":33},{"not_picked":["ResearcherNoteRelic","BackwardClockRelic","FleshIdolRelic"],"picked":"Singing Bowl","floor":35},{"not_picked":["SashWhip","EmptyFist"],"picked":"PathToVictory","floor":35},{"not_picked":["FlurryOfBlows","REME_Repentance"],"picked":"Prostrate","floor":38},{"not_picked":["Perseverance","EmptyBody"],"picked":"Evaluate+1","floor":39},{"not_picked":["WreathOfFlame+1","EmptyBody","FlyingSleeves"],"picked":"SKIP","floor":40},{"not_picked":["ForeignInfluence","Conclude"],"picked":"Prostrate+1","floor":45},{"not_picked":["InnerPeace+1","Conclude+1","SignatureMove"],"picked":"SKIP","floor":48}],"player_experience":152082,"relics_obtained":[{"floor":1,"key":"AddBug"},{"floor":1,"key":"Baka"},{"floor":1,"key":"LetterFromLob"},{"floor":2,"key":"Baka2"},{"floor":2,"key":"LetterFromLob"},{"floor":3,"key":"LetterFromLob"},{"floor":4,"key":"SecretRecord"},{"floor":4,"key":"LetterFromLob"},{"floor":5,"key":"LetterFromLob"},{"floor":7,"key":"LetterFromLob"},{"floor":9,"key":"Potion Belt"},{"floor":11,"key":"SSSystem"},{"floor":11,"key":"LetterFromLob"},{"floor":12,"key":"LetterFromLob"},{"floor":13,"key":"Tiny Chest"},{"floor":13,"key":"LetterFromLob"},{"floor":16,"key":"SecretRecord"},{"floor":16,"key":"LetterFromLob"},{"floor":18,"key":"PlanX"},{"floor":18,"key":"LetterFromLob"},{"floor":18,"key":"RedMistMask"},{"floor":19,"key":"TungstenRod"},{"floor":21,"key":"LetterFromLob"},{"floor":24,"key":"Toy Ornithopter"},{"floor":24,"key":"LetterFromLob"},{"floor":25,"key":"SecretRecord"},{"floor":25,"key":"LetterFromLob"},{"floor":27,"key":"infinitespire:Bottled Soul"},{"floor":27,"key":"LetterFromLob"},{"floor":29,"key":"LetterFromLob"},{"floor":30,"key":"Boot"},{"floor":30,"key":"LetterFromLob"},{"floor":33,"key":"SecretRecord"},{"floor":33,"key":"LetterFromLob"},{"floor":35,"key":"AtMidnight"},{"floor":35,"key":"LetterFromLob"},{"floor":38,"key":"LetterFromLob"},{"floor":39,"key":"SecretRecord"},{"floor":39,"key":"LetterFromLob"},{"floor":40,"key":"Turnip"},{"floor":40,"key":"LetterFromLob"},{"floor":43,"key":"Molten Egg 2"},{"floor":45,"key":"Mango"},{"floor":45,"key":"LetterFromLob"},{"floor":48,"key":"LetterFromLob"}],"event_choices":[{"damage_healed":28,"gold_gain":0,"player_choice":"Full Heal","damage_taken":0,"max_hp_gain":0,"max_hp_loss":0,"event_name":"Wheel of Change","floor":20,"gold_loss":0},{"damage_healed":0,"gold_gain":0,"player_choice":"Smashed Altar","damage_taken":0,"max_hp_gain":0,"max_hp_loss":0,"event_name":"Forgotten Altar","floor":22,"gold_loss":0,"cards_obtained":["Decay"]},{"damage_healed":0,"gold_gain":0,"player_choice":"1 cards matched","damage_taken":0,"max_hp_gain":0,"max_hp_loss":0,"event_name":"Match and Keep!","floor":28,"gold_loss":0,"cards_obtained":["downfall:Icky"]},{"damage_healed":0,"gold_gain":0,"player_choice":"Became a vampire","damage_taken":0,"max_hp_gain":0,"max_hp_loss":304,"event_name":"Vampires","floor":31,"gold_loss":0,"cards_obtained":["Bite","Bite","Bite","Bite","Bite"]}],"is_beta":false,"boss_relics":[{"not_picked":["Empty Cage","Runic Dome"],"picked":"REME_LowDesire"},{"not_picked":["Coffee Dripper","SacredBark"],"picked":"REME_DuelDisc"}],"items_purged_floors":[],"is_endless":false,"potions_floor_spawned":[4,5,7,11,16,18,21,25,27,35,38,40],"ascension_level":20}}