{"host":"q6ff4ns2kep02ti6","time":1612003249,"event":{"mods":["AchievementEnabler","BaseMod","Minty Spire (QoL Compilation)","Relic Stats","StSLib","Unceasing Turn Reminder"],"gold_per_floor":[112,131,142,154,154,154,154,154,235,260,276,324,221,221,221],"floor_reached":14,"language":"ENG","playtime":619,"items_purged":["Strike_R"],"score":184,"play_id":"1726da8b-08fd-4bb5-b54b-ab9b543dd477","local_time":"20210130114049","is_ascension_mode":true,"campfire_choices":[{"data":"Armaments","floor":6,"key":"SMITH"},{"floor":8,"key":"REST"}],"circlet_count":0,"master_deck":["AscendersBane","Strike_R","Strike_R","Strike_R","Strike_R","Defend_R+1","Defend_R+1","Defend_R","Defend_R","Bash","Flex","Pummel","Sword Boomerang","Armaments+1","Inflame","Second Wind","Dark Embrace"],"relics":["Runic Pyramid","Golden Idol","CeramicFish"],"acts_visited":["Exordium"],"potions_floor_usage":[12,14],"damage_taken":[{"damage":7,"enemies":"2 Louse","floor":1,"turns":4},{"damage":7,"enemies":"Small Slimes","floor":2,"turns":3},{"damage":0,"enemies":"Cultist","floor":3,"turns":3},{"damage":10,"enemies":"3 Louse","floor":4,"turns":3},{"damage":7,"enemies":"Lots of Slimes","floor":10,"turns":5},{"damage":7,"enemies":"Large Slime","floor":11,"turns":5},{"damage":3,"enemies":"Gremlin Nob","floor":12,"turns":3},{"damage":30,"enemies":"3 Sentries","floor":14,"turns":5}],"seed_played":"3084963397613053209","potions_obtained":[{"floor":2,"key":"LiquidMemories"},{"floor":3,"key":"Weak Potion"},{"floor":12,"key":"AttackPotion"}],"is_trial":false,"path_per_floor":["M","M","M","M","?","R","?","R","T","M","M","E","$","E"],"character_chosen":"IRONCLAD","items_purchased":["Dark Embrace"],"campfire_rested":1,"item_purchase_floors":[13],"current_hp_per_floor":[61,54,54,44,21,21,21,41,41,34,27,24,24,0,0],"gold":221,"neow_bonus":"BOSS_RELIC","is_daily":false,"chose_seed":false,"campfire_upgraded":1,"win_rate":0.0,"timestamp":1612003249,"path_taken":["M","M","M","M","?","R","?","R","T","M","M","E","$","E"],"items_purchased_type":["Card"],"build_version":"2020-12-22","purchased_purges":1,"victory":false,"max_hp_per_floor":[75,75,75,75,75,75,68,68,68,68,68,68,68,68,68],"relic_stats":{"counters":[8,31],"Golden Idol":16,"CeramicFish":18,"obtain_stats":[{"Golden Idol":7,"CeramicFish":12,"Burning Blood":0,"Runic Pyramid":0},{"Golden Idol":4,"CeramicFish":7,"Burning Blood":0,"Runic Pyramid":0},{"Golden Idol":13,"CeramicFish":26,"Burning Blood":0,"Runic Pyramid":0}]},"card_choices":[{"not_picked":["Heavy Blade","Anger"],"picked":"Flex","floor":1},{"not_picked":["Clothesline","Flex"],"picked":"Pummel","floor":2},{"not_picked":["Warcry","Hemokinesis"],"picked":"Sword Boomerang","floor":3},{"not_picked":["Shrug It Off","Anger"],"picked":"Armaments","floor":4},{"not_picked":["Feel No Pain","Rupture"],"picked":"Inflame","floor":10},{"not_picked":["Anger","Cleave","Heavy Blade"],"picked":"SKIP","floor":11},{"not_picked":["Sever Soul","Thunderclap"],"picked":"Second Wind","floor":12}],"player_experience":1025046,"relics_obtained":[{"floor":12,"key":"CeramicFish"}],"event_choices":[{"damage_healed":0,"gold_gain":0,"player_choice":"Entered Light","damage_taken":23,"max_hp_gain":0,"max_hp_loss":0,"event_name":"Shining Light","floor":5,"gold_loss":0,"cards_upgraded":["Defend_R","Defend_R"]},{"damage_healed":0,"gold_gain":0,"player_choice":"Lose Max HP","damage_taken":0,"relics_obtained":["Golden Idol"],"max_hp_gain":0,"max_hp_loss":7,"event_name":"Golden Idol","floor":7,"gold_loss":0}],"is_beta":false,"boss_relics":[],"items_purged_floors":[13],"is_endless":false,"potions_floor_spawned":[2,3,10,11,12],"killed_by":"3 Sentries","ascension_level":20}}