{"host":"9viy3memdfgcf4vy","time":1612039271,"event":{"mods":["BaseMod","Colored Map","Downfall","Minty Spire (QoL Compilation)","StSLib"],"gold_per_floor":[99,115,115,135,210,210,210,220,239,251,251,266,301,301,313,411,411,311,331,331,331,331,343,343,377,390,406,421,221,231,231,243,243,243,243],"floor_reached":33,"language":"ENG","playtime":3125,"items_purged":["Pride"],"score":437,"play_id":"5d5e97b1-5d9f-4990-a61a-cb89f048b142","local_time":"20210130224111","is_ascension_mode":true,"campfire_choices":[{"data":"Slimebound:Split","floor":1,"key":"SMITH"},{"data":"Slimebound:GrowthPunch","floor":6,"key":"SMITH"},{"floor":11,"key":"RECALL"},{"data":"Slimebound:SplitBruiser","floor":18,"key":"SMITH"}],"circlet_count":0,"master_deck":["AscendersBane","Slimebound:Strike_Slimebound+1","Slimebound:Strike_Slimebound","Slimebound:Strike_Slimebound","Slimebound:Tackle","Slimebound:Defend_Slimebound","Slimebound:Defend_Slimebound","Slimebound:Defend_Slimebound+1","Slimebound:Defend_Slimebound","Slimebound:Split+1","Slimebound:CorrosiveSpit","Slimebound:MinionMaster+1","Slimebound:GrowthPunch+1","Slimebound:SplitBruiser+1","Slimebound:SplitAcid+1","Slimebound:SplitBruiser+1","Slimebound:HauntingLick+1","Slimebound:SamplingLick+1","Slimebound:SlimeSpikes+1","Slimebound:SplitLeeching+1","Slimebound:Darklings+1","Slimebound:SlimeSpikes+1","Slimebound:RejuvenatingLick+1","Slimebound:ServeAndProtect+1","Slimebound:SplitBruiser+1","Slimebound:AcidTongue+1","Slimebound:GoopSpray+1","Slimebound:Replication+1","Slimebound:ProtectTheBoss+1","Slimebound:PressTheAttack+1","downfall:Bewildered","Slimebound:LevelUp+1"],"relics":["Slimebound:AbsorbEndCombat","Toxic Egg 2","Frozen Egg 2","Mummified Hand","Coffee Dripper","downfall:HeartBlessingRed","Bag of Preparation","The Courier","Strawberry","sneckomod:BabySnecko"],"acts_visited":["Exordium","TheCity"],"potions_floor_usage":[16,16,25,26,32],"damage_taken":[{"damage":13,"enemies":"Small Slimes","floor":2,"turns":3},{"damage":0,"enemies":"Jaw Worm","floor":4,"turns":4},{"damage":1,"enemies":"Cultist","floor":8,"turns":3},{"damage":8,"enemies":"Gremlin Gang","floor":9,"turns":4},{"damage":13,"enemies":"Exordium Thugs","floor":10,"turns":4},{"damage":9,"enemies":"Red Slaver","floor":12,"turns":2},{"damage":10,"enemies":"3 Sentries","floor":13,"turns":6},{"damage":10,"enemies":"Exordium Wildlife","floor":15,"turns":3},{"damage":16,"enemies":"SI_SHIV_ARCHETYPE","floor":16,"turns":11},{"damage":0,"enemies":"Chosen","floor":19,"turns":3},{"damage":5,"enemies":"Centurion and Healer","floor":23,"turns":7},{"damage":10,"enemies":"Gremlin Leader","floor":25,"turns":8},{"damage":13,"enemies":"Snecko","floor":26,"turns":5},{"damage":3,"enemies":"Snake Plant","floor":27,"turns":3},{"damage":25,"enemies":"Cultist and Chosen","floor":28,"turns":6},{"damage":1,"enemies":"downfall:FleeingMerchant","floor":29,"turns":4},{"damage":11,"enemies":"3 Cultists","floor":30,"turns":5},{"damage":0,"enemies":"Shelled Parasite and Fungi","floor":32,"turns":5},{"damage":51,"enemies":"DF_ARCHETYPE_CLAW","floor":33,"turns":9}],"seed_played":"758180296229369793","potions_obtained":[{"floor":5,"key":"downfall:CursedFountainPotion"},{"floor":8,"key":"LiquidMemories"},{"floor":10,"key":"BlessingOfTheForge"},{"floor":19,"key":"Swift Potion"},{"floor":25,"key":"CultistPotion"},{"floor":26,"key":"Fruit Juice"}],"is_trial":false,"path_per_floor":["R","M","?","M","?","R","T","M","M","M","R","M","E","T","M","B",null,"R","M","T","?","?","M","T","E","M","M","M","$","M","?","M","B"],"character_chosen":"SLIMEBOUND","items_purchased":["Slimebound:Replication+1","Slimebound:ProtectTheBoss+1","Block Potion"],"campfire_rested":0,"item_purchase_floors":[29,29,29],"current_hp_per_floor":[59,50,50,56,56,56,56,59,55,42,42,37,29,29,23,15,53,53,55,55,55,55,58,58,63,61,60,43,46,39,39,45,0,0,0],"gold":243,"neow_bonus":"ONE_RANDOM_RARE_CARD","is_daily":false,"chose_seed":false,"campfire_upgraded":3,"win_rate":0.0,"timestamp":1612039271,"path_taken":["R","M","?","M","?","R","T","M","?","M","R","?","E","?","M","BOSS","R","M","?","?","?","M","T","E","M","M","M","$","M","?","M","BOSS"],"items_purchased_type":["Card","Card","Potion"],"build_version":"2020-12-22","purchased_purges":1,"victory":false,"max_hp_per_floor":[65,65,65,65,65,65,65,65,65,65,65,65,65,65,65,65,65,65,65,65,65,65,65,65,72,77,77,77,77,77,77,77,77,77,77],"card_choices":[{"not_picked":["Slimebound:Prepare","Slimebound:LeadByExample"],"picked":"Slimebound:GrowthPunch","floor":2},{"not_picked":["Slimebound:Prepare","Slimebound:BestDefense"],"picked":"Slimebound:SplitBruiser","floor":4},{"not_picked":["Slimebound:GoopTackle","Slimebound:LeechingTouch"],"picked":"Slimebound:SplitAcid+1","floor":8},{"not_picked":["Slimebound:SplitAcid+1","Slimebound:BestDefense"],"picked":"Slimebound:SplitBruiser+1","floor":9},{"not_picked":["Slimebound:Chomp","Slimebound:Gluttony"],"picked":"Slimebound:HauntingLick+1","floor":10},{"not_picked":["Slimebound:SplitAcid+1","Slimebound:LeechEnergy"],"picked":"Slimebound:SamplingLick+1","floor":12},{"not_picked":["Slimebound:LivingWall+1","Slimebound:SlimeSlap"],"picked":"Slimebound:SlimeSpikes+1","floor":13},{"not_picked":["Slimebound:Recollect+1","Slimebound:SlimeSpikes+1"],"picked":"Slimebound:SplitLeeching+1","floor":15},{"not_picked":["Slimebound:PrepareCrush+1","Slimebound:Teamwork+1"],"picked":"Slimebound:Darklings+1","floor":16},{"not_picked":["Slimebound:ViciousTackle","Slimebound:ItLooksTasty"],"picked":"Slimebound:SlimeSpikes+1","floor":19},{"not_picked":["Slimebound:BestDefense+1","Slimebound:SlimeSpikes+1","Slimebound:ItLooksTasty"],"picked":"SKIP","floor":23},{"not_picked":["Slimebound:TongueLash","Slimebound:SplitAcid+1"],"picked":"Slimebound:RejuvenatingLick+1","floor":25},{"not_picked":["Slimebound:Schlurp+1","Slimebound:RainOfGoop+1"],"picked":"Slimebound:ServeAndProtect+1","floor":26},{"not_picked":["Slimebound:ItLooksTasty","Slimebound:Nibble"],"picked":"Slimebound:SplitBruiser+1","floor":27},{"not_picked":["Slimebound:ItLooksTasty","Slimebound:Nibble"],"picked":"Slimebound:AcidTongue+1","floor":28},{"not_picked":["Slimebound:FlameTackle","Slimebound:SlimeSpikes+1"],"picked":"Slimebound:GoopSpray+1","floor":29},{"not_picked":["Slimebound:FinishingTackle","Slimebound:GoopSpray+1"],"picked":"Slimebound:PressTheAttack+1","floor":30},{"not_picked":["Slimebound:SplitBruiser+1","Slimebound:Prepare+1"],"picked":"Slimebound:LevelUp+1","floor":32}],"player_experience":432728,"relics_obtained":[{"floor":7,"key":"Toxic Egg 2"},{"floor":13,"key":"Frozen Egg 2"},{"floor":14,"key":"Mummified Hand"},{"floor":20,"key":"Bag of Preparation"},{"floor":25,"key":"Strawberry"}],"event_choices":[{"damage_healed":0,"gold_gain":0,"player_choice":"Stole Relic","damage_taken":0,"relics_obtained":["The Courier"],"max_hp_gain":0,"max_hp_loss":0,"event_name":"Addict","floor":22,"gold_loss":0,"cards_obtained":["Pride"]}],"is_beta":false,"boss_relics":[{"not_picked":["Runic Dome","Pandora\u0027s Box"],"picked":"Coffee Dripper"}],"items_purged_floors":[29],"is_endless":false,"potions_floor_spawned":[8,10,12,13,19,25,26,30],"killed_by":"DF_ARCHETYPE_CLAW","ascension_level":12}}