{"host":"x5w9zppki4gdwvc7","time":1612043989,"event":{"mods":["AchievementEnabler","BaseMod","Colored Powertips","DeckTracker","Minty Spire (QoL Compilation)","Relic Sorter","SuperFastMode"],"gold_per_floor":[110,110,127,137,8,8,23,23,77,77,96,96,113,141,141,241,241,255,155,155,174,190,190,190],"floor_reached":23,"language":"ENG","playtime":1341,"items_purged":["Strike_R","Strike_R"],"score":228,"play_id":"3ca132c9-13a3-44da-a85f-4bcc6d22ac1e","local_time":"20210130225949","is_ascension_mode":true,"campfire_choices":[{"data":"Body Slam","floor":6,"key":"SMITH"},{"data":"Shrug It Off","floor":8,"key":"SMITH"},{"data":"Shrug It Off","floor":10,"key":"SMITH"},{"data":"Flame Barrier","floor":15,"key":"SMITH"}],"circlet_count":0,"master_deck":["Strike_R","Strike_R","Strike_R","Defend_R+1","Defend_R","Defend_R","Defend_R+1","Bash","Clothesline","Body Slam+1","Shrug It Off+1","Feed","Iron Wave","Shrug It Off+1","Pommel Strike","Flame Barrier+1","Juggernaut","Decay","True Grit"],"relics":["Burning Blood","War Paint","Toy Ornithopter","Mark of Pain"],"acts_visited":["Exordium","TheCity"],"potions_floor_usage":[16,16,22,23,23,23],"damage_taken":[{"damage":3,"enemies":"Small Slimes","floor":1,"turns":3},{"damage":1,"enemies":"2 Louse","floor":3,"turns":3},{"damage":6,"enemies":"Cultist","floor":4,"turns":4},{"damage":3,"enemies":"2 Fungi Beasts","floor":7,"turns":7},{"damage":4,"enemies":"Blue Slaver","floor":11,"turns":4},{"damage":13,"enemies":"Exordium Wildlife","floor":13,"turns":4},{"damage":24,"enemies":"3 Sentries","floor":14,"turns":8},{"damage":10,"enemies":"Slime Boss","floor":16,"turns":7},{"damage":27,"enemies":"Chosen","floor":18,"turns":6},{"damage":10,"enemies":"Shell Parasite","floor":21,"turns":5},{"damage":23,"enemies":"Snake Plant","floor":22,"turns":6},{"damage":93,"enemies":"Gremlin Leader","floor":23,"turns":12}],"seed_played":"6254077723638368186","potions_obtained":[{"floor":3,"key":"ElixirPotion"},{"floor":4,"key":"PowerPotion"},{"floor":7,"key":"EntropicBrew"},{"floor":12,"key":"DuplicationPotion"},{"floor":18,"key":"SkillPotion"},{"floor":22,"key":"FearPotion"}],"is_trial":false,"path_per_floor":["M","?","M","M","$","R","M","R","T","R","M","?","M","E","R","B",null,"M","$","?","M","M","E"],"character_chosen":"IRONCLAD","items_purchased":["Iron Wave"],"campfire_rested":0,"item_purchase_floors":[5],"current_hp_per_floor":[80,73,78,78,78,78,83,83,83,83,86,86,82,67,67,76,95,74,74,74,73,61,0,0],"gold":190,"neow_bonus":"THREE_CARDS","is_daily":false,"chose_seed":false,"campfire_upgraded":4,"win_rate":0.0,"timestamp":1612043989,"path_taken":["M","?","M","M","$","R","M","R","T","R","M","?","?","E","R","BOSS","M","$","?","M","M","E"],"items_purchased_type":["Card"],"build_version":"2020-12-22","purchased_purges":2,"victory":false,"max_hp_per_floor":[80,80,80,80,80,80,83,83,83,83,86,86,89,92,92,95,95,95,95,95,98,98,98,98],"card_choices":[{"not_picked":["Reckless Charge","Sever Soul"],"picked":"Clothesline","floor":0},{"not_picked":["Headbutt","Armaments"],"picked":"Body Slam","floor":1},{"not_picked":["Blood for Blood","Sword Boomerang"],"picked":"Shrug It Off","floor":3},{"not_picked":["Body Slam","Sentinel"],"picked":"Feed","floor":4},{"not_picked":["Reckless Charge","Cleave"],"picked":"Shrug It Off","floor":7},{"not_picked":["Twin Strike","Sentinel"],"picked":"Pommel Strike","floor":11},{"not_picked":["Disarm","Wild Strike","Perfected Strike"],"picked":"SKIP","floor":13},{"not_picked":["Hemokinesis","Iron Wave"],"picked":"Flame Barrier","floor":14},{"not_picked":["Demon Form","Berserk"],"picked":"Juggernaut","floor":16},{"not_picked":["Pommel Strike","Armaments","Cleave+1"],"picked":"SKIP","floor":18},{"not_picked":["Wild Strike","Flex","Hemokinesis+1"],"picked":"SKIP","floor":21},{"not_picked":["Sword Boomerang+1","Wild Strike"],"picked":"True Grit","floor":22}],"player_experience":300390,"relics_obtained":[{"floor":14,"key":"Toy Ornithopter"}],"event_choices":[{"damage_healed":0,"gold_gain":0,"player_choice":"Success","damage_taken":7,"relics_obtained":["War Paint"],"max_hp_gain":0,"max_hp_loss":0,"event_name":"Scrap Ooze","floor":2,"gold_loss":0},{"damage_healed":0,"gold_gain":0,"player_choice":"Got Potions","damage_taken":0,"max_hp_gain":0,"max_hp_loss":0,"event_name":"Lab","floor":12,"gold_loss":0},{"damage_healed":0,"gold_gain":0,"player_choice":"Smashed Altar","damage_taken":0,"max_hp_gain":0,"max_hp_loss":0,"event_name":"Forgotten Altar","floor":20,"gold_loss":0,"cards_obtained":["Decay"]}],"is_beta":false,"boss_relics":[{"not_picked":["Runic Dome","Coffee Dripper"],"picked":"Mark of Pain"}],"items_purged_floors":[5,19],"is_endless":false,"potions_floor_spawned":[3,4,7,18,22],"killed_by":"Gremlin Leader","ascension_level":1}}