{"host":"zkayvxppza5j985o","time":1612004392,"event":{"mods":["AchievementEnabler","BaseMod","Better Vampires","Colored Map","Colored Powertips","Minty Spire (QoL Compilation)","StSLib"],"gold_per_floor":[119,142,153,163,178,207,217,237,306,323,323,323,323,333,333,429,429,445,445,456,475,475,475,93,93,93,122,142,42,57,57,57,57,57],"floor_reached":33,"language":"ZHS","playtime":1340,"items_purged":["Ghostly Armor+1","Defend_R"],"score":321,"play_id":"70225609-44db-49bd-9530-e3cb6ab0f544","local_time":"20210130185952","is_ascension_mode":false,"campfire_choices":[{"data":"Sword Boomerang","floor":11.0,"key":"SMITH"},{"data":"Feed","floor":13.0,"key":"SMITH"},{"data":"Clash","floor":15,"key":"SMITH"},{"data":"Bash","floor":23,"key":"SMITH"},{"data":"Clash","floor":32,"key":"SMITH"}],"circlet_count":0,"master_deck":["Strike_R","Strike_R","Strike_R","Strike_R","Strike_R","Defend_R","Defend_R","Defend_R","Bash+1","Clash+1","Clash+1","Clash","Shrug It Off+1","Sword Boomerang+1","Feed+1","Armaments+1","Clash","Ghostly+1","Ghostly+1","Ghostly+1","Ghostly+1","Ghostly+1","Thunderclap","J.A.X.+1"],"relics":["Black Blood","NeowsBlessing","Dream Catcher","Toxic Egg 2","InkBottle","Torii","Darkstone Periapt","Champion Belt"],"acts_visited":["Exordium","TheCity"],"potions_floor_usage":[16,21,21,21,27],"damage_taken":[{"damage":0.0,"enemies":"Cultist","floor":1.0,"turns":1.0},{"damage":0.0,"enemies":"Small Slimes","floor":3.0,"turns":1.0},{"damage":0.0,"enemies":"2 Louse","floor":4.0,"turns":1.0},{"damage":6.0,"enemies":"2 Fungi Beasts","floor":5.0,"turns":3.0},{"damage":26.0,"enemies":"3 Sentries","floor":6.0,"turns":12.0},{"damage":0.0,"enemies":"Large Slime","floor":7.0,"turns":7.0},{"damage":0.0,"enemies":"Exordium Thugs","floor":8.0,"turns":4.0},{"damage":0.0,"enemies":"Blue Slaver","floor":10.0,"turns":2.0},{"damage":0,"enemies":"Large Slime","floor":14,"turns":6},{"damage":53,"enemies":"The Guardian","floor":16,"turns":12},{"damage":2,"enemies":"Shell Parasite","floor":18,"turns":6},{"damage":23,"enemies":"Spheric Guardian","floor":20,"turns":6},{"damage":13,"enemies":"3 Cultists","floor":21,"turns":7},{"damage":14,"enemies":"Slavers","floor":27,"turns":9},{"damage":2,"enemies":"Shelled Parasite and Fungi","floor":28,"turns":8},{"damage":0,"enemies":"Snake Plant","floor":30,"turns":7},{"damage":66,"enemies":"Champ","floor":33,"turns":10}],"seed_played":"591701138364030999","potions_obtained":[{"floor":1.0,"key":"PowerPotion"},{"floor":3.0,"key":"Energy Potion"},{"floor":8.0,"key":"Fire Potion"},{"floor":14,"key":"Weak Potion"},{"floor":18,"key":"Weak Potion"},{"floor":21,"key":"Explosive Potion"}],"is_trial":false,"path_per_floor":["M","T","M","M","M","E","M","M","T","M","R","?","R","M","R","B",null,"M","?","M","M","?","R","$","?","T","E","M","$","M","?","R","B"],"character_chosen":"IRONCLAD","items_purchased":["Torii"],"campfire_rested":0,"item_purchase_floors":[24],"current_hp_per_floor":[80,80,80,80,80,60,66,72,72,78,78,78,78,84,84,41,88,92,74,67,70,52,52,52,52,52,54,60,60,64,64,64,0,0],"gold":57,"neow_bonus":"THREE_ENEMY_KILL","is_daily":false,"chose_seed":false,"campfire_upgraded":5,"win_rate":0.0,"timestamp":1612004392,"path_taken":["M","?","M","?","M","E","M","M","T","M","R","?","R","M","R","BOSS","M","?","M","M","?","R","$","?","T","E","M","$","M","?","R","BOSS"],"items_purchased_type":["Relic"],"build_version":"2020-12-22","purchased_purges":2,"victory":false,"max_hp_per_floor":[80,80,80,80,80,80,80,80,80,80,80,80,80,84,84,88,88,92,97,101,105,52,52,52,52,52,56,60,60,64,64,64,64,64],"card_choices":[{"not_picked":["Battle Trance","Burning Pact","Reckless Charge"],"picked":"SKIP","floor":1.0},{"not_picked":["Sever Soul","Anger"],"picked":"Clash","floor":3.0},{"not_picked":["Anger","Armaments"],"picked":"Clash","floor":4.0},{"not_picked":["Heavy Blade","Feed","Blood for Blood"],"picked":"SKIP","floor":5.0},{"not_picked":["Sword Boomerang","Flex+1"],"picked":"Clash","floor":6.0},{"not_picked":["Thunderclap","Combust"],"picked":"Shrug It Off+1","floor":7.0},{"not_picked":["Shrug It Off+1","Headbutt"],"picked":"Sword Boomerang","floor":8.0},{"not_picked":["Twin Strike","Heavy Blade"],"picked":"Ghostly Armor+1","floor":10.0},{"not_picked":["Clothesline","Flex+1","Body Slam"],"picked":"SKIP","floor":14},{"not_picked":["Metallicize","Rage+1"],"picked":"Armaments+1","floor":18},{"not_picked":["Metallicize","Dual Wield+1"],"picked":"Clash","floor":20},{"not_picked":["Sentinel+1","Ghostly Armor+1","Anger"],"picked":"SKIP","floor":21},{"not_picked":["Sentinel+1","Ghostly Armor+1","Anger"],"picked":"SKIP","floor":21},{"not_picked":["Perfected Strike+1","Wild Strike","Corruption"],"picked":"SKIP","floor":27},{"not_picked":["Shrug It Off+1","Flame Barrier+1","Dropkick+1"],"picked":"SKIP","floor":28},{"not_picked":["Warcry+1","Fire Breathing","Feel No Pain"],"picked":"SKIP","floor":30}],"player_experience":92611,"relics_obtained":[{"floor":2.0,"key":"Dream Catcher"},{"floor":6.0,"key":"Toxic Egg 2"},{"floor":9.0,"key":"InkBottle"},{"floor":26,"key":"Darkstone Periapt"},{"floor":27,"key":"Champion Belt"}],"event_choices":[{"damage_healed":0.0,"max_hp_gain":0.0,"max_hp_loss":0.0,"gold_gain":0.0,"event_name":"Match and Keep!","player_choice":"1 cards matched","floor":12.0,"gold_loss":0.0,"damage_taken":0.0,"cards_obtained":["Feed"]},{"damage_healed":0,"gold_gain":0,"player_choice":"Shed Blood","damage_taken":23,"max_hp_gain":5,"max_hp_loss":0,"event_name":"Forgotten Altar","floor":19,"gold_loss":0},{"damage_healed":0,"gold_gain":0,"player_choice":"Became a Ghost","damage_taken":0,"max_hp_gain":0,"max_hp_loss":53,"event_name":"Ghosts","floor":22,"gold_loss":0,"cards_obtained":["Ghostly","Ghostly","Ghostly","Ghostly","Ghostly"]},{"damage_healed":0,"gold_gain":0,"player_choice":"Read","damage_taken":0,"max_hp_gain":0,"max_hp_loss":0,"event_name":"The Library","floor":25,"gold_loss":0,"cards_obtained":["Thunderclap"]},{"damage_healed":0,"gold_gain":0,"player_choice":"Obtain J.A.X.","damage_taken":0,"max_hp_gain":0,"max_hp_loss":0,"event_name":"Drug Dealer","floor":31,"gold_loss":0,"cards_obtained":["J.A.X."]}],"is_beta":false,"boss_relics":[{"not_picked":["Sozu","Calling Bell"],"picked":"Black Blood"}],"items_purged_floors":[24,29],"is_endless":false,"potions_floor_spawned":[1,3,8,14,18,21],"killed_by":"Champ","ascension_level":0}}