{"host":"1mv6gj0zv8k9e9tz","time":1612021612,"event":{"mods":["AchievementEnabler","BaseMod","Better Third Choice","Colored Map","KOR Keyword Fix","Minty Spire (QoL Compilation)","Permanent Neow","Rare Cards Sparkle","StSLib"],"gold_per_floor":[112,37,37,37,2,2,2,36,88,103,116,139,158,174,174,294,294,314,327,426,426,441,441,441],"floor_reached":23,"language":"KOR","playtime":949,"items_purged":["Decay"],"score":309,"play_id":"037c29b1-9ae3-418f-a783-6a9b6ba45d2e","local_time":"20210131004652","is_ascension_mode":true,"campfire_choices":[{"data":"Zap","floor":6.0,"key":"SMITH"},{"data":"Echo Form","floor":15.0,"key":"SMITH"}],"circlet_count":0,"master_deck":["AscendersBane","Strike_B","Strike_B","Strike_B","Strike_B","Defend_B","Defend_B","Defend_B","Defend_B","Zap+1","Dualcast","Echo Form+1","Beam Cell","Apotheosis+1","Defragment","Capacitor","Hologram","Core Surge","Fission","CurseOfTheBell","Ball Lightning"],"relics":["Cracked Core","Golden Idol","Juzu Bracelet","Bronze Scales","Calling Bell","Toy Ornithopter","Matryoshka","Lizard Tail"],"acts_visited":["Exordium","TheCity"],"potions_floor_usage":[23,23],"damage_taken":[{"damage":12.0,"enemies":"Jaw Worm","floor":1.0,"turns":4.0},{"damage":17.0,"enemies":"Gremlin Nob","floor":8.0,"turns":4.0},{"damage":0.0,"enemies":"Small Slimes","floor":10.0,"turns":3.0},{"damage":2.0,"enemies":"2 Louse","floor":11.0,"turns":2.0},{"damage":12.0,"enemies":"Looter","floor":12.0,"turns":4.0},{"damage":7.0,"enemies":"3 Louse","floor":13.0,"turns":2.0},{"damage":0.0,"enemies":"Large Slime","floor":14.0,"turns":5.0},{"damage":2.0,"enemies":"Slime Boss","floor":16.0,"turns":8.0},{"damage":9.0,"enemies":"3 Byrds","floor":18.0,"turns":3.0},{"damage":32.0,"enemies":"Shell Parasite","floor":19.0,"turns":6.0},{"damage":40,"enemies":"Snecko","floor":22,"turns":6},{"damage":87,"enemies":"Slavers","floor":23,"turns":4}],"seed_played":"5263023554833143218","potions_obtained":[{"floor":10.0,"key":"SpeedPotion"},{"floor":11.0,"key":"Energy Potion"},{"floor":12.0,"key":"Block Potion"},{"floor":19.0,"key":"Ancient Potion"},{"floor":22,"key":"Regen Potion"}],"is_trial":false,"path_per_floor":["M","$","?","?","?","R","?","E","T","M","M","M","M","M","R","B",null,"M","M","?","?","M","E"],"character_chosen":"DEFECT","items_purchased":[],"campfire_rested":0,"item_purchase_floors":[],"current_hp_per_floor":[56,56,38,38,56,56,56,39,39,39,37,25,18,18,18,16,60,51,19,19,44,4,0,0],"gold":441,"neow_bonus":"THREE_RARE_CARDS","is_daily":false,"chose_seed":false,"campfire_upgraded":2,"win_rate":0.0,"timestamp":1612021612,"path_taken":["M","$","?","?","?","R","?","E","T","M","M","M","M","M","R","BOSS","M","M","?","?","M","E"],"items_purchased_type":[],"build_version":"2020-12-22","purchased_purges":1,"victory":false,"max_hp_per_floor":[75,75,75,75,75,75,75,75,75,75,75,75,75,75,75,75,75,75,75,75,75,75,75,75],"card_choices":[{"not_picked":["Amplify","Reboot"],"picked":"Echo Form","floor":0.0},{"not_picked":["Streamline","Auto Shields"],"picked":"Beam Cell","floor":1.0},{"not_picked":["Ball Lightning","Static Discharge"],"picked":"Defragment","floor":8.0},{"not_picked":["Doom and Gloom","Blizzard"],"picked":"Capacitor","floor":10.0},{"not_picked":["Redo","Streamline"],"picked":"Hologram","floor":11.0},{"not_picked":["Chaos","Turbo"],"picked":"Core Surge","floor":12.0},{"not_picked":["Darkness","Go for the Eyes","Leap"],"picked":"SKIP","floor":13.0},{"not_picked":["Steam","Gash","Storm"],"picked":"SKIP","floor":14.0},{"not_picked":["Multi-Cast","Rainbow"],"picked":"Fission","floor":16.0},{"not_picked":["Leap","Redo"],"picked":"Ball Lightning","floor":18.0},{"not_picked":["Skim","Undo","Turbo"],"picked":"SKIP","floor":19.0},{"not_picked":["Beam Cell+1","Leap","Hologram"],"picked":"SKIP","floor":22}],"player_experience":591202,"relics_obtained":[{"floor":8.0,"key":"Juzu Bracelet"},{"floor":9.0,"key":"Bronze Scales"},{"floor":17.0,"key":"Toy Ornithopter"},{"floor":17.0,"key":"Matryoshka"},{"floor":17.0,"key":"Lizard Tail"}],"event_choices":[{"damage_healed":0.0,"max_hp_gain":0.0,"max_hp_loss":0.0,"gold_gain":0.0,"event_name":"Golden Idol","player_choice":"Take Damage","floor":3.0,"gold_loss":0.0,"damage_taken":18.0,"relics_obtained":["Golden Idol"]},{"damage_healed":0.0,"max_hp_gain":0.0,"max_hp_loss":0.0,"gold_gain":0.0,"event_name":"betterThird:BetterScrap","player_choice":"LEAVE","floor":4.0,"gold_loss":0.0,"damage_taken":0.0,"cards_obtained":["Brilliance"]},{"damage_healed":18.0,"max_hp_gain":0.0,"max_hp_loss":0.0,"gold_gain":0.0,"event_name":"The Cleric","player_choice":"Healed","floor":5.0,"gold_loss":35.0,"damage_taken":0.0},{"damage_healed":56.0,"max_hp_gain":0.0,"max_hp_loss":75.0,"gold_gain":0.0,"event_name":"betterThird:BetterShining","player_choice":"Embrace","floor":7.0,"gold_loss":0.0,"damage_taken":0.0},{"damage_healed":0.0,"max_hp_gain":0.0,"max_hp_loss":0.0,"gold_gain":99.0,"event_name":"betterThird:BetterNest","player_choice":"Steal","floor":20.0,"gold_loss":0.0,"damage_taken":0.0},{"damage_healed":25,"gold_gain":0,"player_choice":"Heal","damage_taken":0,"max_hp_gain":0,"max_hp_loss":0,"event_name":"The Library","floor":21,"gold_loss":0}],"is_beta":false,"boss_relics":[{"not_picked":["Runic Pyramid","Pandora\u0027s Box"],"picked":"Calling Bell"}],"items_purged_floors":[2],"is_endless":false,"potions_floor_spawned":[10,11,12,19,22],"killed_by":"Slavers","ascension_level":12}}