{"host":"flash","time":1612015868,"event":{"mods":["ATMod(°¢èªMod)","Act Like it!","Aspiration","BaseMod","Minty Spire (QoL Compilation)","Shop Mod","StSLib","¡¾ÒÅÎï¿¨ÅÆ¡¿REMEMod"],"gold_per_floor":[116,130,144,144,154,182,182,213,213,213,66,85,115,65,65,165,165,180,200,214,214,124,124,151,151,175,209,61,61,92,112,112,209,209,227,237,50,50,68,68,98,98,98,114,114,114,145,162,162,162],"floor_reached":51,"language":"ZHS","playtime":3136,"items_purged":[],"score":1444,"play_id":"69461a51-d21f-4e71-99b8-7e884cda2fe0","local_time":"20210130221108","is_ascension_mode":true,"campfire_choices":[{"floor":7.0,"key":"REST"},{"data":"Buffer","floor":10.0,"key":"SMITH"},{"data":"Zap","floor":15.0,"key":"SMITH"},{"floor":23.0,"key":"REST"},{"data":"AT_StudyProgram","floor":25.0,"key":"SMITH"},{"floor":29.0,"key":"REST"},{"floor":32.0,"key":"REST"},{"data":"Double Energy","floor":40,"key":"SMITH"},{"data":"Turbo","floor":46,"key":"SMITH"},{"data":"Hologram","floor":49,"key":"SMITH"}],"circlet_count":0,"master_deck":["AscendersBane","Strike_B","Defend_B","Defend_B","Defend_B","Defend_B","Zap+1","Dualcast","AT_FamilyPortrait+1","Echo Form","REME_Whirling+1","Streamline","Turbo+1","Sweeping Beam","Buffer+1","Gash","Hologram+1","Scrape","Fission","AT_StudyProgram+1","AT_EMC2+1","Gash+1","REME_DataAnalysis","Double Energy+1","AT_DarkMatter+1","AT_HeatAcrobatics+1","All For One","CurseOfTheBell","Go for the Eyes+1","Apotheosis+1","Finesse+1","Stack+1"],"relics":["Cracked Core","AT_ATBox","REME_ComplimentaryCards","aspiration:Nostalgia","Ring of the Snake","AT_ChloranthyRing","Juzu Bracelet","Ornamental Fan","PreservedInsect","aspiration:SeaSaltIceCream","aspiration:Nostalgia","PureWater","Black Star","Gambling Chip","War Paint","aspiration:EnhancedActuators","aspiration:HiddenCompartment","Calipers","TheAbacus","Thread and Needle","aspiration:StickyExplosives_weak","Calling Bell","REME_HandOfSuture","Toxic Egg 2","aspiration:AnachronicSnailShell","InkBottle","Darkstone Periapt","AT_ForceNature","MealTicket","Lantern"],"acts_visited":["Exordium","TheCity","TheBeyond"],"potions_floor_usage":[50],"damage_taken":[{"damage":1.0,"enemies":"Cultist","floor":1.0,"turns":4.0},{"damage":9.0,"enemies":"Jaw Worm","floor":2.0,"turns":3.0},{"damage":5.0,"enemies":"Small Slimes","floor":3.0,"turns":3.0},{"damage":7.0,"enemies":"2 Fungi Beasts","floor":5.0,"turns":2.0},{"damage":18.0,"enemies":"Gremlin Nob","floor":6.0,"turns":3.0},{"damage":5.0,"enemies":"Lagavulin","floor":8.0,"turns":6.0},{"damage":3.0,"enemies":"Exordium Thugs","floor":12.0,"turns":4.0},{"damage":14.0,"enemies":"Gremlin Nob","floor":13.0,"turns":3.0},{"damage":18.0,"enemies":"Hexaghost","floor":16.0,"turns":7.0},{"damage":3.0,"enemies":"Chosen","floor":18.0,"turns":3.0},{"damage":0.0,"enemies":"3 Byrds","floor":19.0,"turns":4.0},{"damage":14.0,"enemies":"Centurion and Healer","floor":20.0,"turns":8.0},{"damage":0.0,"enemies":"Gremlin Leader","floor":24.0,"turns":4.0},{"damage":29.0,"enemies":"Slavers","floor":27.0,"turns":3.0},{"damage":23.0,"enemies":"REME_1_Revenger","floor":30.0,"turns":4.0},{"damage":0.0,"enemies":"3 Cultists","floor":31.0,"turns":4.0},{"damage":0.0,"enemies":"Automaton","floor":33.0,"turns":4.0},{"damage":1.0,"enemies":"3 Darklings","floor":35.0,"turns":2.0},{"damage":0.0,"enemies":"Orb Walker","floor":36.0,"turns":3.0},{"damage":5,"enemies":"4 Shapes","floor":39,"turns":5},{"damage":3,"enemies":"Nemesis","floor":41,"turns":5},{"damage":0,"enemies":"Spire Growth","floor":44,"turns":2},{"damage":0,"enemies":"Giant Head","floor":47,"turns":2},{"damage":0,"enemies":"Jaw Worm Horde","floor":48,"turns":2},{"damage":4,"enemies":"Awakened One","floor":50,"turns":6}],"seed_played":"6752349911730040410","potions_obtained":[{"floor":1.0,"key":"LiquidMemories"},{"floor":3.0,"key":"Energy Potion"},{"floor":6.0,"key":"CultistPotion"},{"floor":19.0,"key":"REME_GoldPotion"},{"floor":20.0,"key":"SneckoOil"},{"floor":27.0,"key":"SpeedPotion"},{"floor":39,"key":"ColorlessPotion"},{"floor":41,"key":"SkillPotion"}],"is_trial":false,"path_per_floor":["M","M","M","?","M","E","R","E","T","R","$","M","E","?","R","B",null,"M","M","M","?","?","R","E","R","T","E","$","R","E","M","R","B",null,"M","M","$","?","M","R","E","?","T","M","?","R","E","M","R","B",null],"character_chosen":"DEFECT","items_purchased":["PreservedInsect","TheAbacus","Apotheosis+1"],"campfire_rested":4,"item_purchase_floors":[11,28,37],"current_hp_per_floor":[67,58,53,53,46,28,50,45,45,45,45,42,28,28,28,10,59,56,56,42,28,28,52,52,52,52,23,23,47,24,24,48,48,72,71,71,71,71,66,66,63,63,63,63,63,63,63,63,63,59],"gold":162,"neow_bonus":"NOSTALGIA","is_daily":false,"chose_seed":false,"campfire_upgraded":6,"win_rate":0.0,"timestamp":1612015868,"path_taken":["M","?","M","?","M","E","R","E","T","R","$","M","E","?","R","BOSS","M","M","M","?","?","R","E","R","T","E","$","R","E","M","R","BOSS","M","M","$","?","M","R","E","?","T","M","?","R","E","M","R","BOSS"],"items_purchased_type":["Relic","Relic","Card"],"build_version":"2020-12-18","purchased_purges":0,"victory":true,"max_hp_per_floor":[75,75,75,75,75,75,75,75,75,75,75,75,75,75,75,75,75,75,75,75,80,80,80,80,80,80,80,80,80,80,80,80,80,80,80,80,80,80,80,80,80,80,80,80,80,80,80,80,80,80],"card_choices":[{"not_picked":["Redo","Leap"],"picked":"REME_Whirling","floor":1.0},{"not_picked":["Cold Snap","Compile Driver"],"picked":"Streamline","floor":2.0},{"not_picked":["Rip and Tear","Redo"],"picked":"Turbo","floor":3.0},{"not_picked":["Rebound","Reinforced Body"],"picked":"Sweeping Beam","floor":5.0},{"not_picked":["REME_SelfUpgrade","AT_RobotInSpace"],"picked":"Buffer","floor":6.0},{"not_picked":["Static Discharge","Stack"],"picked":"Gash","floor":8.0},{"not_picked":["Compile Driver","Stack"],"picked":"Hologram","floor":12.0},{"not_picked":["White Noise","Beam Cell"],"picked":"Scrape","floor":13.0},{"not_picked":["Electrodynamics","Echo Form"],"picked":"Fission","floor":16.0},{"not_picked":["Conserve Battery+1","Leap+1"],"picked":"AT_StudyProgram","floor":18.0},{"not_picked":["Go for the Eyes","Ball Lightning"],"picked":"AT_EMC2","floor":19.0},{"not_picked":["Multi-Cast","Redo+1"],"picked":"Gash+1","floor":20.0},{"not_picked":["Sweeping Beam","Thunder Strike"],"picked":"REME_DataAnalysis","floor":24.0},{"not_picked":["Conserve Battery","Leap"],"picked":"Double Energy","floor":27.0},{"not_picked":["Doom and Gloom","Sweeping Beam"],"picked":"AT_DarkMatter+1","floor":30.0},{"not_picked":["Cold Snap","Streamline"],"picked":"AT_HeatAcrobatics+1","floor":31.0},{"not_picked":["Core Surge","Meteor Strike"],"picked":"All For One","floor":33.0},{"not_picked":["Cold Snap+1","Chaos+1","Hologram+1"],"picked":"SKIP","floor":35.0},{"not_picked":["Coolheaded+1","Tempest+1"],"picked":"Go for the Eyes+1","floor":36.0},{"not_picked":["Turbo+1","Go for the Eyes","Redo+1"],"picked":"SKIP","floor":39},{"not_picked":["AT_WaterDrop","Leap+1","Lockon+1"],"picked":"SKIP","floor":41},{"not_picked":["Dramatic Entrance","AT_LightSaberMaster"],"picked":"Finesse+1","floor":42},{"not_picked":["REME_DataAnalysis+1","Capacitor","Turbo+1"],"picked":"SKIP","floor":44},{"not_picked":["Consume+1","Self Repair+1"],"picked":"Stack+1","floor":47},{"not_picked":["Go for the Eyes+1","Double Energy+1","Turbo+1"],"picked":"SKIP","floor":48}],"player_experience":670552,"relics_obtained":[{"floor":6.0,"key":"AT_ChloranthyRing"},{"floor":8.0,"key":"Juzu Bracelet"},{"floor":9.0,"key":"Ornamental Fan"},{"floor":13.0,"key":"aspiration:SeaSaltIceCream"},{"floor":24.0,"key":"Gambling Chip"},{"floor":24.0,"key":"War Paint"},{"floor":26.0,"key":"aspiration:EnhancedActuators"},{"floor":27.0,"key":"aspiration:HiddenCompartment"},{"floor":27.0,"key":"Calipers"},{"floor":30.0,"key":"Thread and Needle"},{"floor":30.0,"key":"aspiration:StickyExplosives_weak"},{"floor":34.0,"key":"REME_HandOfSuture"},{"floor":34.0,"key":"Toxic Egg 2"},{"floor":34.0,"key":"aspiration:AnachronicSnailShell"},{"floor":41,"key":"InkBottle"},{"floor":41,"key":"Darkstone Periapt"},{"floor":43,"key":"AT_ForceNature"},{"floor":47,"key":"MealTicket"},{"floor":47,"key":"Lantern"}],"event_choices":[{"damage_healed":0.0,"max_hp_gain":0.0,"max_hp_loss":0.0,"gold_gain":0.0,"event_name":"The Woman in Blue","player_choice":"Bought 0 Potions","floor":4.0,"gold_loss":0.0,"damage_taken":0.0},{"cards_removed":["Strike_B"],"damage_healed":0.0,"max_hp_gain":0.0,"max_hp_loss":0.0,"gold_gain":0.0,"event_name":"The Cleric","player_choice":"Card Removal","floor":14.0,"gold_loss":50.0,"damage_taken":0.0},{"damage_healed":0.0,"max_hp_gain":5.0,"max_hp_loss":0.0,"gold_gain":0.0,"event_name":"Forgotten Altar","player_choice":"Shed Blood","floor":21.0,"gold_loss":0.0,"damage_taken":19.0},{"cards_removed":["Strike_B"],"damage_healed":0.0,"max_hp_gain":0.0,"max_hp_loss":0.0,"gold_gain":0.0,"event_name":"Designer","player_choice":"Upgrade and Remove","floor":22.0,"gold_loss":90.0,"damage_taken":0.0,"cards_upgraded":["AT_EMC2"]},{"cards_removed":["Strike_B"],"damage_healed":0,"gold_gain":0,"player_choice":"Removed Attack","damage_taken":0,"max_hp_gain":0,"max_hp_loss":0,"event_name":"Falling","floor":38,"gold_loss":0},{"damage_healed":0,"gold_gain":0,"player_choice":"Memory 1","damage_taken":0,"max_hp_gain":0,"max_hp_loss":0,"event_name":"SensoryStone","floor":42,"gold_loss":0},{"damage_healed":0,"gold_gain":0,"player_choice":"Ignored","damage_taken":0,"max_hp_gain":0,"max_hp_loss":0,"event_name":"Tomb of Lord Red Mask","floor":45,"gold_loss":0}],"is_beta":true,"boss_relics":[{"not_picked":["Empty Cage","Cursed Key"],"picked":"Black Star"},{"not_picked":["Fusion Hammer","aspiration:SecretTechniqueScroll"],"picked":"Calling Bell"}],"items_purged_floors":[],"is_endless":false,"potions_floor_spawned":[1,3,6,19,20,27,39,41,47],"ascension_level":11}}