{"host":"vpaavrwbmey593fx","time":1612044093,"event":{"mods":["AchievementEnabler","BaseMod","Bestiary","Colored Map","Colored Powertips","DeckTracker","Minty Spire (QoL Compilation)","Relic Sorter"],"gold_per_floor":[113,127,144,114,124,149,168,168,194,219,219,236,236,250,250,353,353,366,366,329,329,109,124,150,184,184,184,217,217,46,80,80,181,181,199,0,0,0,12,12,46,59,111,145,158,189,206,219,219,219,219,219,39,68,68],"floor_reached":56,"language":"ENG","playtime":5356,"items_purged":["Writhe"],"score":1708,"play_id":"da92f9c3-992e-41e7-83b4-317afd68568c","local_time":"20210130140133","is_ascension_mode":true,"campfire_choices":[{"data":"Demon Form","floor":13.0,"key":"SMITH"},{"floor":15.0,"key":"REST"},{"data":"Whirlwind","floor":27.0,"key":"SMITH"},{"data":"Shrug It Off","floor":32,"key":"SMITH"},{"floor":40,"key":"RECALL"},{"data":"Limit Break","floor":49,"key":"SMITH"},{"data":"Battle Trance","floor":52,"key":"SMITH"}],"circlet_count":0,"master_deck":["Strike_R+1","Strike_R+1","Strike_R+1","Strike_R+1","Strike_R+1","Defend_R+1","Defend_R+1","Defend_R+1","Defend_R+1","Bash+1","True Grit+1","Perfected Strike+1","Battle Trance+1","Demon Form+1","Whirlwind+1","Limit Break+1","Shrug It Off+1","Disarm+1","Seeing Red","Metallicize","Entrench+1","Reaper","Shrug It Off+1","Barricade","Blind+1","Flame Barrier+1","Burning Pact+1","Impervious+1","Headbutt","Disarm+1","Burning Pact+1"],"relics":["Burning Blood","Shuriken","Tiny Chest","Velvet Choker","CaptainsWheel","Potion Belt","Bag of Preparation","Blood Vial","War Paint","Sling","PreservedInsect","Mercury Hourglass","Toxic Egg 2","Coffee Dripper","Red Mask","Mummified Hand","Omamori","Anchor","Akabeko","Strawberry"],"acts_visited":["Exordium","TheCity","TheBeyond","TheEnding"],"potions_floor_usage":[28,44,48,54,55,55,55,55,55,55,55,55,55,55,55,55,55,55,55,55,55,55,55,55,55,55],"damage_taken":[{"damage":12.0,"enemies":"2 Louse","floor":1.0,"turns":4.0},{"damage":3.0,"enemies":"Small Slimes","floor":2.0,"turns":4.0},{"damage":7.0,"enemies":"Jaw Worm","floor":3.0,"turns":5.0},{"damage":6.0,"enemies":"Looter","floor":4.0,"turns":4.0},{"damage":10.0,"enemies":"Blue Slaver","floor":5.0,"turns":4.0},{"damage":23.0,"enemies":"Lagavulin","floor":6.0,"turns":6.0},{"damage":13.0,"enemies":"Large Slime","floor":7.0,"turns":8.0},{"damage":8.0,"enemies":"Gremlin Nob","floor":10.0,"turns":3.0},{"damage":13.0,"enemies":"Exordium Thugs","floor":12.0,"turns":4.0},{"damage":7.0,"enemies":"Gremlin Gang","floor":14.0,"turns":5.0},{"damage":14.0,"enemies":"The Guardian","floor":16.0,"turns":7.0},{"damage":13.0,"enemies":"Shell Parasite","floor":18.0,"turns":4.0},{"damage":11.0,"enemies":"2 Thieves","floor":23.0,"turns":4.0},{"damage":6.0,"enemies":"Book of Stabbing","floor":25.0,"turns":5.0},{"damage":18,"enemies":"Slavers","floor":28,"turns":2},{"damage":7,"enemies":"Book of Stabbing","floor":31,"turns":4},{"damage":19,"enemies":"Champ","floor":33,"turns":9},{"damage":12,"enemies":"3 Darklings","floor":35,"turns":5},{"damage":3,"enemies":"Orb Walker","floor":39,"turns":5},{"damage":0,"enemies":"Giant Head","floor":41,"turns":8},{"damage":17,"enemies":"3 Darklings","floor":42,"turns":10},{"damage":11,"enemies":"Reptomancer","floor":44,"turns":3},{"damage":0,"enemies":"Spire Growth","floor":45,"turns":7},{"damage":13,"enemies":"Nemesis","floor":46,"turns":7},{"damage":0,"enemies":"Maw","floor":47,"turns":8},{"damage":5,"enemies":"Transient","floor":48,"turns":5},{"damage":0,"enemies":"Time Eater","floor":50,"turns":9},{"damage":10,"enemies":"Shield and Spear","floor":54,"turns":10},{"damage":23,"enemies":"The Heart","floor":55,"turns":9}],"seed_played":"-8995873152694807355","potions_obtained":[{"floor":2.0,"key":"GamblersBrew"},{"floor":5.0,"key":"BlessingOfTheForge"},{"floor":7.0,"key":"SkillPotion"},{"floor":12.0,"key":"FearPotion"},{"floor":16.0,"key":"SkillPotion"},{"floor":31,"key":"LiquidMemories"},{"floor":35,"key":"EntropicBrew"},{"floor":44,"key":"Fire Potion"},{"floor":46,"key":"EssenceOfSteel"},{"floor":47,"key":"Explosive Potion"}],"is_trial":false,"path_per_floor":["M","M","M","M","M","E","M","?","T","E","?","M","R","M","R","B",null,"M","?","$","?","$","M","T","E","T","R","E","?","$","E","R","B",null,"M","?","T","?","M","R","E","M","T","E","M","E","M","M","R","B",null,"R","$","E","B",null],"character_chosen":"IRONCLAD","items_purchased":["Disarm","Sling","Reaper","Shrug It Off+1","EntropicBrew","Disarm+1"],"campfire_rested":1,"item_purchase_floors":[20,22,30,30,53,53],"current_hp_per_floor":[66,69,68,68,64,47,40,40,40,38,31,26,26,27,51,45,71,66,66,66,66,66,63,63,65,65,65,55,55,55,65,65,54,74,78,78,78,78,80,80,80,80,80,75,80,80,80,80,80,80,80,80,80,87,87],"gold":68,"neow_bonus":"UPGRADE_CARD","is_daily":false,"chose_seed":false,"campfire_upgraded":5,"win_rate":0.0,"timestamp":1612044093,"path_taken":["M","M","M","M","M","E","M","?","T","E","?","M","R","M","R","BOSS","M","?","$","?","$","M","?","E","T","R","E","?","?","E","R","BOSS","M","?","?","?","?","R","E","M","T","E","M","E","?","M","R","BOSS","R","$","E","BOSS"],"items_purchased_type":["Card","Relic","Card","Card","Potion","Card"],"build_version":"2020-12-22","purchased_purges":1,"victory":true,"max_hp_per_floor":[80,80,80,80,80,80,80,80,80,80,80,80,80,80,80,80,80,80,80,80,80,80,80,80,80,80,80,80,80,80,80,80,80,80,80,80,80,80,80,80,80,80,80,80,80,80,80,80,80,80,80,80,80,87,87],"card_choices":[{"not_picked":["Havoc","Clash"],"picked":"True Grit","floor":1.0},{"not_picked":["Headbutt","Thunderclap"],"picked":"Perfected Strike","floor":2.0},{"not_picked":["Blood for Blood","Headbutt"],"picked":"Battle Trance","floor":3.0},{"not_picked":["Entrench","Ghostly Armor","Bloodletting"],"picked":"SKIP","floor":4.0},{"not_picked":["Havoc","Flex","Clash"],"picked":"SKIP","floor":5.0},{"not_picked":["Heavy Blade","Body Slam","Dropkick"],"picked":"SKIP","floor":6.0},{"not_picked":["Dual Wield","Dropkick","Armaments"],"picked":"SKIP","floor":7.0},{"not_picked":["Power Through","Clothesline"],"picked":"Demon Form","floor":10.0},{"not_picked":["Havoc","Sword Boomerang"],"picked":"Whirlwind","floor":12.0},{"not_picked":["Dropkick","Anger","Clash"],"picked":"SKIP","floor":14.0},{"not_picked":["Barricade","Juggernaut"],"picked":"Limit Break","floor":16.0},{"not_picked":["Flex","Thunderclap"],"picked":"Shrug It Off","floor":18.0},{"not_picked":["Hemokinesis","Reckless Charge"],"picked":"Seeing Red","floor":23.0},{"not_picked":["Cleave","Body Slam+1"],"picked":"Metallicize","floor":25.0},{"not_picked":["Clash+1","Dropkick"],"picked":"Entrench+1","floor":28},{"not_picked":["Corruption","Perfected Strike","Carnage"],"picked":"SKIP","floor":31},{"not_picked":["Reaper","Brutality"],"picked":"Barricade","floor":33},{"not_picked":["Cleave","Infernal Blade+1","Havoc+1"],"picked":"SKIP","floor":35},{"not_picked":["Madness+1","Enlightenment+1"],"picked":"Blind+1","floor":38},{"not_picked":["Clothesline","Twin Strike","Whirlwind+1"],"picked":"SKIP","floor":39},{"not_picked":["Seeing Red+1","Infernal Blade+1"],"picked":"Flame Barrier+1","floor":41},{"not_picked":["Warcry+1","Spot Weakness+1"],"picked":"Burning Pact+1","floor":42},{"not_picked":["Perfected Strike","Intimidate+1","Clash+1"],"picked":"SKIP","floor":44},{"not_picked":["Evolve+1","Armaments+1","Cleave"],"picked":"SKIP","floor":45},{"not_picked":["Perfected Strike","Armaments+1"],"picked":"Impervious+1","floor":46},{"not_picked":["Iron Wave+1","Clash+1"],"picked":"Headbutt","floor":47},{"not_picked":["Sentinel+1","Rampage+1","Pommel Strike"],"picked":"SKIP","floor":48},{"not_picked":["Immolate","Dark Embrace+1"],"picked":"Burning Pact+1","floor":54}],"player_experience":298140,"relics_obtained":[{"floor":6.0,"key":"CaptainsWheel"},{"floor":9.0,"key":"Potion Belt"},{"floor":10.0,"key":"Bag of Preparation"},{"floor":24.0,"key":"PreservedInsect"},{"floor":25.0,"key":"Mercury Hourglass"},{"floor":26.0,"key":"Toxic Egg 2"},{"floor":28,"key":"Tiny Chest"},{"floor":31,"key":"Shuriken"},{"floor":41,"key":"Mummified Hand"},{"floor":43,"key":"Omamori"},{"floor":44,"key":"Anchor"},{"floor":46,"key":"Akabeko"},{"floor":54,"key":"Strawberry"}],"event_choices":[{"damage_healed":0.0,"max_hp_gain":0.0,"max_hp_loss":0.0,"gold_gain":0.0,"event_name":"Living Wall","player_choice":"Grow","floor":8.0,"gold_loss":0.0,"damage_taken":0.0,"cards_upgraded":["Perfected Strike"]},{"damage_healed":0.0,"max_hp_gain":0.0,"max_hp_loss":0.0,"gold_gain":0.0,"event_name":"Scrap Ooze","player_choice":"Success","floor":11.0,"gold_loss":0.0,"damage_taken":7.0,"relics_obtained":["Blood Vial"]},{"damage_healed":0.0,"max_hp_gain":0.0,"max_hp_loss":0.0,"gold_gain":0.0,"event_name":"Back to Basics","player_choice":"Simplicity","floor":19.0,"gold_loss":0.0,"damage_taken":0.0,"cards_upgraded":["Strike_R","Strike_R","Strike_R","Strike_R","Strike_R","Defend_R","Defend_R","Defend_R","Defend_R"]},{"damage_healed":0.0,"max_hp_gain":0.0,"max_hp_loss":0.0,"gold_gain":0.0,"event_name":"The Mausoleum","player_choice":"Opened","floor":21.0,"gold_loss":0.0,"damage_taken":0.0,"relics_obtained":["War Paint"],"cards_obtained":["Writhe"]},{"damage_healed":0,"gold_gain":0,"player_choice":"Ignored","damage_taken":0,"max_hp_gain":0,"max_hp_loss":0,"event_name":"Vampires","floor":29,"gold_loss":0},{"damage_healed":0,"gold_gain":0,"player_choice":"Paid","damage_taken":0,"relics_obtained":["Red Mask"],"max_hp_gain":0,"max_hp_loss":0,"event_name":"Tomb of Lord Red Mask","floor":36,"gold_loss":199},{"damage_healed":0,"gold_gain":0,"player_choice":"Memory 1","damage_taken":0,"max_hp_gain":0,"max_hp_loss":0,"event_name":"SensoryStone","floor":38,"gold_loss":0}],"is_beta":false,"boss_relics":[{"not_picked":["Calling Bell","Astrolabe"],"picked":"Velvet Choker"},{"not_picked":["Empty Cage","Sozu"],"picked":"Coffee Dripper"}],"items_purged_floors":[22],"is_endless":false,"potions_floor_spawned":[2,5,7,12,16,31,35,44,46,47],"ascension_level":7}}