{"host":"kxya7qjdvg38mg2t","time":1612000666,"event":{"mods":["AchievementEnabler","BaseMod","Colored Powertips","Highlight Path","Minty Spire (QoL Compilation)","Rare Cards Sparkle","Replay The Spire","StSLib"],"gold_per_floor":[119,11,186,197,197,237,237,237,291,312,331,364,78,93,93,219,219,234,234,137,155,176,216,216,315,315,328,361,301,11,11,11,136,136,161,216,49,0,14,14,39,70,70,83,83,96,114,114,114,114],"floor_reached":51,"language":"ENG","playtime":9281,"items_purged":["Doubt","ReplayTheSpireMod:Splinters"],"score":775,"play_id":"a3ce7dab-e123-4ff5-9b8f-20d03c730db5","local_time":"20210130015746","is_ascension_mode":false,"campfire_choices":[{"floor":8.0,"key":"REST"},{"floor":15.0,"key":"REST"},{"floor":24.0,"key":"REST"},{"floor":32.0,"key":"REST"},{"floor":40,"key":"REST"},{"data":"Storm","floor":49,"key":"SMITH"}],"circlet_count":0,"master_deck":["Strike_B+1","Strike_B+1","Strike_B+1","Strike_B+1","Defend_B+1","Defend_B+1","Defend_B+1","Defend_B+1","Zap","Dualcast","Fusion","Storm+1","Storm","Cold Snap","Compile Driver","Leap","Thunder Strike+1","Force Field","Defragment","Buffer+1","Capacitor","BasicCrystalCard+1","Redo","Barrage","Self Repair","Turbo+1","Necronomicurse","ReplayTheSpireMod:GoodbyeWorld","Leap","Heatsinks","Reinforced Body+1","Stack","Auto Shields","ReplayTheSpireMod:GoodbyeWorld","Sunder","Time Bomb","Barrage+1","Defragment","Force Field","ReplayTheSpireMod:Omega Cannon","ReplaySort","Cold Snap","Turbo+1","Defragment","Tempest+1","Turbo+1","Aggregate+1","Panic Button","Cold Snap+1","Sweeping Beam+1","Compile Driver+1"],"relics":["Cracked Core","NeowsBlessing","Golden Idol","Bronze Scales","ReplayFunnel","Centennial Puzzle","Busted Crown","Prayer Wheel","Necronomicon","Potion Belt","Bottled Flame","Mercury Hourglass","Guide Book","Cursed Key","PreservedInsect","Red Mask","Replay:Baseball"],"acts_visited":["Exordium","TheCity","TheBeyond"],"potions_floor_usage":[50,50,50],"damage_taken":[{"damage":0.0,"enemies":"Small Slimes","floor":1.0,"turns":1.0},{"damage":0.0,"enemies":"Jaw Worm","floor":4.0,"turns":1.0},{"damage":0.0,"enemies":"Gremlin Nob","floor":6.0,"turns":1.0},{"damage":7.0,"enemies":"Cultist","floor":10.0,"turns":3.0},{"damage":15.0,"enemies":"Looter","floor":11.0,"turns":3.0},{"damage":28.0,"enemies":"Lagavulin","floor":12.0,"turns":7.0},{"damage":1.0,"enemies":"2 Fungi Beasts","floor":14.0,"turns":4.0},{"damage":16.0,"enemies":"Hexaghost","floor":16.0,"turns":7.0},{"damage":10.0,"enemies":"Shell Parasite","floor":18.0,"turns":5.0},{"damage":1.0,"enemies":"3 Byrds","floor":21.0,"turns":3.0},{"damage":5.0,"enemies":"Snake Plant","floor":22.0,"turns":5.0},{"damage":22.0,"enemies":"Gremlin Leader","floor":23.0,"turns":4.0},{"damage":11.0,"enemies":"3 Cultists","floor":27.0,"turns":3.0},{"damage":33.0,"enemies":"Slavers","floor":28.0,"turns":4.0},{"damage":7.0,"enemies":"Champ","floor":33.0,"turns":9.0},{"damage":11,"enemies":"3 Shapes","floor":35,"turns":3},{"damage":18,"enemies":"3 Darklings","floor":39,"turns":5},{"damage":4,"enemies":"Jaw Worm Horde","floor":41,"turns":2},{"damage":5,"enemies":"Nemesis","floor":42,"turns":5},{"damage":0,"enemies":"Maw","floor":44,"turns":6},{"damage":0,"enemies":"Sphere and 2 Shapes","floor":46,"turns":3},{"damage":0,"enemies":"Spire Growth","floor":47,"turns":6},{"damage":24,"enemies":"Time Eater","floor":50,"turns":10}],"seed_played":"-3605283914366612755","potions_obtained":[{"floor":1.0,"key":"SkillPotion"},{"floor":14.0,"key":"Reflective Coating"},{"floor":16.0,"key":"LifebloodPotion"},{"floor":27.0,"key":"Strength Potion"},{"floor":36,"key":"Weak Potion"},{"floor":36,"key":"DistilledChaos"},{"floor":42,"key":"Doom Potion"},{"floor":46,"key":"EssenceOfSteel"}],"is_trial":false,"path_per_floor":["M","$","?","M","?","E","?","R","T","M","M","E","$","M","R","B",null,"M","?","$","M","M","E","R","?","T","M","E","?","$","?","R","B",null,"M","?","$","?","M","R","M","E","T","M","?","M","M","?","R","B",null],"character_chosen":"DEFECT","items_purchased":["Storm","Cold Snap","Capacitor","BasicCrystalCard+1","Redo","Barrage","ReplayTheSpireMod:GoodbyeWorld","Leap","Defragment","Force Field","Guide Book","Defragment"],"campfire_rested":5,"item_purchase_floors":[2,2,13,13,13,13,20,20,30,30,30,37],"current_hp_per_floor":[75,75,75,75,57,57,57,75,75,68,53,25,25,24,46,37,75,65,49,49,48,43,28,50,50,50,39,13,13,13,13,35,35,75,71,71,71,71,60,75,71,73,73,75,75,75,75,75,75,51],"gold":114,"neow_bonus":"THREE_ENEMY_KILL","is_daily":false,"chose_seed":false,"campfire_upgraded":1,"win_rate":0.0,"timestamp":1612000666,"path_taken":["M","$","?","M","?","E","?","R","T","M","M","E","$","?","R","BOSS","M","?","$","M","M","E","R","?","T","M","E","?","?","?","R","BOSS","M","?","$","?","M","R","M","E","T","M","?","M","M","?","R","BOSS"],"items_purchased_type":["Card","Card","Card","Card","Card","Card","Card","Card","Card","Card","Relic","Card"],"build_version":"2020-12-22","purchased_purges":2,"victory":true,"max_hp_per_floor":[75,75,75,75,75,75,75,75,75,75,75,75,75,75,75,75,75,75,75,75,75,75,75,75,75,75,75,75,75,75,75,75,75,75,75,75,75,75,75,75,75,75,75,75,75,75,75,75,75,75],"card_choices":[{"not_picked":["ReplaySort","Hello World"],"picked":"Fusion","floor":1.0},{"not_picked":["Chaos","Melter"],"picked":"Compile Driver","floor":4.0},{"not_picked":["Reinforced Body","Stack"],"picked":"Leap","floor":6.0},{"not_picked":["Recycle","Fusion"],"picked":"Force Field","floor":10.0},{"not_picked":["ReplayTheSpireMod:Reroute Power","BasicCrystalCard"],"picked":"Defragment","floor":11.0},{"not_picked":["Hologram","Sweeping Beam"],"picked":"Buffer","floor":12.0},{"not_picked":["Genetic Algorithm","Double Energy"],"picked":"Self Repair","floor":14.0},{"not_picked":["Multi-Cast","All For One"],"picked":"ReplayTheSpireMod:Fabricate Wheel","floor":16.0},{"not_picked":[],"picked":"Turbo+1","floor":18.0},{"not_picked":[],"picked":"Rip and Tear+1","floor":18.0},{"not_picked":[],"picked":"Heatsinks","floor":21.0},{"not_picked":[],"picked":"Reinforced Body+1","floor":21.0},{"not_picked":[],"picked":"Stack","floor":22.0},{"not_picked":[],"picked":"Auto Shields","floor":22.0},{"not_picked":[],"picked":"ReplayTheSpireMod:GoodbyeWorld","floor":23.0},{"not_picked":[],"picked":"Sunder","floor":27.0},{"not_picked":[],"picked":"Time Bomb","floor":27.0},{"not_picked":[],"picked":"Barrage+1","floor":28.0},{"not_picked":[],"picked":"ReplayTheSpireMod:Omega Cannon","floor":33.0},{"not_picked":[],"picked":"ReplaySort","floor":35},{"not_picked":[],"picked":"Cold Snap","floor":35},{"not_picked":[],"picked":"Turbo+1","floor":36},{"not_picked":[],"picked":"Tempest+1","floor":39},{"not_picked":[],"picked":"Turbo+1","floor":39},{"not_picked":[],"picked":"Aggregate+1","floor":41},{"not_picked":["Go for the Eyes"],"picked":"SKIP","floor":41},{"not_picked":[],"picked":"Panic Button","floor":42},{"not_picked":[],"picked":"Cold Snap+1","floor":44},{"not_picked":["FTL+1"],"picked":"SKIP","floor":44},{"not_picked":[],"picked":"Sweeping Beam+1","floor":46},{"not_picked":[],"picked":"Compile Driver+1","floor":46},{"not_picked":["Gash"],"picked":"SKIP","floor":47},{"not_picked":["Hologram"],"picked":"SKIP","floor":47}],"player_experience":217605,"relics_obtained":[{"floor":6.0,"key":"Bronze Scales"},{"floor":9.0,"key":"ReplayFunnel"},{"floor":12.0,"key":"Centennial Puzzle"},{"floor":19.0,"key":"Necronomicon"},{"floor":23.0,"key":"Potion Belt"},{"floor":26.0,"key":"Bottled Flame"},{"floor":28.0,"key":"Mercury Hourglass"},{"floor":36,"key":"PreservedInsect"},{"floor":42,"key":"Replay:Baseball"}],"event_choices":[{"damage_healed":0.0,"max_hp_gain":0.0,"max_hp_loss":0.0,"gold_gain":175.0,"event_name":"Liars Game","player_choice":"AGREE","floor":3.0,"gold_loss":0.0,"damage_taken":0.0,"cards_obtained":["Doubt"]},{"damage_healed":0.0,"max_hp_gain":0.0,"max_hp_loss":0.0,"gold_gain":0.0,"event_name":"Golden Idol","player_choice":"Take Damage","floor":5.0,"gold_loss":0.0,"damage_taken":18.0,"relics_obtained":["Golden Idol"]},{"damage_healed":0.0,"max_hp_gain":0.0,"max_hp_loss":0.0,"gold_gain":0.0,"event_name":"Match and Keep!","player_choice":"1 cards matched","floor":7.0,"gold_loss":0.0,"damage_taken":0.0,"cards_obtained":["Thunder Strike"]},{"damage_healed":0.0,"max_hp_gain":0.0,"max_hp_loss":0.0,"gold_gain":0.0,"event_name":"Cursed Tome","player_choice":"Obtained Book","floor":19.0,"gold_loss":0.0,"damage_taken":16.0},{"damage_healed":0.0,"max_hp_gain":0.0,"max_hp_loss":0.0,"gold_gain":99.0,"event_name":"Nest","player_choice":"Stole From Cult","floor":25.0,"gold_loss":0.0,"damage_taken":0.0},{"damage_healed":0.0,"max_hp_gain":0.0,"max_hp_loss":0.0,"gold_gain":0.0,"event_name":"Back to Basics","player_choice":"Simplicity","floor":31.0,"gold_loss":0.0,"damage_taken":0.0,"cards_upgraded":["Strike_B","Strike_B","Strike_B","Strike_B","Defend_B","Defend_B","Defend_B","Defend_B"]},{"damage_healed":0,"gold_gain":0,"player_choice":"Paid","damage_taken":0,"relics_obtained":["Red Mask"],"max_hp_gain":0,"max_hp_loss":0,"event_name":"Tomb of Lord Red Mask","floor":38,"gold_loss":49},{"damage_healed":0,"gold_gain":0,"player_choice":"Memory 1","damage_taken":0,"max_hp_gain":0,"max_hp_loss":0,"event_name":"SensoryStone","floor":45,"gold_loss":0},{"cards_removed":["Rip and Tear"],"damage_healed":0,"gold_gain":0,"player_choice":"Offered Uncommon","damage_taken":0,"max_hp_gain":0,"max_hp_loss":0,"event_name":"Bonfire Elementals","floor":48,"gold_loss":0}],"is_beta":false,"boss_relics":[{"not_picked":["Astrolabe","Runic Dome"],"picked":"Busted Crown"},{"not_picked":["Pandora\u0027s Box","Coffee Dripper"],"picked":"Cursed Key"}],"items_purged_floors":[13,37],"is_endless":false,"potions_floor_spawned":[1,14,16,27,42,46],"ascension_level":0}}