{"host":"vyjryxuuuxkt43k4","time":1612030281,"event":{"mods":["AchievementEnabler","BaseMod","Colored Map","DeckTracker","Keyboard Shortcuts","Minty Spire (QoL Compilation)","Permanent Neow","Quick Restart","Rare Cards Sparkle","StSLib","SuperFastMode","everything is the same but u backflip on backflip"],"gold_per_floor":[110,120,136,136,86,86,113,123,177,212,212,236,236,255,255,360,360,370,108,108,128,128,128],"floor_reached":22,"language":"KOR","playtime":724,"items_purged":["Strike_P"],"score":296,"play_id":"cb5d5b73-a888-4eb6-be01-96b8cc670288","local_time":"20210131031121","is_ascension_mode":true,"campfire_choices":[{"floor":6.0,"key":"REST"},{"data":"TalkToTheHand","floor":11.0,"key":"SMITH"},{"data":"FlurryOfBlows","floor":13.0,"key":"SMITH"},{"floor":15.0,"key":"REST"}],"circlet_count":0,"master_deck":["Strike_P","Strike_P","Defend_P","Defend_P","Defend_P","Defend_P","Eruption+1","Vigilance+1","CurseOfTheBell","Indignation","BattleHymn+1","TalkToTheHand+1","FlurryOfBlows+1","MasterReality+1","ClearTheMind","Meditate"],"relics":["Calling Bell","Art of War","Frozen Egg 2","Calipers","The Courier","Oddly Smooth Stone","Bag of Preparation","Lantern","Snecko Eye","Medical Kit"],"acts_visited":["Exordium","TheCity"],"potions_floor_usage":[21,21,21,21,22],"damage_taken":[{"damage":7.0,"enemies":"Cultist","floor":1.0,"turns":6.0},{"damage":4.0,"enemies":"2 Louse","floor":2.0,"turns":2.0},{"damage":1.0,"enemies":"Jaw Worm","floor":3.0,"turns":5.0},{"damage":0.0,"enemies":"Lagavulin","floor":7.0,"turns":4.0},{"damage":2.0,"enemies":"Red Slaver","floor":8.0,"turns":2.0},{"damage":28.0,"enemies":"Gremlin Nob","floor":10.0,"turns":3.0},{"damage":18.0,"enemies":"2 Fungi Beasts","floor":14.0,"turns":2.0},{"damage":14.0,"enemies":"The Guardian","floor":16.0,"turns":7.0},{"damage":24,"enemies":"2 Thieves","floor":18,"turns":5},{"damage":28,"enemies":"3 Byrds","floor":21,"turns":7},{"damage":8,"enemies":"Snake Plant","floor":22,"turns":2}],"seed_played":"3818872456010304278","potions_obtained":[{"floor":2.0,"key":"DuplicationPotion"},{"floor":8.0,"key":"GamblersBrew"},{"floor":10.0,"key":"SkillPotion"}],"is_trial":false,"path_per_floor":["M","M","M","?","?","R","E","M","T","E","R","T","R","M","R","B",null,"M","$","?","M","M"],"character_chosen":"WATCHER","items_purchased":["Medical Kit","EntropicBrew"],"campfire_rested":2,"item_purchase_floors":[19,19],"current_hp_per_floor":[58,54,53,39,39,60,60,58,58,30,30,30,30,12,33,19,59,35,35,35,7,0,0],"gold":128,"neow_bonus":"BOSS_RELIC","is_daily":false,"chose_seed":false,"campfire_upgraded":2,"win_rate":0.0,"timestamp":1612030281,"path_taken":["M","M","M","?","?","R","E","M","T","E","R","?","R","M","R","BOSS","M","$","?","M","M"],"items_purchased_type":["Relic","Potion"],"build_version":"2020-12-22","purchased_purges":1,"victory":false,"max_hp_per_floor":[72,72,72,72,72,72,72,72,72,72,72,72,72,72,72,72,72,72,72,72,72,72,72],"card_choices":[{"not_picked":["CutThroughFate","Evaluate"],"picked":"Indignation","floor":1.0},{"not_picked":["PathToVictory","JustLucky","Prostrate"],"picked":"SKIP","floor":2.0},{"not_picked":["EmptyFist","PathToVictory"],"picked":"BattleHymn+1","floor":3.0},{"not_picked":["SpiritShield","Halt"],"picked":"TalkToTheHand","floor":7.0},{"not_picked":["Protect","BowlingBash","PathToVictory"],"picked":"SKIP","floor":8.0},{"not_picked":["ForeignInfluence","Prostrate"],"picked":"FlurryOfBlows","floor":10.0},{"not_picked":["PathToVictory","ForeignInfluence","BowlingBash"],"picked":"SKIP","floor":14.0},{"not_picked":["Omniscience","Devotion+1"],"picked":"MasterReality+1","floor":16.0},{"not_picked":["PathToVictory","Consecrate"],"picked":"ClearTheMind","floor":18},{"not_picked":["EmptyBody","Evaluate"],"picked":"Meditate","floor":21}],"player_experience":532689,"relics_obtained":[{"floor":0.0,"key":"Art of War"},{"floor":0.0,"key":"Frozen Egg 2"},{"floor":0.0,"key":"Calipers"},{"floor":7.0,"key":"The Courier"},{"floor":9.0,"key":"Oddly Smooth Stone"},{"floor":10.0,"key":"Bag of Preparation"},{"floor":12.0,"key":"Lantern"}],"event_choices":[{"damage_healed":0.0,"max_hp_gain":0.0,"max_hp_loss":0.0,"gold_gain":0.0,"event_name":"Shining Light","player_choice":"Entered Light","floor":4.0,"gold_loss":0.0,"damage_taken":14.0,"cards_upgraded":["Vigilance","Eruption"]},{"cards_removed":["Strike_P"],"damage_healed":0.0,"max_hp_gain":0.0,"max_hp_loss":0.0,"gold_gain":0.0,"event_name":"The Cleric","player_choice":"Card Removal","floor":5.0,"gold_loss":50.0,"damage_taken":0.0},{"damage_healed":0,"gold_gain":0,"player_choice":"Ignored","damage_taken":0,"max_hp_gain":0,"max_hp_loss":0,"event_name":"Vampires","floor":20,"gold_loss":0}],"is_beta":false,"boss_relics":[{"not_picked":["Busted Crown","Runic Dome"],"picked":"Snecko Eye"}],"items_purged_floors":[19],"is_endless":false,"potions_floor_spawned":[2,8,10],"killed_by":"Snake Plant","ascension_level":7}}