{"host":"oehe2dxjvdgux73m","time":1612006717,"event":{"mods":["AchievementEnabler","BaseMod","Colored Map","Colored Powertips","DeckTracker","Keyboard Shortcuts","Minty Spire (QoL Compilation)","Permanent Neow","Quick Restart","StSLib","SuperFastMode"],"gold_per_floor":[111,128,128,144,163,191,191,211,211,211,1,21,36,48,48,122,122,142,161,86,99,117,117,117,117],"floor_reached":24,"language":"KOR","playtime":891,"items_purged":["Strike_G"],"score":408,"play_id":"e1eee7af-d269-4505-9dae-9d06d35a7069","local_time":"20210130203837","is_ascension_mode":true,"campfire_choices":[{"floor":7.0,"key":"REST"},{"floor":10.0,"key":"REST"},{"data":"Neutralize","floor":15.0,"key":"SMITH"},{"data":"Wraith Form v2","floor":23.0,"key":"SMITH"}],"circlet_count":0,"master_deck":["AscendersBane","Strike_G","Strike_G","Strike_G","Defend_G","Defend_G","Defend_G","Defend_G","Defend_G","Survivor","Neutralize+1","Doppelganger","Slice","Bouncing Flask","Crippling Poison","PiercingWail","Sadistic Nature","Backflip","Wraith Form v2+1","Backflip","Noxious Fumes"],"relics":["Ring of the Snake","Pantograph","HornCleat","Coffee Dripper"],"acts_visited":["Exordium","TheCity"],"potions_floor_usage":[],"damage_taken":[{"damage":4.0,"enemies":"Jaw Worm","floor":1.0,"turns":6.0},{"damage":5.0,"enemies":"Cultist","floor":2.0,"turns":5.0},{"damage":1.0,"enemies":"2 Louse","floor":4.0,"turns":3.0},{"damage":6.0,"enemies":"Exordium Thugs","floor":5.0,"turns":7.0},{"damage":35.0,"enemies":"3 Sentries","floor":6.0,"turns":10.0},{"damage":16.0,"enemies":"3 Louse","floor":8.0,"turns":4.0},{"damage":6.0,"enemies":"Exordium Wildlife","floor":12.0,"turns":4.0},{"damage":0.0,"enemies":"Exordium Thugs","floor":13.0,"turns":4.0},{"damage":8.0,"enemies":"Large Slime","floor":14.0,"turns":4.0},{"damage":2.0,"enemies":"The Guardian","floor":16.0,"turns":6.0},{"damage":5.0,"enemies":"Chosen","floor":18.0,"turns":6.0},{"damage":0.0,"enemies":"3 Byrds","floor":19.0,"turns":6.0},{"damage":24.0,"enemies":"Sentry and Sphere","floor":21.0,"turns":7.0},{"damage":5.0,"enemies":"3 Cultists","floor":22.0,"turns":4.0},{"damage":9,"enemies":"Book of Stabbing","floor":24,"turns":2}],"seed_played":"2838026915643817924","potions_obtained":[{"floor":2.0,"key":"Block Potion"},{"floor":12.0,"key":"Poison Potion"},{"floor":13.0,"key":"Poison Potion"},{"floor":19.0,"key":"SkillPotion"}],"is_trial":false,"path_per_floor":["M","M","?","M","M","E","R","M","T","R","$","M","M","M","R","B",null,"M","M","$","M","M","R","E"],"character_chosen":"THE_SILENT","items_purchased":["Sadistic Nature"],"campfire_rested":2,"item_purchase_floors":[11],"current_hp_per_floor":[55,50,50,49,43,8,27,11,11,30,30,24,24,16,16,39,59,54,54,54,30,25,25,16,16],"gold":117,"neow_bonus":"ONE_RANDOM_RARE_CARD","is_daily":false,"chose_seed":false,"campfire_upgraded":2,"win_rate":0.0,"timestamp":1612006717,"path_taken":["M","M","?","M","M","E","R","M","T","R","$","M","M","?","R","BOSS","M","?","?","M","M","R","E"],"items_purchased_type":["Card"],"build_version":"2020-12-22","purchased_purges":1,"victory":false,"max_hp_per_floor":[66,66,66,66,66,66,66,66,66,66,66,66,66,66,66,66,66,66,66,66,66,66,66,66,66],"card_choices":[{"not_picked":["Poisoned Stab","Reflex"],"picked":"Slice","floor":1.0},{"not_picked":["Slice","Infinite Blades"],"picked":"Bouncing Flask","floor":2.0},{"not_picked":["Doppelganger","Dagger Throw"],"picked":"Crippling Poison","floor":4.0},{"not_picked":["Quick Slash","Distraction","Slice"],"picked":"SKIP","floor":5.0},{"not_picked":["Accuracy","Quick Slash","Doppelganger"],"picked":"SKIP","floor":6.0},{"not_picked":["Sucker Punch","Acrobatics"],"picked":"PiercingWail","floor":8.0},{"not_picked":["Prepared","Infinite Blades","Blade Dance"],"picked":"SKIP","floor":12.0},{"not_picked":["Quick Slash","Slice"],"picked":"Backflip","floor":13.0},{"not_picked":["Crippling Poison","Acrobatics","Deflect"],"picked":"SKIP","floor":14.0},{"not_picked":["Venomology","Corpse Explosion"],"picked":"Wraith Form v2","floor":16.0},{"not_picked":["All Out Attack","Sucker Punch+1"],"picked":"Backflip","floor":18.0},{"not_picked":["Dagger Spray","Backflip","Backstab"],"picked":"SKIP","floor":19.0},{"not_picked":["Bane","Eviscerate"],"picked":"Noxious Fumes","floor":21.0},{"not_picked":["Slice","Riddle With Holes","Infinite Blades"],"picked":"SKIP","floor":22.0}],"player_experience":331456,"relics_obtained":[{"floor":6.0,"key":"Pantograph"},{"floor":9.0,"key":"HornCleat"}],"event_choices":[{"cards_removed":["Strike_G"],"damage_healed":0.0,"max_hp_gain":0.0,"max_hp_loss":0.0,"gold_gain":0.0,"event_name":"Purifier","player_choice":"Purged","floor":3.0,"gold_loss":0.0,"damage_taken":0.0}],"is_beta":false,"boss_relics":[{"not_picked":["Ring of the Serpent","Fusion Hammer"],"picked":"Coffee Dripper"}],"items_purged_floors":[20],"is_endless":false,"potions_floor_spawned":[2,12,13,14,19],"killed_by":"Book of Stabbing","ascension_level":20}}