{"host":"nia1zwr35jsu5y7h","time":1612000145,"event":{"mods":["2.2 Compatiblity","Abigail Mod","Bard","BaseMod","Colored Map","Conspire","Downfall","Friendly Minions","Hermit","Highlight Path","Hubris","Infinite Spire","Kiyohime????","Koishi","Marisa????????","Minty Spire (QoL Compilation)","Quick Restart","Replay The Spire","Shade Mod","Shop Mod","StSLib","The Administrix","The Animator","The Construct","The Cursed","The Disciple","The Mystic","The Necromancer","The Servant 0.9.4"],"gold_per_floor":[119,119,10,10,10,44,44,44,67,94,126,176,192,203,203,298,298,312,11,46,46,64,64,64],"floor_reached":23,"language":"ENG","playtime":19269,"items_purged":["animator:Strike","Delirium"],"score":252,"play_id":"f497d17b-cf1a-4af9-800a-10e9d28a667e","local_time":"20210130014905","is_ascension_mode":true,"campfire_choices":[{"data":"animator:Saber","floor":7,"key":"SMITH"},{"data":"animator:Elesis","floor":15,"key":"SMITH"}],"circlet_count":0,"master_deck":["animator:Strike_MadokaMagica","animator:Defend_MadokaMagica","animator:Strike","animator:Defend","animator:Defend","animator:Defend","animator:YuiTsuruno","hermit:Strike_Hermit","animator:Strike_FullmetalAlchemist","animator:Elesis+1","animator:YunYun","animator:Laby","animator:Saber+1","animator:FielNirvalen","animator:EmiyaShirou","animator:Guy","SwitchConfidence","animator:Hans+1","animator:Rena+1","animator:EmiyaShirou+1","animator:PandorasActor","animator:Chung"],"relics":["animator:LivingPicture","animator:TheMissingPiece","animator:PurgingStone","hubris:BundleOfHerbs","FaceOfCleric","Toy Ornithopter","Dream Catcher","hubris:SlimyHat","Ring of Greed","Golden Egg","Membership Card","Ring of Searing","Painkiller Herb","Lee\u0027s Waffle","construct:RocketBooster","Happy Flower"],"acts_visited":["Exordium","TheCity"],"potions_floor_usage":[14,20],"damage_taken":[{"damage":0,"enemies":"Small Slimes","floor":1,"turns":4},{"damage":22,"enemies":"3 Sentries","floor":6,"turns":6},{"damage":1,"enemies":"Cultist","floor":10,"turns":3},{"damage":32,"enemies":"Lagavulin","floor":11,"turns":6},{"damage":6,"enemies":"Jaw Worm","floor":13,"turns":4},{"damage":8,"enemies":"Blue Slaver","floor":14,"turns":4},{"damage":37,"enemies":"Hexaghost","floor":16,"turns":10},{"damage":32,"enemies":"2 Thieves","floor":18,"turns":5},{"damage":72,"enemies":"conspire:MimicChest","floor":20,"turns":6},{"damage":0,"enemies":"conspire:FuzzyDice","floor":22,"turns":6},{"damage":0,"enemies":"Gremlin Leader","floor":23,"turns":2}],"seed_played":"-3221237110881188312","potions_obtained":[{"floor":1,"key":"Swift Potion"},{"floor":10,"key":"LiquidBronze"},{"floor":11,"key":"Strength Potion"},{"floor":18,"key":"Swift Potion"},{"floor":20,"key":"Reflective Coating"}],"is_trial":false,"path_per_floor":["M","?","$","$","?","E","R","$","T","M","E","?","M","M","R","B",null,"?","T","?","?","?","E"],"character_chosen":"THE_ANIMATOR","items_purchased":["animator:Laby","Lee\u0027s Waffle","animator:Rena","construct:RocketBooster"],"campfire_rested":0,"item_purchase_floors":[3,19,19,19],"current_hp_per_floor":[66,66,66,66,66,45,45,45,45,45,14,14,9,7,7,43,72,41,80,14,14,15,15,15],"gold":64,"neow_bonus":"THREE_RARE_CARDS","is_daily":false,"chose_seed":false,"campfire_upgraded":2,"win_rate":0.0,"timestamp":1612000145,"path_taken":["M","?","?","$","?","E","R","$","T","?","E","?","M","M","R","BOSS","?","T","?","?","?","E"],"items_purchased_type":["Card","Relic","Card","Relic"],"build_version":"2020-12-22","purchased_purges":2,"victory":false,"max_hp_per_floor":[66,66,66,66,66,67,67,67,67,68,69,69,70,71,71,72,72,73,80,81,81,82,82,82],"card_choices":[{"not_picked":["animator:Hans","animator:Wiz"],"picked":"animator:Elesis","floor":0},{"not_picked":["animator:DolaRiku","animator:Cocytus"],"picked":"animator:YunYun","floor":1},{"not_picked":["animator:YuiTsuruno","animator:IrohaTamaki"],"picked":"animator:Saber","floor":6},{"not_picked":["animator:Scar","animator:Archer"],"picked":"animator:FielNirvalen","floor":10},{"not_picked":["animator:ShinjiMatou","animator:Berserker"],"picked":"animator:EmiyaShirou","floor":11},{"not_picked":["animator:Lu","animator:ElricAlphonse"],"picked":"animator:Guy","floor":13},{"not_picked":["animator:SuzuneAmano","animator:Layla","animator:Hakurou"],"picked":"SKIP","floor":14},{"not_picked":["animator:Father","animator:AcuraShin"],"picked":"animator:Hans","floor":16},{"not_picked":["animator:MamiTomoe","animator:IrohaTamaki","animator:Viivi+1"],"picked":"SKIP","floor":18},{"not_picked":["animator:AcuraTooru","animator:Evileye"],"picked":"animator:EmiyaShirou+1","floor":20},{"not_picked":["animator:Raven","animator:Aisha"],"picked":"animator:Chung","floor":22}],"player_experience":2277165,"relics_obtained":[{"floor":6,"key":"Toy Ornithopter"},{"floor":9,"key":"Dream Catcher"},{"floor":11,"key":"hubris:SlimyHat"},{"floor":12,"key":"Ring of Greed"},{"floor":12,"key":"Golden Egg"},{"floor":12,"key":"Membership Card"},{"floor":12,"key":"Ring of Searing"},{"floor":20,"key":"Happy Flower"}],"event_choices":[{"cards_removed":["animator:IrohaTamaki"],"damage_healed":0,"gold_gain":0,"player_choice":"Gave Card","damage_taken":0,"relics_obtained":["hubris:BundleOfHerbs"],"max_hp_gain":0,"max_hp_loss":0,"event_name":"WeMeetAgain","floor":2,"gold_loss":0},{"damage_healed":0,"gold_gain":0,"player_choice":"Trade","damage_taken":0,"relics_obtained":["FaceOfCleric"],"max_hp_gain":0,"max_hp_loss":0,"event_name":"FaceTrader","floor":5,"gold_loss":0},{"damage_healed":0,"gold_gain":0,"cards_transformed":["animator:Strike"],"player_choice":"Transformed","damage_taken":0,"max_hp_gain":0,"max_hp_loss":0,"event_name":"Transmorgrifier","floor":21,"gold_loss":0,"cards_obtained":["animator:PandorasActor"]}],"is_beta":false,"boss_relics":[{"not_picked":["Coffee Dripper","Calling Bell"],"picked":"Painkiller Herb"}],"items_purged_floors":[3,19],"is_endless":false,"potions_floor_spawned":[1,10,11,18,20],"killed_by":"Gremlin Leader","ascension_level":3}}