{"host":"farxtl2u8hmkbdo2","time":1612023480,"event":{"mods":["A Magickal Journey","BaseMod","Better Altar","Better Note","Better Sensory Stone","Better Skull","Better Third Choice","Challenge The Spire","Colored Map","Colored Powertips","Current Relic Mod","Energized Spire","Fox Events","Gremlin Mod","Hermit","Hubris","Mimic Mod","Minty Spire (QoL Compilation)","Quick Restart","READ ME - Guardian Mod","READ ME - Snecko Mod","Rare Cards Sparkle","StSLib","The Bladedancer","The Bug Knight","The Cursed","The Disciple","The Hierophant","The Marked","The Necromancer","The Runesmith","Transform Curses"],"gold_per_floor":[115,115,115,39,60,63,63,43,120,120,163,163,174,26,26,107,107,69,69,69,87,87,153,191,233,233,13,141,141,141],"floor_reached":29,"language":"SPA","playtime":2249,"items_purged":[],"score":332,"play_id":"e86ceb45-e977-4773-8a8f-83663351906f","local_time":"20210130131800","is_ascension_mode":true,"campfire_choices":[{"data":"hierophant:Determination","floor":7,"key":"SMITH"},{"floor":10,"key":"REST"},{"data":"hierophant:Punish","floor":15,"key":"SMITH"}],"circlet_count":0,"master_deck":["hierophant:Strike_Hierophant+1","hierophant:Strike_Hierophant+1","hierophant:Strike_Hierophant+1","hierophant:Strike_Hierophant+1","hierophant:Punish+1","hierophant:Defend_Hierophant+1","hierophant:Defend_Hierophant+1","hierophant:Defend_Hierophant+1","hierophant:ChurchCoffers","hierophant:FieryStrike","hierophant:Doubloon","hierophant:Charity","Malaise","hierophant:HolyVerse","hierophant:FieryStrike","hierophant:RustyCrate","hierophant:Doubloon","hierophant:Doubloon","hierophant:Determination+1","hierophant:Levitation","hierophant:HolyVerse","hierophant:Batter","hierophant:Invocation","hierophant:MorningPrayer","hierophant:Smite","hierophant:Blessing+1","hierophant:PassingBell","hierophant:Doubloon","hierophant:RustyCrate","hierophant:Doubloon","hierophant:Doubloon","hierophant:Doubloon","hierophant:CursedGold+1"],"relics":["hierophant:PropheticMaskRelic","Anchor","hubris:GlazedTorus","Bottled Flame","Shuriken","Darkstone Periapt","hubris:EmptyBottle","energizedSpire:DeadBattery","betterThird:NestCultRelic","Runesmith:Nanobots","The Courier","hubris:Zylophone","hierophant:DonationBoxRelic"],"acts_visited":["Exordium","TheCity"],"potions_floor_usage":[6,8,18,23,23,23,24,24,25,29],"damage_taken":[{"damage":6,"enemies":"Jaw Worm","floor":1,"turns":4},{"damage":5,"enemies":"Small Slimes","floor":5,"turns":3},{"damage":10,"enemies":"Gremlin Nob","floor":6,"turns":3},{"damage":15,"enemies":"Lagavulin","floor":8,"turns":7},{"damage":0,"enemies":"2 Louse","floor":11,"turns":1},{"damage":4,"enemies":"3 Sentries","floor":13,"turns":4},{"damage":37,"enemies":"Hexaghost","floor":16,"turns":11},{"damage":1,"enemies":"2 Thieves","floor":18,"turns":4},{"damage":11,"enemies":"Spheric Guardian","floor":21,"turns":3},{"damage":12,"enemies":"Slavers","floor":23,"turns":2},{"damage":12,"enemies":"Snake Plant","floor":24,"turns":5},{"damage":33,"enemies":"Gremlin Leader","floor":25,"turns":6},{"damage":33,"enemies":"Centurion and Healer","floor":28,"turns":5},{"damage":19,"enemies":"Slavers","floor":29,"turns":1}],"seed_played":"3476410274952741831","potions_obtained":[{"floor":1,"key":"FearPotion"},{"floor":5,"key":"FearPotion"},{"floor":11,"key":"SteroidPotion"},{"floor":13,"key":"Block Potion"},{"floor":21,"key":"LiquidBronze"},{"floor":23,"key":"SkillPotion"},{"floor":24,"key":"CultistPotion"}],"is_trial":false,"path_per_floor":["M","?","?","$","M","E","R","E","T","R","M","?","E","$","R","B",null,"M","?","?","M","?","E","M","E","T","$","M","E"],"character_chosen":"HIEROPHANT","items_purchased":["hierophant:HolyVerse","hierophant:FieryStrike","hubris:EmptyBottle","hierophant:DonationBoxRelic","hierophant:RustyCrate"],"campfire_rested":1,"item_purchase_floors":[4,4,14,27,27],"current_hp_per_floor":[69,62,39,39,34,24,24,17,17,39,39,44,64,64,64,27,80,79,79,79,74,74,62,71,45,45,45,15,0,0],"gold":141,"neow_bonus":"THREE_CARDS","is_daily":false,"chose_seed":false,"campfire_upgraded":2,"win_rate":0.0,"timestamp":1612023480,"path_taken":["M","?","?","?","?","E","R","E","T","R","M","?","E","$","R","BOSS","M","?","?","M","?","E","M","E","T","?","?","E"],"items_purchased_type":["Card","Card","Relic","Relic","Card"],"build_version":"2020-12-22","purchased_purges":0,"victory":false,"max_hp_per_floor":[75,75,75,75,75,75,75,75,75,75,75,80,80,80,80,80,80,80,80,80,80,80,80,80,80,80,80,80,80,80],"card_choices":[{"not_picked":["hierophant:AuricBeam","hierophant:Doubloon"],"picked":"hierophant:FieryStrike","floor":0},{"not_picked":["hierophant:Purify","hierophant:Remorse"],"picked":"hierophant:Charity","floor":1},{"not_picked":["hierophant:AuricShield","hierophant:HammerAndAnvil"],"picked":"hierophant:RustyCrate","floor":5},{"not_picked":["hierophant:WrathOfGod","hierophant:Flagellation"],"picked":"hierophant:Determination","floor":6},{"not_picked":["hierophant:SealAway","hierophant:MirrorShield"],"picked":"hierophant:Levitation","floor":8},{"not_picked":["hierophant:Sermon","hierophant:EyeForCoin"],"picked":"hierophant:HolyVerse","floor":11},{"not_picked":["hierophant:Encroach","hierophant:MintersHammer"],"picked":"hierophant:Batter","floor":13},{"not_picked":["hierophant:DeathKnell","hierophant:Cornucopia"],"picked":"hierophant:Invocation","floor":16},{"not_picked":["hierophant:Purify","hierophant:Sermon"],"picked":"hierophant:MorningPrayer","floor":18},{"not_picked":["hierophant:RepressedViolence","hierophant:OrnateBuckler"],"picked":"hierophant:Smite","floor":21},{"not_picked":["hierophant:Sermon","hierophant:SecretStash"],"picked":"hierophant:Blessing+1","floor":23},{"not_picked":["hierophant:FieryStrike","hierophant:Refuge"],"picked":"hierophant:PassingBell","floor":24},{"not_picked":["hierophant:HammerAndAnvil+1","hierophant:ThreeLashes"],"picked":"hierophant:Doubloon","floor":25},{"not_picked":["hierophant:MirrorShield","hierophant:Mercenaries"],"picked":"hierophant:CursedGold+1","floor":28}],"player_experience":1962558,"relics_obtained":[{"floor":6,"key":"hubris:GlazedTorus"},{"floor":8,"key":"Bottled Flame"},{"floor":9,"key":"Shuriken"},{"floor":13,"key":"Darkstone Periapt"},{"floor":23,"key":"Runesmith:Nanobots"},{"floor":25,"key":"The Courier"},{"floor":26,"key":"hubris:Zylophone"}],"event_choices":[{"cards_removed":["hierophant:Defend_Hierophant"],"damage_healed":0,"gold_gain":0,"player_choice":"Card Removal","damage_taken":7,"max_hp_gain":0,"max_hp_loss":0,"event_name":"Golden Wing","floor":2,"gold_loss":0},{"damage_healed":0,"gold_gain":0,"player_choice":"Donut","damage_taken":0,"max_hp_gain":5,"max_hp_loss":0,"event_name":"Big Fish","floor":12,"gold_loss":0},{"damage_healed":0,"gold_gain":0,"player_choice":"Simplicity","damage_taken":0,"max_hp_gain":0,"max_hp_loss":7,"event_name":"betterThird:BetterWriting","floor":19,"gold_loss":0},{"damage_healed":0,"gold_gain":0,"player_choice":"Madness","damage_taken":0,"relics_obtained":["betterThird:NestCultRelic"],"max_hp_gain":0,"max_hp_loss":0,"event_name":"betterThird:BetterNest","floor":20,"gold_loss":0},{"damage_healed":0,"gold_gain":0,"player_choice":"Ignored","damage_taken":0,"max_hp_gain":0,"max_hp_loss":0,"event_name":"Beggar","floor":22,"gold_loss":0}],"is_beta":false,"boss_relics":[{"not_picked":["Sozu","Coffee Dripper"],"picked":"energizedSpire:DeadBattery"}],"items_purged_floors":[],"is_endless":false,"potions_floor_spawned":[1,5,11,13,21,23,24],"killed_by":"Slavers","ascension_level":2}}