{"host":"0luxfixkkfk9wck3","time":1612046420,"event":{"mods":["BaseMod","DeckTracker","Downfall","Highlight Path","Minty Spire (QoL Compilation)","StSLib"],"gold_per_floor":[99,118,138,155,155,205,205,305,305,205,221,42,42,72,90,190,190,190,201,219,219,219,219],"floor_reached":21,"language":"ENG","playtime":1243,"items_purged":[],"score":267,"play_id":"e94fd09b-cb00-43ee-a833-b3cd22404b6b","local_time":"20210130164020","is_ascension_mode":true,"campfire_choices":[{"data":"sneckomod:TailWhip","floor":1,"key":"SMITH"}],"circlet_count":0,"master_deck":["sneckomod:Strike","sneckomod:Strike","sneckomod:Defend","sneckomod:Defend","sneckomod:Defend","sneckomod:TailWhip+1","sneckomod:SnekBite","sneckomod:Unknown","sneckomod:Unknown","sneckomod:QuickBite","Hemokinesis","sneckomod:UnknownVulnerable","sneckomod:UnendingSupply","sneckomod:UnknownRareAttack","Demon Form","sneckomod:Unknown0Cost","sneckomod:Unknown2Cost","sneckomod:UnknownRarePower","sneckomod:UnknownClassRED","sneckomod:UnknownClassRED","sneckomod:UnknownClassRED","sneckomod:UnknownClassRED","Feel No Pain","Body Slam","sneckomod:UnknownClassRED+1","Limit Break","sneckomod:UnknownBlock"],"relics":["sneckomod:SneckoSoul","downfall:BrokenWingStatue","Ancient Tea Set","downfall:HeartBlessingBlue","Kunai","sneckomod:SneckoBoss"],"acts_visited":["Exordium","TheCity"],"potions_floor_usage":[11,14,16,21],"damage_taken":[{"damage":0,"enemies":"2 Louse","floor":2,"turns":2},{"damage":5,"enemies":"Jaw Worm","floor":3,"turns":4},{"damage":0,"enemies":"Small Slimes","floor":4,"turns":3},{"damage":0,"enemies":"3 Louse","floor":11,"turns":2},{"damage":2,"enemies":"downfall:FleeingMerchant","floor":12,"turns":4},{"damage":9,"enemies":"3 Sentries","floor":14,"turns":6},{"damage":21,"enemies":"Exordium Thugs","floor":15,"turns":3},{"damage":33,"enemies":"IC_STATUS_ARCHETYPE","floor":16,"turns":8},{"damage":73,"enemies":"3 Byrds","floor":19,"turns":6},{"damage":33,"enemies":"Shelled Parasite and Fungi","floor":20,"turns":5},{"damage":17,"enemies":"WA_ARCHETYPE_RETAIN","floor":21,"turns":6}],"seed_played":"1627899213768717730","potions_obtained":[{"floor":3,"key":"Fire Potion"},{"floor":9,"key":"LiquidBronze"},{"floor":9,"key":"Explosive Potion"},{"floor":11,"key":"SpeedPotion"},{"floor":15,"key":"FairyPotion"},{"floor":16,"key":"sneckomod:CheatPotion"}],"is_trial":false,"path_per_floor":["R","M","M","M","?","T","T","?","?","R","M","$","R","E","M","B",null,"R","M","M","?"],"character_chosen":"THE_SNECKO","items_purchased":["sneckomod:UnknownRareAttack"],"campfire_rested":0,"item_purchase_floors":[12],"current_hp_per_floor":[81,81,76,76,76,76,76,76,76,86,86,84,84,78,57,24,83,83,10,15,0,0,0],"gold":219,"neow_bonus":"REMOVE_CARD","is_daily":false,"chose_seed":false,"campfire_upgraded":1,"win_rate":0.0,"timestamp":1612046420,"path_taken":["R","M","M","M","?","?","T","?","?","R","?","$","R","E","M","BOSS","R","M","M","?"],"items_purchased_type":["Card"],"build_version":"2020-12-22","purchased_purges":0,"victory":false,"max_hp_per_floor":[90,90,90,90,90,90,90,90,90,100,100,100,100,103,103,103,103,103,103,103,103,103,103],"card_choices":[{"not_picked":["sneckomod:PureSnecko","sneckomod:UnknownCommonAttack"],"picked":"sneckomod:UnknownStrength","floor":2},{"not_picked":["sneckomod:UnknownCommonSkill","sneckomod:UnknownDraw"],"picked":"sneckomod:QuickBite","floor":3},{"not_picked":["sneckomod:SoulDraw","sneckomod:QuickMove"],"picked":"sneckomod:Unknown1Cost","floor":4},{"not_picked":["sneckomod:Unknown1Cost","sneckomod:QuickMove"],"picked":"sneckomod:UnknownVulnerable","floor":11},{"not_picked":["sneckomod:MasterEye","sneckomod:DiceCrush"],"picked":"sneckomod:UnendingSupply","floor":12},{"not_picked":["sneckomod:ImprovisedGuard","sneckomod:QuickMove"],"picked":"sneckomod:Unknown0Cost","floor":14},{"not_picked":["sneckomod:Restock","sneckomod:Nope"],"picked":"sneckomod:Unknown2Cost","floor":15},{"not_picked":["sneckomod:GlitteringGambit","sneckomod:Unknown3Cost"],"picked":"sneckomod:UnknownRarePower","floor":16},{"not_picked":["Dark Embrace","Reaper"],"picked":"Body Slam","floor":19},{"not_picked":["sneckomod:DiceBlock","sneckomod:UnknownCommonSkill"],"picked":"sneckomod:UnknownClassRED+1","floor":19},{"not_picked":["Clash","Sever Soul"],"picked":"Limit Break","floor":20},{"not_picked":["sneckomod:DiceCrush","sneckomod:QuickBite"],"picked":"sneckomod:UnknownBlock","floor":20}],"player_experience":11441790,"relics_obtained":[{"floor":6,"key":"Ancient Tea Set"},{"floor":14,"key":"Kunai"}],"event_choices":[{"damage_healed":0,"gold_gain":0,"player_choice":"Got Potions","damage_taken":0,"max_hp_gain":0,"max_hp_loss":0,"event_name":"Lab","floor":9,"gold_loss":0}],"is_beta":false,"boss_relics":[{"not_picked":["SacredBark","bronze:MakeshiftBattery"],"picked":"sneckomod:SneckoBoss"}],"items_purged_floors":[],"is_endless":false,"potions_floor_spawned":[3,11,15,16],"killed_by":"WA_ARCHETYPE_RETAIN","ascension_level":7}}