{"host":"iyj530209nkhhjuz","time":1612027899,"event":{"mods":["AchievementEnabler","BaseMod","Better Match","Better Note","Better Third Choice","BetterRewards","Colored Map","Colored Powertips","Dark Map","Fox Events","Highlight Path","Minty Spire (QoL Compilation)","Permanent Neow","Random Character Button","Rare Cards Sparkle","Relic Stats","StSLib","Waifu the Spire"],"gold_per_floor":[134,152,2,52,0,0,78,78,78,137,182,222,257,84,84,185,185,198,210,75,92,4,64,64,64,87,119,119,147,147,147,147,249,249,293,304,304,321,66,101,155,155,155,165,165,200,211,263,263,263,263,263,40,82,82,82],"floor_reached":55,"language":"ENG","playtime":8377,"items_purged":["Strike_B","Strike_B","Defend_B","Strike_B","Strike_B","Defend_B","Blizzard"],"score":1591,"play_id":"1428d7c3-c23c-419a-bfe4-89df749f1963","local_time":"20210130183139","is_ascension_mode":true,"campfire_choices":[{"data":"HandOfGreed","floor":6.0,"key":"SMITH"},{"data":"Static Discharge","floor":15.0,"key":"SMITH"},{"data":"Self Repair","floor":24.0,"key":"SMITH"},{"floor":25.0,"key":"RECALL"},{"data":"Reboot","floor":28.0,"key":"SMITH"},{"floor":30.0,"key":"REST"},{"data":"Skim","floor":32.0,"key":"SMITH"},{"data":"Apotheosis","floor":42,"key":"SMITH"},{"floor":45,"key":"REST"},{"floor":49,"key":"REST"},{"data":"Dramatic Entrance","floor":52,"key":"SMITH"}],"circlet_count":0,"master_deck":["Defend_B","Defend_B","Zap","Dualcast","HandOfGreed+1","Self Repair+1","Finesse","Conserve Battery","Electrodynamics","BootSequence","Enlightenment+1","Fusion","Malaise+1","Capacitor","Tempest+1","Static Discharge+1","Meteor Strike","Rebound+1","Skim+1","Sunder+1","Rebound+1","Reboot+1","Leap+1","Bandage Up","Apotheosis+1","Chill","Master of Strategy","Dramatic Entrance+1","Chill","Consume+1","Deep Breath+1","Defragment+1"],"relics":["Cracked Core","Membership Card","Strawberry","WingedGreaves","PreservedInsect","Ginger","OrangePellets","Black Star","War Paint","Regal Pillow","DataDisk","Omamori","Torii","Mango","Art of War","Sozu","Lizard Tail","CeramicFish","Centennial Puzzle","Letter Opener","Toxic Egg 2","Pear","Sundial","Mercury Hourglass","Thread and Needle","Bronze Scales","Du-Vu Doll","Anchor"],"acts_visited":["Exordium","TheCity","TheBeyond","TheEnding"],"potions_floor_usage":[44,55],"damage_taken":[{"damage":0.0,"enemies":"Cultist","floor":1.0,"turns":3.0},{"damage":0.0,"enemies":"Small Slimes","floor":2.0,"turns":3.0},{"damage":6.0,"enemies":"2 Louse","floor":4.0,"turns":4.0},{"damage":6.0,"enemies":"3 Sentries","floor":7.0,"turns":5.0},{"damage":12.0,"enemies":"Gremlin Nob","floor":10.0,"turns":4.0},{"damage":0.0,"enemies":"Exordium Wildlife","floor":11.0,"turns":3.0},{"damage":11.0,"enemies":"Large Slime","floor":12.0,"turns":6.0},{"damage":11.0,"enemies":"Blue Slaver","floor":13.0,"turns":4.0},{"damage":35.0,"enemies":"The Guardian","floor":16.0,"turns":11.0},{"damage":2.0,"enemies":"Chosen","floor":18.0,"turns":3.0},{"damage":0.0,"enemies":"Spheric Guardian","floor":19.0,"turns":3.0},{"damage":20.0,"enemies":"Shelled Parasite and Fungi","floor":21.0,"turns":4.0},{"damage":28.0,"enemies":"Book of Stabbing","floor":23.0,"turns":6.0},{"damage":23.0,"enemies":"Gremlin Leader","floor":27.0,"turns":5.0},{"damage":10.0,"enemies":"Book of Stabbing","floor":29.0,"turns":5.0},{"damage":35.0,"enemies":"Champ","floor":33.0,"turns":10.0},{"damage":1.0,"enemies":"3 Shapes","floor":35.0,"turns":3.0},{"damage":13.0,"enemies":"Orb Walker","floor":36.0,"turns":3.0},{"damage":27.0,"enemies":"3 Darklings","floor":38.0,"turns":3.0},{"damage":19.0,"enemies":"Reptomancer","floor":40.0,"turns":6.0},{"damage":7,"enemies":"Giant Head","floor":41,"turns":7},{"damage":31,"enemies":"Transient","floor":44,"turns":5},{"damage":57,"enemies":"Nemesis","floor":46,"turns":5},{"damage":1,"enemies":"Writhing Mass","floor":47,"turns":9},{"damage":0,"enemies":"Reptomancer","floor":48,"turns":3},{"damage":70,"enemies":"Donu and Deca","floor":50,"turns":7},{"damage":57,"enemies":"Shield and Spear","floor":54,"turns":2},{"damage":94,"enemies":"The Heart","floor":55,"turns":8}],"seed_played":"4616373310532638122","potions_obtained":[{"floor":11.0,"key":"PowerPotion"},{"floor":27.0,"key":"FearPotion"},{"floor":29.0,"key":"Fire Potion"},{"floor":31.0,"key":"foxEvents:VialedCaress"}],"is_trial":false,"path_per_floor":["M","M","$","M","?","R","E","?","T","E","M","M","M","$","R","B",null,"M","M","$","M","$","E","R","R","T","E","R","E","R","?","R","B",null,"M","M","?","M","$","E","E","R","T","M","R","E","M","E","R","B",null,"R","$","E","B"],"character_chosen":"DEFECT","items_purchased":["Membership Card","Strawberry","Block Potion","Regen Potion","HandOfGreed","WingedGreaves","Self Repair","Block Potion","Finesse","Electrodynamics","PreservedInsect","OrangePellets","Static Discharge","Block Potion","Skim","Master of Strategy","Dramatic Entrance","Chill","Bronze Scales","Deep Breath+1"],"campfire_rested":3,"item_purchase_floors":[0,0,0,0,0,0,0,0,0,3,3,14,14,20,20,39,39,39,53,53],"current_hp_per_floor":[66,73,73,74,80,80,81,81,81,69,76,72,68,68,68,40,76,74,81,81,68,68,54,54,54,54,41,41,45,90,86,86,61,80,79,76,66,49,49,44,53,53,53,36,76,45,60,66,96,42,83,83,83,30,0,0],"gold":82,"neow_bonus":"","is_daily":false,"chose_seed":false,"campfire_upgraded":7,"win_rate":0.0,"timestamp":1612027899,"path_taken":["M","M","$","M","?","R","E","?","T","E","M","?","M","$","R","BOSS","M","M","$","M","$","E","R","R","T","E","R","E","R","?","R","BOSS","M","M","?","M","$","E","E","R","T","M","R","E","M","E","R","BOSS","R","$","E","BOSS"],"items_purchased_type":["Relic","Relic","Potion","Potion","Card","Relic","Card","Potion","Card","Card","Relic","Relic","Card","Potion","Card","Card","Card","Card","Relic","Card"],"build_version":"2020-12-22","purchased_purges":7,"victory":false,"max_hp_per_floor":[82,82,82,82,88,88,88,88,88,88,88,88,88,88,88,88,88,88,88,88,88,88,88,88,88,88,88,88,102,102,86,86,86,86,86,86,86,86,86,86,86,86,86,86,86,96,96,96,96,96,96,96,96,96,96,96],"relic_stats":{"Regal Pillow":32,"Torii":51,"counters":[88,428],"CeramicFish":27,"PreservedInsect":1041,"Ginger":[12],"Letter Opener":[158],"War Paint":["Tempest","Enlightenment"],"Mercury Hourglass":[353],"Sozu":6,"OrangePellets":[3],"Lizard Tail":48,"Centennial Puzzle":[18],"Sundial":[4],"Bronze Scales":[395],"Black Star":8,"Art of War":[16],"obtain_stats":[{"Tiny House":34,"CeramicFish":40,"Vajra":43,"Runic Capacitor":36,"Ginger":17,"Sozu":34,"Lizard Tail":40,"Centennial Puzzle":41,"HornCleat":12,"Sundial":46,"Strawberry":0,"Prayer Wheel":46,"Kunai":26,"Toxic Egg 2":43,"Pear":53,"Blue Candle":26,"Astrolabe":34,"Eternal Feather":42,"Pen Nib":8,"Letter Opener":41,"War Paint":23,"Question Card":6,"Akabeko":0,"Du-Vu Doll":46,"OrangePellets":14,"Bottled Flame":40,"Bronze Scales":7,"Bird Faced Urn":23,"Molten Egg 2":17,"foxEvents:LuckyCharm":2,"Black Star":17,"Symbiotic Virus":54,"Darkstone Periapt":25,"Regal Pillow":23,"Torii":27,"Mango":29,"Ancient Tea Set":29,"Pantograph":24,"Tiny Chest":17,"WingedGreaves":0,"Cracked Core":0,"Potion Belt":14,"Golden Idol":11,"Thread and Needle":21,"The Courier":9,"PreservedInsect":47,"Omamori":27,"Frozen Egg 2":0,"Medical Kit":48,"Mercury Hourglass":48,"Calling Bell":17,"DataDisk":26,"Anchor":54,"betterThird:SlimedRelic":4,"Turnip":6,"Art of War":2,"Membership Card":0,"Toy Ornithopter":0},{"Tiny House":48,"CeramicFish":80,"Vajra":28,"Runic Capacitor":24,"Ginger":14,"Sozu":76,"Lizard Tail":80,"Centennial Puzzle":81,"HornCleat":11,"Sundial":83,"Strawberry":60,"Prayer Wheel":30,"Kunai":44,"Toxic Egg 2":81,"Pear":58,"Blue Candle":19,"Astrolabe":23,"Eternal Feather":28,"Pen Nib":36,"Letter Opener":81,"War Paint":73,"Question Card":35,"Akabeko":5,"Du-Vu Doll":55,"OrangePellets":68,"Bottled Flame":27,"Bronze Scales":10,"Bird Faced Urn":18,"Molten Egg 2":14,"foxEvents:LuckyCharm":7,"Black Star":69,"Symbiotic Virus":59,"Darkstone Periapt":19,"Regal Pillow":73,"Torii":74,"Mango":75,"Ancient Tea Set":45,"Pantograph":44,"Tiny Chest":14,"WingedGreaves":60,"Cracked Core":0,"Potion Belt":13,"Golden Idol":37,"Thread and Needle":16,"The Courier":10,"PreservedInsect":31,"Omamori":74,"Frozen Egg 2":32,"Medical Kit":31,"Mercury Hourglass":85,"Calling Bell":14,"DataDisk":73,"Anchor":87,"betterThird:SlimedRelic":1,"Turnip":3,"Art of War":1,"Membership Card":60,"Toy Ornithopter":32},{"Tiny House":197,"CeramicFish":382,"Vajra":100,"Runic Capacitor":85,"Ginger":41,"Sozu":367,"Lizard Tail":382,"Centennial Puzzle":389,"HornCleat":28,"Sundial":399,"Strawberry":288,"Prayer Wheel":105,"Kunai":168,"Toxic Egg 2":389,"Pear":276,"Blue Candle":61,"Astrolabe":83,"Eternal Feather":100,"Pen Nib":133,"Letter Opener":389,"War Paint":347,"Question Card":130,"Akabeko":16,"Du-Vu Doll":249,"OrangePellets":320,"Bottled Flame":97,"Bronze Scales":26,"Bird Faced Urn":56,"Molten Egg 2":41,"foxEvents:LuckyCharm":21,"Black Star":331,"Symbiotic Virus":283,"Darkstone Periapt":61,"Regal Pillow":347,"Torii":352,"Mango":357,"Ancient Tea Set":173,"Pantograph":168,"Tiny Chest":41,"WingedGreaves":288,"Cracked Core":0,"Potion Belt":35,"Golden Idol":136,"Thread and Needle":49,"The Courier":26,"PreservedInsect":109,"Omamori":352,"Frozen Egg 2":120,"Medical Kit":109,"Mercury Hourglass":411,"Calling Bell":41,"DataDisk":347,"Anchor":420,"betterThird:SlimedRelic":2,"Turnip":10,"Art of War":2,"Membership Card":288,"Toy Ornithopter":120}]},"card_choices":[{"not_picked":["Steam Power","Barrage","Coolheaded"],"picked":"SKIP","floor":1.0},{"not_picked":["Hologram","Cold Snap"],"picked":"Conserve Battery","floor":2.0},{"not_picked":["Skim","Hello World"],"picked":"BootSequence","floor":4.0},{"not_picked":["Steam","Glacier"],"picked":"Fusion","floor":7.0},{"not_picked":["Redo","Sweeping Beam"],"picked":"Blizzard","floor":10.0},{"not_picked":["Heatsinks","Leap"],"picked":"Capacitor","floor":11.0},{"not_picked":["Turbo","Stack","Leap"],"picked":"SKIP","floor":12.0},{"not_picked":["Steam Power","Steam"],"picked":"Tempest","floor":13.0},{"not_picked":["Reboot","Amplify"],"picked":"Meteor Strike","floor":16.0},{"not_picked":["White Noise+1","Steam"],"picked":"Rebound+1","floor":18.0},{"not_picked":["Go for the Eyes","Redo+1","Ball Lightning"],"picked":"SKIP","floor":19.0},{"not_picked":["Fusion","Hologram"],"picked":"Sunder+1","floor":21.0},{"not_picked":["Darkness","Hyperbeam"],"picked":"Rebound+1","floor":23.0},{"not_picked":["Reprogram","Leap+1"],"picked":"Reboot","floor":27.0},{"not_picked":["Coolheaded","Leap","Lockon"],"picked":"SKIP","floor":29.0},{"not_picked":["Hologram+1","Cold Snap","Double Energy+1"],"picked":"SKIP","floor":35.0},{"not_picked":["Coolheaded+1","Streamline+1"],"picked":"Leap+1","floor":36.0},{"not_picked":["Mind Blast","Panacea"],"picked":"Bandage Up","floor":37.0},{"not_picked":["Thinking Ahead","Enlightenment"],"picked":"Apotheosis","floor":37.0},{"not_picked":["Compile Driver","Stack+1"],"picked":"Chill","floor":38.0},{"not_picked":["Steam Power+1","Double Energy","Conserve Battery+1"],"picked":"SKIP","floor":40.0},{"not_picked":["Redo+1","Go for the Eyes+1","Genetic Algorithm"],"picked":"SKIP","floor":41},{"not_picked":["Turbo+1","Rip and Tear","Go for the Eyes"],"picked":"SKIP","floor":44},{"not_picked":["Steam Power+1","Rebound"],"picked":"Consume+1","floor":46},{"not_picked":["Stack+1","Self Repair+1","Steam+1"],"picked":"SKIP","floor":47},{"not_picked":["Redo+1","Steam+1","Barrage"],"picked":"SKIP","floor":48},{"not_picked":["Streamline+1","Redo+1"],"picked":"Defragment+1","floor":54}],"player_experience":460526,"relics_obtained":[{"floor":7.0,"key":"Ginger"},{"floor":23.0,"key":"War Paint"},{"floor":23.0,"key":"Regal Pillow"},{"floor":26.0,"key":"DataDisk"},{"floor":27.0,"key":"Omamori"},{"floor":27.0,"key":"Torii"},{"floor":29.0,"key":"Mango"},{"floor":29.0,"key":"Art of War"},{"floor":40.0,"key":"Lizard Tail"},{"floor":40.0,"key":"CeramicFish"},{"floor":41,"key":"Centennial Puzzle"},{"floor":41,"key":"Letter Opener"},{"floor":43,"key":"Toxic Egg 2"},{"floor":46,"key":"Pear"},{"floor":46,"key":"Sundial"},{"floor":48,"key":"Mercury Hourglass"},{"floor":48,"key":"Thread and Needle"},{"floor":54,"key":"Du-Vu Doll"},{"floor":54,"key":"Anchor"}],"event_choices":[{"damage_healed":0.0,"max_hp_gain":0.0,"max_hp_loss":0.0,"gold_gain":0.0,"event_name":"betterThird:BetterSerpent","player_choice":"RENOUNCE","floor":5.0,"gold_loss":52.0,"damage_taken":52.0,"cards_obtained":["Enlightenment"]},{"cards_removed":["Malaise"],"damage_healed":0.0,"max_hp_gain":0.0,"max_hp_loss":0.0,"gold_gain":0.0,"event_name":"betterNote:BetterNote","player_choice":"Take \u0026 Give","floor":8.0,"gold_loss":0.0,"damage_taken":0.0,"cards_obtained":["Malaise"]},{"damage_healed":0.0,"max_hp_gain":0.0,"max_hp_loss":0.0,"gold_gain":0.0,"event_name":"SensoryStone","player_choice":"Memory 3","floor":37.0,"gold_loss":0.0,"damage_taken":10.0}],"is_beta":false,"boss_relics":[{"not_picked":["Empty Cage","SacredBark"],"picked":"Black Star"},{"not_picked":["Velvet Choker","FrozenCore"],"picked":"Sozu"}],"items_purged_floors":[0,0,14,20,22,39,53],"is_endless":false,"potions_floor_spawned":[1,11,16,27,29,35,38,46,47,48,54],"killed_by":"The Heart","ascension_level":9}}