{"host":"y7b1p9nkx4idorr2","time":1612007065,"event":{"mods":["AchievementEnabler","Act Like it!","BaseMod","Colored Map","Downfall","GifTheSpireLib","Googly Eyes","Highlight Path","Mimic Mod","Minty Spire (QoL Compilation)","Shop Mod","Spicy Shops","StSLib","Unceasing Turn Reminder"],"gold_per_floor":[99,99,99,99,99,133,165,177,77,90,90,106,98,16,36,139,139,139,163,183,24,24,9,58,69,87,87,105,134,34,68,80,182,182,182,196,213,44,44,87,87,113,13,27,59,59,59,88,101,101,101,134,34,34,34,34,34,34],"floor_reached":56,"language":"ENG","playtime":5458,"items_purged":["hexamod:Strike","hexamod:Strike","hexamod:Strike","hexamod:Strike"],"score":983,"play_id":"d2efc4cd-7ab5-408a-8149-e7bc6b8b9a8e","local_time":"20210130054425","is_ascension_mode":true,"campfire_choices":[{"data":"hexamod:Float","floor":1.0,"key":"SMITH"},{"data":"hexamod:RadiantFlame","floor":9.0,"key":"SMITH"},{"data":"hexamod:FastForward","floor":11.0,"key":"SMITH"},{"floor":18.0,"key":"RECALL"},{"data":"hexamod:RadiantFlame","floor":27.0,"key":"SMITH"},{"data":"hexamod:EmpoweredFlame","floor":30.0,"key":"SMITH"},{"data":"hexamod:FlameSwitch","floor":35.0,"key":"SMITH"},{"data":"expansioncontent:Chronoboost","floor":43,"key":"SMITH"},{"data":"expansioncontent:InvincibleStrength","floor":47,"key":"SMITH"},{"floor":54,"key":"REST"}],"circlet_count":0,"master_deck":["hexamod:Defend","hexamod:Defend","hexamod:Defend","hexamod:Sear+1","hexamod:Float+1","hexamod:GhostShield","hexamod:InspiringFlames+1","hexamod:PhantomCloak","hexamod:Hexaguard","hexamod:HauntingEcho+1","hexamod:RadiantFlame+1","hexamod:GhostShield","hexamod:SuperheatedStrike","hexamod:WildfireWeapon","hexamod:RecurringNightmare","hexamod:Hexaguard+1","hexamod:GhostOfSpireFuture","hexamod:ThermalTransfer","hexamod:RadiantFlame+1","hexamod:InspiringFlames+1","hexamod:EmpoweredFlame+1","hexamod:FlameSwitch+1","hexamod:EtherealExpedition","hexamod:CatchUp","hexamod:ApocalypseNow","expansioncontent:Chronoboost+1","expansioncontent:PrepareCrush","expansioncontent:InvincibleStrength+1","hexamod:FastForward","hexamod:CatchUp+1","hexamod:FastForward+1","hexamod:RadiantFlame+1","Parasite","hexamod:TimeWarp"],"relics":["hexamod:SpiritBrand","downfall:HeartsMalice","Torii","Happy Flower","downfall:HeartBlessingGreen","bronze:MakeshiftBattery","hexamod:TheBrokenSeal","Guardian:PocketSentry","Smiling Mask","War Paint","downfall:HeartBlessingRed","StoneCalendar","hexamod:IceCube","PreservedInsect","Lantern","InkBottle","downfall:HeartBlessingBlue","Orichalcum","Nunchaku","Akabeko"],"acts_visited":["Exordium","TheCity","TheBeyond","TheEnding"],"potions_floor_usage":[52,55,56,56],"damage_taken":[{"damage":0.0,"enemies":"Small Slimes","floor":2.0,"turns":1.0},{"damage":0.0,"enemies":"Cultist","floor":3.0,"turns":1.0},{"damage":0.0,"enemies":"2 Louse","floor":5.0,"turns":1.0},{"damage":0.0,"enemies":"Lagavulin","floor":6.0,"turns":8.0},{"damage":0.0,"enemies":"Blue Slaver","floor":7.0,"turns":9.0},{"damage":0.0,"enemies":"Blue Slaver","floor":8.0,"turns":4.0},{"damage":2.0,"enemies":"Gremlin Gang","floor":10.0,"turns":6.0},{"damage":12.0,"enemies":"Exordium Thugs","floor":12.0,"turns":6.0},{"damage":0.0,"enemies":"downfall:FleeingMerchant","floor":14.0,"turns":4.0},{"damage":0.0,"enemies":"Exordium Wildlife","floor":15.0,"turns":6.0},{"damage":8.0,"enemies":"IC_STATUS_ARCHETYPE","floor":16.0,"turns":10.0},{"damage":13.0,"enemies":"3 Byrds","floor":19.0,"turns":5.0},{"damage":26.0,"enemies":"Snake Plant","floor":20.0,"turns":6.0},{"damage":0.0,"enemies":"downfall:FleeingMerchant","floor":21.0,"turns":4.0},{"damage":2.0,"enemies":"downfall:FleeingMerchant","floor":23.0,"turns":4.0},{"damage":1.0,"enemies":"Chosen and Byrds","floor":25.0,"turns":7.0},{"damage":0.0,"enemies":"Centurion and Healer","floor":26.0,"turns":6.0},{"damage":1.0,"enemies":"Snecko","floor":28.0,"turns":5.0},{"damage":0.0,"enemies":"Book of Stabbing","floor":29.0,"turns":7.0},{"damage":22.0,"enemies":"Slavers","floor":31.0,"turns":6.0},{"damage":0.0,"enemies":"Chosen and Byrds","floor":32.0,"turns":5.0},{"damage":2.0,"enemies":"SI_MIRROR_ARCHETYPE","floor":33.0,"turns":12.0},{"damage":0.0,"enemies":"3 Darklings","floor":36.0,"turns":7.0},{"damage":17.0,"enemies":"3 Shapes","floor":37.0,"turns":4.0},{"damage":0.0,"enemies":"downfall:FleeingMerchant","floor":38.0,"turns":4.0},{"damage":0,"enemies":"downfall:FleeingMerchant","floor":40,"turns":1},{"damage":11,"enemies":"Giant Head","floor":42,"turns":8},{"damage":10,"enemies":"Jaw Worm Horde","floor":44,"turns":5},{"damage":6,"enemies":"Nemesis","floor":45,"turns":7},{"damage":0,"enemies":"Giant Head","floor":48,"turns":7},{"damage":0,"enemies":"Writhing Mass","floor":49,"turns":4},{"damage":11,"enemies":"DF_ARCHETYPE_ORBS","floor":50,"turns":10},{"damage":33,"enemies":"downfall:CharBossMerchant","floor":52,"turns":7},{"damage":54,"enemies":"downfall:NeowBoss","floor":55,"turns":23},{"damage":39,"enemies":"downfall:NeowBossFinal","floor":56,"turns":5}],"seed_played":"1506663022736114783","potions_obtained":[{"floor":6.0,"key":"SteroidPotion"},{"floor":8.0,"key":"Dexterity Potion"},{"floor":10.0,"key":"champ:CounterPotion"},{"floor":12.0,"key":"ColorlessPotion"},{"floor":14.0,"key":"ColorlessPotion"},{"floor":15.0,"key":"GamblersBrew"},{"floor":16.0,"key":"BlessingOfTheForge"},{"floor":16.0,"key":"SteroidPotion"},{"floor":19.0,"key":"hexamod:SoulburnPotion"},{"floor":25.0,"key":"LiquidMemories"},{"floor":28.0,"key":"hexamod:DoubleChargePotion"},{"floor":33.0,"key":"Swift Potion"},{"floor":42,"key":"hexamod:DoubleChargePotion"}],"is_trial":false,"path_per_floor":["R","M","M","?","M","E","MIM","M","R","M","R","M","?","$","M","B",null,"R","M","M","$","?","$","T","M","M","R","M","E","R","E","M","B",null,"R","M","M","$","?","$","T","E","R","M","E","?","R","E","M","B",null,"E","$","R","B","B"],"character_chosen":"THE_SPIRIT","items_purchased":["Guardian:PocketSentry","PreservedInsect","hexamod:FastForward","Lantern","PowerPotion","SkillPotion"],"campfire_rested":1,"item_purchase_floors":[21,38,40,40,40,53],"current_hp_per_floor":[70,70,70,70,70,70,70,70,70,68,68,56,49,56,56,55,70,70,64,80,80,80,78,78,77,77,77,76,76,76,54,54,52,80,80,80,63,63,53,53,53,42,52,42,36,90,90,90,90,79,90,57,57,84,30,0,0,0],"gold":34,"neow_bonus":"THREE_ENEMY_KILL","is_daily":false,"chose_seed":false,"campfire_upgraded":8,"win_rate":0.0,"timestamp":1612007065,"path_taken":["R","M","M","?","M","E","MIM","M","R","M","R","M","?","$","M","BOSS","R","M","M","$","?","$","T","M","M","R","M","E","R","E","M","BOSS","R","M","M","$","?","$","T","E","R","M","E","?","R","E","M","BOSS","E","$","R","BOSS","BOSS"],"items_purchased_type":["Relic","Relic","Card","Relic","Potion","Potion"],"build_version":"2020-12-22","purchased_purges":4,"victory":false,"max_hp_per_floor":[70,70,70,70,70,70,70,70,70,70,70,70,70,70,70,70,70,70,70,80,80,80,80,80,80,80,80,80,80,80,80,80,80,80,80,80,80,80,80,80,80,80,90,90,90,90,90,90,90,90,90,90,90,90,90,90,90,90],"card_choices":[{"not_picked":["hexamod:GhostOfSpirePast","hexamod:NightmareStrike"],"picked":"hexamod:GhostShield","floor":2.0},{"not_picked":["hexamod:GhostShield","hexamod:PhantomFireball"],"picked":"hexamod:InspiringFlames","floor":3.0},{"not_picked":["hexamod:Rewind","hexamod:SpectersWail"],"picked":"hexamod:PhantomCloak","floor":5.0},{"not_picked":["hexamod:RetreatToShadows","hexamod:BacktrackSmack"],"picked":"hexamod:Hexaguard","floor":6.0},{"not_picked":["hexamod:NightmareGuise","hexamod:SwordOfDarkness"],"picked":"hexamod:HauntingEcho","floor":7.0},{"not_picked":["hexamod:InspiringFlames","hexamod:SuperheatedStrike"],"picked":"hexamod:RadiantFlame","floor":8.0},{"not_picked":["hexamod:ParanormalForm","hexamod:RainOfEmbers"],"picked":"hexamod:FastForward","floor":10.0},{"not_picked":["hexamod:ThermalTransfer","hexamod:Firestarter","hexamod:HauntingEcho"],"picked":"SKIP","floor":12.0},{"not_picked":["hexamod:SpectralSpark","hexamod:FlamesFromBeyond"],"picked":"hexamod:GhostShield","floor":14.0},{"not_picked":["hexamod:HauntingEcho","hexamod:GhostflameInferno"],"picked":"hexamod:SuperheatedStrike","floor":14.0},{"not_picked":["hexamod:NightmareGuise","hexamod:GhostLash","hexamod:GhostOfSpirePast"],"picked":"SKIP","floor":15.0},{"not_picked":["hexamod:ShieldOfDarkness","hexamod:SpectralAdrenaline","hexamod:Again"],"picked":"SKIP","floor":15.0},{"not_picked":["hexamod:FlameSwitch","hexamod:SearingWound"],"picked":"hexamod:FifthSeal","floor":16.0},{"not_picked":["hexamod:SearingWound","hexamod:FifthSeal"],"picked":"hexamod:WildfireWeapon","floor":16.0},{"not_picked":["hexamod:FourthSeal","hexamod:ThirdSeal"],"picked":"hexamod:SixthSeal","floor":19.0},{"not_picked":["hexamod:SuperheatedStrike","hexamod:InspiringFlames"],"picked":"hexamod:RecurringNightmare","floor":19.0},{"not_picked":["hexamod:GhostOfSpireFuture","hexamod:SpectralSpark"],"picked":"hexamod:Hexaguard+1","floor":20.0},{"not_picked":["hexamod:NightmareStrike","hexamod:ShieldOfDarkness","hexamod:BacktrackSmack"],"picked":"SKIP","floor":21.0},{"not_picked":["hexamod:UnleashSpirits","hexamod:FlamesFromBeyond+1"],"picked":"hexamod:GhostOfSpireFuture","floor":23.0},{"not_picked":["hexamod:RetreatToShadows","hexamod:NightmareStrike+1"],"picked":"hexamod:ThermalTransfer","floor":25.0},{"not_picked":["hexamod:HeatShield","hexamod:GhostLash"],"picked":"hexamod:RadiantFlame","floor":26.0},{"not_picked":["hexamod:ThermalTransfer","hexamod:Hexaguard"],"picked":"hexamod:InspiringFlames","floor":28.0},{"not_picked":["hexamod:BurningTouch","hexamod:HauntingEcho"],"picked":"hexamod:EmpoweredFlame","floor":29.0},{"not_picked":["hexamod:HeatCrush","hexamod:AdvancingGuard","hexamod:HauntingEcho"],"picked":"SKIP","floor":31.0},{"not_picked":["hexamod:NightmareGuise","hexamod:Hexaguard","hexamod:Again+1"],"picked":"SKIP","floor":32.0},{"not_picked":["hexamod:TurnItUp","hexamod:ParanormalForm"],"picked":"hexamod:FlameSwitch","floor":33.0},{"not_picked":["hexamod:HauntingEcho+1","hexamod:Haunt"],"picked":"hexamod:EtherealExpedition","floor":36.0},{"not_picked":["hexamod:FlamesFromBeyond","hexamod:SpectralSpark+1"],"picked":"hexamod:CatchUp","floor":37.0},{"not_picked":["hexamod:NightmareGuise","hexamod:PhantomFireball+1"],"picked":"hexamod:ApocalypseNow","floor":38.0},{"not_picked":["expansioncontent:PolyBeam","expansioncontent:HyperBeam"],"picked":"expansioncontent:Chronoboost","floor":39.0},{"not_picked":["expansioncontent:LastStand","expansioncontent:PolyBeam"],"picked":"expansioncontent:PrepareCrush","floor":39.0},{"not_picked":["expansioncontent:HyperBeam","expansioncontent:LastStand"],"picked":"expansioncontent:InvincibleStrength","floor":39.0},{"not_picked":["hexamod:SuperheatedStrike+1","hexamod:DynamicBlow+1","hexamod:GhostOfSpirePast+1"],"picked":"SKIP","floor":40},{"not_picked":["hexamod:ThirdSeal","hexamod:SwordOfDarkness"],"picked":"hexamod:CatchUp+1","floor":42},{"not_picked":["hexamod:Firestarter+1","hexamod:NightmareStrike","hexamod:HeatMetal+1"],"picked":"SKIP","floor":44},{"not_picked":["hexamod:SwordOfDarkness","hexamod:Rewind+1"],"picked":"hexamod:FastForward+1","floor":45},{"not_picked":["hexamod:HeatMetal+1","hexamod:SpectersWail+1"],"picked":"hexamod:RadiantFlame+1","floor":48},{"not_picked":["hexamod:PhantomCloak","hexamod:BurningTouch+1","hexamod:FlamesFromBeyond"],"picked":"SKIP","floor":49},{"not_picked":["hexamod:ThermalTransfer","hexamod:DynamicBlow+1"],"picked":"hexamod:TimeWarp","floor":52}],"player_experience":2231412,"relics_obtained":[{"floor":6.0,"key":"Torii"},{"floor":7.0,"key":"Happy Flower"},{"floor":24.0,"key":"Smiling Mask"},{"floor":29.0,"key":"War Paint"},{"floor":31.0,"key":"StoneCalendar"},{"floor":42,"key":"InkBottle"},{"floor":45,"key":"Orichalcum"},{"floor":48,"key":"Nunchaku"},{"floor":52,"key":"Akabeko"}],"event_choices":[{"damage_healed":54,"gold_gain":0,"player_choice":"Full Heal","damage_taken":0,"max_hp_gain":0,"max_hp_loss":0,"event_name":"Wheel of Change","floor":46,"gold_loss":0}],"is_beta":false,"boss_relics":[{"not_picked":["Tiny House","SacredBark"],"picked":"bronze:MakeshiftBattery"},{"not_picked":["Philosopher\u0027s Stone","Calling Bell"],"picked":"hexamod:IceCube"}],"items_purged_floors":[14,40,40,53],"is_endless":false,"potions_floor_spawned":[6,8,10,12,16,19,25,28,33,36,42,45,48,49],"killed_by":"downfall:NeowBossFinal","ascension_level":2}}