{"host":"ynimr9ugvc6f046i","time":1612020116,"event":{"mods":["2.2 Compatiblity","BaseMod","Colored Map","DeckTracker","Highlight Path","Keyboard Shortcuts","Minty Spire (QoL Compilation)","Permanent Neow","Quick Restart","StSLib","SuperFastMode"],"gold_per_floor":[118,35,46,59,59,78,78,104,150,167,167,181,181,21,21,21,21],"floor_reached":16,"language":"KOR","playtime":298,"items_purged":["Strike_G"],"score":184,"play_id":"102966e0-24cb-49b8-99b0-9aa02b0113f3","local_time":"20210131002156","is_ascension_mode":true,"campfire_choices":[{"floor":11,"key":"REST"},{"data":"Reflex","floor":13,"key":"SMITH"},{"data":"Footwork","floor":15,"key":"SMITH"}],"circlet_count":0,"master_deck":["AscendersBane","Strike_G","Strike_G","Strike_G","Defend_G","Defend_G","Defend_G","Defend_G","Defend_G","Survivor","Neutralize","Reflex+1","Blade Dance","Dagger Spray","Footwork+1"],"relics":["Ring of the Snake","Potion Belt","Snake Skull","Odd Mushroom","Bag of Marbles"],"acts_visited":["Exordium"],"potions_floor_usage":[8,16],"damage_taken":[{"damage":0.0,"enemies":"2 Louse","floor":1.0,"turns":3.0},{"damage":11.0,"enemies":"Cultist","floor":3.0,"turns":5.0},{"damage":9.0,"enemies":"Small Slimes","floor":4.0,"turns":3.0},{"damage":14,"enemies":"Gremlin Gang","floor":6,"turns":5},{"damage":6,"enemies":"The Mushroom Lair","floor":8,"turns":4},{"damage":0,"enemies":"Looter","floor":10,"turns":2},{"damage":16,"enemies":"Large Slime","floor":12,"turns":7},{"damage":13,"enemies":"The Guardian","floor":16,"turns":4}],"seed_played":"-1884112705165219563","potions_obtained":[{"floor":4.0,"key":"Ancient Potion"},{"floor":6,"key":"Fire Potion"},{"floor":12,"key":"Strength Potion"}],"is_trial":false,"path_per_floor":["M","?","M","M","?","M","?","?","T","M","R","M","R","$","R","B"],"character_chosen":"THE_SILENT","items_purchased":["Footwork"],"campfire_rested":1,"item_purchase_floors":[14],"current_hp_per_floor":[59,59,48,39,39,30,12,6,6,6,25,9,9,9,9,0,0],"gold":21,"neow_bonus":"REMOVE_CARD","is_daily":false,"chose_seed":false,"campfire_upgraded":2,"win_rate":0.0,"timestamp":1612020116,"path_taken":["M","?","M","?","?","M","?","?","T","M","R","M","R","$","R","BOSS"],"items_purchased_type":["Card"],"build_version":"2020-12-22","purchased_purges":1,"victory":false,"max_hp_per_floor":[66,66,66,66,66,66,66,66,66,66,66,66,66,66,66,66,66],"card_choices":[{"not_picked":["Cloak And Dagger","Slice"],"picked":"Reflex","floor":1.0},{"not_picked":["Quick Slash","Setup"],"picked":"Blade Dance","floor":3.0},{"not_picked":["Poisoned Stab","Sucker Punch","Leg Sweep"],"picked":"SKIP","floor":4.0},{"not_picked":["Slice","PiercingWail"],"picked":"Dagger Spray","floor":6},{"not_picked":["Dagger Spray","Dagger Throw","Deflect"],"picked":"SKIP","floor":10},{"not_picked":["Dagger Spray","Acrobatics","Underhanded Strike"],"picked":"SKIP","floor":12}],"player_experience":546476,"relics_obtained":[{"floor":8,"key":"Odd Mushroom"},{"floor":9,"key":"Bag of Marbles"}],"event_choices":[{"damage_healed":0.0,"max_hp_gain":0.0,"max_hp_loss":0.0,"gold_gain":0.0,"event_name":"WeMeetAgain","player_choice":"Paid Gold","floor":2.0,"gold_loss":83.0,"damage_taken":0.0,"relics_obtained":["Potion Belt"]},{"damage_healed":0.0,"max_hp_gain":0.0,"max_hp_loss":0.0,"gold_gain":0.0,"event_name":"Liars Game","player_choice":"Ignored","floor":5.0,"gold_loss":0.0,"damage_taken":0.0},{"damage_healed":0,"gold_gain":0,"player_choice":"Success","damage_taken":18,"relics_obtained":["Snake Skull"],"max_hp_gain":0,"max_hp_loss":0,"event_name":"Scrap Ooze","floor":7,"gold_loss":0},{"damage_healed":0,"gold_gain":0,"player_choice":"Fought Mushrooms","damage_taken":0,"max_hp_gain":0,"max_hp_loss":0,"event_name":"Mushrooms","floor":8,"gold_loss":0}],"is_beta":false,"boss_relics":[],"items_purged_floors":[14],"is_endless":false,"potions_floor_spawned":[4,6,12],"killed_by":"The Guardian","ascension_level":20}}