{"host":"08t08ld674si40tv","time":1612024861,"event":{"mods":["AchievementEnabler","BaseMod","Colored Map","Minty Spire (QoL Compilation)","StSLib","SuperFastMode"],"gold_per_floor":[114,114,72,82,82,82,110,122,187,228,260,156,172,185,185,257,257,267,182,182,196,96,129,129,160,183,209,209,219,219,230,230,304,304,320,320,320,338,55,55,80,80,80,113,130,130,156,175,175,175,175],"floor_reached":50,"language":"KOR","playtime":1498,"items_purged":["Strike_G","Storm of Steel","Deadly Poison"],"score":1417,"play_id":"4e48e74a-a705-4d68-a21c-1b455aa13d72","local_time":"20210131014101","is_ascension_mode":true,"campfire_choices":[{"data":"Bouncing Flask","floor":6,"key":"SMITH"},{"data":"Catalyst","floor":8,"key":"SMITH"},{"data":"Noxious Fumes","floor":15,"key":"SMITH"},{"floor":28,"key":"REST"},{"data":"Burst","floor":30,"key":"SMITH"},{"floor":32,"key":"DIG"},{"data":"Crippling Poison","floor":40,"key":"SMITH"},{"floor":42,"key":"REST"},{"floor":46,"key":"DIG"},{"floor":49,"key":"RECALL"}],"circlet_count":0,"master_deck":["AscendersBane","Survivor","Neutralize","Doppelganger+1","Malaise+1","Die Die Die+1","Blur","Bouncing Flask+1","Crippling Poison+1","Catalyst+1","Acrobatics","Noxious Fumes+1","PiercingWail+1","Adrenaline+1","Underhanded Strike","Noxious Fumes","Burst+1","Dodge and Roll","Skewer","Backflip"],"relics":["Ring of the Snake","Chemical X","MawBank","Strawberry","Du-Vu Doll","Pandora\u0027s Box","Molten Egg 2","Ninja Scroll","CultistMask","War Paint","Shovel","Pear","Black Star","Snake Skull","Akabeko","Omamori","White Beast Statue","Vajra","Happy Flower","Incense Burner","Bottled Flame","Boot"],"acts_visited":["Exordium","TheCity","TheBeyond"],"potions_floor_usage":[16,25,27,33,33,47,47,50,50],"damage_taken":[{"damage":0,"enemies":"Small Slimes","floor":1,"turns":3},{"damage":0,"enemies":"Cultist","floor":4,"turns":3},{"damage":20,"enemies":"Gremlin Nob","floor":7,"turns":4},{"damage":10,"enemies":"3 Sentries","floor":10,"turns":7},{"damage":0,"enemies":"2 Louse","floor":11,"turns":1},{"damage":7,"enemies":"Large Slime","floor":13,"turns":4},{"damage":5,"enemies":"2 Fungi Beasts","floor":14,"turns":3},{"damage":0,"enemies":"Hexaghost","floor":16,"turns":6},{"damage":8,"enemies":"3 Byrds","floor":18,"turns":3},{"damage":0,"enemies":"Spheric Guardian","floor":21,"turns":2},{"damage":4,"enemies":"Gremlin Leader","floor":23,"turns":4},{"damage":11,"enemies":"Slavers","floor":25,"turns":4},{"damage":11,"enemies":"Book of Stabbing","floor":27,"turns":5},{"damage":0,"enemies":"Snake Plant","floor":29,"turns":3},{"damage":0,"enemies":"Centurion and Healer","floor":31,"turns":3},{"damage":34,"enemies":"Automaton","floor":33,"turns":7},{"damage":0,"enemies":"3 Shapes","floor":35,"turns":4},{"damage":23,"enemies":"3 Darklings","floor":38,"turns":3},{"damage":50,"enemies":"Reptomancer","floor":41,"turns":3},{"damage":0,"enemies":"Giant Head","floor":44,"turns":4},{"damage":16,"enemies":"Jaw Worm Horde","floor":45,"turns":3},{"damage":16,"enemies":"Reptomancer","floor":47,"turns":3},{"damage":2,"enemies":"Spire Growth","floor":48,"turns":3},{"damage":15,"enemies":"Time Eater","floor":50,"turns":3}],"seed_played":"8538493542802415653","potions_obtained":[{"floor":10,"key":"Block Potion"},{"floor":14,"key":"BlessingOfTheForge"},{"floor":25,"key":"EssenceOfSteel"},{"floor":27,"key":"SkillPotion"},{"floor":29,"key":"Dexterity Potion"},{"floor":38,"key":"Weak Potion"},{"floor":44,"key":"SpeedPotion"},{"floor":47,"key":"BlessingOfTheForge"},{"floor":48,"key":"AttackPotion"}],"is_trial":false,"path_per_floor":["M","?","$","M","?","R","E","R","T","E","M","$","M","M","R","B",null,"M","?","?","M","$","E","?","E","T","E","R","M","R","M","R","B",null,"M","?","?","M","$","R","E","R","T","E","M","R","E","M","R","B"],"character_chosen":"THE_SILENT","items_purchased":["Crippling Poison","Noxious Fumes","Snake Skull"],"campfire_rested":2,"item_purchase_floors":[3,12,39],"current_hp_per_floor":[59,59,59,59,64,64,44,44,51,41,41,41,34,29,29,29,61,53,53,33,33,33,29,29,18,18,7,30,30,30,30,40,6,67,67,62,87,64,64,64,14,40,40,40,24,24,8,6,6,0,0],"gold":175,"neow_bonus":"TRANSFORM_TWO_CARDS","is_daily":false,"chose_seed":false,"campfire_upgraded":5,"win_rate":0.0,"timestamp":1612024861,"path_taken":["M","?","?","M","?","R","E","R","T","E","M","$","M","M","R","BOSS","M","?","?","M","$","E","?","E","T","E","R","?","R","M","R","BOSS","M","?","?","?","?","R","E","R","T","E","?","R","E","M","R","BOSS"],"items_purchased_type":["Card","Card","Relic"],"build_version":"2020-12-22","purchased_purges":3,"victory":false,"max_hp_per_floor":[60,60,60,60,65,65,65,65,72,72,72,72,72,72,72,72,72,72,72,77,77,77,77,77,77,77,77,77,77,77,77,87,87,87,87,87,87,87,87,87,87,87,87,87,87,87,87,87,87,87,87],"card_choices":[{"not_picked":["Deadly Poison","Dodge and Roll"],"picked":"Bouncing Flask","floor":1},{"not_picked":["Blade Dance","PiercingWail","Sucker Punch"],"picked":"SKIP","floor":4},{"not_picked":["PiercingWail","Prepared"],"picked":"Catalyst","floor":7},{"not_picked":["Setup","Eviscerate","Unload"],"picked":"SKIP","floor":10},{"not_picked":["Slice","Poisoned Stab"],"picked":"Acrobatics","floor":11},{"not_picked":["Acrobatics","Setup"],"picked":"PiercingWail","floor":13},{"not_picked":["Dagger Throw","Cloak And Dagger","Riddle With Holes"],"picked":"SKIP","floor":14},{"not_picked":["Wraith Form v2","A Thousand Cuts"],"picked":"Adrenaline","floor":16},{"not_picked":["Bane","Eviscerate","Masterful Stab"],"picked":"SKIP","floor":18},{"not_picked":["Leg Sweep","Backflip","Expertise"],"picked":"SKIP","floor":21},{"not_picked":["Cloak And Dagger+1","Deadly Poison","Blur"],"picked":"SKIP","floor":23},{"not_picked":["Slice+1","Terror"],"picked":"Backflip","floor":25},{"not_picked":["Envenom","Slice+1","Bane+1"],"picked":"SKIP","floor":27},{"not_picked":["Accuracy","Predator+1","Footwork"],"picked":"SKIP","floor":29},{"not_picked":["Blur","Cloak And Dagger","Accuracy+1"],"picked":"SKIP","floor":31},{"not_picked":["Slice+1","Dodge and Roll+1","Dagger Spray+1"],"picked":"SKIP","floor":35},{"not_picked":["Choke+1","PiercingWail","Dagger Throw+1"],"picked":"SKIP","floor":38},{"not_picked":["Predator+1","Blade Dance","Quick Slash+1"],"picked":"SKIP","floor":41},{"not_picked":["Night Terror","Acrobatics+1","Accuracy"],"picked":"SKIP","floor":44},{"not_picked":["Accuracy","Riddle With Holes+1","Blur"],"picked":"SKIP","floor":45},{"not_picked":["Outmaneuver+1","Terror","Skewer+1"],"picked":"SKIP","floor":47},{"not_picked":["Deflect","Poisoned Stab+1","Heel Hook+1"],"picked":"SKIP","floor":48}],"player_experience":277753,"relics_obtained":[{"floor":7,"key":"MawBank"},{"floor":9,"key":"Strawberry"},{"floor":10,"key":"Du-Vu Doll"},{"floor":23,"key":"Ninja Scroll"},{"floor":25,"key":"War Paint"},{"floor":27,"key":"Shovel"},{"floor":32,"key":"Pear"},{"floor":41,"key":"Akabeko"},{"floor":41,"key":"Omamori"},{"floor":43,"key":"White Beast Statue"},{"floor":44,"key":"Vajra"},{"floor":44,"key":"Happy Flower"},{"floor":46,"key":"Incense Burner"},{"floor":47,"key":"Bottled Flame"},{"floor":47,"key":"Boot"}],"event_choices":[{"damage_healed":0,"gold_gain":0,"player_choice":"Upgraded","damage_taken":0,"max_hp_gain":0,"max_hp_loss":0,"event_name":"Upgrade Shrine","floor":2,"gold_loss":0,"cards_upgraded":["Die Die Die"]},{"damage_healed":0,"gold_gain":0,"player_choice":"Donut","damage_taken":0,"max_hp_gain":5,"max_hp_loss":0,"event_name":"Big Fish","floor":5,"gold_loss":0},{"damage_healed":0,"gold_gain":0,"player_choice":"Obtained Relic","damage_taken":0,"relics_obtained":["Molten Egg 2"],"max_hp_gain":0,"max_hp_loss":0,"event_name":"Addict","floor":19,"gold_loss":85},{"damage_healed":0,"gold_gain":0,"player_choice":"Shed Blood","damage_taken":25,"max_hp_gain":5,"max_hp_loss":0,"event_name":"Forgotten Altar","floor":20,"gold_loss":0},{"damage_healed":0,"gold_gain":0,"player_choice":"Trade","damage_taken":0,"relics_obtained":["CultistMask"],"max_hp_gain":0,"max_hp_loss":0,"event_name":"FaceTrader","floor":24,"gold_loss":0},{"damage_healed":0,"gold_gain":0,"player_choice":"Memory 2","damage_taken":5,"max_hp_gain":0,"max_hp_loss":0,"event_name":"SensoryStone","floor":36,"gold_loss":0},{"damage_healed":25,"gold_gain":0,"player_choice":"Full Heal","damage_taken":0,"max_hp_gain":0,"max_hp_loss":0,"event_name":"Wheel of Change","floor":37,"gold_loss":0}],"is_beta":false,"boss_relics":[{"not_picked":["Cursed Key","Coffee Dripper"],"picked":"Pandora\u0027s Box"},{"not_picked":["Runic Pyramid","Runic Dome"],"picked":"Black Star"}],"items_purged_floors":[12,22,39],"is_endless":false,"potions_floor_spawned":[10,14,25,27,29,38,44,45,47,48],"killed_by":"Time Eater","ascension_level":20}}