{"host":"8fuipfsvjht9cgcs","time":1612046425,"event":{"mods":["AchievementEnabler","BaseMod","Colored Map","Colored Powertips","DeckTracker","Friendly Minions","Kiyohime£¨?ýï£©","Marisa£¨Ùöéë¡¡Øª×âÞÞ£©","Minty Spire (QoL Compilation)","Prisma Mod","StSLib","SuperFastMode","The Cursed","The Gatherer"],"gold_per_floor":[114,132,57,74,87,87,118,118,145,145,145,163,163,182,182,276,276,246,246],"floor_reached":18,"language":"KOR","playtime":585,"items_purged":["Strike_R"],"score":284,"play_id":"1aa14654-4e3b-4502-ab39-aeeabad444bd","local_time":"20210131114025","is_ascension_mode":true,"campfire_choices":[{"data":"Shrug It Off","floor":6,"key":"SMITH"},{"data":"Pommel Strike","floor":8,"key":"SMITH"},{"data":"Second Wind","floor":10,"key":"SMITH"},{"floor":15,"key":"REST"}],"circlet_count":0,"master_deck":["AscendersBane","Strike_R","Strike_R","Strike_R","Defend_R","Defend_R","Defend_R","Bash","Second Wind+1","Fire Breathing","Inflame","Pommel Strike+1","Shrug It Off+1","Barricade"],"relics":["Burning Blood","Tiny Chest","Juzu Bracelet","FaceOfCleric","Golden Idol","Mark of Pain"],"acts_visited":["Exordium","TheCity"],"potions_floor_usage":[14,16],"damage_taken":[{"damage":6,"enemies":"Cultist","floor":1,"turns":4},{"damage":3,"enemies":"2 Louse","floor":2,"turns":3},{"damage":10,"enemies":"Small Slimes","floor":4,"turns":4},{"damage":3,"enemies":"2 Fungi Beasts","floor":5,"turns":4},{"damage":49,"enemies":"Gremlin Nob","floor":7,"turns":5},{"damage":11,"enemies":"Looter","floor":12,"turns":3},{"damage":16,"enemies":"3 Louse","floor":14,"turns":5},{"damage":41,"enemies":"Hexaghost","floor":16,"turns":12},{"damage":8,"enemies":"2 Thieves","floor":18,"turns":2}],"seed_played":"-1970848822128944117","potions_obtained":[{"floor":1,"key":"Regen Potion"},{"floor":4,"key":"LiquidMemories"}],"is_trial":false,"path_per_floor":["M","M","$","M","M","R","E","R","T","R","?","M","?","M","R","B",null,"M"],"character_chosen":"IRONCLAD","items_purchased":[],"campfire_rested":1,"item_purchase_floors":[],"current_hp_per_floor":[68,68,68,64,67,67,24,24,24,24,24,20,20,11,30,11,52,44,44],"gold":246,"neow_bonus":"TRANSFORM_TWO_CARDS","is_daily":false,"chose_seed":false,"campfire_upgraded":3,"win_rate":0.0,"timestamp":1612046425,"path_taken":["M","M","$","M","M","R","E","R","T","R","?","M","?","M","R","BOSS","M"],"items_purchased_type":[],"build_version":"2020-12-22","purchased_purges":1,"victory":false,"max_hp_per_floor":[68,68,68,68,68,68,68,68,68,68,68,69,63,64,64,65,65,65,65],"card_choices":[{"not_picked":["Reckless Charge","Flame Barrier"],"picked":"Inflame","floor":1},{"not_picked":["Iron Wave","Ghostly Armor"],"picked":"Pommel Strike","floor":2},{"not_picked":["Perfected Strike","Thunderclap"],"picked":"Shrug It Off","floor":4},{"not_picked":["Cleave","Sword Boomerang","Heavy Blade"],"picked":"SKIP","floor":5},{"not_picked":["Clothesline","Perfected Strike","Bloodletting"],"picked":"SKIP","floor":7},{"not_picked":["Heavy Blade","Ghostly Armor","Shrug It Off"],"picked":"SKIP","floor":12},{"not_picked":["Thunderclap","Infernal Blade","Seeing Red"],"picked":"SKIP","floor":14},{"not_picked":["Demon Form","Exhume"],"picked":"Barricade","floor":16}],"player_experience":469660,"relics_obtained":[{"floor":7,"key":"Tiny Chest"},{"floor":9,"key":"Juzu Bracelet"}],"event_choices":[{"damage_healed":0,"gold_gain":0,"player_choice":"Trade","damage_taken":0,"relics_obtained":["FaceOfCleric"],"max_hp_gain":0,"max_hp_loss":0,"event_name":"FaceTrader","floor":11,"gold_loss":0},{"damage_healed":0,"gold_gain":0,"player_choice":"Lose Max HP","damage_taken":0,"relics_obtained":["Golden Idol"],"max_hp_gain":0,"max_hp_loss":6,"event_name":"Golden Idol","floor":13,"gold_loss":0}],"is_beta":false,"boss_relics":[{"not_picked":["Philosopher\u0027s Stone","Ectoplasm"],"picked":"Mark of Pain"}],"items_purged_floors":[3],"is_endless":false,"potions_floor_spawned":[1,4,5],"killed_by":"2 Thieves","ascension_level":15}}