{"host":"wbdly04l9mkn9nrc","time":1612001110,"event":{"mods":["AchievementEnabler","BaseMod","BetterRewards","Minty Spire (QoL Compilation)","Replay The Spire","StSLib","[IsaacMod]ÒÔÈö¼âËþ"],"gold_per_floor":[110,125,125,143,123,123,150,173,185,197,234,246,272,313,325,434,446,477,501,268,279,34,34,69,80,80,80,90,100,100,25,25,120,120,132,144,164,17,17,17,42,93,167,201,130,145,171,0,0,0],"floor_reached":51,"language":"ZHS","playtime":3022,"items_purged":["Shame"],"score":1495,"play_id":"36e9c146-3235-4b9f-a678-8cd3340ed407","local_time":"20210130180510","is_ascension_mode":true,"campfire_choices":[{"floor":6.0,"key":"REST"},{"data":"Storm","floor":12.0,"key":"SMITH"},{"data":"Amplify","floor":15.0,"key":"SMITH"},{"data":"Electrodynamics","floor":23.0,"key":"SMITH"},{"data":"Lockon","floor":30.0,"key":"SMITH"},{"data":"Coolheaded","floor":32.0,"key":"SMITH"},{"data":"ReplayRNGCard","floor":40.0,"key":"SMITH"},{"floor":49.0,"key":"REST"}],"circlet_count":0,"master_deck":["AscendersBane","Strike_B","Strike_B","Strike_B","Strike_B","Defend_B","Defend_B","Defend_B","Defend_B","Zap","Dualcast+1","Hello World+1","Barrage+1","Auto Shields","Coolheaded+1","Conserve Battery","Machine Learning+1","Storm+1","Amplify+1","Electrodynamics+1","Lockon+1","Leap","ReplayRNGCard+1","Cold Snap+1","Compile Driver+1","Core Surge","ReplayTheSpireMod:Omega Cannon","Chill","BasicCrystalCard+1","Melter","Streamline+1","Barrage+1"],"relics":["Cracked Core","HushsDoor","SatanicBible","Chemical X","Cables","Runic Capacitor","Lantern","MawBank","Centennial Puzzle","Mango","Counterbalance","Busted Crown","Matryoshka","Bottled Lightning","Strawberry","Bottled Flame","DeathBook","BookofShadows","Honey Jar","Bag of Preparation","Anchor","Replay:PocketPolymizer","Juzu Bracelet","TheBible","Replay:Mystery Machine","Pet Ghost","Red Mask"],"acts_visited":["Exordium","TheCity","TheBeyond"],"potions_floor_usage":[50],"damage_taken":[{"damage":12.0,"enemies":"Jaw Worm","floor":1.0,"turns":2.0},{"damage":1.0,"enemies":"Small Slimes","floor":2.0,"turns":2.0},{"damage":0.0,"enemies":"Cultist","floor":4.0,"turns":3.0},{"damage":0.0,"enemies":"Gremlin Nob","floor":7.0,"turns":3.0},{"damage":0.0,"enemies":"2 Fungi Beasts","floor":8.0,"turns":4.0},{"damage":0.0,"enemies":"3 Sentries","floor":11.0,"turns":2.0},{"damage":0.0,"enemies":"Gremlin Gang","floor":13.0,"turns":1.0},{"damage":0.0,"enemies":"Lagavulin","floor":14.0,"turns":3.0},{"damage":54.0,"enemies":"Fading Forest","floor":16.0,"turns":11.0},{"damage":15.0,"enemies":"Shell Parasite","floor":18.0,"turns":3.0},{"damage":8.0,"enemies":"3 Byrds","floor":19.0,"turns":3.0},{"damage":9.0,"enemies":"Snecko","floor":21.0,"turns":3.0},{"damage":0.0,"enemies":"Replay:Snechameleon","floor":24.0,"turns":2.0},{"damage":0.0,"enemies":"3 Cultists","floor":25.0,"turns":3.0},{"damage":0.0,"enemies":"Sentry and Sphere","floor":28.0,"turns":2.0},{"damage":0.0,"enemies":"Shelled Parasite and Fungi","floor":29.0,"turns":2.0},{"damage":5.0,"enemies":"Collector","floor":33.0,"turns":4.0},{"damage":0.0,"enemies":"Orb Walker","floor":35.0,"turns":1.0},{"damage":12.0,"enemies":"3 Darklings","floor":36.0,"turns":2.0},{"damage":0.0,"enemies":"Spire Growth","floor":37.0,"turns":2.0},{"damage":12.0,"enemies":"R_Hoarder","floor":41.0,"turns":5.0},{"damage":12.0,"enemies":"2 Orb Walkers","floor":42.0,"turns":2.0},{"damage":0.0,"enemies":"Nemesis","floor":44.0,"turns":3.0},{"damage":24.0,"enemies":"Maw","floor":46.0,"turns":3.0},{"damage":9.0,"enemies":"Giant Head","floor":47.0,"turns":4.0},{"damage":0,"enemies":"Donu and Deca","floor":50,"turns":4}],"seed_played":"-3367989242821494312","potions_obtained":[{"floor":5.0,"key":"SteroidPotion"},{"floor":7.0,"key":"SteroidPotion"},{"floor":11.0,"key":"Adrenaline Potion"},{"floor":18.0,"key":"Energy Potion"},{"floor":25.0,"key":"Swift Potion"},{"floor":33.0,"key":"AttackPotion"},{"floor":36.0,"key":"LiquidMemories"},{"floor":37.0,"key":"EntropicBrew"},{"floor":44.0,"key":"FairyPotion"},{"floor":47.0,"key":"Doom Potion"}],"is_trial":false,"path_per_floor":["M","M","?","M","?","R","E","M","T","?","E","R","M","E","R","B",null,"M","M","$","M","$","R","E","M","T","?","M","M","R","$","R","B",null,"M","M","M","$","?","R","E","?","T","E","$","M","E","?","R","B",null],"character_chosen":"DEFECT","items_purchased":["Chemical X","Hello World+1","Leap","Cables","Barrage+1","Runic Capacitor","Lantern","Matryoshka","Bottled Lightning","Bag of Preparation","Melter"],"campfire_rested":2,"item_purchase_floors":[0,0,0,0,0,0,0,20,22,38,45],"current_hp_per_floor":[21,20,20,20,20,42,42,42,42,42,56,56,56,56,56,2,67,52,44,44,35,35,35,42,42,42,42,42,42,42,42,42,37,81,81,69,69,69,69,69,57,45,45,45,45,21,12,12,40,40],"gold":0,"neow_bonus":"","is_daily":false,"chose_seed":false,"campfire_upgraded":6,"win_rate":0.0,"timestamp":1612001110,"path_taken":["M","M","?","?","?","R","E","M","T","?","E","R","M","E","R","BOSS","M","M","$","M","$","R","E","?","T","?","?","?","R","$","R","BOSS","M","M","?","$","?","R","E","?","T","E","?","M","E","?","R","BOSS"],"items_purchased_type":["Relic","Card","Card","Relic","Card","Relic","Relic","Relic","Relic","Relic","Card"],"build_version":"2020-12-22","purchased_purges":1,"victory":true,"max_hp_per_floor":[75,75,75,75,75,75,75,75,75,75,89,89,89,89,89,89,89,89,89,89,89,89,89,96,96,96,96,96,96,96,96,96,96,96,96,96,96,96,96,96,96,96,96,96,96,96,96,96,96,96],"card_choices":[{"not_picked":["Recycle","Steam","Leap"],"picked":"SKIP","floor":1.0},{"not_picked":["Panic Button","Steam Power"],"picked":"Auto Shields","floor":2.0},{"not_picked":["Sweeping Beam","Heatsinks"],"picked":"Coolheaded","floor":4.0},{"not_picked":["Steam Power","Undo"],"picked":"Conserve Battery","floor":7.0},{"not_picked":["ReplayTheSpireMod:System Scan","Chaos","Cancel"],"picked":"SKIP","floor":8.0},{"not_picked":["ReplayTheSpireMod:Repulse","Rebound"],"picked":"Storm","floor":11.0},{"not_picked":["Genetic Algorithm","Conserve Battery","Go for the Eyes"],"picked":"SKIP","floor":13.0},{"not_picked":["Beam Cell","BootSequence"],"picked":"Amplify","floor":14.0},{"not_picked":["Biased Cognition","Echo Form"],"picked":"Electrodynamics","floor":16.0},{"not_picked":["BasicCrystalCard"],"picked":"SKIP","floor":18.0},{"not_picked":[],"picked":"Lockon","floor":19.0},{"not_picked":["Coolheaded"],"picked":"SKIP","floor":21.0},{"not_picked":["Gash"],"picked":"SKIP","floor":24.0},{"not_picked":["Rebound"],"picked":"SKIP","floor":25.0},{"not_picked":[],"picked":"Leap","floor":28.0},{"not_picked":["Coolheaded"],"picked":"SKIP","floor":29.0},{"not_picked":[],"picked":"ReplayRNGCard","floor":33.0},{"not_picked":["Go for the Eyes+1"],"picked":"Cold Snap+1","floor":35.0},{"not_picked":["Go for the Eyes"],"picked":"Compile Driver+1","floor":36.0},{"not_picked":["BasicCrystalCard"],"picked":"Core Surge","floor":37.0},{"not_picked":["Steam+1"],"picked":"ReplayTheSpireMod:Omega Cannon","floor":41.0},{"not_picked":["Glacier+1"],"picked":"Chill","floor":42.0},{"not_picked":["Undo"],"picked":"BasicCrystalCard+1","floor":44.0},{"not_picked":["Compile Driver"],"picked":"Streamline+1","floor":46.0},{"not_picked":["Rebound+1"],"picked":"Barrage+1","floor":47.0}],"player_experience":279062,"relics_obtained":[{"floor":7.0,"key":"MawBank"},{"floor":9.0,"key":"Centennial Puzzle"},{"floor":11.0,"key":"Mango"},{"floor":14.0,"key":"Counterbalance"},{"floor":24.0,"key":"Strawberry"},{"floor":26.0,"key":"Bottled Flame"},{"floor":26.0,"key":"DeathBook"},{"floor":41.0,"key":"Anchor"},{"floor":42.0,"key":"Replay:PocketPolymizer"},{"floor":43.0,"key":"Juzu Bracelet"},{"floor":43.0,"key":"TheBible"},{"floor":44.0,"key":"Replay:Mystery Machine"},{"floor":47.0,"key":"Pet Ghost"}],"event_choices":[{"damage_healed":0.0,"max_hp_gain":0.0,"max_hp_loss":0.0,"gold_gain":0.0,"event_name":"The Woman in Blue","player_choice":"Bought 1 Potion","floor":5.0,"gold_loss":0.0,"damage_taken":0.0},{"damage_healed":0.0,"max_hp_gain":0.0,"max_hp_loss":0.0,"gold_gain":0.0,"event_name":"Addict","player_choice":"Stole Relic","floor":27.0,"gold_loss":0.0,"damage_taken":0.0,"relics_obtained":["BookofShadows"],"cards_obtained":["Shame"]},{"damage_healed":0.0,"max_hp_gain":0.0,"max_hp_loss":0.0,"gold_gain":0.0,"event_name":"Mysterious Sphere","player_choice":"Fight","floor":42.0,"gold_loss":0.0,"damage_taken":0.0},{"damage_healed":0.0,"max_hp_gain":0.0,"max_hp_loss":0.0,"gold_gain":0.0,"event_name":"Tomb of Lord Red Mask","player_choice":"Paid","floor":48.0,"gold_loss":171.0,"damage_taken":0.0,"relics_obtained":["Red Mask"]}],"is_beta":false,"boss_relics":[{"not_picked":["Replay:Wanted Poster","Painkiller Herb"],"picked":"Busted Crown"},{"not_picked":[]},{"not_picked":["Velvet Choker","Ring of Chaos"],"picked":"Honey Jar"},{"not_picked":[]}],"items_purged_floors":[31],"is_endless":false,"potions_floor_spawned":[7,11,14,18,19,25,29,33,36,37,44,47],"ascension_level":11}}