{"host":"sc0o2qwpf9j16a4i","time":1612008413,"event":{"mods":["AchievementEnabler","BaseMod","BetterRewards","Block Reminder","Colored Map","Colored Powertips","Custom Start","Highlight Path","Minty Spire (QoL Compilation)","Relic Stats"],"gold_per_floor":[117,117,117,137,13,13,88,113,113,138,156,184,194,207,207,304,304,320,320,320,354,364,394,394,410,437,437,437,455,471,498,498,603,603,623,640,686,697,697,723,742,742,742,136,163,163,385,403,403,403],"floor_reached":51,"language":"ENG","playtime":1890,"items_purged":["Decay"],"score":1010,"play_id":"3f9ce8d4-f6f6-4ab5-97bf-b73e3af27776","local_time":"20210130140653","daily_mods":["Cursed Run","Time Dilation","Binary"],"is_ascension_mode":false,"campfire_choices":[{"data":"Rip and Tear","floor":6,"key":"SMITH"},{"floor":15,"key":"DIG"},{"floor":24,"key":"DIG"},{"floor":27,"key":"DIG"},{"floor":32,"key":"DIG"},{"floor":42,"key":"REST"},{"floor":49,"key":"DIG"}],"circlet_count":0,"master_deck":["Strike_B","Strike_B","Strike_B","Defend_B","Defend_B","Defend_B","Defend_B","Zap","Dualcast","Genetic Algorithm","Rip and Tear+1","Undo","Chill","Writhe","Compile Driver","Lockon","Cold Snap","Decay","Meteor Strike","Coolheaded+1","Glacier","Defragment","Ball Lightning+1","Hologram+1","Doubt","Reinforced Body","Hologram+1","Aggregate","All For One","White Noise+1","Stack+1","Heatsinks+1","Leap+1","Self Repair+1","Defragment","Doom and Gloom","Double Energy","Injury","Jack Of All Trades","Mayhem","The Bomb","Multi-Cast","Normality"],"relics":["Cursed Key","Darkstone Periapt","Du-Vu Doll","Shovel","Gremlin Horn","Strawberry","Orichalcum","Potion Belt","Snecko Eye","Red Mask","Boot","Lantern","Bag of Preparation","Nloth\u0027s Gift","Omamori","Girya","SlaversCollar","Incense Burner","Vajra","Symbiotic Virus","OrangePellets","Centennial Puzzle","Toy Ornithopter","Happy Flower"],"acts_visited":["Exordium","TheCity","TheBeyond"],"potions_floor_usage":[10,12,21,21,23,23,31,37,37,38,40,41,50,50,50],"damage_taken":[{"damage":0,"enemies":"Small Slimes","floor":1,"turns":3},{"damage":5,"enemies":"2 Louse","floor":4,"turns":3},{"damage":8,"enemies":"Lagavulin","floor":8,"turns":5},{"damage":0,"enemies":"Gremlin Nob","floor":10,"turns":2},{"damage":0,"enemies":"Cultist","floor":11,"turns":3},{"damage":5,"enemies":"Lagavulin","floor":12,"turns":6},{"damage":4,"enemies":"Exordium Thugs","floor":13,"turns":3},{"damage":0,"enemies":"Blue Slaver","floor":14,"turns":2},{"damage":9,"enemies":"The Guardian","floor":16,"turns":10},{"damage":0,"enemies":"Chosen","floor":18,"turns":3},{"damage":0,"enemies":"Masked Bandits","floor":21,"turns":2},{"damage":0,"enemies":"Shell Parasite","floor":22,"turns":4},{"damage":7,"enemies":"Slavers","floor":23,"turns":3},{"damage":0,"enemies":"Sentry and Sphere","floor":25,"turns":3},{"damage":0,"enemies":"3 Cultists","floor":29,"turns":3},{"damage":0,"enemies":"Centurion and Healer","floor":30,"turns":3},{"damage":0,"enemies":"Gremlin Leader","floor":31,"turns":3},{"damage":10,"enemies":"Collector","floor":33,"turns":8},{"damage":0,"enemies":"Orb Walker","floor":35,"turns":3},{"damage":1,"enemies":"3 Shapes","floor":36,"turns":2},{"damage":58,"enemies":"2 Orb Walkers","floor":37,"turns":8},{"damage":39,"enemies":"Sphere and 2 Shapes","floor":38,"turns":10},{"damage":9,"enemies":"Nemesis","floor":40,"turns":6},{"damage":0,"enemies":"4 Shapes","floor":41,"turns":1},{"damage":0,"enemies":"Writhing Mass","floor":48,"turns":4},{"damage":45,"enemies":"Time Eater","floor":50,"turns":10}],"seed_played":"2677075376927486219","potions_obtained":[{"floor":8,"key":"CultistPotion"},{"floor":10,"key":"SkillPotion"},{"floor":13,"key":"DistilledChaos"},{"floor":14,"key":"DistilledChaos"},{"floor":16,"key":"FearPotion"},{"floor":18,"key":"Dexterity Potion"},{"floor":23,"key":"Explosive Potion"},{"floor":30,"key":"Dexterity Potion"},{"floor":33,"key":"Regen Potion"},{"floor":36,"key":"Swift Potion"},{"floor":38,"key":"Fire Potion"},{"floor":40,"key":"Regen Potion"},{"floor":41,"key":"FearPotion"},{"floor":48,"key":"SpeedPotion"}],"is_trial":true,"path_per_floor":["M","?","?","M","$","R","?","E","T","E","M","E","M","M","R","B",null,"M","?","?","?","M","E","R","M","T","R","?","M","M","E","R","B",null,"M","M","?","M","?","E","M","R","T","$","T","?","?","M","R","B",null],"character_chosen":"DEFECT","items_purchased":["Undo","FearPotion","OrangePellets","Defragment","Centennial Puzzle","Doom and Gloom","Double Energy"],"campfire_rested":1,"item_purchase_floors":[5,5,44,44,44,44,44],"current_hp_per_floor":[75,75,81,76,76,76,65,57,63,70,70,65,61,61,61,58,100,100,100,80,80,80,73,73,73,79,79,79,79,79,79,79,69,111,111,110,52,28,28,19,29,62,62,62,68,58,58,68,68,54],"gold":403,"neow_bonus":"","is_daily":false,"chose_seed":false,"campfire_upgraded":1,"win_rate":0.0,"timestamp":1612008413,"path_taken":["M","?","?","?","?","R","?","E","T","E","M","E","M","M","R","BOSS","M","?","?","?","M","E","R","M","T","R","?","?","M","E","R","BOSS","M","M","?","M","?","E","M","R","T","$","?","?","?","M","R","BOSS"],"items_purchased_type":["Card","Potion","Relic","Card","Relic","Card","Card"],"build_version":"2020-12-22","purchased_purges":1,"victory":true,"max_hp_per_floor":[75,75,81,81,81,81,81,81,87,94,94,94,94,94,94,100,100,100,100,105,105,105,105,105,105,111,111,111,111,111,111,111,111,111,111,111,111,111,111,111,111,111,111,111,117,117,117,117,117,123],"relic_stats":{"Darkstone Periapt":36,"Gremlin Horn":[22,22],"Happy Flower":[3],"counters":[26,113],"Bag of Preparation":[24],"Orichalcum":[30],"Cursed Key":4,"Boot":[8],"OrangePellets":[6],"Centennial Puzzle":[3],"Shovel":5,"Snecko Eye":[108,116,116,99],"Nloth\u0027s Gift":1,"obtain_stats":[{"Darkstone Periapt":0,"Lantern":24,"Gremlin Horn":9,"Vajra":40,"Bag of Preparation":26,"Incense Burner":37,"Cursed Key":0,"Boot":23,"Centennial Puzzle":44,"Shovel":8,"Strawberry":10,"Red Mask":21,"Potion Belt":15,"Girya":32,"Happy Flower":49,"Eternal Feather":27,"Omamori":31,"Orichalcum":12,"Du-Vu Doll":0,"SlaversCollar":34,"OrangePellets":44,"Snecko Eye":17,"Nloth\u0027s Gift":28,"Symbiotic Virus":43,"Toy Ornithopter":45},{"Darkstone Periapt":0,"Lantern":13,"Gremlin Horn":3,"Vajra":23,"Bag of Preparation":14,"Incense Burner":21,"Cursed Key":0,"Boot":13,"Centennial Puzzle":24,"Shovel":3,"Strawberry":4,"Red Mask":11,"Potion Belt":8,"Girya":17,"Happy Flower":25,"Eternal Feather":14,"Omamori":17,"Orichalcum":6,"Du-Vu Doll":0,"SlaversCollar":18,"OrangePellets":24,"Snecko Eye":9,"Nloth\u0027s Gift":14,"Symbiotic Virus":24,"Toy Ornithopter":24},{"Darkstone Periapt":0,"Lantern":49,"Gremlin Horn":11,"Vajra":98,"Bag of Preparation":52,"Incense Burner":82,"Cursed Key":0,"Boot":49,"Centennial Puzzle":99,"Shovel":11,"Strawberry":13,"Red Mask":42,"Potion Belt":27,"Girya":61,"Happy Flower":103,"Eternal Feather":52,"Omamori":61,"Orichalcum":22,"Du-Vu Doll":0,"SlaversCollar":69,"OrangePellets":99,"Snecko Eye":37,"Nloth\u0027s Gift":52,"Symbiotic Virus":99,"Toy Ornithopter":99}],"Toy Ornithopter":15},"card_choices":[{"not_picked":["Coolheaded"],"picked":"Genetic Algorithm","floor":1},{"not_picked":["Hello World"],"picked":"Rip and Tear","floor":4},{"not_picked":["Doom and Gloom"],"picked":"Chill","floor":8},{"not_picked":["Consume"],"picked":"Compile Driver","floor":10},{"not_picked":["Beam Cell"],"picked":"Lockon","floor":11},{"not_picked":["Scrape","Beam Cell"],"picked":"SKIP","floor":12},{"not_picked":["Steam Power"],"picked":"Cold Snap","floor":13},{"not_picked":["Stack","Turbo"],"picked":"SKIP","floor":14},{"not_picked":["Machine Learning"],"picked":"Meteor Strike","floor":16},{"not_picked":["Leap"],"picked":"Coolheaded+1","floor":18},{"not_picked":["Leap"],"picked":"Defragment","floor":21},{"not_picked":["Coolheaded"],"picked":"Ball Lightning+1","floor":22},{"not_picked":["Turbo"],"picked":"Hologram+1","floor":23},{"not_picked":["FTL","Static Discharge"],"picked":"SKIP","floor":25},{"not_picked":["Blizzard+1"],"picked":"Reinforced Body","floor":29},{"not_picked":["Gash"],"picked":"Hologram+1","floor":30},{"not_picked":["Fission"],"picked":"Aggregate","floor":31},{"not_picked":["Meteor Strike"],"picked":"All For One","floor":33},{"not_picked":["Barrage+1"],"picked":"White Noise+1","floor":35},{"not_picked":["Undo+1"],"picked":"Stack+1","floor":36},{"not_picked":["Stack"],"picked":"Heatsinks+1","floor":37},{"not_picked":["Ball Lightning+1"],"picked":"Leap+1","floor":38},{"not_picked":["Coolheaded"],"picked":"Self Repair+1","floor":40},{"not_picked":["Cold Snap+1","Steam"],"picked":"SKIP","floor":41},{"not_picked":["Purity"],"picked":"Jack Of All Trades","floor":46},{"not_picked":["Finesse"],"picked":"Mayhem","floor":46},{"not_picked":["Swift Strike"],"picked":"The Bomb","floor":46},{"not_picked":["Static Discharge+1"],"picked":"Multi-Cast","floor":48}],"player_experience":1080950,"relics_obtained":[{"floor":8,"key":"Shovel"},{"floor":9,"key":"Gremlin Horn"},{"floor":10,"key":"Strawberry"},{"floor":12,"key":"Orichalcum"},{"floor":15,"key":"Potion Belt"},{"floor":21,"key":"Red Mask"},{"floor":23,"key":"Boot"},{"floor":24,"key":"Lantern"},{"floor":26,"key":"Bag of Preparation"},{"floor":27,"key":"Eternal Feather"},{"floor":31,"key":"Omamori"},{"floor":32,"key":"Girya"},{"floor":37,"key":"Incense Burner"},{"floor":40,"key":"Vajra"},{"floor":43,"key":"Symbiotic Virus"},{"floor":45,"key":"Toy Ornithopter"},{"floor":49,"key":"Happy Flower"}],"event_choices":[{"damage_healed":0,"gold_gain":0,"player_choice":"Ignored","damage_taken":0,"max_hp_gain":0,"max_hp_loss":0,"event_name":"Golden Wing","floor":2,"gold_loss":0},{"damage_healed":0,"gold_gain":0,"player_choice":"Cursed","damage_taken":0,"max_hp_gain":0,"max_hp_loss":0,"event_name":"Wheel of Change","floor":3,"gold_loss":0,"cards_obtained":["Decay"]},{"damage_healed":0,"gold_gain":75,"player_choice":"Gather Gold","damage_taken":11,"max_hp_gain":0,"max_hp_loss":0,"event_name":"World of Goop","floor":7,"gold_loss":0},{"damage_healed":0,"gold_gain":0,"player_choice":"Read","damage_taken":0,"max_hp_gain":0,"max_hp_loss":0,"event_name":"The Library","floor":19,"gold_loss":0,"cards_obtained":["Glacier"]},{"damage_healed":0,"gold_gain":0,"player_choice":"Shed Blood","damage_taken":25,"max_hp_gain":5,"max_hp_loss":0,"event_name":"Forgotten Altar","floor":20,"gold_loss":0},{"damage_healed":0,"gold_gain":0,"player_choice":"Fought Bandits","damage_taken":0,"max_hp_gain":0,"max_hp_loss":0,"event_name":"Masked Bandits","floor":21,"gold_loss":0},{"damage_healed":0,"gold_gain":0,"player_choice":"Traded Relic","damage_taken":0,"relics_obtained":["Nloth\u0027s Gift"],"max_hp_gain":0,"max_hp_loss":0,"event_name":"N\u0027loth","floor":28,"relics_lost":["Eternal Feather"],"gold_loss":0},{"damage_healed":0,"gold_gain":0,"player_choice":"Fight","damage_taken":0,"max_hp_gain":0,"max_hp_loss":0,"event_name":"Mysterious Sphere","floor":37,"gold_loss":0},{"cards_removed":["Strike_B"],"damage_healed":0,"gold_gain":0,"player_choice":"Removed Attack","damage_taken":0,"max_hp_gain":0,"max_hp_loss":0,"event_name":"Falling","floor":39,"gold_loss":0},{"damage_healed":0,"gold_gain":0,"player_choice":"Memory 3","damage_taken":10,"max_hp_gain":0,"max_hp_loss":0,"event_name":"SensoryStone","floor":46,"gold_loss":0},{"damage_healed":0,"gold_gain":222,"player_choice":"Wore Mask","damage_taken":0,"max_hp_gain":0,"max_hp_loss":0,"event_name":"Tomb of Lord Red Mask","floor":47,"gold_loss":0}],"is_beta":false,"boss_relics":[{"not_picked":["SacredBark","Astrolabe"],"picked":"Snecko Eye"},{"not_picked":["Philosopher\u0027s Stone","Runic Pyramid"],"picked":"SlaversCollar"}],"items_purged_floors":[44],"is_endless":false,"potions_floor_spawned":[8,10,13,14,16,18,23,30,33,36,38,40,41,48],"ascension_level":0}}