{"host":"8is2j71l4wmybkoi","time":1612017643,"event":{"mods":["AchievementEnabler","BaseMod","Colored Map","Minty Spire (QoL Compilation)","Rare Cards Sparkle","StSLib","SuperFastMode"],"gold_per_floor":[116,133,146,20,40,66,19,19,42,42,42,7,7,50,50,178,178,191,209,223,223,3,3,3,3],"floor_reached":24,"language":"KOR","playtime":825,"items_purged":[],"score":306,"play_id":"66738674-343f-4b8c-81ef-229a2da9899e","local_time":"20210130234043","is_ascension_mode":true,"campfire_choices":[{"data":"Flechettes","floor":8,"key":"SMITH"},{"floor":15,"key":"REST"},{"floor":23,"key":"REST"}],"circlet_count":0,"master_deck":["AscendersBane","Defend_G","Defend_G","Defend_G","Defend_G","Defend_G","Survivor","Neutralize","Flying Knee","Acrobatics","Quick Slash","Flechettes+1","Underhanded Strike","Prepared","Bane","Endless Agony","After Image","Riddle With Holes+1","Noxious Fumes+1","Masterful Stab+1","Grand Finale","Bane","Well Laid Plans","Apotheosis"],"relics":["Ring of the Snake","Lantern","Strawberry","Golden Idol","Blood Vial","Astrolabe"],"acts_visited":["Exordium","TheCity"],"potions_floor_usage":[5,14,14,16,20],"damage_taken":[{"damage":0,"enemies":"2 Louse","floor":1,"turns":3},{"damage":5,"enemies":"Jaw Worm","floor":2,"turns":5},{"damage":0,"enemies":"Cultist","floor":3,"turns":4},{"damage":5,"enemies":"Large Slime","floor":5,"turns":9},{"damage":42,"enemies":"3 Sentries","floor":6,"turns":13},{"damage":27,"enemies":"Lagavulin","floor":14,"turns":7},{"damage":29,"enemies":"Slime Boss","floor":16,"turns":11},{"damage":12,"enemies":"Shell Parasite","floor":18,"turns":5},{"damage":0,"enemies":"Spheric Guardian","floor":19,"turns":1},{"damage":36,"enemies":"Snecko","floor":20,"turns":6},{"damage":46,"enemies":"Slavers","floor":24,"turns":3}],"seed_played":"790807808109438298","potions_obtained":[{"floor":2,"key":"SpeedPotion"},{"floor":6,"key":"LiquidBronze"},{"floor":14,"key":"ColorlessPotion"},{"floor":18,"key":"Ancient Potion"}],"is_trial":false,"path_per_floor":["M","M","M","$","M","E","$","R","T","?","?","?","$","E","R","B",null,"M","M","M","?","$","R","E"],"character_chosen":"THE_SILENT","items_purchased":["Quick Slash","CunningPotion","Prepared","Well Laid Plans","Apotheosis"],"campfire_rested":2,"item_purchase_floors":[4,4,7,22,22],"current_hp_per_floor":[70,65,65,65,60,18,18,18,25,25,25,44,44,17,40,13,62,52,54,20,20,20,43,0,0],"gold":3,"neow_bonus":"TEN_PERCENT_HP_BONUS","is_daily":false,"chose_seed":false,"campfire_upgraded":1,"win_rate":0.0,"timestamp":1612017643,"path_taken":["M","M","M","$","M","E","$","R","T","?","?","?","?","E","R","BOSS","M","?","M","?","?","R","E"],"items_purchased_type":["Card","Potion","Card","Card","Card"],"build_version":"2020-12-22","purchased_purges":0,"victory":false,"max_hp_per_floor":[77,77,77,77,77,77,77,77,84,78,78,78,78,78,78,78,78,78,78,78,78,78,78,78,78],"card_choices":[{"not_picked":["Outmaneuver","Sucker Punch","Bane"],"picked":"SKIP","floor":1},{"not_picked":["Expertise","Infinite Blades"],"picked":"Flying Knee","floor":2},{"not_picked":["Slice","Choke"],"picked":"Acrobatics","floor":3},{"not_picked":["Acrobatics","Underhanded Strike"],"picked":"Flechettes","floor":5},{"not_picked":["Quick Slash","Deadly Poison"],"picked":"Underhanded Strike","floor":6},{"not_picked":["Crippling Poison","Bouncing Flask"],"picked":"Endless Agony","floor":14},{"not_picked":["Storm of Steel","Unload"],"picked":"After Image","floor":16},{"not_picked":["Deadly Poison","Flying Knee","Dagger Spray"],"picked":"SKIP","floor":18},{"not_picked":["Flying Knee+1","Deflect"],"picked":"Grand Finale","floor":19},{"not_picked":["Deadly Poison","Flying Knee+1","Masterful Stab"],"picked":"SKIP","floor":20}],"player_experience":856993,"relics_obtained":[{"floor":6,"key":"Lantern"},{"floor":9,"key":"Strawberry"},{"floor":14,"key":"Blood Vial"}],"event_choices":[{"damage_healed":0,"gold_gain":0,"player_choice":"Lose Max HP","damage_taken":0,"relics_obtained":["Golden Idol"],"max_hp_gain":0,"max_hp_loss":6,"event_name":"Golden Idol","floor":10,"gold_loss":0},{"damage_healed":0,"gold_gain":0,"cards_transformed":["Strike_G"],"player_choice":"Change","damage_taken":0,"max_hp_gain":0,"max_hp_loss":0,"event_name":"Living Wall","floor":11,"gold_loss":0,"cards_obtained":["Bane"]},{"damage_healed":19,"gold_gain":0,"player_choice":"Healed","damage_taken":0,"max_hp_gain":0,"max_hp_loss":0,"event_name":"The Cleric","floor":12,"gold_loss":35},{"damage_healed":0,"gold_gain":0,"cards_transformed":["Strike_G"],"player_choice":"Transformed","damage_taken":0,"max_hp_gain":0,"max_hp_loss":0,"event_name":"Transmorgrifier","floor":21,"gold_loss":0,"cards_obtained":["Bane"]}],"is_beta":false,"boss_relics":[{"not_picked":["Busted Crown","Calling Bell"],"picked":"Astrolabe"}],"items_purged_floors":[],"is_endless":false,"potions_floor_spawned":[2,6,14,18],"killed_by":"Slavers","ascension_level":10}}