{"host":"jm9833yuloeli2yd","time":1612025435,"event":{"mods":["BaseMod","Better Altar","Better Match","Better Note","Better Sensory Stone","Better Skull","Better Third Choice","Better Vampires","BetterRewards","Colored Map","Colored Powertips","DeckTracker","Minty Spire (QoL Compilation)","Permanent Neow","Quick Restart","StSLib","SuperFastMode"],"gold_per_floor":[114,114,189,189,213,246,246,290,316,335,348,372,385,410,410,506,506,524,524,498,498,7,46,59,94,117,151,151,151,151,163,163,240,240,255,145,159,169,169,219,254,254,279,291,304,314,314,332,332,332,332,332,332,6,41,41],"floor_reached":57,"language":"ENG","playtime":3145,"items_purged":["Strike_G"],"score":3322,"play_id":"024dcf77-4d48-4325-84a7-41bbc68ad031","local_time":"20210130115035","is_ascension_mode":true,"campfire_choices":[{"floor":7.0,"key":"REST"},{"data":"Cloak And Dagger","floor":15.0,"key":"SMITH"},{"data":"Footwork","floor":28.0,"key":"SMITH"},{"data":"Neutralize","floor":30.0,"key":"SMITH"},{"data":"Riddle With Holes","floor":32.0,"key":"SMITH"},{"data":"Tactician","floor":42.0,"key":"SMITH"},{"floor":49.0,"key":"RECALL"},{"data":"Well Laid Plans","floor":53.0,"key":"SMITH"}],"circlet_count":0,"master_deck":["AscendersBane","Survivor","Neutralize+1","Predator","Leg Sweep","Cloak And Dagger+1","PiercingWail","Crippling Poison","Endless Agony","Slice","Escape Plan","Quick Slash","Die Die Die","Blur","Riddle With Holes+1","Deflect","Slice","Footwork+1","Well Laid Plans+1","Glass Knife","Calculated Gamble+1","Corpse Explosion","Acrobatics","Tools of the Trade","Tactician+1","Doppelganger","Leg Sweep","Backflip","Footwork","PiercingWail+1","Wraith Form v2","Finisher","PiercingWail+1","Madness","Madness","Footwork"],"relics":["Ring of the Snake","Oddly Smooth Stone","Torii","Bloody Idol","Toy Ornithopter","Anchor","Shuriken","Ancient Tea Set","Black Star","MutagenicStrength","PreservedInsect","betterAltar:BloodRelic","Pocketwatch","Ice Cream","Red Mask","Boot","Art of War","Pen Nib","Pandora\u0027s Box","FossilizedHelix","Bronze Scales","Happy Flower","Nunchaku","Sling","Gambling Chip","Snake Skull"],"acts_visited":["Exordium","TheCity","TheBeyond","TheEnding"],"potions_floor_usage":[56],"damage_taken":[{"damage":0.0,"enemies":"Small Slimes","floor":1.0,"turns":3.0},{"damage":0.0,"enemies":"Jaw Worm","floor":5.0,"turns":5.0},{"damage":32.0,"enemies":"Gremlin Nob","floor":6.0,"turns":4.0},{"damage":13.0,"enemies":"3 Sentries","floor":8.0,"turns":15.0},{"damage":0.0,"enemies":"2 Louse","floor":10.0,"turns":2.0},{"damage":0.0,"enemies":"Red Slaver","floor":11.0,"turns":4.0},{"damage":0.0,"enemies":"2 Fungi Beasts","floor":12.0,"turns":4.0},{"damage":0.0,"enemies":"Looter","floor":13.0,"turns":3.0},{"damage":0.0,"enemies":"3 Louse","floor":14.0,"turns":3.0},{"damage":26.0,"enemies":"Slime Boss","floor":16.0,"turns":10.0},{"damage":4.0,"enemies":"Shell Parasite","floor":18.0,"turns":8.0},{"damage":1.0,"enemies":"2 Thieves","floor":20.0,"turns":4.0},{"damage":19.0,"enemies":"Book of Stabbing","floor":23.0,"turns":6.0},{"damage":0.0,"enemies":"Snake Plant","floor":24.0,"turns":3.0},{"damage":0.0,"enemies":"Masked Bandits","floor":25.0,"turns":3.0},{"damage":3.0,"enemies":"Gremlin Leader","floor":27.0,"turns":4.0},{"damage":0.0,"enemies":"Centurion and Healer","floor":31.0,"turns":5.0},{"damage":26.0,"enemies":"Automaton","floor":33.0,"turns":12.0},{"damage":0.0,"enemies":"3 Shapes","floor":35.0,"turns":2.0},{"damage":13.0,"enemies":"3 Darklings","floor":37.0,"turns":4.0},{"damage":26.0,"enemies":"Jaw Worm Horde","floor":38.0,"turns":5.0},{"damage":13.0,"enemies":"2 Orb Walkers","floor":40.0,"turns":4.0},{"damage":28.0,"enemies":"Reptomancer","floor":41.0,"turns":8.0},{"damage":0.0,"enemies":"Writhing Mass","floor":44.0,"turns":9.0},{"damage":13.0,"enemies":"Spire Growth","floor":45.0,"turns":7.0},{"damage":0.0,"enemies":"4 Shapes","floor":46.0,"turns":5.0},{"damage":15.0,"enemies":"Transient","floor":48.0,"turns":6.0},{"damage":32.0,"enemies":"Time Eater","floor":50.0,"turns":13.0},{"damage":1.0,"enemies":"Donu and Deca","floor":51.0,"turns":9.0},{"damage":1.0,"enemies":"Shield and Spear","floor":55.0,"turns":5.0},{"damage":56,"enemies":"The Heart","floor":56,"turns":13}],"seed_played":"-7317021929453787059","potions_obtained":[{"floor":1.0,"key":"Explosive Potion"},{"floor":5.0,"key":"FearPotion"},{"floor":8.0,"key":"Regen Potion"},{"floor":11.0,"key":"BlessingOfTheForge"},{"floor":20.0,"key":"FairyPotion"},{"floor":23.0,"key":"Poison Potion"},{"floor":24.0,"key":"EntropicBrew"},{"floor":25.0,"key":"Dexterity Potion"},{"floor":37.0,"key":"Block Potion"},{"floor":38.0,"key":"Strength Potion"},{"floor":48.0,"key":"EssenceOfSteel"}],"is_trial":false,"path_per_floor":["M","?","?","?","M","E","R","E","T","M","M","M","M","M","R","B",null,"M","?","M","?","$","E","M","?","T","E","R","?","R","M","R","B",null,"M","?","M","M","?","?","E","R","T","M","M","M","?","M","R","B","B",null,"R","$","E","B",null],"character_chosen":"THE_SILENT","items_purchased":["Oddly Smooth Stone","Predator","PreservedInsect","Riddle With Holes","Blood Vial","Nunchaku","Sling"],"campfire_rested":1,"item_purchase_floors":[0,0,22,22,22,54,54],"current_hp_per_floor":[52,52,41,41,41,14,32,19,19,19,19,19,19,19,19,18,50,46,46,45,45,45,28,30,47,47,46,46,42,42,50,50,39,55,60,60,52,42,42,40,23,23,28,39,37,48,37,38,38,12,19,50,50,50,60,6],"gold":41,"neow_bonus":"","is_daily":false,"chose_seed":false,"campfire_upgraded":6,"win_rate":0.0,"timestamp":1612025435,"path_taken":["M","?","?","?","M","E","R","E","T","M","M","?","M","M","R","BOSS","M","?","M","?","$","E","M","?","T","E","R","?","R","M","R","BOSS","M","?","?","M","?","?","E","R","T","M","M","M","?","M","R","BOSS","BOSS","R","$","E","BOSS"],"items_purchased_type":["Relic","Card","Relic","Card","Relic","Relic","Relic"],"build_version":"2020-12-22","purchased_purges":1,"victory":true,"max_hp_per_floor":[66,60,60,60,60,60,60,60,60,60,60,60,60,60,60,60,60,60,60,60,60,60,60,60,60,60,60,60,60,60,60,60,60,60,60,60,60,60,60,60,60,60,60,60,60,60,60,60,60,60,60,60,60,60,60,60],"card_choices":[{"not_picked":["Blade Dance","Heel Hook"],"picked":"Leg Sweep","floor":1.0},{"not_picked":["Flying Knee","Bouncing Flask"],"picked":"Cloak And Dagger","floor":5.0},{"not_picked":["Deadly Poison","Flying Knee"],"picked":"PiercingWail","floor":6.0},{"not_picked":["Prepared","Quick Slash"],"picked":"Crippling Poison","floor":8.0},{"not_picked":["Deadly Poison","Choke"],"picked":"Endless Agony","floor":10.0},{"not_picked":["Underhanded Strike","Eviscerate"],"picked":"Slice","floor":11.0},{"not_picked":["Prepared","Endless Agony"],"picked":"Escape Plan","floor":12.0},{"not_picked":["Deadly Poison","Concentrate"],"picked":"Quick Slash","floor":13.0},{"not_picked":["Deadly Poison","Slice","Expertise"],"picked":"SKIP","floor":14.0},{"not_picked":["Corpse Explosion","Phantasmal Killer"],"picked":"Die Die Die","floor":16.0},{"not_picked":["Outmaneuver","Reflex","Eviscerate"],"picked":"SKIP","floor":18.0},{"not_picked":["Underhanded Strike","Acrobatics"],"picked":"Blur","floor":20.0},{"not_picked":["Quick Slash","Calculated Gamble"],"picked":"Masterful Stab","floor":23.0},{"not_picked":["Distraction","Outmaneuver"],"picked":"Deflect","floor":24.0},{"not_picked":["Calculated Gamble","Poisoned Stab"],"picked":"Slice","floor":25.0},{"not_picked":["Deadly Poison","Noxious Fumes"],"picked":"Footwork","floor":27.0},{"not_picked":["Deflect","Riddle With Holes"],"picked":"Well Laid Plans","floor":31.0},{"not_picked":["Grand Finale","Corpse Explosion"],"picked":"Glass Knife","floor":33.0},{"not_picked":["Distraction","Outmaneuver"],"picked":"Backflip","floor":35.0},{"not_picked":["Dagger Spray","Prepared"],"picked":"Footwork","floor":37.0},{"not_picked":["Backflip","Caltrops"],"picked":"PiercingWail+1","floor":38.0},{"not_picked":["Quick Slash","Crippling Poison","Poisoned Stab"],"picked":"SKIP","floor":41.0},{"not_picked":["Crippling Poison","Flying Knee"],"picked":"Wraith Form v2","floor":44.0},{"not_picked":["Poisoned Stab","Backflip"],"picked":"Finisher","floor":45.0},{"not_picked":["Choke+1","Masterful Stab"],"picked":"PiercingWail+1","floor":46.0},{"not_picked":["Eviscerate+1","Bane","Setup"],"picked":"SKIP","floor":48.0},{"not_picked":["Distraction","Tactician"],"picked":"Footwork","floor":55.0}],"player_experience":1351607,"relics_obtained":[{"floor":6.0,"key":"Anchor"},{"floor":8.0,"key":"Shuriken"},{"floor":9.0,"key":"Ancient Tea Set"},{"floor":23.0,"key":"Pocketwatch"},{"floor":23.0,"key":"Ice Cream"},{"floor":25.0,"key":"Red Mask"},{"floor":26.0,"key":"Boot"},{"floor":27.0,"key":"Art of War"},{"floor":27.0,"key":"Pen Nib"},{"floor":40.0,"key":"FossilizedHelix"},{"floor":41.0,"key":"Bronze Scales"},{"floor":41.0,"key":"Happy Flower"},{"floor":55.0,"key":"Gambling Chip"},{"floor":55.0,"key":"Snake Skull"}],"event_choices":[{"damage_healed":0.0,"max_hp_gain":0.0,"max_hp_loss":6.0,"gold_gain":0.0,"event_name":"Golden Idol","player_choice":"Lose Max HP","floor":2.0,"gold_loss":0.0,"damage_taken":0.0,"relics_obtained":["Golden Idol"]},{"damage_healed":0.0,"max_hp_gain":0.0,"max_hp_loss":0.0,"gold_gain":75.0,"event_name":"betterThird:BetterGoop","player_choice":"Gold","floor":3.0,"gold_loss":0.0,"damage_taken":11.0},{"damage_healed":0.0,"max_hp_gain":0.0,"max_hp_loss":0.0,"gold_gain":0.0,"event_name":"WeMeetAgain","player_choice":"Gave Potion","floor":4.0,"gold_loss":0.0,"damage_taken":0.0,"relics_obtained":["Toy Ornithopter"]},{"damage_healed":0.0,"max_hp_gain":0.0,"max_hp_loss":0.0,"gold_gain":0.0,"event_name":"Drug Dealer","player_choice":"Inject Mutagens","floor":19.0,"gold_loss":0.0,"damage_taken":0.0,"relics_obtained":["MutagenicStrength"]},{"cards_removed":["Strike_G"],"damage_healed":0.0,"max_hp_gain":0.0,"max_hp_loss":0.0,"gold_gain":0.0,"event_name":"betterThird:BetterWriting","player_choice":"Elegance","floor":21.0,"gold_loss":0.0,"damage_taken":0.0},{"damage_healed":0.0,"max_hp_gain":0.0,"max_hp_loss":0.0,"gold_gain":0.0,"event_name":"Masked Bandits","player_choice":"Fought Bandits","floor":25.0,"gold_loss":0.0,"damage_taken":0.0},{"damage_healed":0.0,"max_hp_gain":46.0,"max_hp_loss":42.0,"gold_gain":0.0,"event_name":"betterAltar:BetterAltar","player_choice":" GoldIdol RottenVial ","floor":29.0,"potions_obtained":[],"relics_lost":["Golden Idol","Blood Vial"],"gold_loss":0.0,"damage_taken":4.0,"relics_obtained":["Bloody Idol","betterAltar:BloodRelic"]},{"cards_removed":["Noxious Fumes"],"damage_healed":0.0,"max_hp_gain":0.0,"max_hp_loss":0.0,"gold_gain":0.0,"event_name":"Designer","player_choice":"Upgrade and Remove","floor":36.0,"gold_loss":110.0,"damage_taken":0.0,"cards_upgraded":["Calculated Gamble"]},{"cards_removed":["Masterful Stab"],"damage_healed":0.0,"max_hp_gain":0.0,"max_hp_loss":0.0,"gold_gain":0.0,"event_name":"Falling","player_choice":"Removed Attack","floor":39.0,"gold_loss":0.0,"damage_taken":0.0},{"damage_healed":0.0,"max_hp_gain":0.0,"max_hp_loss":0.0,"gold_gain":0.0,"event_name":"Mysterious Sphere","player_choice":"Fight","floor":40.0,"gold_loss":0.0,"damage_taken":0.0},{"damage_healed":0.0,"max_hp_gain":0.0,"max_hp_loss":0.0,"gold_gain":0.0,"event_name":"Winding Halls","player_choice":"Embrace Madness","floor":47.0,"gold_loss":0.0,"damage_taken":11.0,"cards_obtained":["Madness","Madness"]}],"is_beta":false,"boss_relics":[{"not_picked":["Runic Pyramid","Calling Bell"],"picked":"Black Star"},{"not_picked":["Snecko Eye","HoveringKite"],"picked":"Pandora\u0027s Box"}],"items_purged_floors":[22],"is_endless":false,"potions_floor_spawned":[1,5,8,11,13,20,23,24,25,37,38,41,46,48],"ascension_level":20}}