{"host":"eaiphzh066bwqdh7","time":1612038848,"event":{"mods":["BaseMod","Better Note","Halation","Hubris","Minty Spire (QoL Compilation)","Reliquary","Replay The Spire","StSLib"],"gold_per_floor":[119,119,129,140,90,90,122,122,122,154,154,154,154,79,79,175,175,190,190,203,216,216,216,233,233,233,233,233,244,263,178,178,283,283,302,302,316,329,329,329,363,52,79,79,98,98,108,124,124,124],"floor_reached":51,"language":"ENG","playtime":1651,"items_purged":["Defend_R"],"score":888,"play_id":"f8b16250-0296-49d4-829c-25c31dea5ced","local_time":"20210130153408","is_ascension_mode":true,"campfire_choices":[{"data":"Flex","floor":6,"key":"SMITH"},{"data":"Limit Break","floor":8,"key":"SMITH"},{"floor":13,"key":"REST"},{"data":"Perfected Strike","floor":15,"key":"SMITH"},{"data":"Berserk","floor":23,"key":"SMITH"},{"floor":25,"key":"REST"},{"data":"Rampage","floor":32,"key":"SMITH"},{"data":"Battle Trance","floor":40,"key":"SMITH"},{"data":"Strike_R","floor":44,"key":"SMITH"},{"floor":46,"key":"REST"},{"floor":49,"key":"REST"}],"circlet_count":0,"master_deck":["Strike_R","Strike_R","Strike_R","Strike_R","Strike_R+1","Battle Trance+1","Perfected Strike+1","Flex+1","Limit Break+1","Berserk+1","Flex+1","Rampage+1","Ghostly Armor+1","Double Tap+1","Limit Break+1","Flex+1","Flex+1"],"relics":["Burning Blood","reliquary:QuartzCube","Bronze Scales","Toxic Egg 2","hubris:Towel","hubris:Icosahedron","Empty Cage","White Beast Statue","MutagenicStrength","ReplayTheSpireMod:TigerMarble","Nunchaku","SacredBark","Ornamental Fan","Membership Card","Onion Ring","reliquary:TatteredRug"],"acts_visited":["Exordium","TheCity","TheBeyond"],"potions_floor_usage":[10,20,24,30,35,38,38,48,50,50],"damage_taken":[{"damage":3,"enemies":"2 Louse","floor":1,"turns":3},{"damage":6,"enemies":"Cultist","floor":3,"turns":3},{"damage":6,"enemies":"Jaw Worm","floor":4,"turns":4},{"damage":20,"enemies":"Gremlin Nob","floor":7,"turns":4},{"damage":11,"enemies":"Replay:BlueRogue","floor":10,"turns":3},{"damage":86,"enemies":"Fading Forest","floor":16,"turns":11},{"damage":12,"enemies":"Chosen","floor":18,"turns":3},{"damage":6,"enemies":"3 Byrds","floor":20,"turns":3},{"damage":12,"enemies":"Cultist and Chosen","floor":21,"turns":4},{"damage":26,"enemies":"Shelled Parasite and Fungi","floor":24,"turns":3},{"damage":9,"enemies":"Centurion and Healer","floor":29,"turns":3},{"damage":0,"enemies":"Snecko","floor":30,"turns":2},{"damage":41,"enemies":"hubris:MusketHawk","floor":33,"turns":5},{"damage":28,"enemies":"3 Shapes","floor":35,"turns":3},{"damage":3,"enemies":"Orb Walker","floor":37,"turns":2},{"damage":42,"enemies":"Sphere and 2 Shapes","floor":38,"turns":3},{"damage":0,"enemies":"R_Hoarder","floor":41,"turns":5},{"damage":48,"enemies":"Writhing Mass","floor":45,"turns":5},{"damage":0,"enemies":"Jaw Worm Horde","floor":47,"turns":3},{"damage":9,"enemies":"3 Darklings","floor":48,"turns":3},{"damage":84,"enemies":"hubris:GrandSnecko","floor":50,"turns":9}],"seed_played":"628212941062259121","potions_obtained":[{"floor":3,"key":"Adrenaline Potion"},{"floor":4,"key":"Venom Potion"},{"floor":16,"key":"Fire Potion"},{"floor":21,"key":"Fire Potion"},{"floor":29,"key":"Explosive Potion"},{"floor":30,"key":"Fruit Juice"},{"floor":33,"key":"Languid Potion"},{"floor":35,"key":"FairyPotion"},{"floor":37,"key":"Adrenaline Potion"},{"floor":38,"key":"BloodPotion"},{"floor":41,"key":"Elixir"},{"floor":48,"key":"Languid Potion"}],"is_trial":false,"path_per_floor":["M","?","M","M","?","R","E","R","T","E","?","?","R","$","R","B",null,"M","?","M","M","$","R","M","R","T","?","?","M","M","?","R","B",null,"M","?","M","M","?","R","E","$","T","R","M","R","M","M","R","B",null],"character_chosen":"IRONCLAD","items_purchased":["Membership Card","Onion Ring","Adrenaline Potion"],"campfire_rested":4,"item_purchase_floors":[42,42,42],"current_hp_per_floor":[80,80,80,80,80,80,66,66,66,61,61,61,80,80,80,8,80,74,74,74,68,68,68,48,72,72,72,72,69,80,80,80,45,85,79,79,82,80,80,80,81,81,81,81,39,63,69,66,81,54],"gold":124,"neow_bonus":"REMOVE_CARD","is_daily":false,"chose_seed":false,"campfire_upgraded":7,"win_rate":0.0,"timestamp":1612038848,"path_taken":["M","?","?","M","?","R","E","R","T","E","?","?","R","$","R","BOSS","M","?","M","?","$","R","M","R","T","?","?","M","?","?","R","BOSS","M","?","?","?","?","R","E","$","T","R","M","R","M","M","R","BOSS"],"items_purchased_type":["Relic","Relic","Potion"],"build_version":"2020-12-22","purchased_purges":1,"victory":true,"max_hp_per_floor":[80,80,80,80,80,80,80,80,80,80,80,80,80,80,80,80,80,80,80,80,80,80,80,80,80,80,80,80,80,85,85,85,85,85,85,85,85,85,81,81,81,81,81,81,81,81,81,81,81,81],"card_choices":[{"not_picked":["Thunderclap","Defy Death"],"picked":"Battle Trance","floor":1},{"not_picked":["Headbutt","Second Wind"],"picked":"Perfected Strike","floor":3},{"not_picked":["Wild Strike","Headbutt"],"picked":"Flex","floor":4},{"not_picked":["Pummel","Flame Barrier"],"picked":"Limit Break","floor":7},{"not_picked":["Cleave","Reckless Charge","Evolve"],"picked":"SKIP","floor":10},{"not_picked":["Reaper","Immolate"],"picked":"Berserk","floor":16},{"not_picked":["ReplayTheSpireMod:Corrosion Curse+1","ReplayTheSpireMod:Strike From Hell","Clothesline"],"picked":"SKIP","floor":18},{"not_picked":["Run Through","hubris:ReadiedAction+1","Disarm+1"],"picked":"SKIP","floor":20},{"not_picked":["Twin Strike+1","Havoc+1","Intimidate+1"],"picked":"SKIP","floor":21},{"not_picked":["Headbutt","Havoc+1"],"picked":"Rampage","floor":24},{"not_picked":["Havoc+1","Cleave"],"picked":"Ghostly Armor+1","floor":29},{"not_picked":["Clash","Anger+1","Heavy Blade"],"picked":"SKIP","floor":30},{"not_picked":["Eclipse+1","hubris:StunningStrike"],"picked":"Double Tap+1","floor":33},{"not_picked":["Armaments+1","Shrug It Off+1","Second Wind+1"],"picked":"SKIP","floor":35},{"not_picked":["Sever Soul","Pommel Strike+1","Clash"],"picked":"SKIP","floor":37},{"not_picked":["Body Slam+1","Cleave","Clash+1"],"picked":"SKIP","floor":38},{"not_picked":["Rupture","Replay:Undeath\u0027s Touch","Massacre+1"],"picked":"SKIP","floor":41},{"not_picked":["Cleave","Pommel Strike+1"],"picked":"Flex+1","floor":45},{"not_picked":["ReplayTheSpireMod:Muscle Training+1","Replay:Undeath\u0027s Touch+1","Havoc+1"],"picked":"SKIP","floor":47},{"not_picked":["True Grit+1","ReplayTheSpireMod:Stacked+1"],"picked":"Flex+1","floor":48}],"player_experience":214833,"relics_obtained":[{"floor":7,"key":"reliquary:QuartzCube"},{"floor":9,"key":"Bronze Scales"},{"floor":10,"key":"Toxic Egg 2"},{"floor":26,"key":"White Beast Statue"},{"floor":41,"key":"Ornamental Fan"},{"floor":43,"key":"reliquary:TatteredRug"}],"event_choices":[{"damage_healed":0,"gold_gain":0,"player_choice":"0 cards matched","damage_taken":0,"max_hp_gain":0,"max_hp_loss":0,"event_name":"Match and Keep!","floor":2,"gold_loss":0,"cards_obtained":[]},{"cards_removed":["Defend_R"],"damage_healed":0,"gold_gain":0,"player_choice":"Card Removal","damage_taken":0,"max_hp_gain":0,"max_hp_loss":0,"event_name":"The Cleric","floor":5,"gold_loss":50},{"damage_healed":0,"gold_gain":0,"player_choice":"Read","damage_taken":0,"max_hp_gain":0,"max_hp_loss":0,"event_name":"The Library","floor":19,"gold_loss":0,"cards_obtained":["Flex"]},{"damage_healed":0,"gold_gain":0,"player_choice":"Inject Mutagens","damage_taken":0,"relics_obtained":["MutagenicStrength"],"max_hp_gain":0,"max_hp_loss":0,"event_name":"Drug Dealer","floor":27,"gold_loss":0},{"damage_healed":0,"gold_gain":0,"player_choice":"Opened","damage_taken":0,"relics_obtained":["ReplayTheSpireMod:TigerMarble"],"max_hp_gain":0,"max_hp_loss":0,"event_name":"The Mausoleum","floor":28,"gold_loss":0},{"damage_healed":0,"gold_gain":0,"player_choice":"Obtained Relic","damage_taken":0,"relics_obtained":["Nunchaku"],"max_hp_gain":0,"max_hp_loss":0,"event_name":"Addict","floor":31,"gold_loss":85},{"damage_healed":0,"gold_gain":0,"player_choice":"Copied","damage_taken":0,"max_hp_gain":0,"max_hp_loss":0,"event_name":"Duplicator","floor":36,"gold_loss":0,"cards_obtained":["Limit Break"]},{"damage_healed":0,"gold_gain":0,"player_choice":"Max HP","damage_taken":0,"max_hp_gain":0,"max_hp_loss":4,"event_name":"Winding Halls","floor":39,"gold_loss":0}],"is_beta":false,"boss_relics":[{"not_picked":["hubris:RunicObelisk","Busted Crown"],"picked":"Empty Cage"},{"not_picked":["Fusion Hammer","Tiny House"],"picked":"SacredBark"}],"items_purged_floors":[14],"is_endless":false,"potions_floor_spawned":[3,4,16,21,29,30,33,35,37,38,41,45,47,48],"ascension_level":3}}