{"host":"8ki4rp59nppvqwda","time":1612044238,"event":{"mods":["AlwaysNeverKeys","BaseMod","Hermit","Minty Spire (QoL Compilation)","Robot Space Explorer","SacredBarkPlus","StSLib","The Cursed","The Necromancer","The Trickster"],"gold_per_floor":[14,27,37,54,74,74,105,105,105,119,119,139,174,187,187,287,287,304,315,315,326,115,146,146,181,181,200,217,234,234,234],"floor_reached":30,"language":"ENG","playtime":1468,"items_purged":["RobotSpaceExplorer:Defend"],"score":406,"play_id":"44c3e221-6dfe-47d3-b83e-b7cc8c2aaa95","local_time":"20210130170358","is_ascension_mode":true,"campfire_choices":[{"data":"RobotSpaceExplorer:Comet","floor":6.0,"key":"SMITH"},{"data":"RobotSpaceExplorer:StarDust","floor":8.0,"key":"SMITH"},{"data":"RobotSpaceExplorer:MiniLasers","floor":11.0,"key":"SMITH"},{"data":"RobotSpaceExplorer:Blaster","floor":15,"key":"SMITH"},{"data":"RobotSpaceExplorer:DualCore","floor":24,"key":"SMITH"}],"circlet_count":0,"master_deck":["RobotSpaceExplorer:Strike","RobotSpaceExplorer:Strike","RobotSpaceExplorer:Strike","RobotSpaceExplorer:Defend","RobotSpaceExplorer:Defend","RobotSpaceExplorer:Defend","RobotSpaceExplorer:Scan","RobotSpaceExplorer:MiniLasers+1","RobotSpaceExplorer:Comet+1","RobotSpaceExplorer:MiniDrones","RobotSpaceExplorer:Fix","RobotSpaceExplorer:Blitz","RobotSpaceExplorer:ScrapMissile","RobotSpaceExplorer:StunGrenade","RobotSpaceExplorer:StarDust+1","RobotSpaceExplorer:FreezeRay","RobotSpaceExplorer:Calculate","RobotSpaceExplorer:Blaster+1","RobotSpaceExplorer:DroneSwarm","RobotSpaceExplorer:Probe","RobotSpaceExplorer:Pulsar+1","RobotSpaceExplorer:ShovelStrike+1","RobotSpaceExplorer:DualCore+1","RobotSpaceExplorer:DoubleFind","RobotSpaceExplorer:Multitool","RobotSpaceExplorer:Probe+1","RobotSpaceExplorer:StunGrenade+1"],"relics":["RobotSpaceExplorer:RoboCore","Sundial","InkBottle","StoneCalendar","SlaversCollar","Pantograph","Art of War","Anchor"],"acts_visited":["Exordium","TheCity"],"potions_floor_usage":[19,19,22,23,29,30,30],"damage_taken":[{"damage":1.0,"enemies":"Cultist","floor":1.0,"turns":4.0},{"damage":0.0,"enemies":"2 Louse","floor":2.0,"turns":3.0},{"damage":3.0,"enemies":"Jaw Worm","floor":3.0,"turns":4.0},{"damage":0.0,"enemies":"Large Slime","floor":4.0,"turns":5.0},{"damage":9.0,"enemies":"Red Slaver","floor":5.0,"turns":4.0},{"damage":8.0,"enemies":"Gremlin Nob","floor":7.0,"turns":4.0},{"damage":0.0,"enemies":"2 Fungi Beasts","floor":10.0,"turns":3.0},{"damage":15.0,"enemies":"Exordium Thugs","floor":12.0,"turns":3.0},{"damage":15.0,"enemies":"Lagavulin","floor":13.0,"turns":5.0},{"damage":4,"enemies":"Large Slime","floor":14,"turns":4},{"damage":0,"enemies":"Slime Boss","floor":16,"turns":5},{"damage":11,"enemies":"Chosen","floor":18,"turns":5},{"damage":6,"enemies":"Spheric Guardian","floor":19,"turns":5},{"damage":10,"enemies":"Snecko","floor":21,"turns":5},{"damage":11,"enemies":"Book of Stabbing","floor":23,"turns":5},{"damage":22,"enemies":"Gremlin Leader","floor":25,"turns":6},{"damage":23,"enemies":"Snake Plant","floor":27,"turns":4},{"damage":7,"enemies":"Cultist and Chosen","floor":28,"turns":5},{"damage":5,"enemies":"Snecko","floor":29,"turns":6},{"damage":14,"enemies":"Centurion and Healer","floor":30,"turns":4}],"seed_played":"726674837582926625","potions_obtained":[{"floor":3.0,"key":"SmokeBomb"},{"floor":7.0,"key":"Dexterity Potion"},{"floor":13.0,"key":"SpeedPotion"},{"floor":16,"key":"SpeedPotion"},{"floor":21,"key":"Weak Potion"},{"floor":27,"key":"LiquidBronze"},{"floor":28,"key":"Block Potion"}],"is_trial":false,"path_per_floor":["M","M","M","M","M","R","E","R","T","M","R","M","E","M","R","B",null,"M","M","?","M","$","E","R","E","T","M","M","M","M"],"character_chosen":"RobotSpaceExplorer","items_purchased":["Fruit Juice","RobotSpaceExplorer:DualCore"],"campfire_rested":0,"item_purchase_floors":[22,22],"current_hp_per_floor":[74,74,75,75,70,70,66,66,66,66,66,55,44,40,40,40,75,65,59,59,53,58,51,51,33,33,10,3,2,0,0],"gold":234,"neow_bonus":"THREE_RARE_CARDS","is_daily":false,"chose_seed":false,"campfire_upgraded":5,"win_rate":0.0,"timestamp":1612044238,"path_taken":["M","M","M","?","M","R","E","R","T","M","R","M","E","M","R","BOSS","M","M","?","M","$","E","R","E","T","M","?","M","M"],"items_purchased_type":["Potion","Card"],"build_version":"2020-12-22","purchased_purges":1,"victory":false,"max_hp_per_floor":[75,75,75,75,75,75,75,75,75,75,75,75,75,75,75,75,75,75,75,75,75,80,80,80,80,80,80,80,80,80,80],"card_choices":[{"not_picked":["RobotSpaceExplorer:Wormhole","RobotSpaceExplorer:Explosion"],"picked":"RobotSpaceExplorer:Comet","floor":0.0},{"not_picked":["RobotSpaceExplorer:FranticSearch","RobotSpaceExplorer:ShockKick"],"picked":"RobotSpaceExplorer:MiniDrones","floor":1.0},{"not_picked":["RobotSpaceExplorer:SurgingStrike","RobotSpaceExplorer:SwiftStep"],"picked":"RobotSpaceExplorer:Fix","floor":2.0},{"not_picked":["RobotSpaceExplorer:Smokescreen","RobotSpaceExplorer:SurgingStrike"],"picked":"RobotSpaceExplorer:Blitz","floor":3.0},{"not_picked":["RobotSpaceExplorer:LuckyStrike","RobotSpaceExplorer:StunGrenade"],"picked":"RobotSpaceExplorer:ScrapMissile","floor":4.0},{"not_picked":["RobotSpaceExplorer:LuckyStrike","RobotSpaceExplorer:MetalStrike"],"picked":"RobotSpaceExplorer:StunGrenade","floor":5.0},{"not_picked":["RobotSpaceExplorer:ImprovisedAttack","RobotSpaceExplorer:LaserBurst"],"picked":"RobotSpaceExplorer:StarDust","floor":7.0},{"not_picked":["RobotSpaceExplorer:FrostMissile","RobotSpaceExplorer:SwiftStep"],"picked":"RobotSpaceExplorer:FreezeRay","floor":10.0},{"not_picked":["RobotSpaceExplorer:Ammunition","RobotSpaceExplorer:ShovelStrike","RobotSpaceExplorer:FrostMissile"],"picked":"SKIP","floor":12.0},{"not_picked":["RobotSpaceExplorer:StunGrenade","RobotSpaceExplorer:TurboDodge"],"picked":"RobotSpaceExplorer:Calculate","floor":13.0},{"not_picked":["RobotSpaceExplorer:Calculate","RobotSpaceExplorer:FranticSearch"],"picked":"RobotSpaceExplorer:Blaster","floor":14},{"not_picked":["RobotSpaceExplorer:TrailblazerForm","RobotSpaceExplorer:Asteroid"],"picked":"RobotSpaceExplorer:DroneSwarm","floor":16},{"not_picked":["RobotSpaceExplorer:Electroshield","RobotSpaceExplorer:FranticSearch"],"picked":"RobotSpaceExplorer:Probe","floor":18},{"not_picked":["RobotSpaceExplorer:FranticSearch","RobotSpaceExplorer:SelfCleaning+1"],"picked":"RobotSpaceExplorer:Pulsar+1","floor":19},{"not_picked":["RobotSpaceExplorer:SurgingShield","RobotSpaceExplorer:ShockKick"],"picked":"RobotSpaceExplorer:ShovelStrike+1","floor":21},{"not_picked":["RobotSpaceExplorer:Reload","RobotSpaceExplorer:ImprovisedAttack"],"picked":"RobotSpaceExplorer:DoubleFind","floor":23},{"not_picked":["RobotSpaceExplorer:ExhaustFan+1","RobotSpaceExplorer:StunGrenade"],"picked":"RobotSpaceExplorer:Multitool","floor":25},{"not_picked":["RobotSpaceExplorer:ShockKick+1","RobotSpaceExplorer:MetalStrike+1"],"picked":"RobotSpaceExplorer:Probe+1","floor":27},{"not_picked":["RobotSpaceExplorer:TurboDodge","RobotSpaceExplorer:Ammunition"],"picked":"RobotSpaceExplorer:StunGrenade+1","floor":28},{"not_picked":["RobotSpaceExplorer:Smokescreen","RobotSpaceExplorer:SelfCleaning","RobotSpaceExplorer:FrostMissile"],"picked":"SKIP","floor":29}],"player_experience":1272080,"relics_obtained":[{"floor":7.0,"key":"Sundial"},{"floor":9.0,"key":"InkBottle"},{"floor":13.0,"key":"StoneCalendar"},{"floor":23,"key":"Pantograph"},{"floor":25,"key":"Art of War"},{"floor":26,"key":"Anchor"}],"event_choices":[{"cards_removed":["RobotSpaceExplorer:Strike"],"damage_healed":0,"gold_gain":0,"player_choice":"Purged","damage_taken":0,"max_hp_gain":0,"max_hp_loss":0,"event_name":"Purifier","floor":20,"gold_loss":0}],"is_beta":false,"boss_relics":[{"not_picked":["Fusion Hammer","Calling Bell"],"picked":"SlaversCollar"}],"items_purged_floors":[22],"is_endless":false,"potions_floor_spawned":[3,7,13,16,21,27,28],"killed_by":"Centurion and Healer","ascension_level":4}}