{"host":"a5lz0e76zb3fcwkm","time":1612021388,"event":{"mods":["AchievementEnabler","BaseMod","Colored Map","Colored Powertips","Minty Spire (QoL Compilation)","StSLib","SuperFastMode"],"gold_per_floor":[113,113,132,157,157,157,181,222,269,283,69,29,52,83,83,83,83],"floor_reached":16,"language":"KOR","playtime":441,"items_purged":[],"score":324,"play_id":"7ba4d62e-addb-4c6f-91d1-eccd1a4ca51f","local_time":"20210131004308","is_ascension_mode":true,"campfire_choices":[{"data":"Footwork","floor":6,"key":"SMITH"},{"floor":15,"key":"REST"}],"circlet_count":0,"master_deck":["AscendersBane","Strike_G","Strike_G","Strike_G","Strike_G","Strike_G","Defend_G","Defend_G","Defend_G","Defend_G","Defend_G","Survivor","Neutralize","Master of Strategy","Masterful Stab","Footwork+1","Underhanded Strike","Deadly Poison","Eviscerate","Acrobatics","Deflect","Dagger Throw"],"relics":["Ring of the Snake","Golden Idol","Blue Candle","Anchor","PreservedInsect","Vajra"],"acts_visited":["Exordium"],"potions_floor_usage":[7,8,12,14,14,14,16,16],"damage_taken":[{"damage":1,"enemies":"Small Slimes","floor":1,"turns":4},{"damage":0,"enemies":"Jaw Worm","floor":3,"turns":3},{"damage":0,"enemies":"Cultist","floor":4,"turns":3},{"damage":0,"enemies":"Large Slime","floor":7,"turns":9},{"damage":37,"enemies":"Lagavulin","floor":8,"turns":12},{"damage":6,"enemies":"3 Louse","floor":10,"turns":3},{"damage":3,"enemies":"Looter","floor":13,"turns":4},{"damage":6,"enemies":"Gremlin Nob","floor":14,"turns":3}],"seed_played":"-1211079353223732425","potions_obtained":[{"floor":1,"key":"Swift Potion"},{"floor":3,"key":"FearPotion"},{"floor":12,"key":"Fruit Juice"},{"floor":12,"key":"LiquidBronze"},{"floor":12,"key":"EntropicBrew"},{"floor":14,"key":"Explosive Potion"}],"is_trial":false,"path_per_floor":["M","?","M","M","?","R","M","E","T","M","$","?","M","E","R","B"],"character_chosen":"THE_SILENT","items_purchased":["PreservedInsect","Acrobatics"],"campfire_rested":1,"item_purchase_floors":[11,11],"current_hp_per_floor":[58,54,54,54,54,54,54,17,17,11,11,16,13,7,24,0,0],"gold":83,"neow_bonus":"RANDOM_COLORLESS_2","is_daily":false,"chose_seed":false,"campfire_upgraded":1,"win_rate":0.0,"timestamp":1612021388,"path_taken":["M","?","M","M","?","R","M","E","T","M","$","?","M","E","R","BOSS"],"items_purchased_type":["Relic","Card"],"build_version":"2020-12-22","purchased_purges":0,"victory":false,"max_hp_per_floor":[60,54,54,54,54,54,54,54,54,54,54,59,59,59,59,59,59],"card_choices":[{"not_picked":["Violence","Metamorphosis"],"picked":"Master of Strategy","floor":0},{"not_picked":["Distraction","Acrobatics"],"picked":"Masterful Stab","floor":1},{"not_picked":["Choke","Blade Dance","Masterful Stab"],"picked":"SKIP","floor":3},{"not_picked":["Outmaneuver","Sucker Punch"],"picked":"Footwork","floor":4},{"not_picked":["Cloak And Dagger","Blade Dance"],"picked":"Underhanded Strike","floor":7},{"not_picked":["Setup","Burst"],"picked":"Deadly Poison","floor":8},{"not_picked":["Well Laid Plans","Accuracy"],"picked":"Eviscerate","floor":10},{"not_picked":["Caltrops","Riddle With Holes"],"picked":"Deflect","floor":13},{"not_picked":["Poisoned Stab","Eviscerate"],"picked":"Dagger Throw","floor":14}],"player_experience":1822847,"relics_obtained":[{"floor":8,"key":"Blue Candle"},{"floor":9,"key":"Anchor"},{"floor":14,"key":"Vajra"}],"event_choices":[{"damage_healed":0,"gold_gain":0,"player_choice":"Lose Max HP","damage_taken":0,"relics_obtained":["Golden Idol"],"max_hp_gain":0,"max_hp_loss":6,"event_name":"Golden Idol","floor":2,"gold_loss":0},{"damage_healed":0,"gold_gain":0,"player_choice":"Ignored","damage_taken":0,"max_hp_gain":0,"max_hp_loss":0,"event_name":"Liars Game","floor":5,"gold_loss":0},{"damage_healed":0,"gold_gain":0,"player_choice":"Bought 3 Potions","damage_taken":0,"max_hp_gain":0,"max_hp_loss":0,"event_name":"The Woman in Blue","floor":12,"gold_loss":0}],"is_beta":false,"boss_relics":[],"items_purged_floors":[],"is_endless":false,"potions_floor_spawned":[1,3,4,14],"killed_by":"The Guardian","ascension_level":20}}