{"host":"6xsbn6ynqlzwllfm","time":1612014733,"event":{"mods":["2.2 Compatiblity","BaseMod","Bestiary","Colored Map","Colored Powertips","Curses Come First","Highlight Path","Keyboard Shortcuts","Minty Spire (QoL Compilation)","Relic Stats","Slay the Relics Exporter","StSLib","SuperFastMode"],"gold_per_floor":[359,359,372,382,5,5,32,45,45,80,99,132,132,147,147,246,246,265,265,290,16,16,16,52,52,52,72,92,128,128,128,128,128,128],"floor_reached":33,"language":"ENG","playtime":884,"items_purged":["Strike_B","Strike_B"],"score":595,"play_id":"de828668-49b2-4b02-92b7-d6b63cf70172","local_time":"20210130085213","is_ascension_mode":true,"campfire_choices":[{"data":"Static Discharge","floor":6.0,"key":"SMITH"},{"data":"Defragment","floor":15.0,"key":"SMITH"},{"data":"Biased Cognition","floor":23.0,"key":"SMITH"},{"data":"Self Repair","floor":25.0,"key":"SMITH"},{"data":"RitualDagger","floor":32.0,"key":"SMITH"}],"circlet_count":0,"master_deck":["AscendersBane","Strike_B+1","Defend_B+1","Defend_B+1","Defend_B+1","Defend_B+1","Zap","Dualcast","Compile Driver","Compile Driver","Barrage","Static Discharge+1","Defragment+1","Ball Lightning","Biased Cognition+1","Self Repair+1","Turbo","Barrage","Go for the Eyes","Self Repair","Doom and Gloom","Reboot","Cold Snap","Defragment+1","Reboot","RitualDagger+1"],"relics":["FrozenCore","Meat on the Bone","InkBottle","Bottled Flame","Anchor","Kunai","Golden Idol","Membership Card","Blue Candle","Bag of Marbles","Bag of Preparation"],"acts_visited":["Exordium","TheCity"],"potions_floor_usage":[33],"damage_taken":[{"damage":7.0,"enemies":"Jaw Worm","floor":1.0,"turns":3.0},{"damage":0.0,"enemies":"Cultist","floor":3.0,"turns":3.0},{"damage":7.0,"enemies":"2 Louse","floor":4.0,"turns":3.0},{"damage":11.0,"enemies":"Gremlin Nob","floor":7.0,"turns":3.0},{"damage":16.0,"enemies":"Exordium Wildlife","floor":8.0,"turns":4.0},{"damage":13.0,"enemies":"Lagavulin","floor":10.0,"turns":6.0},{"damage":0.0,"enemies":"Gremlin Gang","floor":11.0,"turns":2.0},{"damage":25.0,"enemies":"3 Sentries","floor":12.0,"turns":4.0},{"damage":4.0,"enemies":"Large Slime","floor":14.0,"turns":5.0},{"damage":38.0,"enemies":"The Guardian","floor":16.0,"turns":5.0},{"damage":17.0,"enemies":"2 Thieves","floor":18.0,"turns":4.0},{"damage":16.0,"enemies":"Chosen","floor":20.0,"turns":4.0},{"damage":48.0,"enemies":"Slavers","floor":24.0,"turns":5.0},{"damage":17.0,"enemies":"Snecko","floor":27.0,"turns":5.0},{"damage":16.0,"enemies":"3 Cultists","floor":28.0,"turns":5.0},{"damage":39.0,"enemies":"Gremlin Leader","floor":29.0,"turns":5.0},{"damage":53,"enemies":"Automaton","floor":33,"turns":8}],"seed_played":"-3775078122722372740","potions_obtained":[{"floor":4.0,"key":"PowerPotion"},{"floor":7.0,"key":"Explosive Potion"},{"floor":8.0,"key":"EssenceOfSteel"},{"floor":11.0,"key":"Fruit Juice"},{"floor":14.0,"key":"LiquidMemories"},{"floor":27.0,"key":"Regen Potion"},{"floor":28.0,"key":"SkillPotion"}],"is_trial":false,"path_per_floor":["M","?","M","M","$","R","E","M","T","E","M","E","?","M","R","B",null,"M","?","M","$","?","R","E","R","T","M","M","E","?","?","R","B"],"character_chosen":"DEFECT","items_purchased":["Meat on the Bone","Static Discharge","Membership Card","Self Repair","Doom and Gloom"],"campfire_rested":0,"item_purchase_floors":[5,5,21,21,21],"current_hp_per_floor":[39,39,39,32,32,32,33,29,29,28,40,34,34,49,49,30,56,46,74,65,65,65,65,43,43,43,55,61,44,44,38,38,0,0],"gold":128,"neow_bonus":"TWO_FIFTY_GOLD","is_daily":false,"chose_seed":false,"campfire_upgraded":5,"win_rate":0.0,"timestamp":1612014733,"path_taken":["M","?","?","M","$","R","E","M","T","E","M","E","?","M","R","BOSS","M","?","?","$","?","R","E","R","T","M","M","E","?","?","R","BOSS"],"items_purchased_type":["Relic","Card","Relic","Card","Card"],"build_version":"2020-12-22","purchased_purges":2,"victory":false,"max_hp_per_floor":[71,71,71,71,71,71,71,71,71,71,71,71,64,64,64,64,64,64,74,74,74,74,74,74,74,74,74,79,79,79,79,79,79,79],"relic_stats":{"counters":[17,74],"Golden Idol":54,"Blue Candle":[0],"Bag of Preparation":[2],"Kunai":[8],"obtain_stats":[{"Bottled Flame":9,"Anchor":10,"Golden Idol":13,"Blue Candle":24,"Bag of Marbles":26,"Bag of Preparation":29,"Kunai":12,"Membership Card":21,"Cracked Core":0,"InkBottle":7,"Meat on the Bone":5,"FrozenCore":17},{"Bottled Flame":5,"Anchor":6,"Golden Idol":8,"Blue Candle":13,"Bag of Marbles":13,"Bag of Preparation":16,"Kunai":8,"Membership Card":12,"Cracked Core":0,"InkBottle":4,"Meat on the Bone":3,"FrozenCore":10},{"Bottled Flame":16,"Anchor":22,"Golden Idol":28,"Blue Candle":51,"Bag of Marbles":51,"Bag of Preparation":66,"Kunai":28,"Membership Card":46,"Cracked Core":0,"InkBottle":12,"Meat on the Bone":9,"FrozenCore":38}],"InkBottle":[19],"FrozenCore":[14],"Meat on the Bone":120},"card_choices":[{"not_picked":["Streamline","Conserve Battery"],"picked":"Compile Driver","floor":1.0},{"not_picked":["Tempest","Blizzard"],"picked":"Compile Driver","floor":3.0},{"not_picked":["Beam Cell","Gash"],"picked":"Barrage","floor":4.0},{"not_picked":["Steam","Rebound"],"picked":"Defragment","floor":7.0},{"not_picked":["Rebound","Beam Cell"],"picked":"Ball Lightning","floor":8.0},{"not_picked":["Skim","Tempest"],"picked":"Biased Cognition","floor":10.0},{"not_picked":["Sweeping Beam","Barrage"],"picked":"Self Repair","floor":11.0},{"not_picked":["Stack","Beam Cell"],"picked":"Turbo","floor":12.0},{"not_picked":["Compile Driver","Static Discharge"],"picked":"Barrage","floor":14.0},{"not_picked":["Creative AI","Biased Cognition"],"picked":"Fission","floor":16.0},{"not_picked":["Stack","Beam Cell"],"picked":"Go for the Eyes","floor":20.0},{"not_picked":["Steam","Streamline"],"picked":"Reboot","floor":24.0},{"not_picked":["Steam Power","Lockon"],"picked":"Cold Snap","floor":27.0},{"not_picked":["Turbo","FTL"],"picked":"Defragment+1","floor":28.0},{"not_picked":["Tempest","Ball Lightning+1"],"picked":"Reboot","floor":29.0}],"player_experience":1279786,"relics_obtained":[{"floor":7.0,"key":"InkBottle"},{"floor":9.0,"key":"Bottled Flame"},{"floor":10.0,"key":"Anchor"},{"floor":12.0,"key":"Kunai"},{"floor":24.0,"key":"Blue Candle"},{"floor":26.0,"key":"Bag of Marbles"},{"floor":29.0,"key":"Bag of Preparation"}],"event_choices":[{"cards_removed":["Strike_B"],"damage_healed":0.0,"max_hp_gain":0.0,"max_hp_loss":0.0,"gold_gain":0.0,"event_name":"Purifier","player_choice":"Purged","floor":2.0,"gold_loss":0.0,"damage_taken":0.0},{"damage_healed":0.0,"max_hp_gain":0.0,"max_hp_loss":7.0,"gold_gain":0.0,"event_name":"Golden Idol","player_choice":"Lose Max HP","floor":13.0,"gold_loss":0.0,"damage_taken":0.0,"relics_obtained":["Golden Idol"]},{"cards_removed":["Fission"],"damage_healed":18.0,"max_hp_gain":10.0,"max_hp_loss":0.0,"gold_gain":0.0,"event_name":"Bonfire Elementals","player_choice":"Offered Rare","floor":19.0,"gold_loss":0.0,"damage_taken":0.0},{"damage_healed":0.0,"max_hp_gain":0.0,"max_hp_loss":0.0,"gold_gain":0.0,"event_name":"Vampires","player_choice":"Ignored","floor":22.0,"gold_loss":0.0,"damage_taken":0.0},{"damage_healed":0.0,"max_hp_gain":0.0,"max_hp_loss":0.0,"gold_gain":0.0,"event_name":"Back to Basics","player_choice":"Simplicity","floor":30.0,"gold_loss":0.0,"damage_taken":0.0,"cards_upgraded":["Strike_B","Defend_B","Defend_B","Defend_B","Defend_B"]},{"damage_healed":0.0,"max_hp_gain":0.0,"max_hp_loss":0.0,"gold_gain":0.0,"event_name":"Nest","player_choice":"Joined the Cult","floor":31.0,"gold_loss":0.0,"damage_taken":6.0,"cards_obtained":["RitualDagger"]}],"is_beta":false,"boss_relics":[{"not_picked":["Fusion Hammer","Tiny House"],"picked":"FrozenCore"}],"items_purged_floors":[5,21],"is_endless":false,"potions_floor_spawned":[4,7,8,11,14,27,28],"killed_by":"Automaton","ascension_level":19}}