{"host":"4bjxh029d56iuik5","time":1612041295,"event":{"mods":["BaseMod","BetterRewards","Conspire","GifTheSpireLib","Hubris","Infinite Spire","Mimic Mod","Minty Spire (QoL Compilation)","StSLib","Stuff the Spire"],"gold_per_floor":[116,126,138,151,164,190,290,323,355,381,381,395,412,422,422,517,517,537,537,537,557,557,557],"floor_reached":22,"language":"RUS","playtime":1072,"items_purged":[],"score":210,"play_id":"db0c3496-208e-4e9b-9b79-bec2b5580c8d","local_time":"20210130231455","is_ascension_mode":false,"campfire_choices":[{"floor":11,"key":"REST"},{"floor":15,"key":"REST"}],"circlet_count":0,"master_deck":["Strike_P","Strike_P","Strike_P","Strike_P","Defend_P","Defend_P","Defend_P","Defend_P","Eruption+1","Vigilance","FlyingSleeves","BattleHymn","FollowUp","FollowUp","FlurryOfBlows","Consecrate","Perseverance","Tantrum","FlurryOfBlows","StuffTheSpire:CuriosityCurse"],"relics":["HolyWater","Juzu Bracelet","hubris:OldNail","Bag of Preparation","Damaru","infinitespire:PuzzleCube"],"acts_visited":["Exordium","TheCity"],"potions_floor_usage":[2,2,6,6,8,10,16],"damage_taken":[{"damage":15,"enemies":"infinitespire:Voidling","floor":1,"turns":5},{"damage":0,"enemies":"Cultist","floor":2,"turns":4},{"damage":0,"enemies":"Small Slimes","floor":3,"turns":2},{"damage":0,"enemies":"Blue Slaver","floor":4,"turns":2},{"damage":0,"enemies":"Red Slaver","floor":5,"turns":4},{"damage":4,"enemies":"3 Sentries","floor":6,"turns":7},{"damage":24,"enemies":"Gremlin Nob","floor":8,"turns":3},{"damage":10,"enemies":"2 Fungi Beasts","floor":9,"turns":6},{"damage":14,"enemies":"3 Sentries","floor":10,"turns":4},{"damage":2,"enemies":"2 Fungi Beasts","floor":12,"turns":4},{"damage":2,"enemies":"Blue Slaver","floor":13,"turns":3},{"damage":0,"enemies":"3 Louse","floor":14,"turns":1},{"damage":25,"enemies":"Slime Boss","floor":16,"turns":4},{"damage":12,"enemies":"Shell Parasite","floor":18,"turns":3},{"damage":0,"enemies":"3 Byrds","floor":21,"turns":3},{"damage":76,"enemies":"Sentry and Sphere","floor":22,"turns":5}],"seed_played":"-4545105854873515615","potions_obtained":[{"floor":1,"key":"EntropicBrew"},{"floor":6,"key":"SkillPotion"},{"floor":8,"key":"DuplicationPotion"},{"floor":13,"key":"Dexterity Potion"},{"floor":21,"key":"FearPotion"}],"is_trial":false,"path_per_floor":["M","M","M","M","M","E","?","E","MIM","E","R","M","M","M","R","B",null,"M","?","?","M","M"],"character_chosen":"WATCHER","items_purchased":[],"campfire_rested":2,"item_purchase_floors":[],"current_hp_per_floor":[61,61,61,61,61,57,57,33,23,9,30,28,26,26,47,22,72,60,60,60,60,0,0],"gold":557,"neow_bonus":"UPGRADE_CARD","is_daily":false,"chose_seed":false,"campfire_upgraded":0,"win_rate":0.0,"timestamp":1612041295,"path_taken":["M","M","M","?","M","E","?","E","MIM","E","R","M","M","M","R","BOSS","M","?","?","M","M"],"items_purchased_type":[],"build_version":"2020-12-22","purchased_purges":0,"victory":false,"max_hp_per_floor":[72,72,72,72,72,72,72,72,72,72,72,72,72,72,72,72,72,72,72,72,72,72,72],"card_choices":[{"not_picked":["Conclude","JustLucky"],"picked":"FlyingSleeves","floor":1},{"not_picked":["Indignation","Sanctity"],"picked":"BattleHymn","floor":2},{"not_picked":["Sanctity","BowlingBash"],"picked":"FollowUp","floor":3},{"not_picked":["CrushJoints","CutThroughFate"],"picked":"FollowUp","floor":4},{"not_picked":["InnerPeace","Fasting2"],"picked":"FlurryOfBlows","floor":5},{"not_picked":["PathToVictory","BattleHymn","Meditate"],"picked":"SKIP","floor":6},{"not_picked":["Wallop","Evaluate"],"picked":"Consecrate","floor":8},{"not_picked":["Scrawl","Nirvana"],"picked":"Perseverance","floor":9},{"not_picked":["FollowUp","Evaluate","FlyingSleeves"],"picked":"SKIP","floor":10},{"not_picked":["Fasting2","CarveReality","EmptyBody"],"picked":"SKIP","floor":12},{"not_picked":["ReachHeaven","Vault"],"picked":"Tantrum","floor":13},{"not_picked":["Study","Nirvana"],"picked":"FlurryOfBlows","floor":14},{"not_picked":["Vengeance+1","BowlingBash","Adaptation"],"picked":"SKIP","floor":18},{"not_picked":["CutThroughFate","JustLucky","LikeWater"],"picked":"SKIP","floor":21}],"player_experience":316036,"relics_obtained":[{"floor":6,"key":"Juzu Bracelet"},{"floor":8,"key":"hubris:OldNail"},{"floor":9,"key":"Bag of Preparation"},{"floor":10,"key":"Damaru"}],"event_choices":[{"damage_healed":0,"gold_gain":100,"player_choice":"Pray","damage_taken":0,"max_hp_gain":0,"max_hp_loss":0,"event_name":"Golden Shrine","floor":7,"gold_loss":0},{"damage_healed":0,"gold_gain":0,"player_choice":"Ignored","damage_taken":0,"max_hp_gain":0,"max_hp_loss":0,"event_name":"Cursed Tome","floor":19,"gold_loss":0}],"is_beta":false,"boss_relics":[{"not_picked":["hubris:GrandSneckoEye","conspire:RoyalGoblet"],"picked":"HolyWater"}],"items_purged_floors":[],"is_endless":false,"potions_floor_spawned":[1,2,6,8,13,21],"killed_by":"Sentry and Sphere","ascension_level":0}}