{"host":"szp1d6dso4pv7ddl","time":1612034926,"event":{"mods":["AchievementEnabler","Alarm Clock","BaseMod","Bestiary","Block Reminder","Colored Map","Colored Powertips","Curses Come First","Dark Map","Displayed Cursed Tome","Highlight Path","Minty Spire (QoL Compilation)","Permanent Neow","Quick Restart","Relic Sorter","Relic Stats","StSLib","Synergy Search"],"gold_per_floor":[115,115,190,202,18,18,44,44,71,71,71,71],"floor_reached":11,"language":"ENG","playtime":550,"items_purged":[],"score":114,"play_id":"c5844650-6db6-4efa-be72-3d460de76f58","local_time":"20210130112846","is_ascension_mode":true,"campfire_choices":[{"floor":6.0,"key":"REST"}],"circlet_count":0,"master_deck":["AscendersBane","Strike_B","Strike_B","Strike_B","Defend_B","Defend_B","Defend_B","Defend_B","Zap","Dualcast","Rip and Tear","Undo","Skim"],"relics":["Velvet Choker","Art of War","Anchor","Happy Flower"],"acts_visited":["Exordium"],"potions_floor_usage":[],"damage_taken":[{"damage":0.0,"enemies":"Small Slimes","floor":1.0,"turns":3.0},{"damage":2.0,"enemies":"Jaw Worm","floor":4.0,"turns":3.0},{"damage":64,"enemies":"Gremlin Nob","floor":7,"turns":6},{"damage":5,"enemies":"3 Sentries","floor":11,"turns":3}],"seed_played":"3173006284018837736","potions_obtained":[],"is_trial":false,"path_per_floor":["M","?","?","M","$","R","E","?","T","$","E"],"character_chosen":"DEFECT","items_purchased":["Skim","Art of War"],"campfire_rested":1,"item_purchase_floors":[5,5],"current_hp_per_floor":[68,61,50,48,48,70,6,6,6,6,1,1],"gold":71,"neow_bonus":"BOSS_RELIC","is_daily":false,"chose_seed":false,"campfire_upgraded":0,"win_rate":0.0,"timestamp":1612034926,"path_taken":["M","?","?","M","?","R","E","?","T","$","E"],"items_purchased_type":["Card","Relic"],"build_version":"2020-12-22","purchased_purges":0,"victory":false,"max_hp_per_floor":[75,75,75,75,75,75,75,75,75,75,75,75],"relic_stats":{"Happy Flower":[1],"counters":[4,15],"Art of War":[1],"obtain_stats":[{"Anchor":7,"Happy Flower":9,"Velvet Choker":0,"Art of War":5,"Cracked Core":0},{"Anchor":3,"Happy Flower":3,"Velvet Choker":0,"Art of War":2,"Cracked Core":0},{"Anchor":12,"Happy Flower":12,"Velvet Choker":0,"Art of War":6,"Cracked Core":0}]},"card_choices":[{"not_picked":["Rebound","Steam"],"picked":"Rip and Tear","floor":1.0},{"not_picked":["Auto Shields","Redo"],"picked":"Undo","floor":4.0},{"not_picked":["Heatsinks","Hyperbeam","Creative AI"],"picked":"SKIP","floor":7}],"player_experience":1317178,"relics_obtained":[{"floor":7,"key":"Anchor"},{"floor":9,"key":"Happy Flower"}],"event_choices":[{"cards_removed":["Strike_B"],"damage_healed":0.0,"max_hp_gain":0.0,"max_hp_loss":0.0,"gold_gain":0.0,"event_name":"Golden Wing","player_choice":"Card Removal","floor":2.0,"gold_loss":0.0,"damage_taken":7.0},{"damage_healed":0.0,"max_hp_gain":0.0,"max_hp_loss":0.0,"gold_gain":75.0,"event_name":"World of Goop","player_choice":"Gather Gold","floor":3.0,"gold_loss":0.0,"damage_taken":11.0},{"damage_healed":0,"gold_gain":0,"player_choice":"Ignored","damage_taken":0,"max_hp_gain":0,"max_hp_loss":0,"event_name":"Liars Game","floor":8,"gold_loss":0}],"is_beta":false,"boss_relics":[],"items_purged_floors":[],"is_endless":false,"potions_floor_spawned":[],"killed_by":"3 Sentries","ascension_level":13}}