{"host":"qxeepl7ydvsgmfdb","time":1612016343,"event":{"mods":["AchievementEnabler","BaseMod","Colored Powertips","Minty Spire (QoL Compilation)","Quick Restart","slay the spire mod where everything is the same but ironclad has a cowboy hat"],"gold_per_floor":[111,111,111,122,49,49,78,98,98,113,124,124,124,140,140,242,242,254,179,179,31,47,47,77,96,151,151,151],"floor_reached":27,"language":"ENG","playtime":734,"items_purged":["Strike_G"],"score":258,"play_id":"cee346c1-77fe-4b51-ac9f-dc8b31a3854c","local_time":"20210130091903","is_ascension_mode":false,"campfire_choices":[{"floor":6.0,"key":"RECALL"},{"data":"Terror","floor":13.0,"key":"SMITH"},{"data":"Deadly Poison","floor":15.0,"key":"SMITH"},{"floor":23,"key":"REST"}],"circlet_count":0,"master_deck":["Strike_G","Strike_G","Strike_G","Strike_G+1","Defend_G","Defend_G","Defend_G","Defend_G","Defend_G","Survivor","Neutralize","Slice+1","Blade Dance","Terror+1","Poisoned Stab","Poisoned Stab","Poisoned Stab","Deadly Poison+1","Prepared","Envenom","CurseOfTheBell","Accuracy","Blade Dance","All Out Attack+1"],"relics":["Ring of the Snake","Eternal Feather","Whetstone","Matryoshka","Calling Bell","Lantern","White Beast Statue","Prayer Wheel","Nloth\u0027s Gift","Omamori","Smiling Mask","Anchor"],"acts_visited":["Exordium","TheCity"],"potions_floor_usage":[24,24,27],"damage_taken":[{"damage":0.0,"enemies":"Small Slimes","floor":1.0,"turns":1.0},{"damage":0.0,"enemies":"2 Louse","floor":4.0,"turns":1.0},{"damage":0.0,"enemies":"3 Sentries","floor":7.0,"turns":1.0},{"damage":1.0,"enemies":"Cultist","floor":8.0,"turns":3.0},{"damage":1.0,"enemies":"Blue Slaver","floor":10.0,"turns":2.0},{"damage":9.0,"enemies":"Lots of Slimes","floor":11.0,"turns":4.0},{"damage":8.0,"enemies":"3 Louse","floor":14.0,"turns":3.0},{"damage":28.0,"enemies":"Slime Boss","floor":16.0,"turns":11.0},{"damage":12.0,"enemies":"3 Byrds","floor":18.0,"turns":5.0},{"damage":18,"enemies":"Shell Parasite","floor":22,"turns":4},{"damage":33,"enemies":"Book of Stabbing","floor":24,"turns":5},{"damage":31,"enemies":"Shelled Parasite and Fungi","floor":25,"turns":4},{"damage":6,"enemies":"Snake Plant","floor":27,"turns":1}],"seed_played":"3122788337040942989","potions_obtained":[{"floor":3.0,"key":"AttackPotion"},{"floor":3.0,"key":"ColorlessPotion"},{"floor":3.0,"key":"EntropicBrew"},{"floor":14.0,"key":"Fire Potion"},{"floor":24,"key":"Strength Potion"},{"floor":25,"key":"SkillPotion"}],"is_trial":false,"path_per_floor":["M","?","?","M","$","R","E","M","T","M","M","?","R","M","R","B",null,"M","$","?","$","M","R","E","M","T","M"],"character_chosen":"THE_SILENT","items_purchased":["Terror","Omamori"],"campfire_rested":1,"item_purchase_floors":[5,21],"current_hp_per_floor":[70,70,70,70,70,70,70,69,69,68,59,59,68,60,70,42,70,58,58,58,58,40,70,37,6,6,0,0],"gold":151,"neow_bonus":"THREE_ENEMY_KILL","is_daily":false,"chose_seed":false,"campfire_upgraded":2,"win_rate":0.0,"timestamp":1612016343,"path_taken":["M","?","?","M","$","R","E","M","T","?","M","?","R","?","R","BOSS","M","$","?","$","M","R","E","?","T","?"],"items_purchased_type":["Card","Relic"],"build_version":"2020-12-22","purchased_purges":1,"victory":false,"max_hp_per_floor":[70,70,70,70,70,70,70,70,70,70,70,70,70,70,70,70,70,70,70,70,70,70,70,70,70,70,70,70],"card_choices":[{"not_picked":["Dodge and Roll","Prepared"],"picked":"Slice","floor":1.0},{"not_picked":["Reflex","Slice"],"picked":"Blade Dance","floor":4.0},{"not_picked":["Skewer","Flechettes"],"picked":"Poisoned Stab","floor":7.0},{"not_picked":["Slice","Dodge and Roll"],"picked":"Poisoned Stab","floor":8.0},{"not_picked":["Well Laid Plans","Riddle With Holes"],"picked":"Poisoned Stab","floor":10.0},{"not_picked":["Cloak And Dagger","Quick Slash"],"picked":"Deadly Poison","floor":11.0},{"not_picked":["Accuracy","Escape Plan"],"picked":"Prepared","floor":14.0},{"not_picked":["Grand Finale","Bullet Time"],"picked":"Envenom","floor":16.0},{"not_picked":["Reflex+1","Acrobatics"],"picked":"Accuracy","floor":18.0},{"not_picked":["Prepared","Sucker Punch+1","Outmaneuver+1"],"picked":"SKIP","floor":18.0},{"not_picked":["Calculated Gamble","Poisoned Stab+1"],"picked":"Blade Dance","floor":22},{"not_picked":["Malaise","PiercingWail+1","Acrobatics"],"picked":"SKIP","floor":22},{"not_picked":["Quick Slash","Terror"],"picked":"All Out Attack+1","floor":24},{"not_picked":["Calculated Gamble","Outmaneuver","Prepared+1"],"picked":"SKIP","floor":25},{"not_picked":["Flying Knee+1","PiercingWail","Dash"],"picked":"SKIP","floor":25}],"player_experience":158947,"relics_obtained":[{"floor":7.0,"key":"Whetstone"},{"floor":9.0,"key":"Matryoshka"},{"floor":17.0,"key":"Lantern"},{"floor":17.0,"key":"White Beast Statue"},{"floor":17.0,"key":"Prayer Wheel"},{"floor":24,"key":"Smiling Mask"},{"floor":26,"key":"Anchor"}],"event_choices":[{"damage_healed":0.0,"max_hp_gain":0.0,"max_hp_loss":0.0,"gold_gain":0.0,"event_name":"Big Fish","player_choice":"Box","floor":2.0,"gold_loss":0.0,"damage_taken":0.0,"relics_obtained":["Eternal Feather"],"cards_obtained":["Regret"]},{"damage_healed":0.0,"max_hp_gain":0.0,"max_hp_loss":0.0,"gold_gain":0.0,"event_name":"Lab","player_choice":"Got Potions","floor":3.0,"gold_loss":0.0,"damage_taken":0.0},{"cards_removed":["Regret"],"damage_healed":0.0,"max_hp_gain":0.0,"max_hp_loss":0.0,"gold_gain":0.0,"event_name":"Purifier","player_choice":"Purged","floor":12.0,"gold_loss":0.0,"damage_taken":0.0},{"damage_healed":0.0,"max_hp_gain":0.0,"max_hp_loss":0.0,"gold_gain":0.0,"event_name":"N\u0027loth","player_choice":"Traded Relic","floor":20.0,"relics_lost":["NeowsBlessing"],"gold_loss":0.0,"damage_taken":0.0,"relics_obtained":["Nloth\u0027s Gift"]}],"is_beta":false,"boss_relics":[{"not_picked":["Cursed Key","Empty Cage"],"picked":"Calling Bell"}],"items_purged_floors":[19],"is_endless":false,"potions_floor_spawned":[7,10,11,14,18,22,24,25],"killed_by":"Snake Plant","ascension_level":0}}