{"host":"gquo1rsrdiuo0hhv","time":1612029206,"event":{"mods":["Act Like it!","BaseMod","Colored Powertips","Minty Spire (QoL Compilation)","Quick Restart","StSLib"],"gold_per_floor":[118,118,131,56,66,91,91,106,184,212,231,231,60,135,135,237,237,253,271,271,283,283,309,309,339,366,366,378,391,411,424,424,526,526,536,15,65,65,83,83,99,119,119,119,119,119,137,33,33,33,33,33,7,35,35,35],"floor_reached":55,"language":"ENG","playtime":2422,"items_purged":["Strike_R","Strike_R","Strike_R"],"score":755,"play_id":"3d99153c-d00f-46e4-9452-d75fae7d6878","local_time":"20210131005326","is_ascension_mode":true,"campfire_choices":[{"data":"Heavy Blade","floor":7,"key":"SMITH"},{"floor":12,"key":"RECALL"},{"floor":15,"key":"REST"},{"data":"Armaments","floor":24,"key":"SMITH"},{"floor":27,"key":"REST"},{"floor":32,"key":"REST"},{"data":"Fire Breathing","floor":40,"key":"SMITH"},{"data":"Barricade","floor":44,"key":"SMITH"},{"data":"Double Tap","floor":46,"key":"SMITH"},{"data":"Limit Break","floor":49,"key":"SMITH"},{"data":"Demon Form","floor":52,"key":"SMITH"}],"circlet_count":0,"master_deck":["Defend_R","Defend_R","Defend_R","Defend_R","Bash","Heavy Blade+1","Spot Weakness","Flex","Whirlwind","Offering","Battle Trance","Double Tap+1","Fiend Fire","Intimidate","Armaments+1","Inflame","Power Through","Rampage","Demon Form+1","Limit Break+1","Barricade+1","Fire Breathing+1","Deep Breath","Seeing Red","Madness","Madness","Evolve","Secret Weapon"],"relics":["Black Blood","Lizard Tail","Letter Opener","Lantern","Busted Crown","Art of War","Calipers","Membership Card","Mummified Hand","Dead Branch","Du-Vu Doll","Eternal Feather"],"acts_visited":["Exordium","TheCity","TheBeyond","TheEnding"],"potions_floor_usage":[6,10,16,23,25,25,30,54,55,55],"damage_taken":[{"damage":6,"enemies":"Cultist","floor":1,"turns":3},{"damage":0,"enemies":"2 Louse","floor":3,"turns":3},{"damage":11,"enemies":"Jaw Worm","floor":5,"turns":4},{"damage":14,"enemies":"Gremlin Nob","floor":6,"turns":4},{"damage":11,"enemies":"Blue Slaver","floor":8,"turns":4},{"damage":16,"enemies":"Lagavulin","floor":10,"turns":6},{"damage":8,"enemies":"Red Slaver","floor":11,"turns":2},{"damage":41,"enemies":"Slime Boss","floor":16,"turns":9},{"damage":0,"enemies":"Chosen","floor":18,"turns":3},{"damage":6,"enemies":"2 Thieves","floor":19,"turns":2},{"damage":18,"enemies":"Snake Plant","floor":21,"turns":3},{"damage":48,"enemies":"Gremlin Leader","floor":23,"turns":4},{"damage":6,"enemies":"Slavers","floor":25,"turns":1},{"damage":13,"enemies":"Shelled Parasite and Fungi","floor":28,"turns":3},{"damage":23,"enemies":"Centurion and Healer","floor":29,"turns":3},{"damage":9,"enemies":"Snake Plant","floor":30,"turns":3},{"damage":8,"enemies":"Snecko","floor":31,"turns":4},{"damage":54,"enemies":"Automaton","floor":33,"turns":7},{"damage":19,"enemies":"3 Darklings","floor":35,"turns":3},{"damage":0,"enemies":"Mind Bloom Boss Battle","floor":37,"turns":4},{"damage":27,"enemies":"Orb Walker","floor":39,"turns":5},{"damage":6,"enemies":"Transient","floor":41,"turns":5},{"damage":9,"enemies":"Spire Growth","floor":42,"turns":3},{"damage":2,"enemies":"4 Shapes","floor":47,"turns":4},{"damage":59,"enemies":"Donu and Deca","floor":50,"turns":6},{"damage":42,"enemies":"Shield and Spear","floor":54,"turns":5},{"damage":135,"enemies":"The Heart","floor":55,"turns":6}],"seed_played":"-8058127485203796740","potions_obtained":[{"floor":1,"key":"BloodPotion"},{"floor":5,"key":"Block Potion"},{"floor":8,"key":"AttackPotion"},{"floor":16,"key":"Strength Potion"},{"floor":19,"key":"LiquidBronze"},{"floor":21,"key":"BloodPotion"},{"floor":28,"key":"Swift Potion"},{"floor":33,"key":"CultistPotion"},{"floor":37,"key":"Dexterity Potion"},{"floor":39,"key":"SmokeBomb"}],"is_trial":false,"path_per_floor":["M","?","M","$","M","E","R","M","T","E","M","R","$","?","R","B",null,"M","M","?","M","?","E","R","E","T","R","M","M","M","M","R","B",null,"M","$","?","?","M","R","M","M","T","R","?","R","M","$","R","B",null,"R","$","E","B"],"character_chosen":"IRONCLAD","items_purchased":["Double Tap","Membership Card","Limit Break","Barricade","Mummified Hand","Dexterity Potion","Evolve","Secret Weapon","Explosive Potion"],"campfire_rested":3,"item_purchase_floors":[13,36,36,36,36,36,48,48,53],"current_hp_per_floor":[80,80,80,80,75,67,67,62,62,52,50,50,50,39,63,44,80,80,80,80,68,68,42,42,42,42,66,59,42,39,37,61,13,80,73,73,80,80,65,65,71,74,74,74,64,64,74,74,74,27,80,80,80,50,0,0],"gold":35,"neow_bonus":"REMOVE_CARD","is_daily":false,"chose_seed":false,"campfire_upgraded":7,"win_rate":0.0,"timestamp":1612029206,"path_taken":["M","?","?","$","M","E","R","M","T","E","M","R","$","?","R","BOSS","M","M","?","M","?","E","R","E","T","R","M","M","M","?","R","BOSS","M","$","?","?","M","R","M","M","T","R","?","R","M","?","R","BOSS","R","$","E","BOSS"],"items_purchased_type":["Card","Relic","Card","Card","Relic","Potion","Card","Card","Potion"],"build_version":"2020-12-22","purchased_purges":3,"victory":false,"max_hp_per_floor":[80,80,80,80,80,80,80,80,80,80,80,80,80,80,80,80,80,80,80,80,80,80,80,80,80,80,80,80,80,80,80,80,80,80,80,80,80,80,80,80,80,80,80,80,80,80,80,80,80,80,80,80,80,80,80,80],"card_choices":[{"not_picked":["Rupture","Metallicize"],"picked":"Heavy Blade","floor":1},{"not_picked":["Headbutt","Clothesline","Clash"],"picked":"SKIP","floor":3},{"not_picked":["Iron Wave","Body Slam"],"picked":"Spot Weakness","floor":5},{"not_picked":["Pommel Strike","Havoc"],"picked":"Flex","floor":6},{"not_picked":["Second Wind","Iron Wave"],"picked":"Whirlwind","floor":8},{"not_picked":["Anger","Uppercut"],"picked":"Offering","floor":10},{"not_picked":["Cleave","Headbutt"],"picked":"Battle Trance","floor":11},{"not_picked":["Corruption","Brutality"],"picked":"Fiend Fire","floor":16},{"not_picked":["True Grit"],"picked":"SKIP","floor":18},{"not_picked":[],"picked":"Intimidate","floor":19},{"not_picked":[],"picked":"Inflame","floor":21},{"not_picked":["Burning Pact"],"picked":"SKIP","floor":23},{"not_picked":["Flex"],"picked":"SKIP","floor":25},{"not_picked":[],"picked":"Power Through","floor":28},{"not_picked":[],"picked":"Rampage","floor":29},{"not_picked":["Anger"],"picked":"SKIP","floor":30},{"not_picked":["Body Slam"],"picked":"SKIP","floor":31},{"not_picked":[],"picked":"Demon Form","floor":33},{"not_picked":["Heavy Blade"],"picked":"SKIP","floor":35},{"not_picked":[],"picked":"Fire Breathing","floor":37},{"not_picked":[],"picked":"Deep Breath","floor":38},{"not_picked":["Uppercut"],"picked":"SKIP","floor":39},{"not_picked":[],"picked":"Seeing Red","floor":41},{"not_picked":["Anger+1"],"picked":"SKIP","floor":42},{"not_picked":["Havoc"],"picked":"SKIP","floor":47},{"not_picked":["Reckless Charge"],"picked":"SKIP","floor":54}],"player_experience":409365,"relics_obtained":[{"floor":6,"key":"Lizard Tail"},{"floor":9,"key":"Letter Opener"},{"floor":10,"key":"Lantern"},{"floor":23,"key":"Art of War"},{"floor":25,"key":"Calipers"},{"floor":37,"key":"Dead Branch"},{"floor":43,"key":"Du-Vu Doll"},{"floor":54,"key":"Eternal Feather"}],"event_choices":[{"damage_healed":0,"gold_gain":0,"player_choice":"Ignored","damage_taken":0,"max_hp_gain":0,"max_hp_loss":0,"event_name":"NoteForYourself","floor":2,"gold_loss":0},{"damage_healed":0,"gold_gain":75,"player_choice":"Gather Gold","damage_taken":11,"max_hp_gain":0,"max_hp_loss":0,"event_name":"World of Goop","floor":14,"gold_loss":0},{"damage_healed":0,"gold_gain":0,"player_choice":"Read","damage_taken":0,"max_hp_gain":0,"max_hp_loss":0,"event_name":"The Library","floor":20,"gold_loss":0,"cards_obtained":["Armaments"]},{"cards_removed":["Strike_R"],"damage_healed":0,"gold_gain":0,"player_choice":"Offered Basic","damage_taken":0,"max_hp_gain":0,"max_hp_loss":0,"event_name":"Bonfire Elementals","floor":22,"gold_loss":0},{"damage_healed":0,"gold_gain":0,"player_choice":"Fight","damage_taken":0,"max_hp_gain":0,"max_hp_loss":0,"event_name":"MindBloom","floor":37,"gold_loss":0},{"damage_healed":0,"gold_gain":0,"player_choice":"Memory 1","damage_taken":0,"max_hp_gain":0,"max_hp_loss":0,"event_name":"SensoryStone","floor":38,"gold_loss":0},{"damage_healed":0,"gold_gain":0,"player_choice":"Embrace Madness","damage_taken":10,"max_hp_gain":0,"max_hp_loss":0,"event_name":"Winding Halls","floor":45,"gold_loss":0,"cards_obtained":["Madness","Madness"]}],"is_beta":false,"boss_relics":[{"not_picked":["SlaversCollar","Coffee Dripper"],"picked":"Busted Crown"},{"not_picked":["Sozu","Cursed Key"],"picked":"Black Blood"}],"items_purged_floors":[4,13,36],"is_endless":false,"potions_floor_spawned":[1,5,8,16,19,21,28,33,37,39,42],"killed_by":"The Heart","ascension_level":1}}