{"host":"amyouew1jj5rel7b","time":1612003441,"event":{"mods":["AchievementEnabler","Arknights The Spire","BaseMod","Better Altar","Better Match","Better Note","Better Skull","Better Third Choice","CapriCore","Minty Spire (QoL Compilation)","Permanent Neow","Spicy Shops","StSLib","SuperFastMode"],"gold_per_floor":[119,119,139,139,152,184,184,219,243,273,273,291,291,291,291,365,365,381,381,91,103,103,103,103],"floor_reached":23,"language":"KOR","playtime":906,"items_purged":["Regret"],"score":564,"play_id":"8f5a226d-24b5-4e66-8743-665b62567d13","local_time":"20210130194401","daily_mods":["Draft","Colorless Cards","Heirloom"],"is_ascension_mode":true,"campfire_choices":[{"data":"ats:Demon Strength","floor":7,"key":"SMITH"},{"floor":13,"key":"REST"},{"data":"ats:Demon Strength","floor":15,"key":"SMITH"}],"circlet_count":0,"master_deck":["AscendersBane","ats:Consecutive Shot Auto","ats:Counter Healing Mode","ats:Blood Oath","ats:Curse Doll+1","ats:Apocalypse+1","ats:Demon Strength+1","ats:Cat Scratch","ats:Directed Diagnosis","ats:Explosion Area Strengthen","ats:Blood Oath","ats:Chain Hook","ats:Shell Defense","ats:Hammer On","ats:Red Shift","ats:Consecutive Shot Auto","Panacea","ats:Shell Defense","ats:Demon Strength+1","ats:Wolf Pack","ats:Shell Defense","ats:Soul Rend","ats:Demon Strength","ats:Revitalization"],"relics":["ats:Sanity","WingedGreaves","War Paint","ats:Originium","Pen Nib","Ice Cream","ats:Hidden Killer","Strawberry","Cursed Key","Lee\u0027s Waffle"],"acts_visited":["Exordium","TheCity"],"potions_floor_usage":[10],"damage_taken":[{"damage":8,"enemies":"Jaw Worm","floor":1,"turns":3},{"damage":4,"enemies":"Cultist","floor":3,"turns":3},{"damage":0,"enemies":"Small Slimes","floor":5,"turns":1},{"damage":42,"enemies":"3 Sentries","floor":6,"turns":5},{"damage":5,"enemies":"Lagavulin","floor":8,"turns":4},{"damage":37,"enemies":"Gremlin Nob","floor":10,"turns":4},{"damage":6,"enemies":"Blue Slaver","floor":12,"turns":2},{"damage":8,"enemies":"Slime Boss","floor":16,"turns":7},{"damage":9,"enemies":"Chosen","floor":18,"turns":3},{"damage":22,"enemies":"Spheric Guardian","floor":21,"turns":4},{"damage":37,"enemies":"Book of Stabbing","floor":23,"turns":5}],"seed_played":"-5175744680580621364","potions_obtained":[{"floor":8,"key":"PowerPotion"},{"floor":12,"key":"Ancient Potion"},{"floor":16,"key":"ColorlessPotion"},{"floor":18,"key":"PowerPotion"}],"is_trial":true,"path_per_floor":["M","?","M","?","M","E","R","E","T","E","?","M","R","?","R","B",null,"M","?","$","M","?","E"],"character_chosen":"DOCTOR_CLASS","items_purchased":["ats:Demon Strength","Lee\u0027s Waffle"],"campfire_rested":1,"item_purchase_floors":[20,20],"current_hp_per_floor":[63,63,67,67,67,38,38,43,43,24,24,21,44,44,44,60,74,70,66,86,69,69,51,51],"gold":103,"neow_bonus":"","is_daily":false,"chose_seed":false,"campfire_upgraded":2,"win_rate":0.0,"timestamp":1612003441,"path_taken":["M","?","?","?","M","E","R","E","T","E","?","M","R","?","R","BOSS","M","?","$","?","?","E"],"items_purchased_type":["Card","Relic"],"build_version":"2020-12-22","purchased_purges":1,"victory":false,"max_hp_per_floor":[72,72,72,72,72,72,72,72,72,79,79,79,79,79,79,79,79,79,79,86,86,86,86,86],"card_choices":[{"not_picked":["ats:Powerful Strike","ats:Very Hot Blade"],"picked":"ats:Consecutive Shot Auto","floor":0},{"not_picked":["ats:Cat Scratch","ats:Magnetic Hammer"],"picked":"Finesse","floor":0},{"not_picked":["ats:Powerful Strike","Panacea"],"picked":"ats:Counter Healing Mode","floor":0},{"not_picked":["Enlightenment","ats:Poison Spread"],"picked":"ats:Blood Oath","floor":0},{"not_picked":["ats:Sword Rain","ats:Guardian Obelisk"],"picked":"ats:Curse Doll","floor":0},{"not_picked":["ats:Charging Defense","ats:Overload"],"picked":"ats:Apocalypse","floor":0},{"not_picked":["Deep Breath","ats:Shadow Raid"],"picked":"ats:Demon Strength","floor":0},{"not_picked":["Panacea","ats:Apocalypse"],"picked":"ats:Cat Scratch","floor":0},{"not_picked":["ats:Flame Of Heaven","ats:Very Hot Blade"],"picked":"ats:Directed Diagnosis","floor":0},{"not_picked":["Jack Of All Trades","ats:Sunburst"],"picked":"ats:Explosion Area Strengthen","floor":0},{"not_picked":["Panacea","ats:Closed Bolt Burst Fire"],"picked":"ats:Blood Oath","floor":0},{"not_picked":["ats:Very Hot Blade","ats:Shadow Raid"],"picked":"ats:Chain Hook","floor":0},{"not_picked":["ats:Cat Scratch","ats:Apocalypse"],"picked":"ats:Shell Defense","floor":0},{"not_picked":["ats:Flexible Camouflage","ats:Collapsing Strike"],"picked":"ats:Hammer On","floor":0},{"not_picked":["ats:Shadow Raid","ats:Directed Diagnosis"],"picked":"ats:Red Shift","floor":0},{"not_picked":["ats:Guard Mode","ats:Sunburst"],"picked":"ats:Consecutive Shot Auto","floor":1},{"not_picked":["ats:Support Order","ats:Guard Mode"],"picked":"ats:Shell Defense","floor":3},{"not_picked":["ats:Directed Diagnosis","Mind Blast"],"picked":"ats:Demon Strength","floor":5},{"not_picked":["ats:Ignite","ats:Blood Oath"],"picked":"ats:Wolf Pack","floor":6},{"not_picked":["ats:Cat Scratch","ats:Fractured Body","ats:Guard Mode"],"picked":"SKIP","floor":8},{"not_picked":["ats:Ignite","ats:Poison Spread"],"picked":"ats:Shell Defense","floor":10},{"not_picked":["ats:Leaping Hammer","ats:Directed Diagnosis","ats:Apocalypse"],"picked":"SKIP","floor":12},{"not_picked":["Violence","Thinking Ahead"],"picked":"ats:Soul Rend","floor":16},{"not_picked":["ats:Closed Bolt Burst Fire","ats:Support Order","ats:Absolute Focus"],"picked":"SKIP","floor":18},{"not_picked":["Impatience","ats:Thorns","ats:Cat Scratch"],"picked":"SKIP","floor":21}],"player_experience":264297,"relics_obtained":[{"floor":6,"key":"ats:Originium"},{"floor":6,"key":"Pen Nib"},{"floor":8,"key":"ats:Originium"},{"floor":8,"key":"Ice Cream"},{"floor":9,"key":"ats:Hidden Killer"},{"floor":10,"key":"ats:Originium"},{"floor":10,"key":"Strawberry"}],"event_choices":[{"damage_healed":0,"gold_gain":0,"cards_transformed":["Finesse"],"player_choice":"Transformed","damage_taken":0,"max_hp_gain":0,"max_hp_loss":0,"event_name":"Transmorgrifier","floor":2,"gold_loss":0,"cards_obtained":["Panacea"]},{"damage_healed":0,"gold_gain":0,"player_choice":"Box","damage_taken":0,"relics_obtained":["War Paint"],"max_hp_gain":0,"max_hp_loss":0,"event_name":"Big Fish","floor":4,"gold_loss":0,"cards_obtained":["Regret"]},{"damage_healed":24,"gold_gain":0,"player_choice":"Leave","damage_taken":0,"max_hp_gain":0,"max_hp_loss":79,"event_name":"betterThird:BetterShining","floor":11,"gold_loss":0},{"damage_healed":0,"gold_gain":0,"player_choice":"Ignored","damage_taken":291,"max_hp_gain":0,"max_hp_loss":0,"event_name":"betterThird:BetterSerpent","floor":14,"gold_loss":0},{"damage_healed":0,"gold_gain":0,"player_choice":"Bought 0 Potions","damage_taken":0,"max_hp_gain":0,"max_hp_loss":0,"event_name":"The Woman in Blue","floor":19,"gold_loss":0},{"damage_healed":0,"gold_gain":0,"player_choice":"Read","damage_taken":0,"max_hp_gain":0,"max_hp_loss":0,"event_name":"The Library","floor":22,"gold_loss":0,"cards_obtained":["ats:Revitalization"]}],"is_beta":false,"boss_relics":[{"not_picked":["Busted Crown","Black Star"],"picked":"Cursed Key"}],"items_purged_floors":[20],"is_endless":false,"potions_floor_spawned":[8,12,16,18],"killed_by":"Book of Stabbing","ascension_level":20}}