{"host":"80x1ozqd5wpd4nvo","time":1612039423,"event":{"mods":["2.2 Compatiblity","Aspiration","BaseMod","Better Altar","Better Match","Better Note","Better Sensory Stone","Better Skull","Better Third Choice","BetterRewards","CCEM2","Card Forge","Custom Start","DNKmod","Defuse TimeMaze Blight","Dota2Spire","Energized Spire","Friendly Minions","GifTheSpireLib","Hubris","Infinite Spire","Minty Spire (QoL Compilation)","Permanent Neow","Poor People Problems","Shop Mod","Spicy Shops","StS++","StSLib","The Blue Laboratory","The Dragonkin","??????REMEMod"],"gold_per_floor":[1214,1229,1329,1344,1360,1360,1380,1411,1484,1499,1499,1519,1519,1532,1532,1632,1632,1651,1664,1018,1018,1033,1061,1081,587,587,620,620,652,652,672,672,777,777,795,809,809,909,959,990,990,1007,1007,1007,1007,1024,1043,797,797,797,797,797,352,382,382],"floor_reached":56,"language":"ENG","playtime":10581,"items_purged":["theDragonkin:Strike","theDragonkin:Strike","theDragonkin:Strike"],"score":1516,"play_id":"0af8a1d0-dae3-4b58-b4e0-112beeb07404","local_time":"20210130214343","is_ascension_mode":false,"campfire_choices":[{"data":"theDragonkin:EmberSwipe","floor":6,"key":"SMITH"},{"data":"infinitespire:SevenWalls","floor":13,"key":"SMITH"},{"data":"theDragonkin:ChainsOfTruth","floor":15,"key":"SMITH"},{"data":"theDragonkin:StormFront","floor":28,"key":"SMITH"},{"data":"theDragonkin:DivineVision","floor":30,"key":"SMITH"},{"data":"theDragonkin:DivineBreath","floor":32,"key":"SMITH"},{"floor":41,"key":"RECALL"},{"data":"Enlightenment","floor":52,"key":"SMITH"}],"circlet_count":0,"master_deck":["theDragonkin:Strike","theDragonkin:Defend","theDragonkin:Defend","theDragonkin:Defend","theDragonkin:Defend","theDragonkin:HolySmite","theDragonkin:BlazingBreath","theDragonkin:MagmaScales","theDragonkin:AcidBreath","theDragonkin:DivineBreath","theDragonkin:EmberSwipe+1","theDragonkin:MirrorBreath","theDragonkin:ChainsOfTruth+1","theDragonkin:MiasmicBreath","infinitespire:SevenWalls+1","theDragonkin:MagnussCorona","theDragonkin:TwinBreath","theDragonkin:AshenArmor","theDragonkin:SandBreath","theDragonkin:EnduringAgony","theDragonkin:AkatirnsDecree","theDragonkin:RevelationBreath","infinitespire:SevenWalls+1","theDragonkin:HallowedGround","theDragonkin:DivineVision+1","theDragonkin:AcidArmor","theDragonkin:StormFront+1","theDragonkin:SlowBurn","theDragonkin:DivineBreath+1","theDragonkin:ShieldBash","theDragonkin:DivineJolt+1","theDragonkin:Smaugs_Smog","theDragonkin:AcidArmor","infinitespire:Menacing","theDragonkin:SlowBurn+1","theDragonkin:SlowBurn+1","theDragonkin:Ashfall+1","Enlightenment+1","theDragonkin:Cauterize","hubris:EnhanceAbility","theDragonkin:DeepBreath+1"],"relics":["theDragonkin:GarnetScale","Hammer of Thor","Seething Fire","Anvil of the Gods","REME_ComplimentaryCards","aspiration:Nostalgia","PureWater","Mercury Hourglass","Bottled Flame","Black Star","theDragonkin:TilerasShield","Ornamental Fan","StSpp:BoiledEgg","Dota2Spire:CrimsonGuard","Membership Card","Ice Cream","Blood Vial","StSpp:JackpotMachine","Question Card","CaptainsWheel","Bottled Tornado","aspiration:Lifesprig","hubris:Reverence","REME_LowDesire","REME_HandOfSuture","aspiration:ArtOfWarUpgrade","hubris:Icosahedron","REME_IWantAll","hubris:CuriousFeather","Dota2Spire:PowerTreads","hubris:ToyBattleship","Dota2Spire:RefresherOrb","CCEMRelics:FiftyFTOfRope","Lantern","Vajra","StSpp:Monolith","HandDrill","theDragonkin:MukySludge","InkBottle"],"acts_visited":["Exordium","TheCity","TheBeyond","TheEnding"],"potions_floor_usage":[8,16,33,38,39,50,55],"damage_taken":[{"damage":0,"enemies":"Cultist","floor":1,"turns":2},{"damage":3,"enemies":"infinitespire:Voidling","floor":2,"turns":3},{"damage":0,"enemies":"Small Slimes","floor":4,"turns":2},{"damage":0,"enemies":"2 Fungi Beasts","floor":5,"turns":2},{"damage":0,"enemies":"Large Slime","floor":7,"turns":2},{"damage":0,"enemies":"3 Sentries","floor":8,"turns":3},{"damage":0,"enemies":"Blue Slaver","floor":10,"turns":2},{"damage":0,"enemies":"Exordium Wildlife","floor":12,"turns":2},{"damage":1,"enemies":"Exordium Thugs","floor":14,"turns":2},{"damage":20,"enemies":"Hexaghost","floor":16,"turns":3},{"damage":0,"enemies":"Chosen","floor":18,"turns":2},{"damage":0,"enemies":"3 Byrds","floor":19,"turns":2},{"damage":0,"enemies":"3 Cultists","floor":22,"turns":2},{"damage":19,"enemies":"Slavers","floor":23,"turns":4},{"damage":0,"enemies":"Cultist and Chosen","floor":24,"turns":4},{"damage":2,"enemies":"Book of Stabbing","floor":27,"turns":3},{"damage":0,"enemies":"Gremlin Leader","floor":29,"turns":3},{"damage":0,"enemies":"Centurion and Healer","floor":31,"turns":2},{"damage":0,"enemies":"Automaton","floor":33,"turns":7},{"damage":0,"enemies":"3 Darklings","floor":35,"turns":4},{"damage":0,"enemies":"Orb Walker","floor":36,"turns":3},{"damage":0,"enemies":"infinitespire:Three Voidlings","floor":38,"turns":4},{"damage":16,"enemies":"Nightmare_Alpha","floor":38,"turns":7},{"damage":0,"enemies":"Mind Bloom Boss Battle","floor":39,"turns":5},{"damage":17,"enemies":"Nemesis","floor":40,"turns":5},{"damage":0,"enemies":"Transient","floor":42,"turns":2},{"damage":0,"enemies":"4 Shapes","floor":46,"turns":3},{"damage":0,"enemies":"Spire Growth","floor":47,"turns":3},{"damage":0,"enemies":"TheAcolyte","floor":50,"turns":4},{"damage":0,"enemies":"Shield and Spear","floor":54,"turns":4},{"damage":14,"enemies":"The Heart","floor":55,"turns":6}],"seed_played":"-8773633498427899674","potions_obtained":[{"floor":2,"key":"BlessingOfTheForge"},{"floor":5,"key":"StSpp:SecondWindPotion"},{"floor":7,"key":"blueLaboratory:Moonshine"},{"floor":14,"key":"BlessingOfTheForge"},{"floor":23,"key":"blueLaboratory:NullPotion"},{"floor":27,"key":"Weak Potion"},{"floor":31,"key":"BlessingOfTheForge"},{"floor":33,"key":"blueLaboratory:HummingbirdPotion"},{"floor":38,"key":"blueLaboratory:SavagePotion"},{"floor":47,"key":"blueLaboratory:FruitPunch"}],"is_trial":false,"path_per_floor":["M","M","?","M","M","R","M","E","T","M","?","M","R","M","R","B",null,"M","M","$","?","M","E","M","$","T","E","R","E","R","M","R","B",null,"M","M","?","?","?","E","R","M","T","AVR","R","M","M","$","R","B",null,"R","$","E","B",null],"character_chosen":"THE_DRAGONKIN","items_purchased":["theDragonkin:TilerasShield","Ornamental Fan","theDragonkin:EnduringAgony","theDragonkin:AkatirnsDecree","theDragonkin:RevelationBreath","Membership Card","Ice Cream","Blood Vial","StSpp:JackpotMachine","theDragonkin:AcidArmor","CCEMRelics:FiftyFTOfRope","Lantern","Vajra","StSpp:Monolith","HandDrill","theDragonkin:Cauterize","hubris:EnhanceAbility","Strength Potion"],"campfire_rested":0,"item_purchase_floors":[20,20,20,20,20,25,25,25,25,25,48,48,53,53,53,53,53,53],"current_hp_per_floor":[100,97,97,97,97,97,97,97,97,97,71,71,71,70,70,50,100,100,100,103,103,103,90,90,102,105,111,111,119,119,121,121,123,145,145,145,148,135,140,131,131,133,133,136,136,138,140,146,149,153,174,174,183,189,189],"gold":382,"neow_bonus":"NOSTALGIA","is_daily":false,"chose_seed":false,"campfire_upgraded":7,"win_rate":0.0,"timestamp":1612039423,"path_taken":["M","M","?","M","M","R","?","E","T","M","?","M","R","M","R","BOSS","M","M","$","?","M","E","M","$","T","E","R","E","R","M","R","BOSS","M","M","?","?","?","E","R","M","T","AVR","R","M","?","$","R","BOSS","R","$","E","BOSS"],"items_purchased_type":["Relic","Relic","Card","Card","Card","Relic","Relic","Relic","Relic","Card","Relic","Relic","Relic","Relic","Relic","Card","Card","Potion"],"build_version":"2020-12-22","purchased_purges":3,"victory":true,"max_hp_per_floor":[100,100,100,100,100,100,100,100,100,100,100,100,100,100,100,100,100,100,100,103,103,103,109,109,121,124,130,130,136,136,136,136,136,145,145,145,148,151,154,160,160,160,160,163,163,163,163,169,172,174,174,174,183,189,189],"card_choices":[{"not_picked":["theDragonkin:DivineJolt","theDragonkin:ShieldGlare"],"picked":"theDragonkin:MagmaScales","floor":1},{"not_picked":["theDragonkin:HolyBarrier","theDragonkin:EnduringAgony"],"picked":"theDragonkin:AcidBreath","floor":2},{"not_picked":["theDragonkin:HolyBarrier","theDragonkin:FlameBreath"],"picked":"theDragonkin:DivineBreath","floor":4},{"not_picked":["theDragonkin:AshBreath","theDragonkin:HolyBarrier"],"picked":"theDragonkin:EmberSwipe","floor":5},{"not_picked":["theDragonkin:AcidBreath","theDragonkin:Flashpoint"],"picked":"theDragonkin:MirrorBreath","floor":7},{"not_picked":["theDragonkin:SlowBurn","theDragonkin:ControlledBreath"],"picked":"theDragonkin:ChainsOfTruth","floor":8},{"not_picked":["theDragonkin:DivineBreath","theDragonkin:LightArmor"],"picked":"theDragonkin:MiasmicBreath","floor":10},{"not_picked":["hubris:Rewind","infinitespire:Starlight"],"picked":"infinitespire:SevenWalls","floor":11},{"not_picked":["theDragonkin:DivineFire","theDragonkin:AcidBreath"],"picked":"theDragonkin:MagnussCorona","floor":12},{"not_picked":["theDragonkin:FlameWard","theDragonkin:EmberSwipe"],"picked":"theDragonkin:TwinBreath","floor":14},{"not_picked":["theDragonkin:FlashofLight","theDragonkin:MirrorBreath"],"picked":"theDragonkin:AshenArmor","floor":16},{"not_picked":["theDragonkin:AcidBreath","theDragonkin:AcidRain"],"picked":"theDragonkin:SandBreath","floor":18},{"not_picked":["theDragonkin:DivineFire","theDragonkin:EmberSwipe","theDragonkin:ControlledBreath"],"picked":"SKIP","floor":19},{"not_picked":["theDragonkin:MagnussCorona+1","theDragonkin:MiasmicBreath+1"],"picked":"theDragonkin:HallowedGround","floor":22},{"not_picked":["theDragonkin:AncestralSeance","theDragonkin:MagmaScales+1"],"picked":"theDragonkin:DivineVision","floor":23},{"not_picked":["theDragonkin:AcidRain","theDragonkin:EmberSwipe","theDragonkin:DivineFire"],"picked":"SKIP","floor":24},{"not_picked":["theDragonkin:FlameWard+1","theDragonkin:MagnussCorona","theDragonkin:DivineBreath"],"picked":"theDragonkin:StormFront","floor":27},{"not_picked":["theDragonkin:AncestralSeance","theDragonkin:SandBreath","theDragonkin:StormFront"],"picked":"theDragonkin:SlowBurn","floor":29},{"not_picked":["theDragonkin:Sizzle","theDragonkin:CorrosiveBelch","theDragonkin:MiasmicBreath"],"picked":"theDragonkin:DivineBreath","floor":31},{"not_picked":["theDragonkin:InfernoWard","theDragonkin:DivineStorm","theDragonkin:CrusaderForm"],"picked":"theDragonkin:ShieldBash","floor":33},{"not_picked":["theDragonkin:MiasmicBreath","theDragonkin:GooGrip","theDragonkin:BurningRage","HandOfGreed"],"picked":"theDragonkin:DivineJolt+1","floor":35},{"not_picked":["theDragonkin:SandBreath","theDragonkin:EnduringAgony+1","theDragonkin:FlameBreath+1","Panacea"],"picked":"theDragonkin:Smaugs_Smog","floor":36},{"not_picked":["theDragonkin:CorrosiveBelch+1","theDragonkin:MagnussCorona","theDragonkin:DivineBreath+1","StSpp:Resilience"],"picked":"theDragonkin:AcidArmor","floor":38},{"not_picked":["infinitespire:DeathsTouch","infinitespire:SealOfDarkness+"],"picked":"infinitespire:Menacing","floor":38},{"not_picked":["theDragonkin:GoldenFlames","theDragonkin:HallowedGround+1","theDragonkin:DivineBreath","Secret Weapon"],"picked":"theDragonkin:SlowBurn+1","floor":39},{"not_picked":["theDragonkin:ControlledBreath+1","theDragonkin:BurningRage","theDragonkin:DivineFire","Trip"],"picked":"theDragonkin:SlowBurn+1","floor":40},{"not_picked":["theDragonkin:AncestralSeance+1","theDragonkin:StormFront","theDragonkin:DivineJolt","REME_BattleFury"],"picked":"theDragonkin:Ashfall+1","floor":42},{"not_picked":["theDragonkin:DivineFire","theDragonkin:BurningRage+1","theDragonkin:TwinBreath+1","theDragonkin:Sizzle","Discovery+1"],"picked":"SKIP","floor":46},{"not_picked":["theDragonkin:GooGrip+1","theDragonkin:HolyShock","theDragonkin:SandBreath+1","theDragonkin:DivineFire"],"picked":"Enlightenment","floor":47},{"not_picked":["theDragonkin:MirrorBreath","theDragonkin:AcidBreath+1","theDragonkin:AcidRain+1","StSpp:MakeshiftWeapon"],"picked":"theDragonkin:DeepBreath+1","floor":54}],"player_experience":288372,"relics_obtained":[{"floor":8,"key":"Mercury Hourglass"},{"floor":9,"key":"Bottled Flame"},{"floor":23,"key":"StSpp:BoiledEgg"},{"floor":23,"key":"Dota2Spire:CrimsonGuard"},{"floor":26,"key":"Question Card"},{"floor":27,"key":"CaptainsWheel"},{"floor":27,"key":"Bottled Tornado"},{"floor":29,"key":"aspiration:Lifesprig"},{"floor":29,"key":"hubris:Reverence"},{"floor":34,"key":"REME_HandOfSuture"},{"floor":34,"key":"Art of War"},{"floor":38,"key":"REME_IWantAll"},{"floor":39,"key":"hubris:CuriousFeather"},{"floor":40,"key":"Dota2Spire:PowerTreads"},{"floor":40,"key":"hubris:ToyBattleship"},{"floor":54,"key":"theDragonkin:MukySludge"},{"floor":54,"key":"InkBottle"}],"event_choices":[{"damage_healed":0,"gold_gain":100,"player_choice":"Pray","damage_taken":0,"max_hp_gain":0,"max_hp_loss":0,"event_name":"Golden Shrine","floor":3,"gold_loss":0},{"damage_healed":0,"gold_gain":0,"player_choice":"Copied","damage_taken":0,"max_hp_gain":0,"max_hp_loss":0,"event_name":"Duplicator","floor":21,"gold_loss":0,"cards_obtained":["infinitespire:SevenWalls"]},{"damage_healed":0,"gold_gain":0,"player_choice":"Fight","damage_taken":0,"max_hp_gain":0,"max_hp_loss":0,"event_name":"MindBloom","floor":39,"gold_loss":0}],"is_beta":false,"boss_relics":[{"not_picked":["SacredBark","aspiration:SilentSkillbook"],"picked":"Black Star"},{"not_picked":["hubris:Stopwatch","REME_DemonsWealth"],"picked":"REME_LowDesire"}],"items_purged_floors":[20,48,53],"is_endless":false,"potions_floor_spawned":[2,5,7,14,23,27,31,33,35,38,38,47],"ascension_level":0}}