{"host":"8is2j71l4wmybkoi","time":1612016806,"event":{"mods":["AchievementEnabler","BaseMod","Colored Map","Minty Spire (QoL Compilation)","Rare Cards Sparkle","StSLib","SuperFastMode"],"gold_per_floor":[114,127,202,217,217,217,242,242,242,277,288,288,288],"floor_reached":12,"language":"KOR","playtime":308,"items_purged":[],"score":132,"play_id":"4233cef5-c03c-4ff1-bdeb-b07cb876a8bd","local_time":"20210130232646","is_ascension_mode":true,"campfire_choices":[{"data":"Poisoned Stab","floor":6,"key":"SMITH"},{"floor":8,"key":"REST"}],"circlet_count":0,"master_deck":["AscendersBane","Strike_G","Strike_G","Strike_G","Strike_G","Strike_G","Defend_G","Defend_G","Defend_G","Defend_G","Defend_G","Survivor","Neutralize","Poisoned Stab+1","Well Laid Plans","Skewer+1","Bouncing Flask","Bullet Time"],"relics":["Ring of the Snake","Pantograph","InkBottle","Art of War"],"acts_visited":["Exordium"],"potions_floor_usage":[7,7,7,12],"damage_taken":[{"damage":2,"enemies":"2 Louse","floor":1,"turns":3},{"damage":0,"enemies":"Small Slimes","floor":2,"turns":4},{"damage":0,"enemies":"Cultist","floor":4,"turns":4},{"damage":20,"enemies":"Lagavulin","floor":7,"turns":5},{"damage":34,"enemies":"Gremlin Nob","floor":10,"turns":4},{"damage":11,"enemies":"Blue Slaver","floor":11,"turns":4},{"damage":27,"enemies":"3 Sentries","floor":12,"turns":4}],"seed_played":"3555616384481686957","potions_obtained":[{"floor":0,"key":"CultistPotion"},{"floor":0,"key":"PowerPotion"},{"floor":0,"key":"SteroidPotion"},{"floor":1,"key":"CunningPotion"},{"floor":11,"key":"Regen Potion"}],"is_trial":false,"path_per_floor":["M","M","?","M","?","R","E","R","T","E","M","E"],"character_chosen":"THE_SILENT","items_purchased":[],"campfire_rested":1,"item_purchase_floors":[],"current_hp_per_floor":[61,61,50,50,50,50,30,51,51,17,6,0,0],"gold":288,"neow_bonus":"THREE_SMALL_POTIONS","is_daily":false,"chose_seed":false,"campfire_upgraded":1,"win_rate":0.0,"timestamp":1612016806,"path_taken":["M","M","?","M","?","R","E","R","T","E","M","E"],"items_purchased_type":[],"build_version":"2020-12-22","purchased_purges":0,"victory":false,"max_hp_per_floor":[70,70,70,70,70,70,70,70,70,70,70,70,70],"card_choices":[{"not_picked":["Sucker Punch","Distraction"],"picked":"Poisoned Stab","floor":1},{"not_picked":["Calculated Gamble","Deflect"],"picked":"Well Laid Plans","floor":2},{"not_picked":["Sucker Punch","Finisher"],"picked":"Skewer","floor":4},{"not_picked":["Predator","Dodge and Roll"],"picked":"Bouncing Flask","floor":7},{"not_picked":["Choke","Setup"],"picked":"Bullet Time","floor":10},{"not_picked":["Sucker Punch","Prepared","Cloak And Dagger"],"picked":"SKIP","floor":11}],"player_experience":856685,"relics_obtained":[{"floor":7,"key":"Pantograph"},{"floor":9,"key":"InkBottle"},{"floor":10,"key":"Art of War"}],"event_choices":[{"damage_healed":0,"gold_gain":75,"player_choice":"Gather Gold","damage_taken":11,"max_hp_gain":0,"max_hp_loss":0,"event_name":"World of Goop","floor":3,"gold_loss":0},{"damage_healed":0,"gold_gain":0,"player_choice":"Forge","damage_taken":0,"max_hp_gain":0,"max_hp_loss":0,"event_name":"Accursed Blacksmith","floor":5,"gold_loss":0,"cards_upgraded":["Skewer"]}],"is_beta":false,"boss_relics":[],"items_purged_floors":[],"is_endless":false,"potions_floor_spawned":[1,11],"killed_by":"3 Sentries","ascension_level":10}}