{"host":"8962ghaoa8fyttvy","time":1612049462,"event":{"mods":["2.2 Compatiblity","AchievementEnabler","BaseMod","Bestiary","Colored Map","Colored Powertips","Curses Come First","Highlight Path","Keyboard Shortcuts","Minty Spire (QoL Compilation)","Relic Stats","Slay the Relics Exporter","StSLib","SuperFastMode"],"gold_per_floor":[114,126,138,138,148,148,180,180,180,203,203,218,241,266,266,266,266],"floor_reached":16,"language":"ENG","playtime":627,"items_purged":[],"score":106,"play_id":"39f5c141-c6be-4887-b783-b835a85834ae","local_time":"20210130183102","is_ascension_mode":false,"campfire_choices":[{"data":"Searing Blow","floor":6,"key":"SMITH"},{"data":"Searing Blow+1","floor":15,"key":"SMITH"}],"circlet_count":0,"master_deck":["Strike_R","Strike_R","Strike_R","Strike_R","Defend_R","Defend_R","Defend_R","Defend_R","Bash","Searing Blow+2","Clash","Cleave","Spot Weakness","Perfected Strike","Reaper","Whirlwind","Perfected Strike","Armaments"],"relics":["Burning Blood","Strawberry","Golden Idol","Nunchaku","GremlinMask"],"acts_visited":["Exordium"],"potions_floor_usage":[7,16,16],"damage_taken":[{"damage":9,"enemies":"2 Louse","floor":1,"turns":3},{"damage":5,"enemies":"Cultist","floor":2,"turns":4},{"damage":4,"enemies":"Small Slimes","floor":3,"turns":4},{"damage":15,"enemies":"Looter","floor":5,"turns":3},{"damage":22,"enemies":"3 Sentries","floor":7,"turns":6},{"damage":9,"enemies":"2 Fungi Beasts","floor":10,"turns":3},{"damage":39,"enemies":"Exordium Thugs","floor":12,"turns":6},{"damage":14,"enemies":"Blue Slaver","floor":13,"turns":3},{"damage":13,"enemies":"2 Fungi Beasts","floor":14,"turns":4},{"damage":35,"enemies":"Hexaghost","floor":16,"turns":7}],"seed_played":"-7182513474504269989","potions_obtained":[{"floor":1,"key":"FearPotion"},{"floor":3,"key":"DuplicationPotion"},{"floor":12,"key":"BlessingOfTheForge"},{"floor":13,"key":"Ancient Potion"},{"floor":14,"key":"BlessingOfTheForge"}],"is_trial":false,"path_per_floor":["M","M","M","?","M","R","E","?","T","M","?","M","M","M","R","B"],"character_chosen":"IRONCLAD","items_purchased":[],"campfire_rested":0,"item_purchase_floors":[],"current_hp_per_floor":[77,78,80,85,76,76,67,67,67,71,71,42,34,27,27,0,0],"gold":266,"neow_bonus":"TRANSFORM_CARD","is_daily":false,"chose_seed":false,"campfire_upgraded":2,"win_rate":0.0,"timestamp":1612049462,"path_taken":["M","M","M","?","M","R","E","?","T","M","?","M","?","?","R","BOSS"],"items_purchased_type":[],"build_version":"2020-12-22","purchased_purges":0,"victory":false,"max_hp_per_floor":[80,80,80,85,85,85,92,85,85,85,85,85,85,85,85,85,85],"relic_stats":{"Nunchaku":[3],"counters":[10,43],"Golden Idol":18,"obtain_stats":[{"Nunchaku":9,"Golden Idol":8,"Strawberry":7,"GremlinMask":11,"Burning Blood":0},{"Nunchaku":5,"Golden Idol":5,"Strawberry":5,"GremlinMask":6,"Burning Blood":0},{"Nunchaku":20,"Golden Idol":20,"Strawberry":20,"GremlinMask":23,"Burning Blood":0}],"Burning Blood":54},"card_choices":[{"not_picked":["Bloodletting","Warcry"],"picked":"Clash","floor":1},{"not_picked":["Thunderclap","Pummel"],"picked":"Cleave","floor":2},{"not_picked":["True Grit","Headbutt"],"picked":"Spot Weakness","floor":3},{"not_picked":["Hemokinesis","Twin Strike"],"picked":"Perfected Strike","floor":5},{"not_picked":["Perfected Strike","Thunderclap"],"picked":"Reaper","floor":7},{"not_picked":["Iron Wave","Body Slam"],"picked":"Whirlwind","floor":10},{"not_picked":["Reckless Charge","Rupture"],"picked":"Perfected Strike","floor":12},{"not_picked":["Body Slam","Flex"],"picked":"Armaments","floor":13},{"not_picked":["Twin Strike","True Grit","Armaments"],"picked":"SKIP","floor":14}],"player_experience":9169,"relics_obtained":[{"floor":7,"key":"Strawberry"},{"floor":9,"key":"Nunchaku"}],"event_choices":[{"damage_healed":0,"gold_gain":0,"player_choice":"Donut","damage_taken":0,"max_hp_gain":5,"max_hp_loss":0,"event_name":"Big Fish","floor":4,"gold_loss":0},{"damage_healed":0,"gold_gain":0,"player_choice":"Lose Max HP","damage_taken":0,"relics_obtained":["Golden Idol"],"max_hp_gain":0,"max_hp_loss":7,"event_name":"Golden Idol","floor":8,"gold_loss":0},{"damage_healed":0,"gold_gain":0,"player_choice":"Trade","damage_taken":0,"relics_obtained":["GremlinMask"],"max_hp_gain":0,"max_hp_loss":0,"event_name":"FaceTrader","floor":11,"gold_loss":0}],"is_beta":false,"boss_relics":[],"items_purged_floors":[],"is_endless":false,"potions_floor_spawned":[1,3,12,13,14],"killed_by":"Hexaghost","ascension_level":0}}