{"host":"p5axfb00mxhraew6","time":1612015237,"event":{"mods":["100% Spire Juice","Abigail Mod","Act Like it!","BaseMod","CapriCore","Friendly Minions","GifTheSpireLib","Jedi Mod","KomeijiMod","Lobotomy","MarisaÅiñ∂âJÅ@ñÇóùçπÅj","Minty Spire (QoL Compilation)","Prisma Mod","ReimuÅiîé??öÎÅj","RemiliaÅiÂQïƒ‰ª?Åj","SOSÅiézîb?îVéqÅj","StSLib","Td1madao Mod","The Alterego","The Immortal","The Problem Sleuth","Yakumo Yukari mod"],"gold_per_floor":[113,113,6,24,36,62,62,82,82,124,124,17,17,52,52,45,45,65,88,108,9,32,32,55,76,76,103,11,36,56,95,95,201,201,226,251,299,318,337,337,366,366,416,416,7,41,67,92,92,92,92,92,92,23,66,66],"floor_reached":57,"language":"ENG","playtime":2976,"items_purged":["Moonworks:Strike"],"score":1388,"play_id":"2898669d-8693-437a-aa13-20d3c459cd5c","local_time":"20210130230037","is_ascension_mode":false,"campfire_choices":[{"floor":7,"key":"REST"},{"data":"Moonworks:AnotherUltimateWeapon","floor":15,"key":"SMITH"},{"data":"Moonworks:IndiscriminateFireSupport","floor":23,"key":"SMITH"},{"data":"Moonworks:IndiscriminateFireSupport","floor":32,"key":"SMITH"},{"data":"Moonworks:HolyNight","floor":40,"key":"SMITH"},{"floor":44,"key":"RECALL"},{"floor":49,"key":"REST"},{"data":"Moonworks:ExtendedPhotonRifle","floor":53,"key":"SMITH"}],"circlet_count":0,"master_deck":["Moonworks:Strike","Moonworks:Strike","Moonworks:Strike","Moonworks:Defend","Moonworks:Defend","Moonworks:Defend","Moonworks:Defend","Moonworks:Ambush","Moonworks:LongDistanceShot","Moonworks:IndiscriminateFireSupport+1","Moonworks:SakisCookie","Moonworks:SweetBattle","Moonworks:AnotherUltimateWeapon+1","Moonworks:SakisCookie","Moonworks:AwakeningOfTalent","Moonworks:DeployBits","Moonworks:RocketCannon","Moonworks:IndiscriminateFireSupport+1","Moonworks:Dash","Moonworks:EvilSpyWorkPreparation+1","Moonworks:CloudOfSeagulls+1","Moonworks:DeployBits+1","Moonworks:NicePresent","Moonworks:LulusLuckyEgg","Moonworks:DeployBits","Moonworks:HolyNight+1","Moonworks:AwakeningOfTalent+1","Moonworks:BeyondHell","Moonworks:Wanted","Moonworks:NicePresent+1","Moonworks:IndiscriminateFireSupport+1","Moonworks:LulusLuckyEgg","Moonworks:CloudOfSeagulls+1","Moonworks:ExtendedPhotonRifle+1","Moonworks:ImmovableObject+1","Moonworks:BigMagnum","Moonworks:RagingMadness","Moonworks:Dash+1"],"relics":["Moonworks:BrokenBomb","Moonworks:Homemark","Omamori","Bag of Marbles","CeramicFish","Toy Ornithopter","Sundial","jedi:battlestandard","Bag of Preparation","jedi:cryingmask","SacredBark","Lizard Tail","Gambling Chip","Torii","Bottled Tornado"],"acts_visited":["Exordium","TheCity","TheBeyond","TheEnding"],"potions_floor_usage":[6,10,16,21,28,31,33,37,38,41,46,47,56],"damage_taken":[{"damage":4,"enemies":"2 Louse","floor":1,"turns":4},{"damage":0,"enemies":"Small Slimes","floor":3,"turns":3},{"damage":10,"enemies":"Jaw Worm","floor":4,"turns":4},{"damage":0,"enemies":"2 Fungi Beasts","floor":5,"turns":1},{"damage":35,"enemies":"Gremlin Nob","floor":6,"turns":5},{"damage":4,"enemies":"Looter","floor":8,"turns":3},{"damage":0,"enemies":"3 Sentries","floor":10,"turns":2},{"damage":0,"enemies":"3 Louse","floor":12,"turns":1},{"damage":20,"enemies":"Gremlin Nob","floor":14,"turns":4},{"damage":3,"enemies":"Slime Boss","floor":16,"turns":9},{"damage":0,"enemies":"3 Byrds","floor":18,"turns":4},{"damage":0,"enemies":"Spheric Guardian","floor":19,"turns":3},{"damage":13,"enemies":"Snecko","floor":20,"turns":5},{"damage":6,"enemies":"3 Cultists","floor":21,"turns":4},{"damage":0,"enemies":"Snake Plant","floor":22,"turns":1},{"damage":0,"enemies":"Cultist and Chosen","floor":24,"turns":3},{"damage":0,"enemies":"Centurion and Healer","floor":25,"turns":1},{"damage":0,"enemies":"Chosen and Byrds","floor":27,"turns":3},{"damage":0,"enemies":"Snake Plant","floor":28,"turns":3},{"damage":0,"enemies":"3 Cultists","floor":29,"turns":2},{"damage":1,"enemies":"Snecko","floor":30,"turns":4},{"damage":0,"enemies":"Slavers","floor":31,"turns":2},{"damage":0,"enemies":"Collector","floor":33,"turns":8},{"damage":14,"enemies":"Orb Walker","floor":35,"turns":3},{"damage":0,"enemies":"3 Darklings","floor":36,"turns":1},{"damage":1,"enemies":"2 Orb Walkers","floor":37,"turns":2},{"damage":9,"enemies":"Spire Growth","floor":38,"turns":5},{"damage":0,"enemies":"Jaw Worm Horde","floor":39,"turns":1},{"damage":22,"enemies":"Writhing Mass","floor":41,"turns":5},{"damage":4,"enemies":"Giant Head","floor":46,"turns":6},{"damage":12,"enemies":"Spire Growth","floor":47,"turns":4},{"damage":0,"enemies":"Sphere and 2 Shapes","floor":48,"turns":4},{"damage":60,"enemies":"Time Eater","floor":50,"turns":8},{"damage":5,"enemies":"Shield and Spear","floor":55,"turns":4},{"damage":105,"enemies":"The Heart","floor":56,"turns":6}],"seed_played":"-2368875288182471959","potions_obtained":[{"floor":3,"key":"jedi:tentaclejuice"},{"floor":6,"key":"BlessingOfTheForge"},{"floor":14,"key":"Strength Potion"},{"floor":16,"key":"FearPotion"},{"floor":18,"key":"PowerPotion"},{"floor":19,"key":"Fire Potion"},{"floor":25,"key":"LiquidMemories"},{"floor":27,"key":"LiquidBronze"},{"floor":29,"key":"DistilledChaos"},{"floor":35,"key":"SkillPotion"},{"floor":36,"key":"LiquidBronze"},{"floor":38,"key":"Fire Potion"},{"floor":39,"key":"ColorlessPotion"},{"floor":47,"key":"Fruit Juice"}],"is_trial":false,"path_per_floor":["M","$","M","M","M","E","R","M","T","E","?","M","$","E","R","B",null,"M","M","M","M","M","R","M","M","T","M","M","M","M","E","R","B",null,"M","M","?","M","M","R","M","?","T","R","$","E","M","M","R","B",null,null,"R","$","E","B",null],"character_chosen":"THE_STARBREAKER","items_purchased":["Gambling Chip","SkillPotion","Moonworks:RagingMadness"],"campfire_rested":2,"item_purchase_floors":[45,45,54],"current_hp_per_floor":[56,56,56,48,48,13,31,29,29,31,46,46,46,26,26,36,60,60,60,47,46,46,46,50,50,50,52,57,57,60,60,60,60,60,46,46,54,58,58,58,38,38,38,38,38,45,48,48,69,9,9,70,70,70,65,31],"gold":66,"neow_bonus":"RANDOM_COMMON_RELIC","is_daily":false,"chose_seed":false,"campfire_upgraded":5,"win_rate":0.0,"timestamp":1612015237,"path_taken":["M","$","M","M","M","E","R","M","T","E","?","M","$","E","R","BOSS","M","M","M","M","M","R","M","M","T","M","M","M","M","E","R","BOSS","M","M","?","M","M","R","M","?","T","R","$","E","M","M","R","BOSS","R","$","E","BOSS"],"items_purchased_type":["Relic","Potion","Card"],"build_version":"2020-12-22","purchased_purges":1,"victory":true,"max_hp_per_floor":[60,60,60,60,60,60,60,60,60,60,60,60,60,60,60,60,60,60,60,60,60,60,60,60,60,60,60,60,60,60,60,60,60,60,60,60,60,60,60,60,60,60,60,60,60,60,70,70,70,70,70,70,70,70,70,70],"card_choices":[{"not_picked":["Moonworks:Assault","Moonworks:NicePresent"],"picked":"Moonworks:IndiscriminateFireSupport","floor":1},{"not_picked":["Moonworks:DeployBits","Moonworks:RedAndBlue"],"picked":"Moonworks:SakisCookie","floor":3},{"not_picked":["Moonworks:Assault","Moonworks:FinalSurgery","Moonworks:DeployBits"],"picked":"SKIP","floor":4},{"not_picked":["Moonworks:IndiscriminateFireSupport","Moonworks:FullSpeedAlicianrone"],"picked":"Moonworks:SweetBattle","floor":5},{"not_picked":["Moonworks:BigMagnum","Moonworks:Assault"],"picked":"Moonworks:AnotherUltimateWeapon","floor":6},{"not_picked":["Moonworks:CloudOfSeagulls","Moonworks:Assault"],"picked":"Moonworks:SakisCookie","floor":8},{"not_picked":["Moonworks:Assault","Moonworks:JonathanRush"],"picked":"Moonworks:AwakeningOfTalent","floor":10},{"not_picked":["Moonworks:Poppoformation","Moonworks:ScrambledEve","Moonworks:ImOnFire"],"picked":"SKIP","floor":12},{"not_picked":["Moonworks:x16BigRocket","Moonworks:OutOfAmmo"],"picked":"Moonworks:DeployBits","floor":14},{"not_picked":["Moonworks:PlushieMaster","Moonworks:MetallicMonocoque"],"picked":"Moonworks:RocketCannon","floor":16},{"not_picked":["Moonworks:Assault","Moonworks:UnluckyCharm","Moonworks:ReproductionOfRecords"],"picked":"SKIP","floor":18},{"not_picked":["Moonworks:Dash","Moonworks:ScrambledEve"],"picked":"Moonworks:IndiscriminateFireSupport","floor":19},{"not_picked":["Moonworks:Poppoformation","Moonworks:CookingTime"],"picked":"Moonworks:Dash","floor":20},{"not_picked":["Moonworks:NicePresent+1","Moonworks:LuckyCharm"],"picked":"Moonworks:EvilSpyWorkPreparation+1","floor":21},{"not_picked":["Moonworks:IndiscriminateFireSupport","Moonworks:FinalBattle"],"picked":"Moonworks:CloudOfSeagulls+1","floor":22},{"not_picked":["Moonworks:BigMagnum","Moonworks:NicePresent+1"],"picked":"Moonworks:DeployBits+1","floor":24},{"not_picked":["Moonworks:Assault+1","Moonworks:x16BigRocket"],"picked":"Moonworks:NicePresent","floor":25},{"not_picked":["Moonworks:JonathanRush","Moonworks:BigMagnum"],"picked":"Moonworks:LulusLuckyEgg","floor":27},{"not_picked":["Moonworks:JonathanRush","Moonworks:LulusLuckyEgg"],"picked":"Moonworks:DeployBits","floor":28},{"not_picked":["Moonworks:SelfDestruct","Moonworks:DevilHand"],"picked":"Moonworks:HolyNight","floor":29},{"not_picked":["Moonworks:ImOnFire","Moonworks:JonathanRush"],"picked":"Moonworks:AwakeningOfTalent+1","floor":30},{"not_picked":["Moonworks:CloudOfSeagulls","Moonworks:BackdoorTrade"],"picked":"Moonworks:BeyondHell","floor":31},{"not_picked":["Moonworks:Gamble","Moonworks:OutOfAmmo"],"picked":"Moonworks:Wanted","floor":33},{"not_picked":["Moonworks:DeployBits","Moonworks:Bloodlust+1"],"picked":"Moonworks:NicePresent+1","floor":35},{"not_picked":["Moonworks:SealedMemories+1","Moonworks:Assault+1"],"picked":"Moonworks:IndiscriminateFireSupport+1","floor":36},{"not_picked":["Moonworks:ImOnFire","Moonworks:MixPhenomenon+1","Moonworks:JonathanRush+1"],"picked":"SKIP","floor":38},{"not_picked":["Moonworks:EvilSpyWorkPreparation","Moonworks:x16BigRocket"],"picked":"Moonworks:LulusLuckyEgg","floor":39},{"not_picked":["Moonworks:DevilHand","Moonworks:x16BigRocket"],"picked":"Moonworks:CloudOfSeagulls+1","floor":41},{"not_picked":["Moonworks:JonathanRush","Moonworks:SakisCookie"],"picked":"Moonworks:ExtendedPhotonRifle","floor":46},{"not_picked":["Moonworks:SinkOrSwim","Moonworks:JonathanRush"],"picked":"Moonworks:ImmovableObject+1","floor":47},{"not_picked":["Moonworks:CastOff+1","Moonworks:Assault+1"],"picked":"Moonworks:BigMagnum","floor":48},{"not_picked":["Moonworks:EvilSpyWorkPreparation","Moonworks:Blazing"],"picked":"Moonworks:Dash+1","floor":55}],"player_experience":1271665,"relics_obtained":[{"floor":6,"key":"Bag of Marbles"},{"floor":9,"key":"CeramicFish"},{"floor":10,"key":"Toy Ornithopter"},{"floor":14,"key":"Sundial"},{"floor":26,"key":"Bag of Preparation"},{"floor":31,"key":"jedi:cryingmask"},{"floor":37,"key":"Lizard Tail"},{"floor":46,"key":"Torii"},{"floor":55,"key":"Bottled Tornado"}],"event_choices":[{"damage_healed":0,"gold_gain":0,"player_choice":"Fight","damage_taken":0,"max_hp_gain":0,"max_hp_loss":0,"event_name":"Mysterious Sphere","floor":37,"gold_loss":0}],"is_beta":false,"boss_relics":[{"not_picked":["Ectoplasm","RedLine:ReiMu"],"picked":"jedi:battlestandard"},{"not_picked":["Busted Crown","Astrolabe"],"picked":"SacredBark"}],"items_purged_floors":[45],"is_endless":false,"potions_floor_spawned":[3,6,14,16,18,19,25,27,29,30,35,36,38,39,47],"ascension_level":0}}