{"host":"c44ey07ufggfw2m8","time":1612014322,"event":{"mods":["2.2 Compatiblity","BaseMod","Colored Map","DeckTracker","Highlight Path","Keyboard Shortcuts","Minty Spire (QoL Compilation)","Permanent Neow","Quick Restart","StSLib","SuperFastMode","UnlockEverythingMod"],"gold_per_floor":[111,129,129,142,142,142,92,92,92,105,105,129,154,194,194,318,318,342,189,202,215,215,215,255,269,296,310,77,77,77],"floor_reached":29,"language":"KOR","playtime":839,"items_purged":["Strike_G","Strike_G"],"score":371,"play_id":"460aee34-e037-496e-b915-6d3d36410fff","local_time":"20210130224522","is_ascension_mode":true,"campfire_choices":[{"data":"Sadistic Nature","floor":6,"key":"SMITH"},{"data":"Masterful Stab","floor":8,"key":"SMITH"},{"data":"Bouncing Flask","floor":11,"key":"SMITH"},{"data":"Footwork","floor":15,"key":"SMITH"},{"data":"Bullet Time","floor":23,"key":"SMITH"}],"circlet_count":0,"master_deck":["AscendersBane","Strike_G","Strike_G","Defend_G+1","Defend_G+1","Defend_G","Defend_G","Defend_G+1","Survivor","Neutralize","Sadistic Nature+1","Deadly Poison","Backstab","Masterful Stab+1","Bouncing Flask+1","Blur+1","Footwork+1","Flechettes","Bullet Time+1","Sucker Punch","Noxious Fumes","Deadly Poison","Blur","PiercingWail","Catalyst"],"relics":["Ring of the Snake","Golden Idol","InkBottle","War Paint","Coffee Dripper","Mercury Hourglass","Orichalcum","Membership Card"],"acts_visited":["Exordium","TheCity"],"potions_floor_usage":[13,16,16,24,29],"damage_taken":[{"damage":4,"enemies":"Small Slimes","floor":1,"turns":3},{"damage":0,"enemies":"2 Louse","floor":2,"turns":2},{"damage":0,"enemies":"Jaw Worm","floor":4,"turns":3},{"damage":4,"enemies":"Large Slime","floor":10,"turns":7},{"damage":0,"enemies":"2 Fungi Beasts","floor":12,"turns":3},{"damage":0,"enemies":"Lots of Slimes","floor":13,"turns":2},{"damage":13,"enemies":"3 Sentries","floor":14,"turns":9},{"damage":1,"enemies":"Hexaghost","floor":16,"turns":7},{"damage":4,"enemies":"Shell Parasite","floor":18,"turns":5},{"damage":7,"enemies":"Chosen","floor":20,"turns":5},{"damage":15,"enemies":"3 Cultists","floor":21,"turns":5},{"damage":5,"enemies":"Gremlin Leader","floor":24,"turns":8},{"damage":14,"enemies":"Centurion and Healer","floor":25,"turns":5},{"damage":2,"enemies":"Snecko","floor":27,"turns":4},{"damage":2,"enemies":"Slavers","floor":29,"turns":2}],"seed_played":"6829916360113606434","potions_obtained":[{"floor":2,"key":"Explosive Potion"},{"floor":10,"key":"LiquidBronze"},{"floor":13,"key":"EssenceOfSteel"},{"floor":14,"key":"AttackPotion"},{"floor":16,"key":"Explosive Potion"},{"floor":21,"key":"Ancient Potion"},{"floor":25,"key":"FearPotion"},{"floor":27,"key":"Fire Potion"}],"is_trial":false,"path_per_floor":["M","M","?","M","?","R","?","R","T","M","R","M","M","E","R","B",null,"M","$","M","M","?","R","E","M","T","M","$","E"],"character_chosen":"THE_SILENT","items_purchased":["Noxious Fumes","Membership Card","Catalyst"],"campfire_rested":0,"item_purchase_floors":[19,28,28],"current_hp_per_floor":[59,59,46,46,31,31,31,31,31,27,27,27,27,14,14,13,51,47,47,40,25,25,25,20,6,6,4,4,2,2],"gold":77,"neow_bonus":"RANDOM_COLORLESS_2","is_daily":false,"chose_seed":false,"campfire_upgraded":5,"win_rate":0.0,"timestamp":1612014322,"path_taken":["M","M","?","M","?","R","?","R","T","M","R","?","M","E","R","BOSS","M","$","M","M","?","R","E","M","T","M","$","E"],"items_purchased_type":["Card","Relic","Card"],"build_version":"2020-12-22","purchased_purges":2,"victory":false,"max_hp_per_floor":[63,63,63,63,63,63,63,63,63,63,63,63,63,63,63,63,63,63,63,63,63,63,63,63,63,63,63,63,63,63],"card_choices":[{"not_picked":["Mayhem","The Bomb"],"picked":"Sadistic Nature","floor":0},{"not_picked":["Quick Slash","Endless Agony"],"picked":"Deadly Poison","floor":1},{"not_picked":["Infinite Blades","Calculated Gamble"],"picked":"Backstab","floor":2},{"not_picked":["Underhanded Strike","Outmaneuver"],"picked":"Masterful Stab","floor":4},{"not_picked":["Endless Agony","Glass Knife"],"picked":"Bouncing Flask","floor":10},{"not_picked":["Quick Slash","Acrobatics"],"picked":"Blur","floor":12},{"not_picked":["Flechettes","Skewer"],"picked":"Footwork","floor":13},{"not_picked":["Slice","Infinite Blades"],"picked":"Flechettes","floor":14},{"not_picked":["Grand Finale","A Thousand Cuts"],"picked":"Bullet Time","floor":16},{"not_picked":["Expertise","Cloak And Dagger"],"picked":"Sucker Punch","floor":18},{"not_picked":["Leg Sweep+1","Slice+1","Dagger Spray"],"picked":"SKIP","floor":20},{"not_picked":["Heel Hook","Endless Agony"],"picked":"Deadly Poison","floor":21},{"not_picked":["Sucker Punch","Blade Dance"],"picked":"Blur","floor":24},{"not_picked":["Dodge and Roll+1","Finisher","Flying Knee"],"picked":"SKIP","floor":25},{"not_picked":["Prepared","Outmaneuver"],"picked":"PiercingWail","floor":27}],"player_experience":96395,"relics_obtained":[{"floor":9,"key":"InkBottle"},{"floor":14,"key":"War Paint"},{"floor":24,"key":"Mercury Hourglass"},{"floor":26,"key":"Orichalcum"}],"event_choices":[{"damage_healed":0,"gold_gain":0,"player_choice":"Entered Light","damage_taken":13,"max_hp_gain":0,"max_hp_loss":0,"event_name":"Shining Light","floor":3,"gold_loss":0,"cards_upgraded":["Defend_G","Defend_G"]},{"damage_healed":0,"gold_gain":0,"player_choice":"Take Damage","damage_taken":15,"relics_obtained":["Golden Idol"],"max_hp_gain":0,"max_hp_loss":0,"event_name":"Golden Idol","floor":5,"gold_loss":0},{"cards_removed":["Strike_G"],"damage_healed":0,"gold_gain":0,"player_choice":"Card Removal","damage_taken":0,"max_hp_gain":0,"max_hp_loss":0,"event_name":"The Cleric","floor":7,"gold_loss":50},{"damage_healed":0,"gold_gain":0,"player_choice":"Ignored","damage_taken":0,"max_hp_gain":0,"max_hp_loss":0,"event_name":"Cursed Tome","floor":22,"gold_loss":0}],"is_beta":false,"boss_relics":[{"not_picked":["Snecko Eye","Ectoplasm"],"picked":"Coffee Dripper"}],"items_purged_floors":[19,28],"is_endless":false,"potions_floor_spawned":[2,10,13,14,16,21,25,27],"killed_by":"Slavers","ascension_level":10}}