{"host":"y89x8uui45kcjy42","time":1612050505,"event":{"mods":["2.2 Compatiblity","BaseMod","CapriCore","Colored Map","Colored Powertips","Custom Start","Friendly Minions","Keyboard Shortcuts","Minty Spire (QoL Compilation)","Relic Stats","Slay the Relics Exporter","StSLib","SuperFastMode","Uncapped"],"gold_per_floor":[110,35,35,35,35,35,67,67,67,67,92,92,92,92,92,170,170,184,234,234,254,254,254,21,21,48,48,81,81,81,92,92,170,170,187,0,0,11,11,11,11],"floor_reached":40,"language":"KOR","playtime":1245,"items_purged":["Strike_P","Strike_P","Defend_P"],"score":925,"play_id":"7462a385-0ff2-47f3-bb64-20fd7452acf1","local_time":"20210131084825","is_ascension_mode":true,"campfire_choices":[{"data":"Eruption","floor":6.0,"key":"SMITH"},{"data":"Adaptation","floor":8.0,"key":"SMITH"},{"data":"Evaluate","floor":12.0,"key":"SMITH"},{"data":"Sanctity","floor":13.0,"key":"SMITH"},{"data":"Vigilance","floor":15.0,"key":"SMITH"},{"data":"DevaForm","floor":23.0,"key":"SMITH"},{"floor":25,"key":"RECALL"},{"data":"Study","floor":30,"key":"SMITH"},{"floor":32,"key":"REST"}],"circlet_count":0,"master_deck":["Strike_P","Defend_P","Eruption+1","Vigilance+1","After Image+1","After Image+1","MentalFortress+1","Evaluate+1","Adaptation+1","Sanctity+1","DevaForm+1","Study+1","Ragnarok","Tantrum+1","MentalFortress","Flash of Steel"],"relics":["HolyWater","Vajra","Oddly Smooth Stone","Ninja Scroll","Nloth\u0027s Gift","Happy Flower","Orichalcum","Kunai","Blood Vial","VioletLotus","Potion Belt","Bag of Marbles","WingedGreaves","Regal Pillow","Du-Vu Doll","Red Mask","Omamori"],"acts_visited":["Exordium","TheCity","TheBeyond"],"potions_floor_usage":[28,40],"damage_taken":[{"damage":1.0,"enemies":"2 Louse","floor":1.0,"turns":3.0},{"damage":6.0,"enemies":"Gremlin Nob","floor":7.0,"turns":3.0},{"damage":24.0,"enemies":"Lagavulin","floor":11.0,"turns":6.0},{"damage":18.0,"enemies":"Hexaghost","floor":16.0,"turns":13.0},{"damage":31.0,"enemies":"2 Thieves","floor":18.0,"turns":5.0},{"damage":2.0,"enemies":"3 Byrds","floor":21.0,"turns":7.0},{"damage":7,"enemies":"Gremlin Leader","floor":28,"turns":7},{"damage":8,"enemies":"Snake Plant","floor":31,"turns":4},{"damage":0,"enemies":"Champ","floor":33,"turns":11},{"damage":32,"enemies":"3 Shapes","floor":35,"turns":5},{"damage":36,"enemies":"Reptomancer","floor":40,"turns":3}],"seed_played":"1531720824336535222","potions_obtained":[{"floor":7.0,"key":"Dexterity Potion"},{"floor":11.0,"key":"SkillPotion"},{"floor":33,"key":"StancePotion"}],"is_trial":false,"path_per_floor":["M","$","?","?","$","R","E","R","T","?","E","R","R","?","R","B",null,"M","?","?","M","T","R","$","R","T","$","E","?","R","M","R","B",null,"M","?","?","$","?","E"],"character_chosen":"WATCHER","items_purchased":["Potion Belt","Dexterity Potion","SpeedPotion","Bag of Marbles","MentalFortress","Flash of Steel"],"campfire_rested":1,"item_purchase_floors":[24,24,24,24,38,38],"current_hp_per_floor":[60,60,53,48,48,48,42,42,42,42,18,18,18,18,18,2,52,23,23,23,23,23,23,23,23,23,23,18,18,18,12,47,49,63,33,33,33,33,33,0,0],"gold":11,"neow_bonus":"TRANSFORM_CARD","is_daily":false,"chose_seed":false,"campfire_upgraded":7,"win_rate":0.0,"timestamp":1612050505,"path_taken":["M","$","?","?","$","R","E","R","T","?","E","R","R","?","R","BOSS","M","?","?","?","?","R","?","R","T","$","E","?","R","M","R","BOSS","M","?","?","$","?","E"],"items_purchased_type":["Relic","Potion","Potion","Relic","Card","Card"],"build_version":"2020-12-22","purchased_purges":3,"victory":false,"max_hp_per_floor":[68,68,68,68,68,68,68,68,68,68,68,68,68,68,68,68,68,68,68,68,68,68,68,68,68,68,68,68,68,68,68,68,68,68,68,68,68,68,68,68,68],"relic_stats":{"Blood Vial":16,"Regal Pillow":15,"Happy Flower":[21],"counters":[11,67],"VioletLotus":[17],"Nloth\u0027s Gift":2,"Kunai":[37],"Orichalcum":[0],"obtain_stats":[{"Potion Belt":24,"Regal Pillow":26,"NeowsBlessing":0,"Happy Flower":4,"Nilry\u0027s Codex":0,"Vajra":0,"Oddly Smooth Stone":0,"Omamori":39,"Orichalcum":7,"Blood Vial":11,"Du-Vu Doll":28,"Ninja Scroll":0,"HolyWater":34,"WingedGreaves":12,"VioletLotus":17,"Nloth\u0027s Gift":0,"Bag of Marbles":24,"Red Mask":36,"Kunai":9,"PureWater":0},{"Potion Belt":6,"Regal Pillow":6,"NeowsBlessing":0,"Happy Flower":1,"Nilry\u0027s Codex":0,"Vajra":0,"Oddly Smooth Stone":0,"Omamori":10,"Orichalcum":2,"Blood Vial":3,"Du-Vu Doll":7,"Ninja Scroll":0,"HolyWater":9,"WingedGreaves":3,"VioletLotus":4,"Nloth\u0027s Gift":0,"Bag of Marbles":6,"Red Mask":10,"Kunai":2,"PureWater":0},{"Potion Belt":37,"Regal Pillow":37,"NeowsBlessing":0,"Happy Flower":3,"Nilry\u0027s Codex":0,"Vajra":0,"Oddly Smooth Stone":0,"Omamori":64,"Orichalcum":6,"Blood Vial":12,"Du-Vu Doll":44,"Ninja Scroll":0,"HolyWater":59,"WingedGreaves":12,"VioletLotus":25,"Nloth\u0027s Gift":0,"Bag of Marbles":37,"Red Mask":64,"Kunai":6,"PureWater":0}]},"card_choices":[{"not_picked":["BowlingBash","Protect"],"picked":"Evaluate","floor":1.0},{"not_picked":["Brilliance","Indignation"],"picked":"Adaptation","floor":7.0},{"not_picked":["Halt","Fasting2"],"picked":"Sanctity","floor":11.0},{"not_picked":["Judgement","Blasphemy"],"picked":"DevaForm","floor":16.0},{"not_picked":["FlyingSleeves","EmptyFist","CrushJoints"],"picked":"SKIP","floor":18.0},{"not_picked":["ClearTheMind+1","Halt","SashWhip"],"picked":"SKIP","floor":21.0},{"not_picked":["Establishment","ClearTheMind"],"picked":"Study","floor":28},{"not_picked":["Consecrate","Evaluate+1","FlyingSleeves"],"picked":"SKIP","floor":31},{"not_picked":["Scrawl","Judgement"],"picked":"Ragnarok","floor":33},{"not_picked":["EmptyFist+1","FollowUp"],"picked":"Tantrum+1","floor":35}],"player_experience":669155,"relics_obtained":[{"floor":7.0,"key":"Orichalcum"},{"floor":9.0,"key":"Kunai"},{"floor":11.0,"key":"Blood Vial"},{"floor":26,"key":"Regal Pillow"},{"floor":28,"key":"Du-Vu Doll"}],"event_choices":[{"cards_removed":["Defend_P"],"damage_healed":0.0,"max_hp_gain":0.0,"max_hp_loss":0.0,"gold_gain":0.0,"event_name":"Golden Wing","player_choice":"Card Removal","floor":3.0,"gold_loss":0.0,"damage_taken":7.0},{"damage_healed":0.0,"max_hp_gain":0.0,"max_hp_loss":0.0,"gold_gain":0.0,"event_name":"Scrap Ooze","player_choice":"Success","floor":4.0,"gold_loss":0.0,"damage_taken":5.0,"relics_obtained":["Happy Flower"]},{"damage_healed":0.0,"max_hp_gain":0.0,"max_hp_loss":0.0,"gold_gain":0.0,"event_name":"Living Wall","player_choice":"Grow","floor":10.0,"gold_loss":0.0,"damage_taken":0.0,"cards_upgraded":["MentalFortress"]},{"damage_healed":0.0,"max_hp_gain":0.0,"max_hp_loss":0.0,"gold_gain":0.0,"event_name":"Liars Game","player_choice":"Ignored","floor":14.0,"gold_loss":0.0,"damage_taken":0.0},{"damage_healed":0.0,"max_hp_gain":0.0,"max_hp_loss":0.0,"gold_gain":50.0,"event_name":"Nest","player_choice":"Stole From Cult","floor":19.0,"gold_loss":0.0,"damage_taken":0.0},{"damage_healed":0.0,"max_hp_gain":0.0,"max_hp_loss":0.0,"gold_gain":0.0,"event_name":"Ghosts","player_choice":"Ignored","floor":20.0,"gold_loss":0.0,"damage_taken":0.0},{"damage_healed":0,"gold_gain":0,"player_choice":"Ignored","damage_taken":0,"max_hp_gain":0,"max_hp_loss":0,"event_name":"Cursed Tome","floor":29,"gold_loss":0},{"damage_healed":0,"gold_gain":0,"player_choice":"Paid","damage_taken":0,"relics_obtained":["Red Mask"],"max_hp_gain":0,"max_hp_loss":0,"event_name":"Tomb of Lord Red Mask","floor":36,"gold_loss":187},{"cards_removed":["Strike_P"],"damage_healed":0,"gold_gain":0,"player_choice":"Removed Attack","damage_taken":0,"max_hp_gain":0,"max_hp_loss":0,"event_name":"Falling","floor":37,"gold_loss":0},{"damage_healed":0,"gold_gain":0,"player_choice":"Cursed","damage_taken":0,"max_hp_gain":0,"max_hp_loss":0,"event_name":"Wheel of Change","floor":39,"gold_loss":0,"cards_obtained":["Decay"]}],"is_beta":false,"boss_relics":[{"not_picked":["Fusion Hammer","Busted Crown","Snecko Eye"]},{"not_picked":["Black Star","Sozu"],"picked":"HolyWater"}],"items_purged_floors":[2,24,38],"is_endless":false,"potions_floor_spawned":[7,11,33],"killed_by":"Reptomancer","ascension_level":20}}