{"host":"edndssuekvzbh3is","time":1612049967,"event":{"mods":["BaseMod","Colored Map","Colored Powertips","Minty Spire (QoL Compilation)","SuperFastMode"],"gold_per_floor":[117,67,83,95,105,105,122,156,156,156,176,214,214,108,108,215,215,240,269,194,194,194],"floor_reached":21,"language":"ENG","playtime":539,"items_purged":[],"score":248,"play_id":"b9d7f703-45bf-4bd4-adb6-e3174521e794","local_time":"20210130183927","is_ascension_mode":true,"campfire_choices":[{"data":"Dagger Spray","floor":6,"key":"SMITH"},{"data":"Backstab","floor":10,"key":"SMITH"},{"data":"Crippling Poison","floor":15,"key":"SMITH"}],"circlet_count":0,"master_deck":["Strike_G","Strike_G","Strike_G","Defend_G","Defend_G","Defend_G","Defend_G","Defend_G","Survivor","Neutralize","Poisoned Stab","Dagger Spray+1","PiercingWail","Well Laid Plans","Backstab+1","Quick Slash","Deflect","Acrobatics","Crippling Poison+1","Deflect","Phantasmal Killer","Outmaneuver","Bane+1"],"relics":["Ring of the Snake","NeowsBlessing","Toy Ornithopter","Mercury Hourglass","CeramicFish","Runic Pyramid"],"acts_visited":["Exordium","TheCity"],"potions_floor_usage":[8,12,12],"damage_taken":[{"damage":0,"enemies":"Cultist","floor":1,"turns":1},{"damage":0,"enemies":"2 Louse","floor":3,"turns":1},{"damage":0,"enemies":"Jaw Worm","floor":4,"turns":1},{"damage":20,"enemies":"Exordium Thugs","floor":5,"turns":4},{"damage":0,"enemies":"3 Louse","floor":7,"turns":2},{"damage":10,"enemies":"3 Sentries","floor":8,"turns":6},{"damage":0,"enemies":"Looter","floor":11,"turns":3},{"damage":0,"enemies":"Gremlin Nob","floor":12,"turns":2},{"damage":31,"enemies":"Hexaghost","floor":16,"turns":11},{"damage":23,"enemies":"Chosen","floor":18,"turns":6},{"damage":6,"enemies":"Shell Parasite","floor":19,"turns":4},{"damage":43,"enemies":"Snecko","floor":21,"turns":5}],"seed_played":"-7729037648006429316","potions_obtained":[{"floor":1,"key":"DuplicationPotion"},{"floor":3,"key":"FearPotion"},{"floor":5,"key":"Explosive Potion"}],"is_trial":false,"path_per_floor":["M","?","M","M","M","R","M","E","T","R","M","E","?","$","R","B",null,"M","M","?","M"],"character_chosen":"THE_SILENT","items_purchased":["Crippling Poison","Deflect"],"campfire_rested":0,"item_purchase_floors":[14,14],"current_hp_per_floor":[70,70,70,70,50,50,50,40,40,40,40,50,50,50,50,19,70,47,41,41,0,0],"gold":194,"neow_bonus":"THREE_ENEMY_KILL","is_daily":false,"chose_seed":false,"campfire_upgraded":3,"win_rate":0.0,"timestamp":1612049967,"path_taken":["M","?","M","M","M","R","M","E","T","R","M","E","?","$","R","BOSS","M","M","?","M"],"items_purchased_type":["Card","Card"],"build_version":"2020-12-22","purchased_purges":0,"victory":false,"max_hp_per_floor":[70,70,70,70,70,70,70,70,70,70,70,70,70,70,70,70,70,70,70,70,70,70],"card_choices":[{"not_picked":["Heel Hook","Bane"],"picked":"Poisoned Stab","floor":1},{"not_picked":["Accuracy","Flying Knee"],"picked":"Dagger Spray","floor":3},{"not_picked":["Well Laid Plans","Dagger Spray"],"picked":"PiercingWail","floor":4},{"not_picked":["Blade Dance","Poisoned Stab"],"picked":"Well Laid Plans","floor":5},{"not_picked":["Poisoned Stab","Sucker Punch"],"picked":"Backstab","floor":7},{"not_picked":["Expertise","Dagger Throw"],"picked":"Quick Slash","floor":8},{"not_picked":["Bane","Endless Agony"],"picked":"Deflect","floor":11},{"not_picked":["Well Laid Plans","Bullet Time"],"picked":"Acrobatics","floor":12},{"not_picked":["Night Terror","Storm of Steel"],"picked":"Phantasmal Killer","floor":16},{"not_picked":["Deflect","Heel Hook"],"picked":"Outmaneuver","floor":18},{"not_picked":["Well Laid Plans","Distraction+1"],"picked":"Bane+1","floor":19}],"player_experience":336894,"relics_obtained":[{"floor":8,"key":"Toy Ornithopter"},{"floor":9,"key":"Mercury Hourglass"},{"floor":12,"key":"CeramicFish"}],"event_choices":[{"cards_removed":["Strike_G"],"damage_healed":0,"gold_gain":0,"player_choice":"Card Removal","damage_taken":0,"max_hp_gain":0,"max_hp_loss":0,"event_name":"The Cleric","floor":2,"gold_loss":50},{"damage_healed":0,"gold_gain":0,"player_choice":"Ignored","damage_taken":0,"max_hp_gain":0,"max_hp_loss":0,"event_name":"Golden Idol","floor":13,"gold_loss":0},{"cards_removed":["Strike_G"],"damage_healed":0,"gold_gain":0,"player_choice":"Gave Gold","damage_taken":0,"max_hp_gain":0,"max_hp_loss":0,"event_name":"Beggar","floor":20,"gold_loss":75}],"is_beta":false,"boss_relics":[{"not_picked":["Calling Bell","Coffee Dripper"],"picked":"Runic Pyramid"}],"items_purged_floors":[],"is_endless":false,"potions_floor_spawned":[1,3,5,7],"killed_by":"Snecko","ascension_level":3}}