{"host":"0b7urydaxuefbgpn","time":1612029036,"event":{"mods":["Bard","BaseMod","Colored Powertips","Dio Mod","Downfall","Hermit","Jorbs\u0027s Wanderer Trilogy","Marisa????????","Minty Spire (QoL Compilation)","StSLib","The Bladedancer","The Cursed","The Disciple","The Poker Player","The Servant 0.9.4"],"gold_per_floor":[117,134,134,144,155,190,190,204,230,230,230,44,56,75,75,75,75],"floor_reached":16,"language":"RUS","playtime":964,"items_purged":[],"score":104,"play_id":"6c64b9ad-aa2f-4a85-b2fe-6d178cc1a418","local_time":"20210130205036","is_ascension_mode":false,"campfire_choices":[{"floor":7,"key":"REST"},{"floor":11,"key":"REST"},{"data":"dioMod:HeavyLifting","floor":15,"key":"SMITH"}],"circlet_count":0,"master_deck":["dioMod:Strike","dioMod:Strike","dioMod:Strike","dioMod:Strike","Bite","dioMod:Defend","dioMod:Defend","dioMod:Defend","dioMod:Defend","Violence","dioMod:DoubleTime","dioMod:FlyAway","dioMod:Muda","dioMod:SecretPlan","dioMod:MudaMudaMuda+1","dioMod:DoubleTime","dioMod:SevenPageMuda","dioMod:HeavyLifting+1","dioMod:StreetSign","dioMod:FlyAway"],"relics":["dioMod:VampireBlood","Bronze Scales","Oddly Smooth Stone"],"acts_visited":["Exordium"],"potions_floor_usage":[6,6,16],"damage_taken":[{"damage":6,"enemies":"Cultist","floor":1,"turns":5},{"damage":2,"enemies":"2 Louse","floor":2,"turns":3},{"damage":0,"enemies":"Small Slimes","floor":4,"turns":5},{"damage":32,"enemies":"Gremlin Gang","floor":5,"turns":8},{"damage":73,"enemies":"Lagavulin","floor":6,"turns":14},{"damage":8,"enemies":"Red Slaver","floor":8,"turns":4},{"damage":6,"enemies":"Large Slime","floor":13,"turns":7},{"damage":6,"enemies":"Blue Slaver","floor":14,"turns":3},{"damage":78,"enemies":"Slime Boss","floor":16,"turns":14}],"seed_played":"-4552812295836183807","potions_obtained":[{"floor":2,"key":"Energy Potion"},{"floor":5,"key":"Block Potion"},{"floor":6,"key":"sneckomod:MuddlingPotion"},{"floor":13,"key":"Strength Potion"}],"is_trial":false,"path_per_floor":["M","M","?","M","M","E","R","M","T","?","R","$","M","M","R","B"],"character_chosen":"THE_DEFAULT","items_purchased":["dioMod:SevenPageMuda","dioMod:HeavyLifting"],"campfire_rested":2,"item_purchase_floors":[12,12],"current_hp_per_floor":[57,67,67,75,67,9,31,32,32,32,54,54,60,61,61,0,0],"gold":75,"neow_bonus":"RANDOM_COLORLESS_2","is_daily":false,"chose_seed":false,"campfire_upgraded":1,"win_rate":0.0,"timestamp":1612029036,"path_taken":["M","M","?","M","?","E","R","M","T","?","R","$","M","M","R","BOSS"],"items_purchased_type":["Card","Card"],"build_version":"2020-12-13","purchased_purges":0,"victory":false,"max_hp_per_floor":[75,75,75,75,75,75,75,75,75,75,75,75,75,75,75,75,75],"card_choices":[{"not_picked":["Master of Strategy","Transmutation"],"picked":"Violence","floor":0},{"not_picked":["dioMod:VengefulMuda","dioMod:Minions"],"picked":"dioMod:DoubleTime","floor":1},{"not_picked":["dioMod:LaserVision","dioMod:ComboFever"],"picked":"dioMod:FlyAway","floor":2},{"not_picked":["dioMod:DaggerToss","dioMod:TripleThreat"],"picked":"dioMod:Muda","floor":4},{"not_picked":["dioMod:WRYYY","dioMod:DaggerToss"],"picked":"dioMod:SecretPlan","floor":5},{"not_picked":["dioMod:DoubleTime","dioMod:DominatingPresence"],"picked":"dioMod:MudaMudaMuda","floor":6},{"not_picked":["dioMod:BlendIn","dioMod:FlyAway"],"picked":"dioMod:DoubleTime","floor":8},{"not_picked":["dioMod:KonoDioDa","dioMod:WRYYY"],"picked":"dioMod:StreetSign","floor":13},{"not_picked":["dioMod:StreetSign","dioMod:WRYYY"],"picked":"dioMod:FlyAway","floor":14}],"player_experience":16177,"relics_obtained":[{"floor":6,"key":"Bronze Scales"},{"floor":9,"key":"Oddly Smooth Stone"}],"event_choices":[{"damage_healed":0,"gold_gain":0,"player_choice":"Ignored","damage_taken":0,"max_hp_gain":0,"max_hp_loss":0,"event_name":"NoteForYourself","floor":3,"gold_loss":0},{"damage_healed":0,"gold_gain":0,"player_choice":"Forge","damage_taken":0,"max_hp_gain":0,"max_hp_loss":0,"event_name":"Accursed Blacksmith","floor":10,"gold_loss":0,"cards_upgraded":["dioMod:MudaMudaMuda"]}],"is_beta":false,"boss_relics":[],"items_purged_floors":[],"is_endless":false,"potions_floor_spawned":[2,5,6,13],"killed_by":"Slime Boss","ascension_level":0}}