{"host":"qfskrnw3pl1q86j0","time":1612011253,"event":{"mods":["BaseMod","Block Reminder","Hermit","Marisa????????","Minty Spire (QoL Compilation)","Quick Restart","Random Character Button","Relic Stats","StSLib","The Poker Player","slay the spire mod where everything is the same but ironclad has a cowboy hat"],"gold_per_floor":[410,410,424,438,438,438,438,438,484,484,525,550,550,564,564,693,693,706,726,297,316,341,341,361,374,374,390,139,154,29,45,45,170,170,190,190,253,276,297,297,297,297,348,348,97,117,130,145,145,145],"floor_reached":51,"language":"ENG","playtime":2146,"items_purged":["Strike_MRS","Normality","Strike_MRS","Doubt"],"score":805,"play_id":"bb67dece-0320-420f-a662-e1adf519472e","local_time":"20210130135413","is_ascension_mode":false,"campfire_choices":[{"data":"MilkyWay","floor":6.0,"key":"SMITH"},{"data":"OortCloud","floor":8.0,"key":"SMITH"},{"data":"UpSweep","floor":10.0,"key":"SMITH"},{"data":"MilkyWay","floor":13.0,"key":"SMITH"},{"data":"SprinkleStarSeal","floor":15.0,"key":"SMITH"},{"data":"MilkyWay","floor":23.0,"key":"SMITH"},{"data":"OortCloud","floor":32.0,"key":"SMITH"},{"data":"SporeBomb","floor":40.0,"key":"SMITH"},{"data":"PulseMagic","floor":42.0,"key":"SMITH"},{"data":"MilkyWay","floor":49,"key":"SMITH"}],"circlet_count":0,"master_deck":["Strike_MRS","Strike_MRS","Defend_MRS","Defend_MRS","Defend_MRS+1","Defend_MRS","MasterSpark+1","UpSweep+1","MilkyWay+1","OortCloud+1","MagicAbsorber+1","MilkyWay+1","SporeBomb+1","SprinkleStarSeal+1","MilkyWay+1","OortCloud+1","PulseMagic+1","MachineGunSpark+1","BlazeAway+1","MilkyWay+1","AlicesGift"],"relics":["MiniHakkero","Old Coin","Golden Idol","War Paint","Ornamental Fan","Cursed Key","Bronze Scales","MealTicket","Lantern","Oddly Smooth Stone","Sozu","CaptainsWheel","Regal Pillow","Membership Card"],"acts_visited":["Exordium","TheCity","TheBeyond"],"potions_floor_usage":[],"damage_taken":[{"damage":0.0,"enemies":"Cultist","floor":1.0,"turns":3.0},{"damage":1.0,"enemies":"2 Louse","floor":3.0,"turns":3.0},{"damage":0.0,"enemies":"Jaw Worm","floor":4.0,"turns":3.0},{"damage":0.0,"enemies":"3 Sentries","floor":11.0,"turns":10.0},{"damage":0.0,"enemies":"Gremlin Gang","floor":12.0,"turns":5.0},{"damage":2.0,"enemies":"Lots of Slimes","floor":14.0,"turns":5.0},{"damage":9.0,"enemies":"Slime Boss","floor":16.0,"turns":8.0},{"damage":0.0,"enemies":"Shell Parasite","floor":18.0,"turns":5.0},{"damage":8.0,"enemies":"2 Thieves","floor":19.0,"turns":4.0},{"damage":0.0,"enemies":"Cultist and Chosen","floor":21.0,"turns":6.0},{"damage":6.0,"enemies":"Sentry and Sphere","floor":22.0,"turns":5.0},{"damage":0.0,"enemies":"Shelled Parasite and Fungi","floor":24.0,"turns":5.0},{"damage":2.0,"enemies":"Snecko","floor":25.0,"turns":6.0},{"damage":0.0,"enemies":"Cultist and Chosen","floor":27.0,"turns":5.0},{"damage":0.0,"enemies":"Snake Plant","floor":29.0,"turns":2.0},{"damage":0.0,"enemies":"Snecko","floor":31.0,"turns":4.0},{"damage":21.0,"enemies":"Collector","floor":33.0,"turns":8.0},{"damage":2.0,"enemies":"3 Shapes","floor":35.0,"turns":5.0},{"damage":0.0,"enemies":"Mind Bloom Boss Battle","floor":37.0,"turns":6.0},{"damage":0.0,"enemies":"3 Darklings","floor":38.0,"turns":5.0},{"damage":0.0,"enemies":"Spire Growth","floor":39.0,"turns":2.0},{"damage":0.0,"enemies":"Jaw Worm Horde","floor":46.0,"turns":3.0},{"damage":0,"enemies":"Sphere and 2 Shapes","floor":47,"turns":7},{"damage":6,"enemies":"3 Darklings","floor":48,"turns":5},{"damage":45,"enemies":"Donu and Deca","floor":50,"turns":11}],"seed_played":"1084704695635472825","potions_obtained":[{"floor":3.0,"key":"SteroidPotion"},{"floor":7.0,"key":"FearPotion"},{"floor":7.0,"key":"StarNLove"},{"floor":11.0,"key":"Strength Potion"},{"floor":12.0,"key":"Block Potion"},{"floor":19.0,"key":"Ancient Potion"},{"floor":27.0,"key":"DistilledChaos"}],"is_trial":false,"path_per_floor":["M","?","M","M","?","R","?","R","T","R","E","M","R","M","R","B",null,"M","M","$","M","M","R","M","M","T","M","$","M","$","M","R","B",null,"M","?","?","M","M","R","T","R","T","?","$","M","M","M","R","B",null],"character_chosen":"MARISA","items_purchased":["Bronze Scales","MealTicket","MilkyWay","Oddly Smooth Stone","Membership Card","MilkyWay"],"campfire_rested":0,"item_purchase_floors":[20,20,20,28,45,45],"current_hp_per_floor":[68,68,67,67,63,63,63,63,63,63,63,63,63,61,61,52,63,63,55,55,55,49,49,49,47,47,47,62,62,63,63,63,42,63,61,61,61,61,61,61,61,61,61,61,63,63,63,57,57,12],"gold":145,"neow_bonus":"ONE_RARE_RELIC","is_daily":false,"chose_seed":false,"campfire_upgraded":10,"win_rate":0.0,"timestamp":1612011253,"path_taken":["M","?","M","M","?","R","?","R","T","R","E","M","R","M","R","BOSS","M","?","$","M","?","R","M","M","T","M","$","M","?","M","R","BOSS","M","?","?","M","M","R","?","R","T","?","$","M","M","M","R","BOSS"],"items_purchased_type":["Relic","Relic","Card","Relic","Relic","Card"],"build_version":"2020-12-22","purchased_purges":4,"victory":true,"max_hp_per_floor":[68,68,68,68,63,63,63,63,63,63,63,63,63,63,63,63,63,63,63,63,63,63,63,63,63,63,63,63,63,63,63,63,63,63,63,63,63,63,63,63,63,63,63,63,63,63,63,63,63,63],"relic_stats":{"Sozu":4,"Regal Pillow":0,"counters":[25,131],"Golden Idol":164,"Ornamental Fan":[60],"Bronze Scales":[243],"MealTicket":18,"War Paint":["MagicAbsorber","Defend_MRS"],"Cursed Key":2,"obtain_stats":[{"Lantern":26,"Regal Pillow":43,"Golden Idol":5,"Oddly Smooth Stone":28,"War Paint":9,"Cursed Key":17,"Old Coin":0,"Sozu":34,"CaptainsWheel":37,"Ornamental Fan":11,"Bronze Scales":20,"MealTicket":20,"MiniHakkero":0,"Membership Card":45},{"Lantern":13,"Regal Pillow":21,"Golden Idol":3,"Oddly Smooth Stone":14,"War Paint":3,"Cursed Key":7,"Old Coin":0,"Sozu":17,"CaptainsWheel":19,"Ornamental Fan":4,"Bronze Scales":9,"MealTicket":9,"MiniHakkero":0,"Membership Card":21},{"Lantern":68,"Regal Pillow":105,"Golden Idol":9,"Oddly Smooth Stone":73,"War Paint":9,"Cursed Key":37,"Old Coin":0,"Sozu":87,"CaptainsWheel":98,"Ornamental Fan":19,"Bronze Scales":46,"MealTicket":46,"MiniHakkero":0,"Membership Card":105}]},"card_choices":[{"not_picked":["GravityBeat","RefractionSpark"],"picked":"MilkyWay","floor":1.0},{"not_picked":["ChargingUp","OneTimeOff"],"picked":"OortCloud","floor":3.0},{"not_picked":["EarthLightRay","Occultation"],"picked":"MagicAbsorber","floor":4.0},{"not_picked":["AbsoluteMagnitude","EnergyFlow"],"picked":"MilkyWay","floor":11.0},{"not_picked":["Singularity","WitchLeyline"],"picked":"SporeBomb","floor":12.0},{"not_picked":["Orbital","GasGiant"],"picked":"SprinkleStarSeal","floor":14.0},{"not_picked":["ShootingEcho","ChargingUp","SporeBomb"],"picked":"SKIP","floor":18.0},{"not_picked":["IllusionStar","SporeBomb+1","LuminesStrike+1"],"picked":"SKIP","floor":19.0},{"not_picked":["ManaRampage","MilkyWay","GalacticHalo"],"picked":"SKIP","floor":21.0},{"not_picked":["SprinkleStarSeal+1","StarlightTyphoon"],"picked":"OortCloud","floor":22.0},{"not_picked":["AsteroidBelt","DC+1","GalacticHalo"],"picked":"SKIP","floor":24.0},{"not_picked":["BlazeAway+1","MilkyWay"],"picked":"PulseMagic","floor":25.0},{"not_picked":["WitchLeyline","FairyDestructionRay","DarkMatter+1"],"picked":"SKIP","floor":27.0},{"not_picked":["Singularity","Acceleration","MeteoricShower"],"picked":"SKIP","floor":29.0},{"not_picked":["DragonMeteor+1","Singularity","UnstableBomb"],"picked":"SKIP","floor":31.0},{"not_picked":["ShootingEcho+1","6A+1","SporeBomb"],"picked":"SKIP","floor":35.0},{"not_picked":["AsteroidBelt+1","LuminesStrike+1"],"picked":"MachineGunSpark+1","floor":37.0},{"not_picked":["DragonMeteor","ShootingEcho"],"picked":"BlazeAway+1","floor":38.0},{"not_picked":["NonDirectionalLaser+1","DC+1","DoubleSpark"],"picked":"SKIP","floor":39.0},{"not_picked":["GalacticHalo+1","GrandCross+1"],"picked":"AlicesGift","floor":46},{"not_picked":["LuminesStrike","GalacticHalo","Orbital+1"],"picked":"SKIP","floor":47},{"not_picked":["DC","SporeBomb+1","MilkyWay"],"picked":"SKIP","floor":48}],"player_experience":1021332,"relics_obtained":[{"floor":9.0,"key":"War Paint"},{"floor":11.0,"key":"Ornamental Fan"},{"floor":26.0,"key":"Lantern"},{"floor":37.0,"key":"CaptainsWheel"},{"floor":43.0,"key":"Regal Pillow"}],"event_choices":[{"damage_healed":0.0,"max_hp_gain":0.0,"max_hp_loss":0.0,"gold_gain":0.0,"event_name":"Living Wall","player_choice":"Grow","floor":2.0,"gold_loss":0.0,"damage_taken":0.0,"cards_upgraded":["MasterSpark"]},{"damage_healed":0.0,"max_hp_gain":0.0,"max_hp_loss":5.0,"gold_gain":0.0,"event_name":"Golden Idol","player_choice":"Lose Max HP","floor":5.0,"gold_loss":0.0,"damage_taken":0.0,"relics_obtained":["Golden Idol"]},{"damage_healed":0.0,"max_hp_gain":0.0,"max_hp_loss":0.0,"gold_gain":0.0,"event_name":"Lab","player_choice":"Got Potions","floor":7.0,"gold_loss":0.0,"damage_taken":0.0},{"damage_healed":0.0,"max_hp_gain":0.0,"max_hp_loss":0.0,"gold_gain":0.0,"event_name":"SensoryStone","player_choice":"Memory 1","floor":36.0,"gold_loss":0.0,"damage_taken":0.0},{"damage_healed":0.0,"max_hp_gain":0.0,"max_hp_loss":0.0,"gold_gain":0.0,"event_name":"MindBloom","player_choice":"Fight","floor":37.0,"gold_loss":0.0,"damage_taken":0.0},{"damage_healed":0.0,"max_hp_gain":0.0,"max_hp_loss":0.0,"gold_gain":0.0,"event_name":"NoteForYourself","player_choice":"Ignored","floor":44.0,"gold_loss":0.0,"damage_taken":0.0}],"is_beta":false,"boss_relics":[{"not_picked":["SlaversCollar","Snecko Eye"],"picked":"Cursed Key"},{"not_picked":["Pandora\u0027s Box","Fusion Hammer"],"picked":"Sozu"}],"items_purged_floors":[20,28,30,45],"is_endless":false,"potions_floor_spawned":[3,11,12,19,27,29,35,38,47,48],"ascension_level":0}}