{"host":"vx9g5eyuglzorf3u","time":1612015559,"event":{"mods":["2.2 Compatiblity","BaseMod","DeckTracker","Keyboard Shortcuts","Minty Spire (QoL Compilation)","Relic Stats","StSLib","SuperFastMode","everything is the same but u backflip on backflip"],"gold_per_floor":[368,368,383,93,111,111,111,131,131,160,178,178,188,23,23,97,97,112,132,82,82,82,82,95,95,146,83,95,20,20,46,46,118,118,135,48,97,107,126,159,159,186,186,205,219,112,112,129,129,129,129,129,129,15,50,50],"floor_reached":57,"language":"KOR","playtime":2628,"items_purged":["Strike_P","Defend_P","Strike_P","Strike_P","Defend_P"],"score":3139,"play_id":"9ca12af7-86ac-4e40-90bb-1811a3f9313f","local_time":"20210130230559","is_ascension_mode":true,"campfire_choices":[{"data":"Eruption","floor":6.0,"key":"SMITH"},{"floor":12.0,"key":"REST"},{"data":"Adaptation","floor":15.0,"key":"SMITH"},{"floor":23.0,"key":"REST"},{"data":"Vault","floor":25.0,"key":"SMITH"},{"data":"Scrawl","floor":30.0,"key":"SMITH"},{"data":"Ghostly","floor":32.0,"key":"SMITH"},{"floor":49.0,"key":"RECALL"},{"data":"Ghostly","floor":53.0,"key":"SMITH"}],"circlet_count":0,"master_deck":["AscendersBane","Strike_P+1","Defend_P","Eruption+1","Vigilance","MentalFortress+1","WheelKick+1","Indignation","Adaptation+1","Vault+1","EmptyFist+1","Ghostly+1","Ghostly+1","Ghostly","Scrawl+1","InnerPeace+1","Scrawl","Ghostly+1","Adaptation","MentalFortress+1"],"relics":["PureWater","Potion Belt","StoneCalendar","Pocketwatch","Membership Card","Black Star","Lantern","MealTicket","Pear","VioletLotus","DollysMirror","Torii","FossilizedHelix","Whetstone","Ancient Tea Set","Dream Catcher","Bag of Preparation","Eternal Feather","Boot"],"acts_visited":["Exordium","TheCity","TheBeyond","TheEnding"],"potions_floor_usage":[56,56,56],"damage_taken":[{"damage":0.0,"enemies":"Small Slimes","floor":1.0,"turns":2.0},{"damage":0.0,"enemies":"Cultist","floor":3.0,"turns":3.0},{"damage":2.0,"enemies":"Jaw Worm","floor":5.0,"turns":3.0},{"damage":4.0,"enemies":"Red Slaver","floor":8.0,"turns":3.0},{"damage":26.0,"enemies":"3 Sentries","floor":10.0,"turns":7.0},{"damage":6.0,"enemies":"Large Slime","floor":11.0,"turns":4.0},{"damage":0.0,"enemies":"3 Louse","floor":13.0,"turns":2.0},{"damage":10.0,"enemies":"Hexaghost","floor":16.0,"turns":7.0},{"damage":29.0,"enemies":"3 Byrds","floor":18.0,"turns":7.0},{"damage":25.0,"enemies":"2 Thieves","floor":19.0,"turns":4.0},{"damage":0.0,"enemies":"Snecko","floor":24.0,"turns":3.0},{"damage":2.0,"enemies":"Cultist and Chosen","floor":28.0,"turns":4.0},{"damage":0.0,"enemies":"Gremlin Leader","floor":31.0,"turns":3.0},{"damage":0.0,"enemies":"Champ","floor":33.0,"turns":5.0},{"damage":0.0,"enemies":"3 Darklings","floor":35.0,"turns":4.0},{"damage":0.0,"enemies":"2 Orb Walkers","floor":37.0,"turns":6.0},{"damage":1.0,"enemies":"3 Shapes","floor":38.0,"turns":4.0},{"damage":0.0,"enemies":"Jaw Worm Horde","floor":39.0,"turns":4.0},{"damage":0.0,"enemies":"Reptomancer","floor":40.0,"turns":4.0},{"damage":0.0,"enemies":"Giant Head","floor":42.0,"turns":4.0},{"damage":0.0,"enemies":"Maw","floor":44.0,"turns":3.0},{"damage":0.0,"enemies":"Writhing Mass","floor":45.0,"turns":3.0},{"damage":2.0,"enemies":"Transient","floor":48.0,"turns":6.0},{"damage":3.0,"enemies":"Time Eater","floor":50.0,"turns":11.0},{"damage":0.0,"enemies":"Awakened One","floor":51.0,"turns":4.0},{"damage":0.0,"enemies":"Shield and Spear","floor":55.0,"turns":2.0},{"damage":3,"enemies":"The Heart","floor":56,"turns":6}],"seed_played":"7999808781355199601","potions_obtained":[{"floor":3.0,"key":"Dexterity Potion"},{"floor":13.0,"key":"Ancient Potion"},{"floor":16.0,"key":"GamblersBrew"},{"floor":28.0,"key":"FairyPotion"},{"floor":31.0,"key":"GamblersBrew"},{"floor":35.0,"key":"Energy Potion"},{"floor":38.0,"key":"PowerPotion"},{"floor":44.0,"key":"BlessingOfTheForge"}],"is_trial":false,"path_per_floor":["M","?","M","$","M","R","?","M","T","E","M","R","M","$","R","B",null,"M","M","$","?","?","R","M","R","T","$","M","$","R","E","R","B",null,"M","$","?","M","M","E","?","E","T","M","M","$","?","M","R","B","B",null,"R","$","E","B",null],"character_chosen":"WATCHER","items_purchased":["Potion Belt","Fire Potion","Membership Card","DollysMirror","Adaptation","Bag of Preparation","PowerPotion"],"campfire_rested":2,"item_purchase_floors":[4,4,14,36,46,54,54],"current_hp_per_floor":[43,43,43,43,41,41,41,37,37,11,5,25,25,25,25,15,55,26,1,1,1,1,11,11,11,11,11,9,9,9,19,19,19,38,38,44,44,43,43,43,43,43,43,43,43,44,42,40,40,37,37,41,41,42,42,39],"gold":50,"neow_bonus":"TWO_FIFTY_GOLD","is_daily":false,"chose_seed":false,"campfire_upgraded":6,"win_rate":0.0,"timestamp":1612015559,"path_taken":["M","?","?","$","M","R","?","?","T","E","M","R","M","$","R","BOSS","M","M","$","?","?","R","M","R","T","$","M","$","R","E","R","BOSS","M","$","?","M","M","E","?","E","T","M","M","$","?","M","R","BOSS","BOSS","R","$","E","BOSS"],"items_purchased_type":["Relic","Potion","Relic","Relic","Card","Relic","Potion"],"build_version":"2020-12-22","purchased_purges":5,"victory":true,"max_hp_per_floor":[68,68,68,68,68,68,68,68,68,68,68,68,68,68,68,68,68,68,68,68,34,34,34,34,34,34,34,34,34,34,44,44,44,44,44,44,44,44,44,44,44,44,44,44,44,44,42,42,42,42,42,42,42,42,42,42],"relic_stats":{"Torii":3,"counters":[27,118],"StoneCalendar":[156],"Eternal Feather":0,"Bag of Preparation":[4],"Whetstone":["Strike_P","WheelKick"],"Boot":[0],"Dream Catcher":0,"MealTicket":8,"VioletLotus":[231],"Black Star":4,"obtain_stats":[{"Potion Belt":4,"Lantern":26,"Pear":31,"Torii":37,"StoneCalendar":9,"Eternal Feather":55,"Bag of Preparation":54,"Whetstone":40,"Ancient Tea Set":42,"Boot":55,"Dream Catcher":42,"DollysMirror":36,"MealTicket":31,"VioletLotus":34,"Black Star":17,"Membership Card":14,"PureWater":0,"FossilizedHelix":40,"Pocketwatch":10},{"Potion Belt":2,"Lantern":11,"Pear":13,"Torii":16,"StoneCalendar":4,"Eternal Feather":26,"Bag of Preparation":25,"Whetstone":19,"Ancient Tea Set":20,"Boot":26,"Dream Catcher":20,"DollysMirror":15,"MealTicket":13,"VioletLotus":14,"Black Star":8,"Membership Card":7,"PureWater":0,"FossilizedHelix":19,"Pocketwatch":5},{"Potion Belt":5,"Lantern":45,"Pear":52,"Torii":67,"StoneCalendar":11,"Eternal Feather":112,"Bag of Preparation":110,"Whetstone":79,"Ancient Tea Set":83,"Boot":112,"Dream Catcher":83,"DollysMirror":61,"MealTicket":52,"VioletLotus":57,"Black Star":31,"Membership Card":24,"PureWater":0,"FossilizedHelix":79,"Pocketwatch":18}],"Pocketwatch":[90]},"card_choices":[{"not_picked":["Evaluate","CutThroughFate"],"picked":"MentalFortress","floor":1.0},{"not_picked":["CarveReality","TalkToTheHand"],"picked":"WheelKick","floor":3.0},{"not_picked":["PathToVictory","CutThroughFate"],"picked":"Indignation","floor":5.0},{"not_picked":["Prostrate","FlyingSleeves","SashWhip"],"picked":"SKIP","floor":8.0},{"not_picked":["EmptyBody","Worship","PathToVictory"],"picked":"SKIP","floor":10.0},{"not_picked":["BowlingBash","ForeignInfluence","Consecrate"],"picked":"SKIP","floor":11.0},{"not_picked":["Wallop","JustLucky"],"picked":"Adaptation","floor":13.0},{"not_picked":["DevaForm","Establishment"],"picked":"Vault","floor":16.0},{"not_picked":["EmptyBody","CrushJoints","JustLucky"],"picked":"SKIP","floor":18.0},{"not_picked":["CutThroughFate","CarveReality"],"picked":"EmptyFist+1","floor":19.0},{"not_picked":["Prostrate","JustLucky","PathToVictory"],"picked":"SKIP","floor":24.0},{"not_picked":["Protect","Crescendo"],"picked":"InnerPeace+1","floor":28.0},{"not_picked":["Protect","Wireheading","Crescendo"],"picked":"SKIP","floor":31.0},{"not_picked":["MasterReality","Wish"],"picked":"Scrawl","floor":33.0},{"not_picked":["Collect","FlyingSleeves","SignatureMove"],"picked":"SKIP","floor":35.0},{"not_picked":["SandsOfTime","PathToVictory","FollowUp"],"picked":"SKIP","floor":38.0},{"not_picked":["PathToVictory","Indignation","Evaluate"],"picked":"SKIP","floor":39.0},{"not_picked":["PathToVictory","Indignation","Evaluate"],"picked":"SKIP","floor":39.0},{"not_picked":["ClearTheMind+1","Devotion","PathToVictory+1"],"picked":"SKIP","floor":40.0},{"not_picked":["FollowUp","BowlingBash","WreathOfFlame+1"],"picked":"SKIP","floor":42.0},{"not_picked":["FollowUp","Prostrate","Indignation"],"picked":"SKIP","floor":44.0},{"not_picked":["FollowUp","Prostrate","Indignation"],"picked":"SKIP","floor":44.0},{"not_picked":["Indignation","EmptyFist","Halt"],"picked":"SKIP","floor":45.0},{"not_picked":["PathToVictory","Fasting2+1"],"picked":"MentalFortress+1","floor":48.0},{"not_picked":["FlurryOfBlows","ClearTheMind","Collect"],"picked":"SKIP","floor":55.0}],"player_experience":1511361,"relics_obtained":[{"floor":9.0,"key":"StoneCalendar"},{"floor":10.0,"key":"Pocketwatch"},{"floor":26.0,"key":"Lantern"},{"floor":31.0,"key":"MealTicket"},{"floor":31.0,"key":"Pear"},{"floor":37.0,"key":"Torii"},{"floor":40.0,"key":"FossilizedHelix"},{"floor":40.0,"key":"Whetstone"},{"floor":42.0,"key":"Ancient Tea Set"},{"floor":42.0,"key":"Dream Catcher"},{"floor":55.0,"key":"Eternal Feather"},{"floor":55.0,"key":"Boot"}],"event_choices":[{"cards_removed":["Defend_P"],"damage_healed":0.0,"max_hp_gain":0.0,"max_hp_loss":0.0,"gold_gain":0.0,"event_name":"Bonfire Elementals","player_choice":"Offered Basic","floor":2.0,"gold_loss":0.0,"damage_taken":0.0},{"damage_healed":0.0,"max_hp_gain":0.0,"max_hp_loss":0.0,"gold_gain":0.0,"event_name":"Upgrade Shrine","player_choice":"Upgraded","floor":7.0,"gold_loss":0.0,"damage_taken":0.0,"cards_upgraded":["MentalFortress"]},{"damage_healed":0.0,"max_hp_gain":0.0,"max_hp_loss":34.0,"gold_gain":0.0,"event_name":"Ghosts","player_choice":"Became a Ghost","floor":21.0,"gold_loss":0.0,"damage_taken":0.0,"cards_obtained":["Ghostly","Ghostly","Ghostly"]},{"damage_healed":0.0,"max_hp_gain":0.0,"max_hp_loss":0.0,"gold_gain":0.0,"event_name":"Match and Keep!","player_choice":"1 cards matched","floor":22.0,"gold_loss":0.0,"damage_taken":0.0,"cards_obtained":["Scrawl"]},{"damage_healed":0.0,"max_hp_gain":0.0,"max_hp_loss":0.0,"gold_gain":0.0,"event_name":"Mysterious Sphere","player_choice":"Fight","floor":37.0,"gold_loss":0.0,"damage_taken":0.0},{"damage_healed":0.0,"max_hp_gain":0.0,"max_hp_loss":0.0,"gold_gain":0.0,"event_name":"Tomb of Lord Red Mask","player_choice":"Ignored","floor":41.0,"gold_loss":0.0,"damage_taken":0.0},{"damage_healed":0.0,"max_hp_gain":0.0,"max_hp_loss":2.0,"gold_gain":0.0,"event_name":"Winding Halls","player_choice":"Max HP","floor":47.0,"gold_loss":0.0,"damage_taken":0.0}],"is_beta":false,"boss_relics":[{"not_picked":["Tiny House","HolyWater"],"picked":"Black Star"},{"not_picked":["Snecko Eye","Runic Dome"],"picked":"VioletLotus"}],"items_purged_floors":[4,20,27,29,46],"is_endless":false,"potions_floor_spawned":[3,13,16,28,31,35,38,44],"ascension_level":20}}