{"host":"g1qzxxy7a24sg3a3","time":1612019244,"event":{"mods":["ATMod(阿瑾Mod)","Act Like it!","Arknights The Spire","BaseMod","Custom Start","Gensokyo","GungeonMod","Hallownest","Lobotomy","LobotomyExtend","Luminous","Minty Spire (QoL Compilation)","MostiFishMod","Pale of the Ancients","Replay The Spire","SOS（斯巴达之子）","Shop Mod","Spicy Shops","StSLib","TestMod","The Administrix","The Bug Knight","Waifu the Spire","WarShipGirlsR/战舰少女R mod","【遗物卡牌】REMEMod"],"gold_per_floor":[143,143,195,20,86,86,162,162,189,189,219,481,108,246,246,503,503,517,242,259,259,273,302,21,37,62,91,91,91,104,120,120,219,219,236,236,236,247,257,283,283,283,335,335,335,349,376,376,376,376,388,408,408,185,185,204,204,168,168,168,168],"floor_reached":60,"language":"ZHS","playtime":3810,"items_purged":["Defend_Dante","Defend_Dante","PunishingBird","Funeral","Scarecrow"],"score":1405,"play_id":"540be854-3e4c-4a9f-a6dd-09f1b7ab475a","local_time":"20210130230724","is_ascension_mode":true,"campfire_choices":[{"data":"SSScard","floor":6.0,"key":"SMITH"},{"floor":10.0,"key":"RECALL"},{"floor":15.0,"key":"REST"},{"data":"Darkslayer","floor":32.0,"key":"SMITH"},{"data":"Stylechange","floor":42,"key":"SMITH"},{"data":"Provocation","floor":44,"key":"SMITH"},{"data":"Darkslayer","floor":49,"key":"SMITH"},{"data":"Airtrick","floor":55,"key":"SMITH"},{"data":"Gilgamesh","floor":57,"key":"SMITH"}],"circlet_count":0,"master_deck":["Attack_a","Attack_a","Attack_b","Shoot","Provocation+1","Defend_Dante","LucifercomboC","GreedKing","UniverseFragment","Airtrick+1","GreedKing","Airtrick","WallGazer","Stylechange+1","SSScard","CENSORED","QueenOfHatred","DespairKnight","Darkslayer+1","Bloodbath","Dash1","Hightime+1","Darkslayer+1","Pandora","Lucifer","Gilgamesh+1","Lucifer"],"relics":["SSS","Combocheck","AT_ATBox","DaveBox","testmod-TestBox","REME_ComplimentaryCards","testmod-AscensionHeart","BirthdayGift-Tetrahedron","CogitoBucket","SynthV:TestCard","LetterFromLob","Gensokyo:LunaticRedEyes","Matryoshka","Gensokyo:OccultBall","Bag of Preparation","Toy Ornithopter","AT_RedTearstoneRing","ResearcherNote","DollysMirror","BloodWine","Mercury Hourglass","BargainBundle","DemoMod:GlassGuonStoneRelic","DemoMod:LamentConfigurum","DemoMod:BigBoy","AtMidnight","GuanYuAspect","Anchor","HollowMod:PaleOreRelic","paleoftheancients:Timepiece","paleoftheancients:KeyRelic","paleoftheancients:SoulOfTheWokeBloke","MerchantsRug"],"acts_visited":["Gensokyo:Gensokyo","TheCity","Gensokyo:Gensokyoest","paleoftheancients:PaleOfTheAncients"],"potions_floor_usage":[],"damage_taken":[{"damage":2.0,"enemies":"Gensokyo:3_Fairies","floor":1.0,"turns":2.0},{"damage":2.0,"enemies":"Gensokyo:Python","floor":3.0,"turns":2.0},{"damage":9.0,"enemies":"Gensokyo:2_Kodama","floor":5.0,"turns":2.0},{"damage":10.0,"enemies":"Gensokyo:Mamizou","floor":7.0,"turns":4.0},{"damage":10.0,"enemies":"Gensokyo:Cirno","floor":11.0,"turns":4.0},{"damage":30.0,"enemies":"Gensokyo:2_Rabbits","floor":12.0,"turns":1.0},{"damage":12.0,"enemies":"Gensokyo:VengefulSpirit","floor":14.0,"turns":1.0},{"damage":24.0,"enemies":"Gensokyo:Reimu","floor":16.0,"turns":5.0},{"damage":6.0,"enemies":"Chosen","floor":18.0,"turns":2.0},{"damage":6.0,"enemies":"Spheric Guardian","floor":20.0,"turns":2.0},{"damage":25.0,"enemies":"Snake Plant","floor":22.0,"turns":5.0},{"damage":8.0,"enemies":"Slavers","floor":23.0,"turns":3.0},{"damage":4.0,"enemies":"Cultist and Chosen","floor":25.0,"turns":2.0},{"damage":2.0,"enemies":"HollowMod:Nosk","floor":27.0,"turns":1.0},{"damage":4.0,"enemies":"Colosseum Slavers","floor":28.0,"turns":2.0},{"damage":4.0,"enemies":"Snecko","floor":30.0,"turns":1.0},{"damage":4.0,"enemies":"Shelled Parasite and Fungi","floor":31.0,"turns":1.0},{"damage":6.0,"enemies":"Pondfish","floor":33.0,"turns":2.0},{"damage":0.0,"enemies":"Gensokyo:AncientGuardian","floor":35.0,"turns":1.0},{"damage":2,"enemies":"Gensokyo:3_Bats","floor":38,"turns":1},{"damage":4,"enemies":"Gensokyo:AtlasGolem","floor":39,"turns":2},{"damage":5,"enemies":"Gensokyo:Kasen","floor":40,"turns":2},{"damage":2,"enemies":"Gensokyo:4_Bats","floor":46,"turns":1},{"damage":2,"enemies":"Gensokyo:Doremy","floor":47,"turns":1},{"damage":5,"enemies":"Gensokyo:Scarlet_Devils","floor":50,"turns":2},{"damage":5,"enemies":"Gensokyo:Scarlet_Devils","floor":51,"turns":2},{"damage":2,"enemies":"Gensokyo:Scarlet_Devils","floor":52,"turns":1},{"damage":10,"enemies":"Gensokyo:Scarlet_Devils","floor":56,"turns":4},{"damage":7,"enemies":"paleoftheancients:N","floor":60,"turns":3}],"seed_played":"-923658281856992079","potions_obtained":[{"floor":7.0,"key":"Strength Potion"},{"floor":11.0,"key":"DemoMod:BlankPotion"},{"floor":23.0,"key":"Dexterity Potion"}],"is_trial":false,"path_per_floor":["M","?","M","$","M","R","E","?","T","R","E","M","COS","M","R","B",null,"M","$","M","M","M","E","$","M","T","E","?","?","M","M","R","B",null,"M","?","$","M","M","E","?","R","T","R","?","M","E","?","R","B","M","M","?","$","R","M","R","$","?","B"],"character_chosen":"DANTE","items_purchased":["BargainBundle","Lucifer","MerchantsRug","Lucifer"],"campfire_rested":1,"item_purchase_floors":[24,54,54,58],"current_hp_per_floor":[78,78,76,76,67,67,57,57,57,57,49,20,20,13,37,15,80,80,80,74,74,53,66,66,68,68,72,80,80,80,78,78,80,40,40,34,34,40,40,40,40,40,40,40,40,40,40,40,40,42,44,44,44,44,44,44,44,44,44,44,44],"gold":168,"neow_bonus":"","is_daily":false,"chose_seed":false,"campfire_upgraded":7,"win_rate":0.0,"timestamp":1612019244,"path_taken":["M","?","M","$","M","R","E","?","T","R","E","M","COS","M","R","BOSS","M","$","M","M","M","E","$","M","T","E","?","?","M","?","R","BOSS","M","?","$","M","M","E","?","R","T","R","?","M","E","?","R","BOSS","M","M","?","$","R","M","R","$","?","BOSS"],"items_purchased_type":["Relic","Card","Relic","Card"],"build_version":"2020-12-22","purchased_purges":5,"victory":false,"max_hp_per_floor":[80,80,80,80,80,80,80,80,80,80,80,80,80,80,80,80,80,80,80,80,80,80,80,80,80,80,80,80,80,80,80,80,80,40,40,40,40,40,40,40,40,40,40,40,40,40,40,40,40,44,44,44,44,44,44,44,44,44,44,44,44],"card_choices":[{"not_picked":["Weaponupgrade","Honeycombofire"],"picked":"LucifercomboC","floor":1.0},{"not_picked":["SpiderBud","Murderer"],"picked":"GreedKing","floor":1.0},{"not_picked":["ShyLook","PunishingBird"],"picked":"UniverseFragment","floor":3.0},{"not_picked":["BeastUppercut","Weaponupgrade","Doubleshoot","Chargeshoot2","Airhike"],"picked":"SKIP","floor":3.0},{"not_picked":["BeastUppercut","Weaponupgrade","Doubleshoot","Chargeshoot2","Airhike"],"picked":"SKIP","floor":3.0},{"not_picked":["Chargeshoot2","Unrisingdragon","Dash1","SSScard","CoyoteA"],"picked":"SKIP","floor":5.0},{"not_picked":["Purpleorb","Weaponreturn","Royalguard","Trickster"],"picked":"Stylechange","floor":7.0},{"not_picked":["OSAHOGD","VoidDream"],"picked":"Funeral","floor":7.0},{"not_picked":["Goldorb","Trickster","Swordcombo","DevilstarL"],"picked":"Airtrick","floor":11.0},{"not_picked":["FairyFestival","Bloodbath"],"picked":"Scarecrow","floor":12.0},{"not_picked":["Whiteorb","Lucifer","GilgameshcomboA","Straight","Honeycombofire"],"picked":"SKIP","floor":12.0},{"not_picked":["Chargeshoot","LucifercomboD","Chargeshoot2","Rebellion"],"picked":"Airtrick","floor":14.0},{"not_picked":["FairyFestival","LongBird"],"picked":"WallGazer","floor":16.0},{"not_picked":["Swordcombo","VitalstarL","DevilstarL","Enemystep"],"picked":"Stylechange","floor":16.0},{"not_picked":["VitalstarS","Gilgamesh","GilgameshcomboA+1","LucifercomboB"],"picked":"SSScard","floor":18.0},{"not_picked":["Rudolta","NakedNest"],"picked":"PunishingBird","floor":18.0},{"not_picked":["VoidDream","RedShoes"],"picked":"CENSORED","floor":20.0},{"not_picked":["Millionstab","EbonyIvory","Honeycombofire+1","LucifercomboB+1","Shock"],"picked":"SKIP","floor":20.0},{"not_picked":["BeautyBeast","LittleHelper"],"picked":"QueenOfHatred","floor":22.0},{"not_picked":["DevilstarS","VitalstarM","Swordmaster","Pandora+1","Weaponchange"],"picked":"SKIP","floor":22.0},{"not_picked":["DevilstarS","VitalstarM","Swordmaster","Pandora+1","Weaponchange"],"picked":"SKIP","floor":22.0},{"not_picked":["NakedNest","Porccubus"],"picked":"DespairKnight","floor":23.0},{"not_picked":["Royalguard","Weaponreturn","Enemystep","Swordcombo","Purpleorb"],"picked":"SKIP","floor":23.0},{"not_picked":["LucifercomboD","LucifercomboC+1","EbonyIvory","BeastUppercut"],"picked":"Darkslayer","floor":25.0},{"not_picked":["MeltingLove","CherryBlossoms"],"picked":"Bloodbath","floor":25.0},{"not_picked":["Goldorb","Trickster","Enemystep","Airtrick","DevilstarL"],"picked":"SKIP","floor":27.0},{"not_picked":["GilgameshcomboA","Chargeshoot","Unrisingdragon","Stinger","Whiteorb"],"picked":"SKIP","floor":30.0},{"not_picked":["Splesh","LucifercomboA","GilgameshcomboA","DevilstarS+1"],"picked":"Hightime+1","floor":31.0},{"not_picked":["Dash2+1","Lucifer+1","Chargeshoot+1","CoyoteA+1","Pandora"],"picked":"SKIP","floor":35},{"not_picked":["Whiteorb","Dash2","Dash1+1","Honeycombofire","Greenorb+1"],"picked":"SKIP","floor":38},{"not_picked":["Dash1","VitalstarS","Airhike+1","Gilgamesh+1","LucifercomboC+1"],"picked":"SKIP","floor":39},{"not_picked":["Demonreform","Airtrick","VitalstarL","Enemystep","Blueorb"],"picked":"SKIP","floor":40},{"not_picked":["Gunslinger+1","Chargeshoot2+1","LucifercomboC+1","Swordmaster+1","Gunstinger"],"picked":"SKIP","floor":46},{"not_picked":["VitalstarL","DevilstarL","Purpleorb","Airtrick","Airtrick"],"picked":"SKIP","floor":47},{"not_picked":[],"picked":"Darkslayer","floor":48},{"not_picked":["Unrisingdragon","VitalstarL","Holywater","Chargeshoot2+1"],"picked":"Pandora","floor":51},{"not_picked":["Chargeshoot2","Millionstab+1","VitalstarS+1","Airhike+1","LucifercomboB+1"],"picked":"SKIP","floor":52},{"not_picked":["CoyoteA","Weaponchange","SSScard","LucifercomboB"],"picked":"Gilgamesh","floor":56}],"player_experience":56781,"relics_obtained":[{"floor":1.0,"key":"SynthV:TestCard"},{"floor":1.0,"key":"LetterFromLob"},{"floor":7.0,"key":"Matryoshka"},{"floor":9.0,"key":"Bag of Preparation"},{"floor":9.0,"key":"Toy Ornithopter"},{"floor":11.0,"key":"AT_RedTearstoneRing"},{"floor":16.0,"key":"Gensokyo:OccultBall"},{"floor":23.0,"key":"Mercury Hourglass"},{"floor":26.0,"key":"DemoMod:LamentConfigurum"},{"floor":27.0,"key":"DemoMod:BigBoy"},{"floor":30.0,"key":"AtMidnight"},{"floor":30.0,"key":"Gensokyo:OccultBall"},{"floor":33.0,"key":"Gensokyo:OccultBall"},{"floor":40,"key":"Anchor"},{"floor":43,"key":"HollowMod:PaleOreRelic"},{"floor":47,"key":"Gensokyo:OccultBall"},{"floor":51,"key":"paleoftheancients:SoulOfTheWokeBloke"}],"event_choices":[{"damage_healed":0.0,"max_hp_gain":0.0,"max_hp_loss":0.0,"gold_gain":0.0,"event_name":"Colosseum","player_choice":"Fight","floor":28.0,"gold_loss":0.0,"damage_taken":0.0},{"damage_healed":0.0,"max_hp_gain":0.0,"max_hp_loss":0.0,"gold_gain":0.0,"event_name":"Colosseum","player_choice":"Fled From Nobs","floor":28.0,"gold_loss":0.0,"damage_taken":0.0},{"damage_healed":0.0,"max_hp_gain":0.0,"max_hp_loss":0.0,"gold_gain":0.0,"event_name":"The Library","player_choice":"Read","floor":29.0,"gold_loss":0.0,"damage_taken":0.0,"cards_obtained":["Dash1"]},{"damage_healed":0,"gold_gain":0,"player_choice":"Ignored","damage_taken":0,"max_hp_gain":0,"max_hp_loss":0,"event_name":"给自己的盒子","floor":41,"gold_loss":0}],"is_beta":false,"boss_relics":[{"not_picked":["Kintsugi","Philosopher\u0027s Stone"],"picked":"BloodWine"},{"not_picked":["Pandora\u0027s Box","ChewingGum"],"picked":"GuanYuAspect"}],"items_purged_floors":[4,4,19,19,24],"is_endless":false,"potions_floor_spawned":[7,11,18,23,25,28,39,40,46,47,56],"killed_by":"paleoftheancients:N","ascension_level":1}}