{"host":"6xsbn6ynqlzwllfm","time":1612013118,"event":{"mods":["2.2 Compatiblity","BaseMod","Bestiary","Colored Map","Colored Powertips","Curses Come First","Highlight Path","Keyboard Shortcuts","Minty Spire (QoL Compilation)","Relic Stats","Slay the Relics Exporter","StSLib","SuperFastMode"],"gold_per_floor":[111,130,141,141,151,151,178,198,198,229,229,57,91,111,111,189,189,224,238,238,238,258,316,316,79,79,113,113,113,113,158,158,259,259,297,332,332,85,85,85,136,136,136,0,16,71,71,115,115,115,115,115,115,31,57,57],"floor_reached":57,"language":"ENG","playtime":2425,"items_purged":["Strike_P","Strike_P"],"score":2961,"play_id":"1f1ccfc8-276e-432e-9cb0-2ed39709bca2","local_time":"20210130082518","is_ascension_mode":true,"campfire_choices":[{"data":"BattleHymn","floor":6.0,"key":"SMITH"},{"data":"Wallop","floor":11.0,"key":"SMITH"},{"data":"LessonLearned","floor":15.0,"key":"SMITH"},{"floor":24.0,"key":"REST"},{"data":"1","floor":28.0,"key":"LIFT"},{"floor":32.0,"key":"REST"},{"data":"2","floor":40.0,"key":"LIFT"},{"data":"3","floor":42.0,"key":"LIFT"},{"floor":47.0,"key":"RECALL"},{"floor":49.0,"key":"REST"},{"floor":53,"key":"REST"}],"circlet_count":0,"master_deck":["AscendersBane","Strike_P+1","Strike_P+1","Defend_P+1","Defend_P+1","Defend_P+1","Defend_P","Vigilance","Brilliance+1","Prostrate+1","BattleHymn+1","CrushJoints","DevaForm","Wallop+1","Wallop+1","WheelKick+1","LessonLearned+1","Wish","Sanctity+1","Prostrate+1","MentalFortress+1","Prostrate+1","Vault+1","DeusExMachina","Fasting2","Fasting2","Fasting2","Prostrate+1"],"relics":["PureWater","Letter Opener","Lizard Tail","Gambling Chip","InkBottle","Lantern","Vajra","VioletLotus","Nilry\u0027s Codex","Girya","Oddly Smooth Stone","Shovel","Bronze Scales","Darkstone Periapt","Snecko Eye","ClockworkSouvenir","Smiling Mask","Toxic Egg 2","StrikeDummy"],"acts_visited":["Exordium","TheCity","TheBeyond","TheEnding"],"potions_floor_usage":[50,50],"damage_taken":[{"damage":0.0,"enemies":"Cultist","floor":1.0,"turns":2.0},{"damage":11.0,"enemies":"Small Slimes","floor":2.0,"turns":2.0},{"damage":0.0,"enemies":"Jaw Worm","floor":3.0,"turns":2.0},{"damage":8.0,"enemies":"Exordium Wildlife","floor":5.0,"turns":4.0},{"damage":11.0,"enemies":"Lagavulin","floor":7.0,"turns":5.0},{"damage":4.0,"enemies":"2 Fungi Beasts","floor":8.0,"turns":3.0},{"damage":21.0,"enemies":"3 Sentries","floor":10.0,"turns":4.0},{"damage":0.0,"enemies":"Lagavulin","floor":13.0,"turns":4.0},{"damage":0.0,"enemies":"Looter","floor":14.0,"turns":1.0},{"damage":0.0,"enemies":"Slime Boss","floor":16.0,"turns":7.0},{"damage":0.0,"enemies":"Chosen","floor":18.0,"turns":3.0},{"damage":15.0,"enemies":"2 Thieves","floor":19.0,"turns":4.0},{"damage":1.0,"enemies":"3 Cultists","floor":22.0,"turns":4.0},{"damage":5.0,"enemies":"Gremlin Leader","floor":23.0,"turns":4.0},{"damage":9.0,"enemies":"Book of Stabbing","floor":27.0,"turns":5.0},{"damage":12.0,"enemies":"Centurion and Healer","floor":31.0,"turns":10.0},{"damage":2.0,"enemies":"Automaton","floor":33.0,"turns":7.0},{"damage":0.0,"enemies":"3 Shapes","floor":35.0,"turns":4.0},{"damage":3.0,"enemies":"3 Darklings","floor":36.0,"turns":4.0},{"damage":19.0,"enemies":"Giant Head","floor":41.0,"turns":6.0},{"damage":17.0,"enemies":"Transient","floor":45.0,"turns":7.0},{"damage":0.0,"enemies":"Nemesis","floor":46.0,"turns":4.0},{"damage":0.0,"enemies":"Maw","floor":48.0,"turns":6.0},{"damage":3,"enemies":"Time Eater","floor":50,"turns":9},{"damage":27,"enemies":"Donu and Deca","floor":51,"turns":9},{"damage":34,"enemies":"Shield and Spear","floor":55,"turns":7},{"damage":95,"enemies":"The Heart","floor":56,"turns":11}],"seed_played":"6975668332023305276","potions_obtained":[{"floor":2.0,"key":"PowerPotion"},{"floor":5.0,"key":"Regen Potion"},{"floor":10.0,"key":"BlessingOfTheForge"},{"floor":13.0,"key":"Ambrosia"},{"floor":16.0,"key":"Dexterity Potion"},{"floor":18.0,"key":"BlessingOfTheForge"},{"floor":23.0,"key":"Energy Potion"},{"floor":41.0,"key":"SmokeBomb"},{"floor":45.0,"key":"Block Potion"},{"floor":48.0,"key":"Swift Potion"}],"is_trial":false,"path_per_floor":["M","M","M","?","M","R","E","M","T","E","R","$","E","M","R","B",null,"M","M","?","?","M","E","R","$","T","E","R","?","T","M","R","B",null,"M","M","?","$","?","R","E","R","T","$","M","E","R","M","R","B","B",null,"R","$","E","B",null],"character_chosen":"WATCHER","items_purchased":["Lantern","Oddly Smooth Stone","ClockworkSouvenir","Fasting2","Fasting2","Fasting2"],"campfire_rested":4,"item_purchase_floors":[12,25,38,38,44,54],"current_hp_per_floor":[61,50,50,50,42,42,31,36,36,15,15,15,15,15,15,15,55,55,40,40,19,18,13,33,33,33,24,24,24,24,12,32,30,59,59,56,56,56,56,56,37,37,37,37,20,20,20,20,40,37,10,54,68,68,34,30],"gold":57,"neow_bonus":"ONE_RANDOM_RARE_CARD","is_daily":false,"chose_seed":false,"campfire_upgraded":3,"win_rate":0.0,"timestamp":1612013118,"path_taken":["M","M","?","?","?","R","E","M","T","E","R","$","E","M","R","BOSS","M","M","?","?","M","E","R","$","T","E","R","?","?","M","R","BOSS","M","M","?","$","?","R","E","R","T","$","M","E","R","M","R","BOSS","BOSS","R","$","E","BOSS"],"items_purchased_type":["Relic","Relic","Relic","Card","Card","Card"],"build_version":"2020-12-22","purchased_purges":2,"victory":true,"max_hp_per_floor":[68,68,68,68,68,68,68,68,68,68,68,68,68,68,68,68,68,68,68,68,68,68,68,68,68,68,68,68,68,68,68,68,68,68,68,68,68,68,68,68,68,68,68,68,68,68,68,68,68,68,68,68,68,68,68,68],"relic_stats":{"Darkstone Periapt":0,"Lizard Tail":34,"Shovel":0,"counters":[27,138],"Gambling Chip":[63],"Bronze Scales":[306],"Snecko Eye":[143,142,150,139],"VioletLotus":[10],"Letter Opener":[332],"Smiling Mask":50,"obtain_stats":[{"Darkstone Periapt":30,"Girya":23,"Lantern":12,"Nilry\u0027s Codex":21,"Vajra":13,"Oddly Smooth Stone":25,"Letter Opener":4,"Smiling Mask":41,"ClockworkSouvenir":38,"Lizard Tail":7,"Shovel":26,"Gambling Chip":9,"Bronze Scales":27,"Snecko Eye":34,"VioletLotus":17,"PureWater":0,"Toxic Egg 2":46,"StrikeDummy":55,"InkBottle":10},{"Darkstone Periapt":15,"Girya":14,"Lantern":7,"Nilry\u0027s Codex":12,"Vajra":8,"Oddly Smooth Stone":14,"Letter Opener":3,"Smiling Mask":20,"ClockworkSouvenir":19,"Lizard Tail":5,"Shovel":14,"Gambling Chip":6,"Bronze Scales":15,"Snecko Eye":17,"VioletLotus":10,"PureWater":0,"Toxic Egg 2":22,"StrikeDummy":26,"InkBottle":7},{"Darkstone Periapt":54,"Girya":49,"Lantern":22,"Nilry\u0027s Codex":41,"Vajra":26,"Oddly Smooth Stone":49,"Letter Opener":6,"Smiling Mask":85,"ClockworkSouvenir":79,"Lizard Tail":15,"Shovel":49,"Gambling Chip":18,"Bronze Scales":54,"Snecko Eye":71,"VioletLotus":34,"PureWater":0,"Toxic Egg 2":96,"StrikeDummy":127,"InkBottle":22}],"InkBottle":[57]},"card_choices":[{"not_picked":["WreathOfFlame","FearNoEvil"],"picked":"Prostrate","floor":1.0},{"not_picked":["PathToVictory","JustLucky"],"picked":"BattleHymn","floor":2.0},{"not_picked":["SandsOfTime","BowlingBash"],"picked":"CrushJoints","floor":3.0},{"not_picked":["JustLucky","WreathOfFlame"],"picked":"DevaForm","floor":5.0},{"not_picked":["EmptyFist","InnerPeace"],"picked":"Wallop","floor":7.0},{"not_picked":["Evaluate","FollowUp"],"picked":"Wallop","floor":10.0},{"not_picked":["EmptyBody","JustLucky"],"picked":"WheelKick","floor":13.0},{"not_picked":["Study","PathToVictory"],"picked":"LessonLearned","floor":14.0},{"not_picked":["LessonLearned","Ragnarok"],"picked":"Wish","floor":16.0},{"not_picked":["Perseverance","ClearTheMind"],"picked":"Sanctity+1","floor":18.0},{"not_picked":["EmptyFist","CutThroughFate","PathToVictory"],"picked":"SKIP","floor":19.0},{"not_picked":["ForeignInfluence","WindmillStrike"],"picked":"MentalFortress+1","floor":22.0},{"not_picked":["CrushJoints+1","Halt"],"picked":"Prostrate","floor":23.0},{"not_picked":["ThirdEye+1","FollowUp"],"picked":"Vault","floor":27.0},{"not_picked":["ConjureBlade","Establishment"],"picked":"DeusExMachina","floor":33.0},{"not_picked":["ReachHeaven","Tantrum"],"picked":"Prostrate+1","floor":55}],"player_experience":1277361,"relics_obtained":[{"floor":7.0,"key":"Lizard Tail"},{"floor":9.0,"key":"Gambling Chip"},{"floor":10.0,"key":"InkBottle"},{"floor":13.0,"key":"Vajra"},{"floor":21.0,"key":"Nilry\u0027s Codex"},{"floor":23.0,"key":"Girya"},{"floor":26.0,"key":"Shovel"},{"floor":27.0,"key":"Bronze Scales"},{"floor":30.0,"key":"Darkstone Periapt"},{"floor":41.0,"key":"Smiling Mask"},{"floor":46.0,"key":"Toxic Egg 2"},{"floor":55,"key":"StrikeDummy"}],"event_choices":[{"damage_healed":0.0,"max_hp_gain":0.0,"max_hp_loss":0.0,"gold_gain":0.0,"event_name":"WeMeetAgain","player_choice":"Gave Potion","floor":4.0,"gold_loss":0.0,"damage_taken":0.0,"relics_obtained":["Letter Opener"]},{"damage_healed":0.0,"max_hp_gain":0.0,"max_hp_loss":0.0,"gold_gain":0.0,"event_name":"The Library","player_choice":"Read","floor":20.0,"gold_loss":0.0,"damage_taken":0.0,"cards_obtained":["Prostrate"]},{"damage_healed":0.0,"max_hp_gain":0.0,"max_hp_loss":0.0,"gold_gain":0.0,"event_name":"Cursed Tome","player_choice":"Obtained Book","floor":21.0,"gold_loss":0.0,"damage_taken":21.0},{"damage_healed":0.0,"max_hp_gain":0.0,"max_hp_loss":0.0,"gold_gain":0.0,"event_name":"The Mausoleum","player_choice":"Ignored","floor":29.0,"gold_loss":0.0,"damage_taken":0.0},{"damage_healed":0.0,"max_hp_gain":0.0,"max_hp_loss":0.0,"gold_gain":0.0,"event_name":"Tomb of Lord Red Mask","player_choice":"Ignored","floor":37.0,"gold_loss":0.0,"damage_taken":0.0},{"cards_removed":["Eruption"],"damage_healed":0.0,"max_hp_gain":0.0,"max_hp_loss":0.0,"gold_gain":0.0,"event_name":"Falling","player_choice":"Removed Attack","floor":39.0,"gold_loss":0.0,"damage_taken":0.0}],"is_beta":false,"boss_relics":[{"not_picked":["Coffee Dripper","Busted Crown"],"picked":"VioletLotus"},{"not_picked":["Velvet Choker","Runic Pyramid"],"picked":"Snecko Eye"}],"items_purged_floors":[25,44],"is_endless":false,"potions_floor_spawned":[2,5,10,13,16,18,23,41,45,48],"ascension_level":20}}