{"host":"Bilverbakes","time":1612027761,"event":{"mods":["2.2 Compatiblity","AchievementEnabler","BaseMod","Bestiary","Colored Map","Minty Spire (QoL Compilation)","Relic Stats","StSLib","ojb\u0027s Info Mod"],"gold_per_floor":[113,113,113,129,143,176,188,188,188,222,283,315,330,356,356,434,434,444,504,236,249,314,314,347,397,424,454,465,515,549,599,599,673,673,690,423,473,489,539,569,589,245,268,318,318,346,396,409,409,409,409,409,409,93,128,128],"floor_reached":57,"language":"ENG","playtime":3585,"items_purged":["Strike_P","Strike_P+1"],"score":3550,"play_id":"c9d0d977-ee82-4adc-b0a0-476c37196862","local_time":"20210130112921","is_ascension_mode":true,"campfire_choices":[{"data":"Blasphemy","floor":8.0,"key":"SMITH"},{"data":"Conclude","floor":15.0,"key":"SMITH"},{"data":"Meditate","floor":23.0,"key":"SMITH"},{"floor":32.0,"key":"REST"},{"floor":45.0,"key":"RECALL"},{"floor":49.0,"key":"REST"},{"floor":53.0,"key":"REST"}],"circlet_count":0,"master_deck":["AscendersBane","Strike_P+1","Defend_P+1","Defend_P+1","Defend_P+1","Eruption+1","Vigilance+1","Meditate+1","BowlingBash+1","CutThroughFate+1","Blasphemy+1","Protect+1","LessonLearned+1","MentalFortress+1","LikeWater+1","Ragnarok+1","Consecrate+1","Wireheading+1","LikeWater+1","FollowUp+1","Tantrum+1","InnerPeace+1","Scrawl+1","Establishment+1","TalkToTheHand+1","TalkToTheHand+1","TalkToTheHand+1","InnerPeace+1","ClearTheMind+1","CutThroughFate+1"],"relics":["PureWater","Pocketwatch","MealTicket","SsserpentHead","Bottled Lightning","InkBottle","Frozen Egg 2","Happy Flower","Bottled Tornado","Black Star","DollysMirror","Molten Egg 2","Sundial","CaptainsWheel","Anchor","Juzu Bracelet","Shuriken","Fusion Hammer","HornCleat","Omamori","Bronze Scales","TeardropLocket","Smiling Mask","Akabeko","War Paint","ClockworkSouvenir","Blood Vial","Letter Opener"],"acts_visited":["Exordium","TheCity","TheBeyond","TheEnding"],"potions_floor_usage":[],"damage_taken":[{"damage":0.0,"enemies":"2 Louse","floor":1.0,"turns":3.0},{"damage":0.0,"enemies":"Cultist","floor":4.0,"turns":2.0},{"damage":2.0,"enemies":"Jaw Worm","floor":5.0,"turns":3.0},{"damage":11.0,"enemies":"Gremlin Nob","floor":6.0,"turns":3.0},{"damage":3.0,"enemies":"Blue Slaver","floor":7.0,"turns":2.0},{"damage":0.0,"enemies":"3 Sentries","floor":10.0,"turns":2.0},{"damage":0.0,"enemies":"Large Slime","floor":11.0,"turns":2.0},{"damage":0.0,"enemies":"Gremlin Nob","floor":12.0,"turns":2.0},{"damage":3.0,"enemies":"Looter","floor":13.0,"turns":2.0},{"damage":0.0,"enemies":"Lagavulin","floor":14.0,"turns":2.0},{"damage":0.0,"enemies":"Slime Boss","floor":16.0,"turns":5.0},{"damage":0.0,"enemies":"3 Byrds","floor":18.0,"turns":2.0},{"damage":0.0,"enemies":"Spheric Guardian","floor":19.0,"turns":5.0},{"damage":2.0,"enemies":"Shelled Parasite and Fungi","floor":21.0,"turns":4.0},{"damage":0.0,"enemies":"Centurion and Healer","floor":22.0,"turns":2.0},{"damage":11.0,"enemies":"Gremlin Leader","floor":24.0,"turns":5.0},{"damage":13.0,"enemies":"Slavers","floor":27.0,"turns":6.0},{"damage":0.0,"enemies":"Chosen and Byrds","floor":28.0,"turns":3.0},{"damage":0.0,"enemies":"Book of Stabbing","floor":30.0,"turns":3.0},{"damage":13.0,"enemies":"Collector","floor":33.0,"turns":8.0},{"damage":0.0,"enemies":"3 Darklings","floor":35.0,"turns":2.0},{"damage":8.0,"enemies":"3 Shapes","floor":38.0,"turns":4.0},{"damage":0.0,"enemies":"Reptomancer","floor":40.0,"turns":3.0},{"damage":1.0,"enemies":"Transient","floor":41.0,"turns":5.0},{"damage":0.0,"enemies":"Giant Head","floor":46.0,"turns":5.0},{"damage":0.0,"enemies":"Spire Growth","floor":48.0,"turns":2.0},{"damage":0.0,"enemies":"Donu and Deca","floor":50.0,"turns":5.0},{"damage":0.0,"enemies":"Awakened One","floor":51.0,"turns":8.0},{"damage":0.0,"enemies":"Shield and Spear","floor":55.0,"turns":3.0},{"damage":0,"enemies":"The Heart","floor":56,"turns":9}],"seed_played":"-3389768324950886682","potions_obtained":[{"floor":5.0,"key":"AttackPotion"},{"floor":7.0,"key":"LiquidBronze"},{"floor":18.0,"key":"StancePotion"},{"floor":22.0,"key":"LiquidMemories"},{"floor":27.0,"key":"SneckoOil"},{"floor":28.0,"key":"Ambrosia"},{"floor":33.0,"key":"SkillPotion"},{"floor":38.0,"key":"SpeedPotion"},{"floor":41.0,"key":"FearPotion"}],"is_trial":false,"path_per_floor":["M","?","?","M","M","E","M","R","T","E","M","E","M","E","R","B",null,"M","M","$","M","M","R","E","?","T","E","M","?","E","?","R","B",null,"M","$","?","M","?","E","M","$","T","?","R","E","?","M","R","B","B",null,"R","$","E","B",null],"character_chosen":"WATCHER","items_purchased":["Wireheading+1","DollysMirror","HornCleat","TeardropLocket","InnerPeace","ClockworkSouvenir","Swift Potion","CutThroughFate+1"],"campfire_rested":3,"item_purchase_floors":[20,20,36,42,42,54,54,54],"current_hp_per_floor":[61,50,50,50,48,37,34,34,34,34,34,34,31,31,31,31,54,54,54,62,60,60,60,49,49,49,36,36,36,36,36,54,41,57,57,62,62,54,54,54,53,62,62,62,62,62,62,62,62,62,62,62,62,62,62,62],"gold":128,"neow_bonus":"ONE_RARE_RELIC","is_daily":false,"chose_seed":false,"campfire_upgraded":3,"win_rate":0.0,"timestamp":1612027761,"path_taken":["M","?","?","M","M","E","M","R","T","E","?","E","M","E","R","BOSS","M","?","?","M","?","R","E","?","T","E","M","?","E","?","R","BOSS","M","$","?","M","?","E","M","$","T","?","R","E","?","M","R","BOSS","BOSS","R","$","E","BOSS"],"items_purchased_type":["Card","Relic","Relic","Relic","Card","Relic","Potion","Card"],"build_version":"2020-12-18","purchased_purges":2,"victory":true,"max_hp_per_floor":[62,62,62,62,62,62,62,62,62,62,62,62,62,62,62,62,62,62,62,62,62,62,62,62,62,62,62,62,62,62,62,62,62,62,62,62,62,62,62,62,62,62,62,62,62,62,62,62,62,62,62,62,62,62,62,62],"relic_stats":{"Happy Flower":[31],"counters":[30,112],"Juzu Bracelet":1,"Letter Opener":[10],"War Paint":[],"Smiling Mask":50,"Blood Vial":0,"SsserpentHead":550,"Sundial":[10],"Shuriken":[40],"Bronze Scales":[162],"MealTicket":22,"Black Star":6,"obtain_stats":[{"Juzu Bracelet":30,"TeardropLocket":42,"Bottled Tornado":14,"Smiling Mask":43,"ClockworkSouvenir":54,"Blood Vial":55,"SsserpentHead":3,"HornCleat":36,"DollysMirror":20,"Sundial":24,"MealTicket":2,"Fusion Hammer":34,"InkBottle":9,"Happy Flower":12,"Omamori":40,"Letter Opener":55,"Frozen Egg 2":10,"War Paint":46,"Akabeko":46,"CaptainsWheel":27,"Anchor":27,"Shuriken":30,"Bronze Scales":40,"Molten Egg 2":24,"Black Star":17,"Bottled Lightning":6,"PureWater":0,"Pocketwatch":0},{"Juzu Bracelet":19,"TeardropLocket":24,"Bottled Tornado":10,"Smiling Mask":24,"ClockworkSouvenir":28,"Blood Vial":29,"SsserpentHead":1,"HornCleat":21,"DollysMirror":13,"Sundial":16,"MealTicket":1,"Fusion Hammer":20,"InkBottle":5,"Happy Flower":8,"Omamori":23,"Letter Opener":29,"Frozen Egg 2":6,"War Paint":25,"Akabeko":25,"CaptainsWheel":17,"Anchor":17,"Shuriken":19,"Bronze Scales":23,"Molten Egg 2":16,"Black Star":11,"Bottled Lightning":4,"PureWater":0,"Pocketwatch":0},{"Juzu Bracelet":58,"TeardropLocket":80,"Bottled Tornado":23,"Smiling Mask":80,"ClockworkSouvenir":100,"Blood Vial":103,"SsserpentHead":3,"HornCleat":68,"DollysMirror":35,"Sundial":46,"MealTicket":3,"Fusion Hammer":66,"InkBottle":13,"Happy Flower":19,"Omamori":75,"Letter Opener":103,"Frozen Egg 2":15,"War Paint":85,"Akabeko":85,"CaptainsWheel":52,"Anchor":52,"Shuriken":58,"Bronze Scales":75,"Molten Egg 2":46,"Black Star":28,"Bottled Lightning":11,"PureWater":0,"Pocketwatch":0}],"InkBottle":[46],"Pocketwatch":[107]},"card_choices":[{"not_picked":["CrushJoints","MentalFortress"],"picked":"Meditate","floor":1.0},{"not_picked":["CrushJoints","PathToVictory"],"picked":"BowlingBash","floor":4.0},{"not_picked":["InnerPeace","ForeignInfluence"],"picked":"CutThroughFate","floor":5.0},{"not_picked":["Meditate","Protect"],"picked":"Blasphemy","floor":6.0},{"not_picked":["Protect","EmptyFist"],"picked":"Conclude","floor":7.0},{"not_picked":["BowlingBash","FlyingSleeves"],"picked":"Protect","floor":10.0},{"not_picked":["BowlingBash","ThirdEye","ClearTheMind"],"picked":"SKIP","floor":11.0},{"not_picked":["WreathOfFlame","FollowUp"],"picked":"LessonLearned","floor":12.0},{"not_picked":["ClearTheMind","Indignation"],"picked":"MentalFortress+1","floor":13.0},{"not_picked":["Protect","WheelKick"],"picked":"LikeWater+1","floor":14.0},{"not_picked":["Blasphemy","LessonLearned"],"picked":"Ragnarok","floor":16.0},{"not_picked":["EmptyBody","Fasting2+1"],"picked":"Consecrate+1","floor":18.0},{"not_picked":["FlurryOfBlows+1","FlyingSleeves","SashWhip"],"picked":"SKIP","floor":19.0},{"not_picked":["PathToVictory","CrushJoints","SandsOfTime"],"picked":"SKIP","floor":21.0},{"not_picked":["Adaptation+1","JustLucky","PathToVictory"],"picked":"SKIP","floor":22.0},{"not_picked":["FlyingSleeves+1","Crescendo","Judgement"],"picked":"SKIP","floor":24.0},{"not_picked":["WreathOfFlame+1","Sanctity"],"picked":"FollowUp+1","floor":27.0},{"not_picked":["Halt","ClearTheMind","Wireheading+1"],"picked":"SKIP","floor":28.0},{"not_picked":["Consecrate+1","Adaptation+1","FlurryOfBlows+1"],"picked":"SKIP","floor":30.0},{"not_picked":["Wish","Brilliance+1"],"picked":"Establishment+1","floor":33.0},{"not_picked":["Halt","BowlingBash+1","Sanctity"],"picked":"SKIP","floor":35.0},{"not_picked":["Prostrate+1","Tantrum+1"],"picked":"TalkToTheHand+1","floor":38.0},{"not_picked":["Crescendo","EmptyFist+1"],"picked":"TalkToTheHand+1","floor":40.0},{"not_picked":["FlurryOfBlows+1","FlyingSleeves+1"],"picked":"TalkToTheHand+1","floor":41.0},{"not_picked":["Wallop+1","ForeignInfluence","SandsOfTime+1"],"picked":"SKIP","floor":46.0},{"not_picked":["MentalFortress+1","Pray"],"picked":"ClearTheMind+1","floor":48.0},{"not_picked":["ClearTheMind","Swivel","CrushJoints+1"],"picked":"SKIP","floor":55.0}],"player_experience":845485,"relics_obtained":[{"floor":6.0,"key":"Bottled Lightning"},{"floor":9.0,"key":"InkBottle"},{"floor":10.0,"key":"Frozen Egg 2"},{"floor":12.0,"key":"Happy Flower"},{"floor":14.0,"key":"Bottled Tornado"},{"floor":24.0,"key":"Molten Egg 2"},{"floor":24.0,"key":"Sundial"},{"floor":27.0,"key":"CaptainsWheel"},{"floor":27.0,"key":"Anchor"},{"floor":30.0,"key":"Juzu Bracelet"},{"floor":30.0,"key":"Shuriken"},{"floor":40.0,"key":"Omamori"},{"floor":40.0,"key":"Bronze Scales"},{"floor":43.0,"key":"Smiling Mask"},{"floor":46.0,"key":"Akabeko"},{"floor":46.0,"key":"War Paint"},{"floor":55.0,"key":"Blood Vial"},{"floor":55.0,"key":"Letter Opener"}],"event_choices":[{"damage_healed":0.0,"max_hp_gain":0.0,"max_hp_loss":0.0,"gold_gain":0.0,"event_name":"Scrap Ooze","player_choice":"Success","floor":2.0,"gold_loss":0.0,"damage_taken":11.0,"relics_obtained":["MealTicket"]},{"damage_healed":0.0,"max_hp_gain":0.0,"max_hp_loss":0.0,"gold_gain":0.0,"event_name":"FaceTrader","player_choice":"Trade","floor":3.0,"gold_loss":0.0,"damage_taken":0.0,"relics_obtained":["SsserpentHead"]},{"damage_healed":0.0,"max_hp_gain":0.0,"max_hp_loss":0.0,"gold_gain":0.0,"event_name":"The Mausoleum","player_choice":"Ignored","floor":25.0,"gold_loss":0.0,"damage_taken":0.0},{"damage_healed":0.0,"max_hp_gain":0.0,"max_hp_loss":0.0,"gold_gain":0.0,"event_name":"The Library","player_choice":"Read","floor":29.0,"gold_loss":0.0,"damage_taken":0.0,"cards_obtained":["Tantrum"]},{"damage_healed":0.0,"max_hp_gain":0.0,"max_hp_loss":0.0,"gold_gain":0.0,"cards_transformed":["Strike_P","Defend_P"],"event_name":"Drug Dealer","player_choice":"Became Test Subject","floor":31.0,"gold_loss":0.0,"damage_taken":0.0,"cards_obtained":["InnerPeace","Scrawl"]},{"damage_healed":0.0,"max_hp_gain":0.0,"max_hp_loss":0.0,"gold_gain":0.0,"event_name":"SensoryStone","player_choice":"Memory 1","floor":37.0,"gold_loss":0.0,"damage_taken":0.0},{"damage_healed":0.0,"max_hp_gain":0.0,"max_hp_loss":0.0,"gold_gain":0.0,"event_name":"Accursed Blacksmith","player_choice":"Forge","floor":39.0,"gold_loss":0.0,"damage_taken":0.0,"cards_upgraded":["InnerPeace"]},{"damage_healed":0.0,"max_hp_gain":0.0,"max_hp_loss":0.0,"gold_gain":0.0,"event_name":"Tomb of Lord Red Mask","player_choice":"Ignored","floor":44.0,"gold_loss":0.0,"damage_taken":0.0},{"cards_removed":["Conclude"],"damage_healed":0.0,"max_hp_gain":0.0,"max_hp_loss":0.0,"gold_gain":0.0,"event_name":"Falling","player_choice":"Removed Attack","floor":47.0,"gold_loss":0.0,"damage_taken":0.0}],"is_beta":true,"boss_relics":[{"not_picked":["Snecko Eye","VioletLotus"],"picked":"Black Star"},{"not_picked":["Philosopher\u0027s Stone","Cursed Key"],"picked":"Fusion Hammer"}],"items_purged_floors":[20,54],"is_endless":false,"potions_floor_spawned":[5,7,10,11,18,22,27,28,33,38,40,41],"ascension_level":20}}