{"host":"1xo5g347e5o4auts","time":1612018476,"event":{"mods":["BaseMod","Minty Spire (QoL Compilation)","Permanent Neow","StSLib"],"gold_per_floor":[113,130,142,142,162,193,193,220,288,319,49,60,71,71,71,150,150,160,3,15,15,28,57,57,88,111,111,122,122,145,176,176,252,252,268,39,0,0,19,50,61,89,89,105,140,140,153,53,53,53,53],"floor_reached":50,"language":"ENG","playtime":2498,"items_purged":["Strike_B","Strike_B"],"score":1320,"play_id":"ca6d8d1e-a8b9-4118-9aa8-ce4298a43a19","local_time":"20210130165436","is_ascension_mode":true,"campfire_choices":[{"data":"Auto Shields","floor":7.0,"key":"SMITH"},{"data":"Coolheaded","floor":15.0,"key":"SMITH"},{"data":"Conserve Battery","floor":24.0,"key":"SMITH"},{"floor":32.0,"key":"REST"},{"floor":49,"key":"RECALL"}],"circlet_count":0,"master_deck":["AscendersBane","Strike_B","Strike_B","Defend_B","Defend_B+1","Defend_B","Defend_B","Zap+1","Dualcast","CurseOfTheBell","Self Repair+1","Self Repair+1","Static Discharge+1","Hologram","Auto Shields+1","Core Surge","Defragment+1","Sweeping Beam","Static Discharge+1","Coolheaded+1","Machine Learning+1","Conserve Battery+1","Capacitor+1","Core Surge","Recycle","Fission+1","Ball Lightning","Buffer+1","Defragment+1","Seek","Blind","Reinforced Body","Loop+1","Coolheaded+1","Coolheaded+1"],"relics":["Calling Bell","Blood Vial","Frozen Egg 2","Dead Branch","Tiny Chest","Unceasing Top","Pear","Orichalcum","Frozen Eye","Velvet Choker","DataDisk","Prayer Wheel","Bottled Lightning","Bottled Flame","Lantern","Nilry\u0027s Codex","War Paint","Bronze Scales","Sozu","Red Mask","Ancient Tea Set","Bag of Preparation","Vajra","Kunai"],"acts_visited":["Exordium","TheCity","TheBeyond"],"potions_floor_usage":[],"damage_taken":[{"damage":6.0,"enemies":"2 Louse","floor":1.0,"turns":3.0},{"damage":2.0,"enemies":"Cultist","floor":2.0,"turns":4.0},{"damage":9.0,"enemies":"Jaw Worm","floor":3.0,"turns":5.0},{"damage":18.0,"enemies":"Red Slaver","floor":5.0,"turns":5.0},{"damage":27.0,"enemies":"3 Sentries","floor":6.0,"turns":6.0},{"damage":48.0,"enemies":"Gremlin Nob","floor":8.0,"turns":5.0},{"damage":15.0,"enemies":"Lagavulin","floor":10.0,"turns":7.0},{"damage":7.0,"enemies":"2 Fungi Beasts","floor":12.0,"turns":5.0},{"damage":8.0,"enemies":"Looter","floor":13.0,"turns":2.0},{"damage":33.0,"enemies":"Slime Boss","floor":16.0,"turns":6.0},{"damage":12.0,"enemies":"Chosen","floor":18.0,"turns":5.0},{"damage":0.0,"enemies":"Spheric Guardian","floor":20.0,"turns":2.0},{"damage":18.0,"enemies":"Shelled Parasite and Fungi","floor":22.0,"turns":7.0},{"damage":59.0,"enemies":"Gremlin Leader","floor":23.0,"turns":8.0},{"damage":22.0,"enemies":"Book of Stabbing","floor":25.0,"turns":5.0},{"damage":10.0,"enemies":"Snake Plant","floor":28.0,"turns":4.0},{"damage":32.0,"enemies":"Slavers","floor":31.0,"turns":4.0},{"damage":12.0,"enemies":"Champ","floor":33.0,"turns":11.0},{"damage":25.0,"enemies":"3 Shapes","floor":35.0,"turns":5.0},{"damage":0.0,"enemies":"Orb Walker","floor":39.0,"turns":4.0},{"damage":67.0,"enemies":"Giant Head","floor":40.0,"turns":10.0},{"damage":0.0,"enemies":"Writhing Mass","floor":41.0,"turns":7.0},{"damage":0,"enemies":"Nemesis","floor":42,"turns":11},{"damage":33,"enemies":"3 Darklings","floor":44,"turns":5},{"damage":15,"enemies":"Reptomancer","floor":45,"turns":11},{"damage":0,"enemies":"4 Shapes","floor":47,"turns":7},{"damage":73,"enemies":"Awakened One","floor":50,"turns":8}],"seed_played":"301450881882394836","potions_obtained":[{"floor":3.0,"key":"LiquidMemories"},{"floor":6.0,"key":"Swift Potion"},{"floor":8.0,"key":"Explosive Potion"},{"floor":10.0,"key":"BlessingOfTheForge"},{"floor":12.0,"key":"Weak Potion"},{"floor":22.0,"key":"Block Potion"},{"floor":23.0,"key":"Swift Potion"},{"floor":28.0,"key":"AttackPotion"},{"floor":33.0,"key":"Dexterity Potion"}],"is_trial":false,"path_per_floor":["M","M","M","?","M","E","R","E","T","E","$","M","M","?","R","B",null,"M","$","M","T","M","E","R","E","T","?","M","?","T","E","R","B",null,"M","$","?","?","M","E","M","E","T","M","E","T","M","$","R","B"],"character_chosen":"DEFECT","items_purchased":["Defragment+1","Frozen Eye","Sweeping Beam","DataDisk","Seek"],"campfire_rested":1,"item_purchase_floors":[11,11,11,19,36],"current_hp_per_floor":[60,70,71,71,71,54,54,28,38,45,45,50,54,91,91,78,88,88,88,91,91,91,52,52,52,52,31,43,43,43,23,50,60,83,80,80,80,80,91,44,56,78,78,57,64,64,86,86,86,15,15],"gold":53,"neow_bonus":"BOSS_RELIC","is_daily":false,"chose_seed":false,"campfire_upgraded":3,"win_rate":0.0,"timestamp":1612018476,"path_taken":["M","M","M","?","M","E","R","E","T","E","$","?","M","?","R","BOSS","M","?","M","?","?","E","R","E","T","?","M","?","?","E","R","BOSS","M","?","?","?","M","E","M","E","T","M","E","?","M","?","R","BOSS"],"items_purchased_type":["Card","Relic","Card","Relic","Card"],"build_version":"2020-12-22","purchased_purges":2,"victory":false,"max_hp_per_floor":[71,71,71,71,71,71,71,71,81,81,81,81,81,91,91,91,91,91,91,91,91,91,91,91,91,91,91,91,91,91,91,91,91,91,91,91,91,91,91,91,91,91,91,91,91,91,91,91,91,91,91],"card_choices":[{"not_picked":["Barrage","Chaos"],"picked":"Self Repair+1","floor":1.0},{"not_picked":["Hello World+1","Heatsinks+1"],"picked":"Self Repair+1","floor":2.0},{"not_picked":["Barrage","Consume"],"picked":"Static Discharge+1","floor":3.0},{"not_picked":["Streamline","Steam"],"picked":"Hologram","floor":5.0},{"not_picked":["Lockon","Coolheaded"],"picked":"Auto Shields","floor":6.0},{"not_picked":["Undo","Consume"],"picked":"Machine Learning+1","floor":8.0},{"not_picked":["Cold Snap","Ball Lightning"],"picked":"Core Surge","floor":10.0},{"not_picked":["Doom and Gloom","Hello World+1"],"picked":"Static Discharge+1","floor":12.0},{"not_picked":["Double Energy","Sweeping Beam"],"picked":"Coolheaded","floor":13.0},{"not_picked":["Multi-Cast","Hyperbeam"],"picked":"Machine Learning+1","floor":16.0},{"not_picked":["Redo","Cold Snap","Aggregate"],"picked":"SKIP","floor":18.0},{"not_picked":["Steam","Go for the Eyes","Leap"],"picked":"SKIP","floor":20.0},{"not_picked":["Streamline","Steam Power"],"picked":"Conserve Battery","floor":22.0},{"not_picked":["Lockon","Auto Shields"],"picked":"Capacitor+1","floor":22.0},{"not_picked":["Double Energy","Leap+1"],"picked":"Core Surge","floor":23.0},{"not_picked":["Streamline+1","Rip and Tear"],"picked":"Recycle","floor":25.0},{"not_picked":["Cold Snap","Melter","Rip and Tear"],"picked":"SKIP","floor":28.0},{"not_picked":["Recycle","Beam Cell","Conserve Battery"],"picked":"SKIP","floor":28.0},{"not_picked":["Compile Driver","Gash"],"picked":"Ball Lightning","floor":31.0},{"not_picked":["Amplify","Multi-Cast"],"picked":"Buffer+1","floor":33.0},{"not_picked":["Cold Snap","Capacitor+1"],"picked":"Defragment+1","floor":35.0},{"not_picked":["Sweeping Beam","Melter","Gash"],"picked":"SKIP","floor":35.0},{"not_picked":["Swift Strike","Thinking Ahead"],"picked":"Blind","floor":38.0},{"not_picked":["Streamline","FTL"],"picked":"Reinforced Body","floor":39.0},{"not_picked":["Chaos","Go for the Eyes","Turbo"],"picked":"SKIP","floor":39.0},{"not_picked":["Steam Power+1","Conserve Battery"],"picked":"Loop+1","floor":40.0},{"not_picked":["Compile Driver","Redo+1","Doom and Gloom"],"picked":"SKIP","floor":41.0},{"not_picked":["Sweeping Beam","Rip and Tear","Compile Driver"],"picked":"SKIP","floor":41.0},{"not_picked":["Double Energy","Doom and Gloom+1","Tempest"],"picked":"SKIP","floor":42},{"not_picked":["Turbo","Redo"],"picked":"Coolheaded+1","floor":44},{"not_picked":["Sweeping Beam+1","Redo","Streamline"],"picked":"SKIP","floor":44},{"not_picked":["Lockon","Streamline","Recycle"],"picked":"SKIP","floor":45},{"not_picked":["Fission","Genetic Algorithm"],"picked":"Coolheaded+1","floor":47},{"not_picked":["Sweeping Beam","Compile Driver","Auto Shields"],"picked":"SKIP","floor":47}],"player_experience":1388660,"relics_obtained":[{"floor":0.0,"key":"Blood Vial"},{"floor":0.0,"key":"Frozen Egg 2"},{"floor":0.0,"key":"Dead Branch"},{"floor":6.0,"key":"Tiny Chest"},{"floor":8.0,"key":"Unceasing Top"},{"floor":9.0,"key":"Pear"},{"floor":10.0,"key":"Orichalcum"},{"floor":21.0,"key":"Prayer Wheel"},{"floor":23.0,"key":"Bottled Lightning"},{"floor":25.0,"key":"Bottled Flame"},{"floor":26.0,"key":"Lantern"},{"floor":27.0,"key":"Nilry\u0027s Codex"},{"floor":30.0,"key":"War Paint"},{"floor":31.0,"key":"Bronze Scales"},{"floor":40.0,"key":"Ancient Tea Set"},{"floor":42,"key":"Bag of Preparation"},{"floor":45,"key":"Vajra"},{"floor":46,"key":"Kunai"}],"event_choices":[{"damage_healed":0.0,"max_hp_gain":0.0,"max_hp_loss":0.0,"gold_gain":0.0,"event_name":"Accursed Blacksmith","player_choice":"Forge","floor":4.0,"gold_loss":0.0,"damage_taken":0.0,"cards_upgraded":["Zap"]},{"cards_removed":["Machine Learning"],"damage_healed":27.0,"max_hp_gain":10.0,"max_hp_loss":0.0,"gold_gain":0.0,"event_name":"Bonfire Elementals","player_choice":"Offered Rare","floor":14.0,"gold_loss":0.0,"damage_taken":0.0},{"damage_healed":0.0,"max_hp_gain":0.0,"max_hp_loss":0.0,"gold_gain":0.0,"event_name":"Cursed Tome","player_choice":"Obtained Book","floor":27.0,"gold_loss":0.0,"damage_taken":21.0},{"damage_healed":0.0,"max_hp_gain":0.0,"max_hp_loss":0.0,"gold_gain":0.0,"event_name":"Match and Keep!","player_choice":"1 cards matched","floor":29.0,"gold_loss":0.0,"damage_taken":0.0,"cards_obtained":["Fission"]},{"damage_healed":0.0,"max_hp_gain":0.0,"max_hp_loss":0.0,"gold_gain":0.0,"event_name":"Tomb of Lord Red Mask","player_choice":"Paid","floor":37.0,"gold_loss":39.0,"damage_taken":0.0,"relics_obtained":["Red Mask"]},{"damage_healed":0.0,"max_hp_gain":0.0,"max_hp_loss":0.0,"gold_gain":0.0,"event_name":"SensoryStone","player_choice":"Memory 1","floor":38.0,"gold_loss":0.0,"damage_taken":0.0}],"is_beta":false,"boss_relics":[{"not_picked":["Runic Dome","Astrolabe"],"picked":"Velvet Choker"},{"not_picked":["Tiny House","Empty Cage"],"picked":"Sozu"}],"items_purged_floors":[36,48],"is_endless":false,"potions_floor_spawned":[3,6,8,10,12,22,23,28,33,35,39,42,44],"killed_by":"Awakened One","ascension_level":20}}