{"host":"ig3ferjl2vi2q99g","time":1612010377,"event":{"mods":["AchievementEnabler","BaseMod","Colored Map","Colored Powertips","Hermit","Minty Spire (QoL Compilation)","Permanent Neow","Quick Restart","SacredBarkPlus","StSLib"],"gold_per_floor":[114,114,114,114,137,172,172,203,228,228,11,11,11,11,11,139,139,153,78,78,3,18,49,62,62,62,96,11,44,58,78,78,201,201,215,231,256,9,32,32,72,72,72,72,88,126,126,141,141,141,141,141,16,47,47,47],"floor_reached":55,"language":"ENG","playtime":3749,"items_purged":["Strike_B","Strike_B","Gash"],"score":804,"play_id":"a17b2012-21fa-47da-a590-0c046b04fbd2","local_time":"20210130133937","is_ascension_mode":true,"campfire_choices":[{"floor":7.0,"key":"REST"},{"floor":10.0,"key":"REST"},{"data":"Apotheosis","floor":13.0,"key":"SMITH"},{"floor":15.0,"key":"REST"},{"floor":25.0,"key":"REST"},{"floor":32.0,"key":"REST"},{"floor":40.0,"key":"RECALL"},{"data":"Seek","floor":49.0,"key":"SMITH"},{"data":"Dualcast","floor":52.0,"key":"SMITH"}],"circlet_count":0,"master_deck":["Defend_B","Defend_B","Defend_B","Defend_B","Zap","Dualcast+1","Multi-Cast","Beam Cell","FTL","Apotheosis+1","Electrodynamics","Ball Lightning","Steam","Lockon+1","Steam","Hologram","Static Discharge","Seek+1","Coolheaded+1","Biased Cognition","Leap","Defragment+1","Core Surge","Coolheaded+1","Coolheaded+1","Ball Lightning+1","Darkness"],"relics":["Cracked Core","Golden Idol","Bag of Marbles","Omamori","Happy Flower","Oddly Smooth Stone","Empty Cage","Lantern","Letter Opener","Juzu Bracelet","Question Card","Mango","Inserter","StoneCalendar","Darkstone Periapt","Bag of Preparation","DataDisk","White Beast Statue","Nunchaku"],"acts_visited":["Exordium","TheCity","TheBeyond","TheEnding"],"potions_floor_usage":[],"damage_taken":[{"damage":0.0,"enemies":"2 Louse","floor":1.0,"turns":2.0},{"damage":1.0,"enemies":"Jaw Worm","floor":5.0,"turns":4.0},{"damage":48.0,"enemies":"3 Sentries","floor":6.0,"turns":9.0},{"damage":25.0,"enemies":"Gremlin Nob","floor":8.0,"turns":4.0},{"damage":43.0,"enemies":"Hexaghost","floor":16.0,"turns":6.0},{"damage":13.0,"enemies":"Shell Parasite","floor":18.0,"turns":3.0},{"damage":0.0,"enemies":"Spheric Guardian","floor":22.0,"turns":3.0},{"damage":12.0,"enemies":"Book of Stabbing","floor":23.0,"turns":5.0},{"damage":13.0,"enemies":"Snecko","floor":24.0,"turns":4.0},{"damage":0.0,"enemies":"Gremlin Leader","floor":27.0,"turns":5.0},{"damage":12.0,"enemies":"Book of Stabbing","floor":29.0,"turns":4.0},{"damage":9.0,"enemies":"Chosen and Byrds","floor":30.0,"turns":4.0},{"damage":14.0,"enemies":"Shelled Parasite and Fungi","floor":31.0,"turns":4.0},{"damage":43.0,"enemies":"Champ","floor":33.0,"turns":12.0},{"damage":3.0,"enemies":"Orb Walker","floor":35.0,"turns":2.0},{"damage":0.0,"enemies":"3 Shapes","floor":36.0,"turns":2.0},{"damage":2.0,"enemies":"Sphere and 2 Shapes","floor":37.0,"turns":4.0},{"damage":0.0,"enemies":"Maw","floor":39.0,"turns":6.0},{"damage":51.0,"enemies":"Nemesis","floor":41.0,"turns":7.0},{"damage":1.0,"enemies":"Writhing Mass","floor":45.0,"turns":4.0},{"damage":10.0,"enemies":"Reptomancer","floor":46.0,"turns":6.0},{"damage":0.0,"enemies":"Jaw Worm Horde","floor":48.0,"turns":4.0},{"damage":18.0,"enemies":"Time Eater","floor":50.0,"turns":6.0},{"damage":64.0,"enemies":"Shield and Spear","floor":54.0,"turns":7.0},{"damage":19,"enemies":"The Heart","floor":55,"turns":2}],"seed_played":"-2014064901008773976","potions_obtained":[{"floor":1.0,"key":"EssenceOfSteel"},{"floor":5.0,"key":"SkillPotion"},{"floor":8.0,"key":"DuplicationPotion"},{"floor":18.0,"key":"Dexterity Potion"},{"floor":33.0,"key":"FocusPotion"},{"floor":45.0,"key":"Dexterity Potion"},{"floor":46.0,"key":"Energy Potion"},{"floor":54.0,"key":"Energy Potion"}],"is_trial":false,"path_per_floor":["M","?","?","?","M","E","R","E","T","R","$","$","R","?","R","B",null,"M","$","?","?","M","E","M","R","T","E","?","E","M","M","R","B",null,"M","M","M","$","M","R","E","?","T","?","M","E","T","M","R","B",null,"R","$","E","B"],"character_chosen":"DEFECT","items_purchased":["Apotheosis","Sunder","Core Surge"],"campfire_rested":5,"item_purchase_floors":[11,11,38],"current_hp_per_floor":[75,69,69,69,68,20,40,15,15,35,35,35,35,28,48,5,69,56,56,56,56,56,44,31,51,51,51,51,53,44,30,54,11,83,80,80,78,78,78,78,27,83,83,83,82,72,72,72,72,54,83,83,83,19,0,0],"gold":47,"neow_bonus":"THREE_RARE_CARDS","is_daily":false,"chose_seed":false,"campfire_upgraded":3,"win_rate":0.0,"timestamp":1612010377,"path_taken":["M","?","?","?","M","E","R","E","T","R","?","$","R","?","R","BOSS","M","$","?","?","M","E","M","R","T","E","?","E","M","M","R","BOSS","M","M","M","$","M","R","E","?","T","?","M","E","?","M","R","BOSS","R","$","E","BOSS"],"items_purchased_type":["Card","Card","Card"],"build_version":"2020-12-22","purchased_purges":3,"victory":false,"max_hp_per_floor":[75,69,69,69,69,69,69,69,69,69,69,69,69,69,69,69,69,69,69,69,69,69,69,69,69,69,69,69,83,83,83,83,83,83,83,83,83,83,83,83,83,83,83,83,83,83,83,83,83,83,83,83,83,83,83,83],"card_choices":[{"not_picked":["Seek","Buffer"],"picked":"Multi-Cast","floor":0.0},{"not_picked":["White Noise","Chaos"],"picked":"Gash","floor":1.0},{"not_picked":["Force Field","Cold Snap"],"picked":"Beam Cell","floor":5.0},{"not_picked":["Hologram","Steam"],"picked":"FTL","floor":6.0},{"not_picked":["Hologram","Steam Power"],"picked":"Scrape","floor":8.0},{"not_picked":["Seek","Thunder Strike"],"picked":"Electrodynamics","floor":16.0},{"not_picked":["Conserve Battery","Gash"],"picked":"Ball Lightning","floor":18.0},{"not_picked":["Sunder","Streamline"],"picked":"Steam","floor":22.0},{"not_picked":["Sweeping Beam+1","Rip and Tear"],"picked":"Lockon+1","floor":23.0},{"not_picked":["All For One","Steam","Beam Cell"],"picked":"SKIP","floor":24.0},{"not_picked":["All For One","Beam Cell"],"picked":"Steam","floor":24.0},{"not_picked":["Meteor Strike","Go for the Eyes"],"picked":"Hologram","floor":27.0},{"not_picked":["Go for the Eyes+1","Aggregate","Rebound"],"picked":"Static Discharge","floor":29.0},{"not_picked":["Leap","Barrage+1","Compile Driver"],"picked":"Seek","floor":30.0},{"not_picked":["Stack+1","Leap","Lockon"],"picked":"Coolheaded+1","floor":31.0},{"not_picked":["All For One","Hyperbeam","Meteor Strike"],"picked":"Biased Cognition","floor":33.0},{"not_picked":["Sweeping Beam+1","Go for the Eyes","Storm+1"],"picked":"Leap","floor":35.0},{"not_picked":["Conserve Battery+1","Redo+1","Barrage+1"],"picked":"Defragment+1","floor":36.0},{"not_picked":["Scrape","Hologram+1","Streamline","Fusion"],"picked":"SKIP","floor":37.0},{"not_picked":["Thunder Strike","Redo","Cold Snap+1"],"picked":"Coolheaded+1","floor":39.0},{"not_picked":["Cold Snap","Heatsinks","Gash"],"picked":"Coolheaded+1","floor":41.0},{"not_picked":["Hologram","All For One","Streamline+1","Hello World"],"picked":"SKIP","floor":45.0},{"not_picked":["All For One","Compile Driver","Go for the Eyes+1","Rip and Tear"],"picked":"SKIP","floor":46.0},{"not_picked":["Conserve Battery+1","Leap","Steam+1"],"picked":"Ball Lightning+1","floor":48.0},{"not_picked":["Undo","Recycle+1","Streamline+1"],"picked":"Darkness","floor":54.0}],"player_experience":296328,"relics_obtained":[{"floor":6.0,"key":"Omamori"},{"floor":8.0,"key":"Happy Flower"},{"floor":9.0,"key":"Oddly Smooth Stone"},{"floor":23.0,"key":"Letter Opener"},{"floor":27.0,"key":"Juzu Bracelet"},{"floor":29.0,"key":"Mango"},{"floor":41.0,"key":"StoneCalendar"},{"floor":43.0,"key":"Darkstone Periapt"},{"floor":44.0,"key":"Bag of Preparation"},{"floor":46.0,"key":"DataDisk"},{"floor":47.0,"key":"White Beast Statue"},{"floor":54.0,"key":"Nunchaku"}],"event_choices":[{"damage_healed":0.0,"max_hp_gain":0.0,"max_hp_loss":6.0,"gold_gain":0.0,"event_name":"Golden Idol","player_choice":"Lose Max HP","floor":2.0,"gold_loss":0.0,"damage_taken":0.0,"relics_obtained":["Golden Idol"]},{"damage_healed":0.0,"max_hp_gain":0.0,"max_hp_loss":0.0,"gold_gain":0.0,"event_name":"Big Fish","player_choice":"Box","floor":3.0,"gold_loss":0.0,"damage_taken":0.0,"relics_obtained":["Bag of Marbles"],"cards_obtained":["Regret"]},{"cards_removed":["Regret"],"damage_healed":0.0,"max_hp_gain":0.0,"max_hp_loss":0.0,"gold_gain":0.0,"event_name":"Living Wall","player_choice":"Forget","floor":4.0,"gold_loss":0.0,"damage_taken":0.0},{"cards_removed":["Clumsy"],"damage_healed":0.0,"max_hp_gain":0.0,"max_hp_loss":0.0,"gold_gain":0.0,"event_name":"Golden Wing","player_choice":"Card Removal","floor":14.0,"gold_loss":0.0,"damage_taken":7.0},{"damage_healed":0.0,"max_hp_gain":0.0,"max_hp_loss":0.0,"gold_gain":0.0,"event_name":"The Mausoleum","player_choice":"Opened","floor":20.0,"gold_loss":0.0,"damage_taken":0.0,"relics_obtained":["Lantern"]},{"cards_removed":["Strike_B"],"damage_healed":0.0,"max_hp_gain":0.0,"max_hp_loss":0.0,"gold_gain":0.0,"event_name":"Beggar","player_choice":"Gave Gold","floor":21.0,"gold_loss":75.0,"damage_taken":0.0},{"damage_healed":0.0,"max_hp_gain":0.0,"max_hp_loss":0.0,"gold_gain":0.0,"event_name":"Addict","player_choice":"Obtained Relic","floor":28.0,"gold_loss":85.0,"damage_taken":0.0,"relics_obtained":["Question Card"]},{"cards_removed":["Sunder"],"damage_healed":56.0,"max_hp_gain":0.0,"max_hp_loss":0.0,"gold_gain":0.0,"event_name":"Bonfire Elementals","player_choice":"Offered Uncommon","floor":42.0,"gold_loss":0.0,"damage_taken":0.0},{"damage_healed":0.0,"max_hp_gain":0.0,"max_hp_loss":0.0,"gold_gain":0.0,"event_name":"Wheel of Change","player_choice":"Relic","floor":44.0,"gold_loss":0.0,"damage_taken":0.0}],"is_beta":false,"boss_relics":[{"not_picked":["Coffee Dripper","Sozu"],"picked":"Empty Cage"},{"not_picked":["Tiny House","Pandora\u0027s Box"],"picked":"Inserter"}],"items_purged_floors":[19,38,53],"is_endless":false,"potions_floor_spawned":[1,5,8,18,29,30,33,35,37,45,46,48,54],"killed_by":"The Heart","ascension_level":1}}