{"host":"vrsxkkch9ccrec7k","time":1612002488,"event":{"mods":["Act Like it!","BaseMod","Bestiary","Better Altar","Better Match","Better Note","Better Sensory Stone","Better Skull","Better Third Choice","Better Vampires","Minty Spire (QoL Compilation)","Permanent Neow","Relic Stats","Shop Mod","StSLib","The Animator"],"gold_per_floor":[130,155,80,92,59,94,19,51,51,51,71,91,91,104,104,233,233,248,248,97,93,105,105,123,157,157,157,194,194,214,224,224,338,338,354,366,384,384,103,132,150,150,150,179,179,197,214,232,232,232],"floor_reached":51,"language":"ENG","playtime":8454,"items_purged":["animator:Strike","Pain","animator:Strike"],"score":770,"play_id":"3d9d328f-268a-4750-ab7a-263259173406","local_time":"20210130052808","is_ascension_mode":false,"campfire_choices":[{"floor":10,"key":"REST"},{"data":"animator:Aqua","floor":13,"key":"SMITH"},{"floor":15,"key":"REST"},{"data":"animator:Wiz","floor":23,"key":"SMITH"},{"data":"animator:Darkness","floor":27,"key":"SMITH"},{"data":"animator:Darkness","floor":29,"key":"SMITH"},{"data":"animator:Kazuma","floor":32,"key":"SMITH"},{"data":"animator:Strike","floor":42,"key":"PURGE"},{"data":"animator:Strike_Konosuba","floor":45,"key":"PURGE"},{"data":"animator:Cocytus","floor":49,"key":"SMITH"}],"circlet_count":0,"master_deck":["animator:Defend_Konosuba","animator:Defend","animator:Defend","animator:Defend","animator:Kazuma+1","animator:Aqua+1","animator:Entoma+18","animator:Mitsurugi","animator:Hans+1","animator:Darkness+1","animator:Wiz+1","animator:Kazuma+1","animator:Darkness+1","animator:Sebas","animator:Eris","animator:Mitsurugi","animator:Shalltear+1","animator:Cocytus","animator:PandorasActor+1","animator:Cocytus+1","animator:PinaCoLada+1","animator:Mitsurugi","animator:Darkness","animator:Sebas","animator:Hans","animator:Vanir+1","animator:PinaCoLada","animator:Demiurge"],"relics":["animator:VividPicture","animator:TheMissingPiece","Gremlin Horn","Shuriken","Blood Vial","WarpedTongs","Pantograph","Paper Frog","Coffee Dripper","Nunchaku","Peace Pipe","Bottled Lightning","Lizard Tail"],"acts_visited":["Exordium","TheCity","TheBeyond"],"potions_floor_usage":[11,14,16,16,16,24,25,35,37,40,40,48,48],"damage_taken":[{"damage":0,"enemies":"Jaw Worm","floor":1,"turns":7},{"damage":2,"enemies":"Cultist","floor":2,"turns":4},{"damage":0,"enemies":"Small Slimes","floor":4,"turns":3},{"damage":0,"enemies":"Looter","floor":5,"turns":5},{"damage":2,"enemies":"Lagavulin","floor":6,"turns":6},{"damage":66,"enemies":"Gremlin Nob","floor":8,"turns":7},{"damage":0,"enemies":"Red Slaver","floor":11,"turns":13},{"damage":6,"enemies":"Exordium Wildlife","floor":12,"turns":7},{"damage":0,"enemies":"Lots of Slimes","floor":14,"turns":6},{"damage":50,"enemies":"Slime Boss","floor":16,"turns":18},{"damage":6,"enemies":"3 Byrds","floor":18,"turns":4},{"damage":12,"enemies":"2 Thieves","floor":21,"turns":4},{"damage":0,"enemies":"Snecko","floor":22,"turns":8},{"damage":10,"enemies":"3 Cultists","floor":24,"turns":5},{"damage":40,"enemies":"Slavers","floor":25,"turns":7},{"damage":4,"enemies":"Centurion and Healer","floor":28,"turns":7},{"damage":2,"enemies":"Snake Plant","floor":30,"turns":5},{"damage":4,"enemies":"Chosen and Byrds","floor":31,"turns":6},{"damage":39,"enemies":"Collector","floor":33,"turns":11},{"damage":0,"enemies":"3 Darklings","floor":35,"turns":5},{"damage":0,"enemies":"3 Shapes","floor":36,"turns":6},{"damage":0,"enemies":"Jaw Worm Horde","floor":37,"turns":3},{"damage":0,"enemies":"Reptomancer","floor":40,"turns":7},{"damage":8,"enemies":"4 Shapes","floor":41,"turns":6},{"damage":4,"enemies":"Giant Head","floor":44,"turns":8},{"damage":11,"enemies":"3 Darklings","floor":46,"turns":5},{"damage":13,"enemies":"Spire Growth","floor":47,"turns":5},{"damage":0,"enemies":"Jaw Worm Horde","floor":48,"turns":5},{"damage":40,"enemies":"Awakened One","floor":50,"turns":11}],"seed_played":"9214049548775721866","potions_obtained":[{"floor":2,"key":"SkillPotion"},{"floor":8,"key":"GamblersBrew"},{"floor":11,"key":"SneckoOil"},{"floor":12,"key":"Explosive Potion"},{"floor":14,"key":"Fire Potion"},{"floor":21,"key":"SpeedPotion"},{"floor":22,"key":"Weak Potion"},{"floor":25,"key":"FairyPotion"},{"floor":33,"key":"SkillPotion"},{"floor":36,"key":"BlessingOfTheForge"},{"floor":37,"key":"FearPotion"},{"floor":40,"key":"DuplicationPotion"},{"floor":47,"key":"SteroidPotion"}],"is_trial":false,"path_per_floor":["M","M","?","M","M","E","$","E","T","R","M","M","R","M","R","B",null,"M","?","$","M","M","R","M","E","T","R","M","R","M","M","R","B",null,"M","M","M","?","$","E","M","R","T","E","R","M","M","M","R","B",null],"character_chosen":"THE_ANIMATOR","items_purchased":["Explosive Potion","Nunchaku"],"campfire_rested":2,"item_purchase_floors":[20,39],"current_hp_per_floor":[66,64,65,67,67,68,68,2,2,22,26,26,26,34,55,10,73,72,72,72,71,78,78,73,43,43,43,52,52,63,72,72,57,90,92,94,94,94,94,96,98,98,98,100,100,93,93,108,108,86],"gold":232,"neow_bonus":"UPGRADE_CARD","is_daily":false,"chose_seed":false,"campfire_upgraded":6,"win_rate":0.0,"timestamp":1612002488,"path_taken":["M","M","?","M","M","E","?","E","T","R","M","M","R","M","R","BOSS","M","?","$","M","M","R","?","E","T","R","M","R","M","M","R","BOSS","M","M","M","?","$","E","M","R","T","E","R","?","M","M","R","BOSS"],"items_purchased_type":["Potion","Relic"],"build_version":"2020-12-22","purchased_purges":3,"victory":true,"max_hp_per_floor":[66,66,67,67,67,68,68,68,68,68,68,70,70,73,73,73,73,75,75,75,77,78,78,80,82,82,82,84,84,86,88,88,90,90,92,94,94,94,94,96,100,100,100,100,100,104,106,108,108,108],"relic_stats":{"Blood Vial":26,"Peace Pipe":2,"Nunchaku":[11],"Lizard Tail":0,"Gremlin Horn":[38,38],"counters":[29,194],"Shuriken":[40],"Pantograph":16,"obtain_stats":[{"Gremlin Horn":6,"animator:TheMissingPiece":0,"WarpedTongs":19,"Blood Vial":9,"Peace Pipe":40,"Nunchaku":39,"Lizard Tail":44,"Shuriken":8,"Pantograph":25,"animator:LivingPicture":0,"Coffee Dripper":34,"Bottled Lightning":43,"animator:VividPicture":17,"Paper Frog":26},{"Gremlin Horn":5,"animator:TheMissingPiece":0,"WarpedTongs":11,"Blood Vial":6,"Peace Pipe":23,"Nunchaku":22,"Lizard Tail":25,"Shuriken":6,"Pantograph":15,"animator:LivingPicture":0,"Coffee Dripper":19,"Bottled Lightning":24,"animator:VividPicture":10,"Paper Frog":15},{"Gremlin Horn":25,"animator:TheMissingPiece":0,"WarpedTongs":80,"Blood Vial":32,"Peace Pipe":154,"Nunchaku":147,"Lizard Tail":168,"Shuriken":32,"Pantograph":104,"animator:LivingPicture":0,"Coffee Dripper":133,"Bottled Lightning":160,"animator:VividPicture":76,"Paper Frog":104}],"WarpedTongs":[112]},"card_choices":[{"not_picked":["animator:Vesta","animator:MumenRider"],"picked":"animator:Entoma","floor":1},{"not_picked":["animator:Evileye","animator:Gillette"],"picked":"animator:Mitsurugi","floor":2},{"not_picked":["animator:AcuraShin+1","animator:Boros+1"],"picked":"animator:Hans+1","floor":3},{"not_picked":["animator:TukaLunaMarceau","animator:Guy"],"picked":"animator:Entoma","floor":4},{"not_picked":["animator:Mitsurugi","animator:Chris"],"picked":"animator:Darkness","floor":5},{"not_picked":["animator:Kaijin","animator:ChaikaBohdan"],"picked":"animator:Wiz","floor":6},{"not_picked":["animator:Evileye","animator:Shuna"],"picked":"animator:Kazuma","floor":8},{"not_picked":["animator:Guy","animator:Melzalgald","animator:Shion"],"picked":"SKIP","floor":11},{"not_picked":["animator:Mitsurugi","animator:Chris"],"picked":"animator:Darkness","floor":12},{"not_picked":["animator:AcuraAkari","animator:Viivi"],"picked":"animator:Sebas","floor":14},{"not_picked":["animator:Shizu","animator:Kyubey"],"picked":"animator:Eris","floor":16},{"not_picked":["animator:Verdia","animator:Demiurge+1"],"picked":"animator:Mitsurugi","floor":18},{"not_picked":["animator:Gillette","animator:Souei"],"picked":"animator:Shalltear+1","floor":21},{"not_picked":["animator:Evileye","animator:Sebas"],"picked":"animator:Cocytus","floor":22},{"not_picked":["animator:TukaLunaMarceau+1","animator:Shuna","animator:Guy"],"picked":"SKIP","floor":24},{"not_picked":["animator:Ainz","animator:Kuribayashi","animator:TukaLunaMarceau"],"picked":"SKIP","floor":25},{"not_picked":["animator:Genos+1","animator:NagisaMomoe"],"picked":"animator:PandorasActor+1","floor":28},{"not_picked":["animator:PandorasActor","animator:Demiurge"],"picked":"animator:Cocytus","floor":30},{"not_picked":["animator:PandorasActor","animator:ChaikaBohdan","animator:OrikoMikuni"],"picked":"SKIP","floor":31},{"not_picked":["animator:ChaikaTrabant","animator:AcuraShin"],"picked":"animator:PinaCoLada","floor":33},{"not_picked":["animator:Kazuma+1","animator:Cocytus+1"],"picked":"animator:Mitsurugi","floor":35},{"not_picked":["animator:Viivi+1","animator:RoryMercury"],"picked":"animator:Darkness","floor":36},{"not_picked":["animator:Cocytus","animator:Demiurge"],"picked":"animator:Sebas","floor":37},{"not_picked":["animator:Kazuma+1","animator:Fredrika+1"],"picked":"animator:Hans","floor":40},{"not_picked":["animator:Benimaru","animator:PandorasActor+1"],"picked":"animator:Vanir+1","floor":41},{"not_picked":["animator:Evileye","animator:Verdia"],"picked":"animator:PinaCoLada","floor":44},{"not_picked":["animator:Shalltear","animator:Sebas"],"picked":"animator:Demiurge","floor":46},{"not_picked":["animator:Millim+1","animator:Genos+1","animator:Benimaru"],"picked":"SKIP","floor":47},{"not_picked":["animator:Evileye+1","animator:ChaikaBohdan","animator:Bozes+1"],"picked":"SKIP","floor":48}],"player_experience":1359307,"relics_obtained":[{"floor":6,"key":"Gremlin Horn"},{"floor":8,"key":"Shuriken"},{"floor":9,"key":"Blood Vial"},{"floor":25,"key":"Pantograph"},{"floor":26,"key":"Paper Frog"},{"floor":40,"key":"Peace Pipe"},{"floor":43,"key":"Bottled Lightning"},{"floor":44,"key":"Lizard Tail"}],"event_choices":[{"damage_healed":0,"gold_gain":0,"player_choice":"2","damage_taken":0,"max_hp_gain":0,"max_hp_loss":0,"event_name":"betterMatch:BetterMatch","floor":3,"gold_loss":0,"cards_obtained":["betterMatch:RareCard"]},{"damage_healed":0,"gold_gain":0,"player_choice":"Rummage","damage_taken":0,"relics_obtained":["WarpedTongs"],"max_hp_gain":0,"max_hp_loss":0,"event_name":"Accursed Blacksmith","floor":19,"gold_loss":0,"cards_obtained":["Pain"]},{"damage_healed":0,"gold_gain":0,"player_choice":"Upgraded","damage_taken":0,"max_hp_gain":0,"max_hp_loss":0,"event_name":"Upgrade Shrine","floor":38,"gold_loss":0,"cards_upgraded":["animator:PinaCoLada"]}],"is_beta":false,"boss_relics":[{"not_picked":["Mark of Pain","Empty Cage"],"picked":"animator:VividPicture"},{"not_picked":["Fusion Hammer","Astrolabe"],"picked":"Coffee Dripper"}],"items_purged_floors":[7,20,39],"is_endless":false,"potions_floor_spawned":[2,8,11,12,14,21,22,25,33,36,37,40,47],"ascension_level":0}}