{"host":"fxrgx7wt2cpkbhka","time":1612005863,"event":{"mods":["AchievementEnabler","BaseMod","Colored Powertips","Minty Spire (QoL Compilation)","Permanent Neow","Quick Restart","Slay-I","StSLib","Waifu the Spire"],"gold_per_floor":[116,37,37,103,103,103,122,162,188,188,201,220,84,84,84,84,84],"floor_reached":16,"language":"ENG","playtime":326,"items_purged":[],"score":162,"play_id":"25f03741-446d-445b-99ff-e59efc317d09","local_time":"20210130032423","is_ascension_mode":true,"campfire_choices":[{"data":"Spot Weakness","floor":6,"key":"SMITH"},{"data":"Flex","floor":15,"key":"SMITH"}],"circlet_count":0,"master_deck":["AscendersBane","Strike_R","Strike_R","Strike_R","Strike_R","Strike_R","Defend_R","Defend_R","Defend_R","Defend_R","Bash+1","Flex+1","Spot Weakness+1","Injury","Flame Barrier+1","Clash","Bandage Up"],"relics":["Burning Blood","Golden Idol","Bag of Preparation","Toy Ornithopter"],"acts_visited":["Exordium"],"potions_floor_usage":[16],"damage_taken":[{"damage":1,"enemies":"2 Louse","floor":1,"turns":2},{"damage":4,"enemies":"Small Slimes","floor":7,"turns":4},{"damage":35,"enemies":"Lagavulin","floor":8,"turns":5},{"damage":6,"enemies":"Cultist","floor":11,"turns":3},{"damage":29,"enemies":"Large Slime","floor":12,"turns":8},{"damage":42,"enemies":"Hexaghost","floor":16,"turns":9}],"seed_played":"-8298778585433197242","potions_obtained":[{"floor":10,"key":"DuplicationPotion"},{"floor":10,"key":"Ancient Potion"}],"is_trial":false,"path_per_floor":["M","$","?","?","?","R","M","E","T","?","M","M","$","?","R","B"],"character_chosen":"IRONCLAD","items_purchased":["Spot Weakness","Clash","Bandage Up"],"campfire_rested":0,"item_purchase_floors":[2,13,13],"current_hp_per_floor":[77,77,82,82,82,82,84,55,55,55,55,32,32,32,32,0,0],"gold":84,"neow_bonus":"UPGRADE_CARD","is_daily":false,"chose_seed":false,"campfire_upgraded":2,"win_rate":0.0,"timestamp":1612005863,"path_taken":["M","$","?","?","?","R","M","E","T","?","?","M","$","?","R","BOSS"],"items_purchased_type":["Card","Card","Card"],"build_version":"2020-12-22","purchased_purges":0,"victory":false,"max_hp_per_floor":[80,80,85,85,85,85,85,85,85,85,85,85,85,85,85,85,85],"card_choices":[{"not_picked":["Shrug It Off","Warcry"],"picked":"Flex","floor":1},{"not_picked":["Headbutt","Pommel Strike","Carnage"],"picked":"SKIP","floor":7},{"not_picked":["Perfected Strike","Ghostly Armor","Blood for Blood"],"picked":"SKIP","floor":8},{"not_picked":["Havoc","Twin Strike","Headbutt"],"picked":"SKIP","floor":11},{"not_picked":["Barricade","Sever Soul"],"picked":"Flame Barrier","floor":12}],"player_experience":735169,"relics_obtained":[{"floor":8,"key":"Bag of Preparation"},{"floor":9,"key":"Toy Ornithopter"}],"event_choices":[{"damage_healed":0,"gold_gain":0,"player_choice":"Donut","damage_taken":0,"max_hp_gain":5,"max_hp_loss":0,"event_name":"Big Fish","floor":3,"gold_loss":0},{"damage_healed":0,"gold_gain":66,"player_choice":"Gained Gold","damage_taken":0,"max_hp_gain":0,"max_hp_loss":0,"event_name":"Golden Wing","floor":4,"gold_loss":0},{"damage_healed":0,"gold_gain":0,"player_choice":"Take Wound","damage_taken":0,"relics_obtained":["Golden Idol"],"max_hp_gain":0,"max_hp_loss":0,"event_name":"Golden Idol","floor":5,"gold_loss":0,"cards_obtained":["Injury"]},{"damage_healed":0,"gold_gain":0,"player_choice":"Got Potions","damage_taken":0,"max_hp_gain":0,"max_hp_loss":0,"event_name":"Lab","floor":10,"gold_loss":0},{"damage_healed":0,"gold_gain":0,"player_choice":"Upgraded","damage_taken":0,"max_hp_gain":0,"max_hp_loss":0,"event_name":"Upgrade Shrine","floor":14,"gold_loss":0,"cards_upgraded":["Flame Barrier"]}],"is_beta":false,"boss_relics":[],"items_purged_floors":[],"is_endless":false,"potions_floor_spawned":[11,12],"killed_by":"Hexaghost","ascension_level":13}}