{"host":"ysj15tgd1sneq0s0","time":1612019554,"event":{"mods":["AchievementEnabler","BaseMod","DeckTracker","Highlight Path","Minty Spire (QoL Compilation)","Permanent Neow","Quick Restart","StSLib","SuperFastMode","everything is the same but u backflip on backflip"],"gold_per_floor":[116,116,130,130,57,57,57,76,146,34,62,16,191,215,215,316,316,332,242,61,75,0,0,27,45,45,45,45],"floor_reached":27,"language":"KOR","playtime":903,"items_purged":["Strike_G"],"score":250,"play_id":"40a3c335-fd3f-4a1e-b397-3f542f796db4","local_time":"20210131001234","is_ascension_mode":true,"campfire_choices":[{"floor":6,"key":"REST"},{"floor":15,"key":"REST"},{"floor":23,"key":"REST"}],"circlet_count":0,"master_deck":["Strike_G","Strike_G","Strike_G","Defend_G","Defend_G","Defend_G+1","Defend_G","Survivor","Neutralize","Finisher","Accuracy","Cloak And Dagger","Infinite Blades","Blade Dance","Doubt","After Image","Cloak And Dagger","Noxious Fumes","Footwork"],"relics":["Ring of the Snake","Nunchaku","Pantograph","Kunai","Omamori","SlaversCollar","Bag of Marbles","Boot","Girya"],"acts_visited":["Exordium","TheCity"],"potions_floor_usage":[11],"damage_taken":[{"damage":0,"enemies":"2 Louse","floor":1,"turns":4},{"damage":10,"enemies":"Jaw Worm","floor":3,"turns":9},{"damage":0,"enemies":"Cultist","floor":8,"turns":4},{"damage":12,"enemies":"Gremlin Nob","floor":11,"turns":4},{"damage":49,"enemies":"The Guardian","floor":16,"turns":11},{"damage":18,"enemies":"Chosen","floor":18,"turns":5},{"damage":14,"enemies":"Spheric Guardian","floor":21,"turns":4},{"damage":28,"enemies":"Slavers","floor":24,"turns":8},{"damage":29,"enemies":"Snake Plant","floor":25,"turns":5},{"damage":0,"enemies":"Cultist and Chosen","floor":27,"turns":4}],"seed_played":"-8528918949835818445","potions_obtained":[{"floor":8,"key":"Energy Potion"},{"floor":18,"key":"Swift Potion"},{"floor":24,"key":"Swift Potion"}],"is_trial":false,"path_per_floor":["M","?","M","?","$","R","?","M","T","$","E","$","?","T","R","B",null,"M","?","$","M","$","R","E","M","T","M"],"character_chosen":"THE_SILENT","items_purchased":["Accuracy","Infinite Blades","Blade Dance","Noxious Fumes","Bag of Marbles","Footwork"],"campfire_rested":3,"item_purchase_floors":[5,10,12,20,20,22],"current_hp_per_floor":[70,37,27,20,20,41,41,41,41,41,29,29,29,29,50,21,70,52,52,52,38,38,59,31,2,2,2,2],"gold":45,"neow_bonus":"THREE_CARDS","is_daily":false,"chose_seed":false,"campfire_upgraded":0,"win_rate":0.0,"timestamp":1612019554,"path_taken":["M","?","M","?","?","R","?","?","T","?","E","$","?","?","R","BOSS","M","?","?","M","$","R","E","?","T","?"],"items_purchased_type":["Card","Card","Card","Card","Relic","Card"],"build_version":"2020-12-22","purchased_purges":1,"victory":false,"max_hp_per_floor":[70,70,70,70,70,70,70,70,70,70,70,70,70,70,70,70,70,70,70,70,70,70,70,70,70,70,70,70],"card_choices":[{"not_picked":["PiercingWail","Masterful Stab","Outmaneuver"],"picked":"SKIP","floor":1},{"not_picked":["Terror","Slice"],"picked":"Finisher","floor":3},{"not_picked":["Deadly Poison","Sucker Punch"],"picked":"Cloak And Dagger","floor":8},{"not_picked":["Dagger Spray","Quick Slash","Predator"],"picked":"SKIP","floor":11},{"not_picked":["Die Die Die","Glass Knife"],"picked":"After Image","floor":16},{"not_picked":["Dagger Spray+1","Backflip"],"picked":"Cloak And Dagger","floor":18},{"not_picked":["Skewer","Masterful Stab+1","Deflect"],"picked":"SKIP","floor":21},{"not_picked":["Underhanded Strike","Terror","Poisoned Stab+1"],"picked":"SKIP","floor":24},{"not_picked":["Quick Slash","Masterful Stab","Underhanded Strike"],"picked":"SKIP","floor":25}],"player_experience":50686,"relics_obtained":[{"floor":9,"key":"Pantograph"},{"floor":11,"key":"Kunai"},{"floor":14,"key":"Omamori"},{"floor":24,"key":"Boot"},{"floor":26,"key":"Girya"}],"event_choices":[{"damage_healed":0,"gold_gain":0,"player_choice":"Success","damage_taken":33,"relics_obtained":["Nunchaku"],"max_hp_gain":0,"max_hp_loss":0,"event_name":"Scrap Ooze","floor":2,"gold_loss":0},{"cards_removed":["Strike_G"],"damage_healed":0,"gold_gain":0,"player_choice":"Card Removal","damage_taken":7,"max_hp_gain":0,"max_hp_loss":0,"event_name":"Golden Wing","floor":4,"gold_loss":0},{"damage_healed":0,"gold_gain":0,"player_choice":"Searched \u00270\u0027 times","damage_taken":0,"max_hp_gain":0,"max_hp_loss":0,"event_name":"Dead Adventurer","floor":7,"gold_loss":0},{"damage_healed":0,"gold_gain":175,"player_choice":"AGREE","damage_taken":0,"max_hp_gain":0,"max_hp_loss":0,"event_name":"Liars Game","floor":13,"gold_loss":0,"cards_obtained":["Doubt"]},{"cards_removed":["Defend_G"],"damage_healed":0,"gold_gain":0,"player_choice":"Upgrade and Remove","damage_taken":0,"max_hp_gain":0,"max_hp_loss":0,"event_name":"Designer","floor":19,"gold_loss":90,"cards_upgraded":["Defend_G"]}],"is_beta":false,"boss_relics":[{"not_picked":["Black Star","Snecko Eye"],"picked":"SlaversCollar"}],"items_purged_floors":[10],"is_endless":false,"potions_floor_spawned":[8,18,24],"killed_by":"Cultist and Chosen","ascension_level":2}}