{"host":"jpcy2bclvs7juczu","time":1612045056,"event":{"mods":["Alarm Clock","BaseMod","Bestiary","Block Reminder","Colored Map","Colored Powertips","Curses Come First","Dark Map","Filter the Spire","Minty Spire (QoL Compilation)","Quick Restart","RNG Fix","Random Character Button","Relic Stats","Slay the Relics Exporter","Smile Girya","StSLib","everything is the same but u backflip on backflip","ojb\u0027s Better Paths Mod","ojb\u0027s Info Mod","slay the spire mod where everything is the same but ironclad has a cowboy hat"],"gold_per_floor":[367,378,396,409,409,409,409,97,97,97,116,116,149,149,149,149,149],"floor_reached":16,"language":"ENG","playtime":438,"items_purged":["Strike_R"],"score":204,"play_id":"f00e359e-c7aa-475c-a30f-2cda1d2f29a2","local_time":"20210130171736","is_ascension_mode":true,"campfire_choices":[{"floor":6.0,"key":"REST"},{"data":"Shockwave","floor":7.0,"key":"SMITH"},{"data":"Wild Strike","floor":12.0,"key":"SMITH"},{"floor":15,"key":"REST"}],"circlet_count":0,"master_deck":["AscendersBane","Strike_R","Strike_R","Strike_R","Defend_R","Defend_R","Defend_R","Defend_R","Bash","Pummel","Iron Wave","Shockwave+1","Whirlwind","Wild Strike+1","Feel No Pain","Bludgeon"],"relics":["Burning Blood","WingedGreaves","Lantern","White Beast Statue","InkBottle"],"acts_visited":["Exordium"],"potions_floor_usage":[14,16],"damage_taken":[{"damage":7.0,"enemies":"Small Slimes","floor":1.0,"turns":6.0},{"damage":9.0,"enemies":"2 Louse","floor":2.0,"turns":3.0},{"damage":9.0,"enemies":"Jaw Worm","floor":3.0,"turns":4.0},{"damage":32.0,"enemies":"Exordium Thugs","floor":4.0,"turns":6.0},{"damage":18.0,"enemies":"Large Slime","floor":11.0,"turns":5.0},{"damage":12.0,"enemies":"3 Sentries","floor":13.0,"turns":6.0},{"damage":5,"enemies":"3 Louse","floor":14,"turns":2},{"damage":37,"enemies":"Hexaghost","floor":16,"turns":7}],"seed_played":"-2733262107533745609","potions_obtained":[{"floor":2.0,"key":"SteroidPotion"},{"floor":11.0,"key":"SmokeBomb"},{"floor":13.0,"key":"BlessingOfTheForge"}],"is_trial":false,"path_per_floor":["M","M","M","M","?","R","R","$","T","?","M","R","E","M","R","B"],"character_chosen":"IRONCLAD","items_purchased":["Lantern","Whirlwind"],"campfire_rested":2,"item_purchase_floors":[8,8],"current_hp_per_floor":[67,64,61,35,9,29,29,29,29,29,17,17,11,12,32,0,0],"gold":149,"neow_bonus":"TWO_FIFTY_GOLD","is_daily":false,"chose_seed":false,"campfire_upgraded":2,"win_rate":0.0,"timestamp":1612045056,"path_taken":["M","M","?","M","?","R","R","$","T","?","M","R","E","M","R","BOSS"],"items_purchased_type":["Relic","Card"],"build_version":"2020-12-22","purchased_purges":1,"victory":false,"max_hp_per_floor":[68,68,68,68,68,68,68,68,68,68,68,68,68,68,68,68,68],"relic_stats":{"counters":[8,39],"obtain_stats":[{"Lantern":8,"WingedGreaves":5,"Burning Blood":0,"White Beast Statue":9,"InkBottle":13},{"Lantern":4,"WingedGreaves":4,"Burning Blood":0,"White Beast Statue":4,"InkBottle":6},{"Lantern":19,"WingedGreaves":19,"Burning Blood":0,"White Beast Statue":19,"InkBottle":30}],"Burning Blood":42,"InkBottle":[2]},"card_choices":[{"not_picked":["True Grit","Armaments","Body Slam"],"picked":"SKIP","floor":1.0},{"not_picked":["Infernal Blade","Dual Wield"],"picked":"Pummel","floor":2.0},{"not_picked":["Havoc","True Grit"],"picked":"Iron Wave","floor":3.0},{"not_picked":["Clothesline","Dropkick"],"picked":"Shockwave","floor":4.0},{"not_picked":["True Grit","Anger"],"picked":"Feel No Pain","floor":11.0},{"not_picked":["Clash","Havoc"],"picked":"Bludgeon","floor":13.0}],"player_experience":1517538,"relics_obtained":[{"floor":9.0,"key":"White Beast Statue"},{"floor":13.0,"key":"InkBottle"}],"event_choices":[{"damage_healed":0.0,"max_hp_gain":0.0,"max_hp_loss":0.0,"gold_gain":0.0,"event_name":"Scrap Ooze","player_choice":"Success","floor":5.0,"gold_loss":0.0,"damage_taken":26.0,"relics_obtained":["WingedGreaves"]},{"damage_healed":0.0,"max_hp_gain":0.0,"max_hp_loss":0.0,"gold_gain":0.0,"cards_transformed":["Strike_R"],"event_name":"Transmorgrifier","player_choice":"Transformed","floor":10.0,"gold_loss":0.0,"damage_taken":0.0,"cards_obtained":["Wild Strike"]}],"is_beta":false,"boss_relics":[],"items_purged_floors":[8],"is_endless":false,"potions_floor_spawned":[2,11,13,14],"killed_by":"Hexaghost","ascension_level":20}}