{"host":"9qk11wtevf51xvhl","time":1612024036,"event":{"mods":["BaseMod","Minty Spire (QoL Compilation)"],"gold_per_floor":[112,112,37,50,61,93,104,104,104,69,83,108,5,5,5,128,128,144,162,162,176,190,190,190],"floor_reached":23,"language":"ENG","playtime":1453,"items_purged":["Strike_G"],"score":294,"play_id":"6acf8e95-9178-4930-a957-48c381e3926d","local_time":"20210130172716","is_ascension_mode":true,"campfire_choices":[{"data":"Bane","floor":8,"key":"SMITH"},{"floor":15,"key":"REST"}],"circlet_count":0,"master_deck":["Strike_G","Strike_G","Strike_G","Defend_G","Defend_G","Defend_G","Defend_G","Defend_G","Survivor","Neutralize","Noxious Fumes","Bane+1","Infinite Blades","All Out Attack","Noxious Fumes","Dagger Throw+1","Phantasmal Killer","Dash+1","Bane+1","Backstab+1","Leg Sweep"],"relics":["Ring of the Snake","NeowsBlessing","Omamori","Molten Egg 2","Eternal Feather","Bloody Idol","Fusion Hammer"],"acts_visited":["Exordium","TheCity"],"potions_floor_usage":[6,6,11,16,22,23],"damage_taken":[{"damage":0,"enemies":"Jaw Worm","floor":1,"turns":1},{"damage":0,"enemies":"Cultist","floor":4,"turns":1},{"damage":0,"enemies":"Small Slimes","floor":5,"turns":1},{"damage":17,"enemies":"Lagavulin","floor":6,"turns":5},{"damage":10,"enemies":"2 Fungi Beasts","floor":7,"turns":5},{"damage":6,"enemies":"Exordium Thugs","floor":11,"turns":4},{"damage":45,"enemies":"Gremlin Nob","floor":12,"turns":5},{"damage":11,"enemies":"Hexaghost","floor":16,"turns":9},{"damage":20,"enemies":"2 Thieves","floor":18,"turns":3},{"damage":13,"enemies":"Shell Parasite","floor":19,"turns":5},{"damage":17,"enemies":"Snake Plant","floor":21,"turns":3},{"damage":22,"enemies":"Centurion and Healer","floor":22,"turns":5},{"damage":24,"enemies":"Book of Stabbing","floor":23,"turns":4}],"seed_played":"6327278045900435506","potions_obtained":[{"floor":1,"key":"CunningPotion"},{"floor":4,"key":"DuplicationPotion"},{"floor":6,"key":"Fire Potion"},{"floor":12,"key":"Strength Potion"},{"floor":18,"key":"DuplicationPotion"},{"floor":19,"key":"Energy Potion"},{"floor":21,"key":"FearPotion"}],"is_trial":false,"path_per_floor":["M","?","$","M","M","E","M","R","T","?","M","E","$","?","R","B",null,"M","M","?","M","M","E"],"character_chosen":"THE_SILENT","items_purchased":["FairyPotion"],"campfire_rested":1,"item_purchase_floors":[13],"current_hp_per_floor":[63,63,63,63,63,46,36,36,36,53,47,2,2,2,32,21,58,38,25,25,13,22,0,0],"gold":190,"neow_bonus":"THREE_ENEMY_KILL","is_daily":false,"chose_seed":false,"campfire_upgraded":1,"win_rate":0.0,"timestamp":1612024036,"path_taken":["M","?","$","?","M","E","M","R","T","?","M","E","?","?","R","BOSS","M","M","?","M","M","E"],"items_purchased_type":["Potion"],"build_version":"2020-12-22","purchased_purges":1,"victory":false,"max_hp_per_floor":[70,70,70,70,70,70,70,70,70,70,70,70,70,70,70,70,70,70,70,70,70,70,70,70],"card_choices":[{"not_picked":["Concentrate","Escape Plan"],"picked":"Noxious Fumes","floor":1},{"not_picked":["Riddle With Holes","Poisoned Stab"],"picked":"Bane","floor":4},{"not_picked":["Endless Agony","Distraction","Tactician"],"picked":"SKIP","floor":5},{"not_picked":["Blur","Choke"],"picked":"Infinite Blades","floor":6},{"not_picked":["Slice","Heel Hook"],"picked":"All Out Attack","floor":7},{"not_picked":["Well Laid Plans","Caltrops"],"picked":"Noxious Fumes","floor":11},{"not_picked":["Underhanded Strike+1","Setup"],"picked":"Dagger Throw+1","floor":12},{"not_picked":["Malaise","Bullet Time"],"picked":"Phantasmal Killer","floor":16},{"not_picked":["Tactician","Slice+1"],"picked":"Dash+1","floor":18},{"not_picked":["Blade Dance+1","Slice+1"],"picked":"Bane+1","floor":19},{"not_picked":["Deflect","Terror+1"],"picked":"Backstab+1","floor":21},{"not_picked":["Prepared","Dagger Throw+1"],"picked":"Leg Sweep","floor":22}],"player_experience":550227,"relics_obtained":[{"floor":6,"key":"Omamori"},{"floor":9,"key":"Molten Egg 2"},{"floor":12,"key":"Eternal Feather"}],"event_choices":[{"cards_removed":["Strike_G"],"damage_healed":0,"gold_gain":0,"player_choice":"Offered Basic","damage_taken":0,"max_hp_gain":0,"max_hp_loss":0,"event_name":"Bonfire Elementals","floor":2,"gold_loss":0},{"damage_healed":17,"gold_gain":0,"player_choice":"Healed","damage_taken":0,"max_hp_gain":0,"max_hp_loss":0,"event_name":"The Cleric","floor":10,"gold_loss":35},{"damage_healed":0,"gold_gain":0,"player_choice":"Take Wound","damage_taken":0,"relics_obtained":["Golden Idol"],"max_hp_gain":0,"max_hp_loss":0,"event_name":"Golden Idol","floor":14,"gold_loss":0,"cards_obtained":["Injury"]},{"damage_healed":0,"gold_gain":0,"player_choice":"Gave Idol","damage_taken":0,"relics_obtained":["Bloody Idol"],"max_hp_gain":0,"max_hp_loss":0,"event_name":"Forgotten Altar","floor":20,"relics_lost":["Golden Idol"],"gold_loss":0}],"is_beta":false,"boss_relics":[{"not_picked":["Black Star","Velvet Choker"],"picked":"Fusion Hammer"}],"items_purged_floors":[3],"is_endless":false,"potions_floor_spawned":[1,4,6,12,18,19,21],"killed_by":"Book of Stabbing","ascension_level":9}}