{"host":"9qk11wtevf51xvhl","time":1612031778,"event":{"mods":["BaseMod","Minty Spire (QoL Compilation)"],"gold_per_floor":[111,76,86,96,110,144,193,219,219,248,5,34,53,79,79,79,79],"floor_reached":16,"language":"ENG","playtime":1310,"items_purged":[],"score":203,"play_id":"e4f2edcc-da82-46ef-8a14-2f7e82231334","local_time":"20210130193618","is_ascension_mode":true,"campfire_choices":[{"floor":15,"key":"REST"}],"circlet_count":0,"master_deck":["Strike_G","Strike_G","Strike_G","Strike_G","Strike_G","Defend_G","Defend_G","Defend_G+1","Defend_G+1","Defend_G","Survivor","Neutralize","Dash","Finisher","Dash","Die Die Die","Doppelganger","Prepared","Infinite Blades"],"relics":["Ring of the Snake","Bottled Flame","Centennial Puzzle","Art of War","Singing Bowl","War Paint","Eternal Feather","Paper Crane","Torii"],"acts_visited":["Exordium"],"potions_floor_usage":[6,6,14,16],"damage_taken":[{"damage":13,"enemies":"Jaw Worm","floor":1,"turns":6},{"damage":1,"enemies":"Small Slimes","floor":3,"turns":4},{"damage":0,"enemies":"Cultist","floor":4,"turns":5},{"damage":1,"enemies":"Red Slaver","floor":5,"turns":5},{"damage":7,"enemies":"3 Sentries","floor":6,"turns":7},{"damage":33,"enemies":"Lagavulin","floor":8,"turns":8},{"damage":10,"enemies":"Gremlin Nob","floor":10,"turns":5},{"damage":11,"enemies":"Lagavulin","floor":12,"turns":7},{"damage":0,"enemies":"2 Fungi Beasts","floor":13,"turns":3},{"damage":9,"enemies":"3 Sentries","floor":14,"turns":8},{"damage":41,"enemies":"Slime Boss","floor":16,"turns":12}],"seed_played":"460681867605600507","potions_obtained":[{"floor":1,"key":"GamblersBrew"},{"floor":3,"key":"Block Potion"},{"floor":5,"key":"ColorlessPotion"},{"floor":10,"key":"Energy Potion"},{"floor":13,"key":"LiquidBronze"},{"floor":14,"key":"CunningPotion"}],"is_trial":false,"path_per_floor":["M","?","M","M","M","E","T","E","T","E","$","E","M","E","R","B"],"character_chosen":"THE_SILENT","items_purchased":["Eternal Feather"],"campfire_rested":1,"item_purchase_floors":[11],"current_hp_per_floor":[57,76,75,75,74,67,67,34,34,24,24,15,17,8,41,0,0],"gold":79,"neow_bonus":"TEN_PERCENT_HP_BONUS","is_daily":false,"chose_seed":false,"campfire_upgraded":0,"win_rate":0.0,"timestamp":1612031778,"path_taken":["M","?","M","M","M","E","?","E","T","E","?","E","M","E","R","BOSS"],"items_purchased_type":["Relic"],"build_version":"2020-12-22","purchased_purges":0,"victory":false,"max_hp_per_floor":[77,77,77,77,77,77,77,77,77,77,77,79,81,81,81,81,81],"card_choices":[{"not_picked":["Expertise","Cloak And Dagger"],"picked":"Dash","floor":1},{"not_picked":["Deflect","Dodge and Roll","Acrobatics"],"picked":"SKIP","floor":3},{"not_picked":["Quick Slash","Bane"],"picked":"Finisher","floor":4},{"not_picked":["Outmaneuver","Bouncing Flask"],"picked":"Dash","floor":5},{"not_picked":["Dodge and Roll","Quick Slash"],"picked":"Die Die Die","floor":6},{"not_picked":["Riddle With Holes","Deadly Poison"],"picked":"Doppelganger","floor":8},{"not_picked":["Quick Slash","Dodge and Roll"],"picked":"Prepared","floor":10},{"not_picked":["Poisoned Stab","Endless Agony","All Out Attack"],"picked":"Singing Bowl","floor":12},{"not_picked":["Dagger Throw","All Out Attack","Acrobatics"],"picked":"Singing Bowl","floor":13},{"not_picked":["Blade Dance","Flying Knee"],"picked":"Infinite Blades","floor":14}],"player_experience":558043,"relics_obtained":[{"floor":6,"key":"Bottled Flame"},{"floor":7,"key":"Centennial Puzzle"},{"floor":8,"key":"Art of War"},{"floor":9,"key":"Singing Bowl"},{"floor":10,"key":"War Paint"},{"floor":12,"key":"Paper Crane"},{"floor":14,"key":"Torii"}],"event_choices":[{"damage_healed":19,"gold_gain":0,"player_choice":"Healed","damage_taken":0,"max_hp_gain":0,"max_hp_loss":0,"event_name":"The Cleric","floor":2,"gold_loss":35}],"is_beta":false,"boss_relics":[],"items_purged_floors":[],"is_endless":false,"potions_floor_spawned":[1,3,5,10,13,14],"killed_by":"Slime Boss","ascension_level":9}}