{"host":"3fsg94jzvcky9b5u","time":1612003008,"event":{"mods":["2.2 Compatiblity","AchievementEnabler","BaseMod","Better Third Choice","Colored Powertips","Downfall","Hermit","MarisaÅiñ∂âJÅ@ñÇóùçπÅj","Minty Spire (QoL Compilation)","Rare Cards Sparkle","Shop Mod","StSLib","The Cursed","The Disciple","The Hierophant","The Servant 0.9.4"],"gold_per_floor":[99,82991,82991,81866,81866,80783,80783,80818,80835,79312,79345,79145,79180,79196,79196,79299,79299,79299,79310,78580,78594,78608,78628,78628,77528,77628,77628,77641,77671,77571,77571,77586,77682,77682,77682,77702,77713,76883,75921,75938,75964,75964,75964,75366,75366,75376,75376,75391,75401,75401,75401,75430,74829,74829,74829,74829],"floor_reached":57,"language":"ENG","playtime":5075,"items_purged":["bronze:Strike","bronze:Defend","bronze:Strike","bronze:Defend","bronze:Strike","bronze:Strike","bronze:Goto","bronze:Terminator"],"score":1513,"play_id":"4243c84f-3db8-4f80-a55e-ce9c226a0c39","local_time":"20210130183648","is_ascension_mode":false,"campfire_choices":[{"floor":1,"key":"RECALL"},{"floor":12,"key":"REST"},{"data":"1","floor":18,"key":"LIFT"},{"data":"bronze:Turbo","floor":27,"key":"SMITH"},{"data":"2","floor":30,"key":"LIFT"},{"data":"3","floor":35,"key":"LIFT"},{"data":"bronze:Turbo","floor":43,"key":"SMITH"},{"data":"bronze:AlphaBuild","floor":47,"key":"SMITH"},{"data":"expansioncontent:QuickStudy","floor":54,"key":"SMITH"}],"circlet_count":0,"master_deck":["bronze:Replicate","bronze:WhirlingStrike","expansioncontent:StudyTheSpire","Swift Strike","bronze:DelayedSlice","bronze:FineTuning+1","bronze:ItsAFeature","bronze:OilSpill","expansioncontent:QuickStudy+1","bronze:Assembly","bronze:WildBeam","expansioncontent:QuickStudy","Swift Strike","bronze:BitShift","bronze:Virus","bronze:Turbo","bronze:Library","Swift Strike+1","bronze:InfiniteBeams","bronze:Optimize","bronze:SpaghettiCode","bronze:DelayedSlice","bronze:Backtrace","bronze:Refactor","bronze:ChosenStrike","bronze:Break","bronze:Branch","bronze:BuggyMess","bronze:AlphaBuild+1","bronze:Turbo+1","bronze:DelayedSlice","bronze:Allocate+1","expansioncontent:QuickStudy+1","bronze:CutThrough+1","bronze:FineTuning+1","bronze:Turbo+1","bronze:TinkerersToolbox","bronze:Mutator+1","bronze:Constructor","bronze:Constructor","bronze:Boost+1","bronze:Turbo+1","bronze:ThunderWave","bronze:Optimize+1","bronze:ShipIt","bronze:DelayedSlice+1","bronze:FindAndReplace","bronze:Branch+1"],"relics":["bronze:BronzeCore","bronze:ProtectiveGoggles","MerchantsRug","Boot","Ornamental Fan","DollysMirror","Ice Cream","Eternal Feather","Toolbox","Pen Nib","Girya","Regal Pillow","Orrery","Centennial Puzzle","Unceasing Top","TheAbacus","Bottled Flame","downfall:HeartBlessingRed","downfall:HeartBlessingBlue","Mango","SlaversCollar","Anchor","Pocketwatch","Strange Spoon","Frozen Egg 2","Vajra","Sundial","Chemical X","Gambling Chip","Pear","Shuriken","downfall:HeartBlessingGreen","Empty Cage","Molten Egg 2","FossilizedHelix","Sling","Calipers","Medical Kit","bronze:CableSpool","Orichalcum","Juzu Bracelet","Oddly Smooth Stone","ClockworkSouvenir","War Paint","Ginger","Whetstone","Frozen Eye"],"acts_visited":["Exordium","TheCity","TheBeyond","TheEnding"],"potions_floor_usage":[],"damage_taken":[{"damage":0,"enemies":"downfall:FleeingMerchant","floor":2,"turns":4},{"damage":10,"enemies":"downfall:FleeingMerchant","floor":4,"turns":4},{"damage":12,"enemies":"downfall:FleeingMerchant","floor":6,"turns":4},{"damage":5,"enemies":"3 Sentries","floor":8,"turns":2},{"damage":6,"enemies":"Jaw Worm","floor":9,"turns":2},{"damage":11,"enemies":"downfall:FleeingMerchant","floor":10,"turns":4},{"damage":9,"enemies":"Lagavulin","floor":11,"turns":4},{"damage":0,"enemies":"3 Sentries","floor":13,"turns":2},{"damage":0,"enemies":"2 Louse","floor":14,"turns":1},{"damage":0,"enemies":"Cultist","floor":15,"turns":1},{"damage":20,"enemies":"DF_ARCHETYPE_STREAMLINE","floor":16,"turns":6},{"damage":0,"enemies":"Shell Parasite","floor":19,"turns":1},{"damage":0,"enemies":"downfall:FleeingMerchant","floor":20,"turns":2},{"damage":0,"enemies":"Chosen","floor":21,"turns":2},{"damage":0,"enemies":"Snake Plant","floor":22,"turns":1},{"damage":1,"enemies":"Sentry and Sphere","floor":23,"turns":3},{"damage":0,"enemies":"Colosseum Nobs","floor":26,"turns":3},{"damage":18,"enemies":"Snecko","floor":28,"turns":4},{"damage":0,"enemies":"Gremlin Leader","floor":29,"turns":2},{"damage":0,"enemies":"Chosen and Byrds","floor":32,"turns":1},{"damage":14,"enemies":"IC_MUSHROOM_ARCHETYPE","floor":33,"turns":2},{"damage":0,"enemies":"Orb Walker","floor":36,"turns":1},{"damage":14,"enemies":"3 Darklings","floor":37,"turns":3},{"damage":0,"enemies":"Transient","floor":40,"turns":5},{"damage":0,"enemies":"Maw","floor":46,"turns":2},{"damage":0,"enemies":"Jaw Worm Horde","floor":48,"turns":2},{"damage":0,"enemies":"3 Darklings","floor":49,"turns":2},{"damage":0,"enemies":"WA_ARCHETYPE_DIVINITY","floor":50,"turns":5},{"damage":0,"enemies":"downfall:CharBossMerchant","floor":52,"turns":4},{"damage":109,"enemies":"downfall:NeowBoss","floor":55,"turns":10},{"damage":0,"enemies":"downfall:NeowBossFinal","floor":56,"turns":5}],"seed_played":"7289708037862235186","potions_obtained":[{"floor":8,"key":"bronze:BurnAndBuffPotion"},{"floor":13,"key":"bronze:CleanCodePotion"},{"floor":21,"key":"champ:CounterPotion"},{"floor":40,"key":"FairyPotion"}],"is_trial":false,"path_per_floor":["R","$","?","$","?","$","T","E","M","$","E","R","E","M","M","B",null,"R","M","$","M","M","M","T","$","?","R","M","E","R","?","M","B",null,"R","M","M","$","$","M","T","?","R","$","?","M","R","M","M","B",null,"E","$","R","B","B",null],"character_chosen":"THE_AUTOMATON","items_purchased":["bronze:ProtectiveGoggles","expansioncontent:StudyTheSpire","Swift Strike","bronze:DelayedSlice","bronze:Terminator","bronze:FineTuning","bronze:ItsAFeature","MerchantsRug","bronze:SilverBullet","expansioncontent:QuickStudy","bronze:Assembly","Boot","Ornamental Fan","bronze:WildBeam","DollysMirror","Swift Strike","bronze:BitShift","bronze:Library","Swift Strike","Ice Cream","Eternal Feather","Toolbox","Girya","Regal Pillow","Orrery","Centennial Puzzle","Unceasing Top","TheAbacus","Anchor","Pocketwatch","Strange Spoon","bronze:DelayedSlice","bronze:Allocate","expansioncontent:QuickStudy","Vajra","Sundial","Chemical X","bronze:TinkerersToolbox","bronze:Mutator+1","bronze:Constructor","bronze:ShipIt","Molten Egg 2","FossilizedHelix","Sling","Calipers","Medical Kit","bronze:CableSpool","Juzu Bracelet","Oddly Smooth Stone","ClockworkSouvenir","bronze:FindAndReplace","Ginger","Whetstone","Frozen Eye"],"campfire_rested":1,"item_purchase_floors":[2,2,2,2,2,2,2,2,2,4,4,4,4,4,4,4,4,6,6,6,6,6,10,10,10,10,10,10,20,20,20,20,20,20,25,25,25,25,25,25,38,38,38,38,39,39,39,44,44,44,44,53,53,53],"current_hp_per_floor":[77,77,77,67,67,55,55,50,44,33,24,87,101,101,101,81,101,101,101,101,101,101,100,100,100,110,111,93,93,111,111,111,97,111,111,111,97,97,97,97,97,97,111,111,111,111,111,111,111,111,111,111,111,111,2,12],"gold":74829,"neow_bonus":"TEN_PERCENT_HP_BONUS","is_daily":false,"chose_seed":false,"campfire_upgraded":4,"win_rate":0.0,"timestamp":1612003008,"path_taken":["R","$","?","?","?","$","T","E","M","$","E","R","E","?","M","BOSS","R","M","?","M","?","M","T","$","?","R","M","E","R","?","M","BOSS","R","M","M","?","$","M","T","?","R","?","?","M","R","M","M","BOSS","E","$","R","BOSS","BOSS"],"items_purchased_type":["Relic","Card","Card","Card","Card","Card","Card","Relic","Relic","Card","Card","Relic","Relic","Card","Relic","Card","Card","Card","Card","Relic","Relic","Relic","Relic","Relic","Relic","Relic","Relic","Relic","Relic","Relic","Relic","Card","Card","Card","Relic","Relic","Relic","Card","Card","Card","Card","Relic","Relic","Relic","Relic","Relic","Relic","Relic","Relic","Relic","Card","Relic","Relic","Relic"],"build_version":"2020-12-22","purchased_purges":8,"victory":true,"max_hp_per_floor":[77,77,77,77,77,77,77,77,77,77,77,87,101,101,101,101,101,101,101,101,101,101,101,101,101,111,111,111,111,111,111,111,111,111,111,111,111,111,111,111,111,111,111,111,111,111,111,111,111,111,111,111,111,111,111,111],"card_choices":[{"not_picked":["bronze:Overheat","bronze:ForLoop"],"picked":"bronze:WhirlingStrike","floor":2},{"not_picked":["bronze:MaxOutput","bronze:Deprecate"],"picked":"bronze:OilSpill","floor":4},{"not_picked":["bronze:Separator","bronze:CloningBeam"],"picked":"bronze:Turbo","floor":6},{"not_picked":["bronze:OilSpill","bronze:BugBarrage"],"picked":"bronze:InfiniteBeams","floor":8},{"not_picked":["bronze:Invalidate","bronze:Overload"],"picked":"bronze:Optimize","floor":9},{"not_picked":["bronze:Frontload","bronze:Separator"],"picked":"bronze:SpaghettiCode","floor":10},{"not_picked":["bronze:WildBeam","bronze:Backtrace"],"picked":"bronze:DelayedSlice","floor":10},{"not_picked":["bronze:Shield","bronze:Separator"],"picked":"bronze:Backtrace","floor":10},{"not_picked":["bronze:Terminator","bronze:MaxOutput"],"picked":"bronze:Refactor","floor":10},{"not_picked":["bronze:Turbo","bronze:BugBarrage"],"picked":"bronze:ChosenStrike","floor":10},{"not_picked":["bronze:DelayedGuard","bronze:ItsAFeature"],"picked":"bronze:Break","floor":10},{"not_picked":["bronze:Constructor","bronze:ForLoop","bronze:WildBeam"],"picked":"SKIP","floor":11},{"not_picked":["bronze:ForLoop","bronze:Overheat","bronze:BitShift"],"picked":"SKIP","floor":13},{"not_picked":["bronze:Refactor","bronze:CutThrough"],"picked":"bronze:Branch","floor":14},{"not_picked":["bronze:InfiniteBeams","bronze:CutThrough"],"picked":"bronze:BuggyMess","floor":15},{"not_picked":["bronze:Break","bronze:Format"],"picked":"bronze:AlphaBuild","floor":16},{"not_picked":["bronze:Terminator","bronze:Flail","bronze:Invalidate"],"picked":"SKIP","floor":19},{"not_picked":["bronze:Shield","bronze:WhirlingStrike"],"picked":"bronze:Turbo","floor":20},{"not_picked":["bronze:CloningBeam","bronze:WildBeam"],"picked":"bronze:CutThrough","floor":21},{"not_picked":["bronze:WildBeam+1","bronze:WhirlingStrike"],"picked":"bronze:FineTuning+1","floor":22},{"not_picked":["bronze:DelayedGuard","bronze:Iterate+1"],"picked":"bronze:Turbo","floor":23},{"not_picked":["bronze:BitShift","bronze:Fortify+1"],"picked":"bronze:Constructor","floor":26},{"not_picked":["bronze:ChildClass","bronze:OilSpill","bronze:BitShift+1"],"picked":"SKIP","floor":28},{"not_picked":["bronze:Allocate","bronze:Terminator"],"picked":"bronze:Boost+1","floor":29},{"not_picked":["bronze:BuggyMess","bronze:WhirlingStrike+1","bronze:Allocate"],"picked":"SKIP","floor":32},{"not_picked":["bronze:HyperBeam","bronze:Verify+1"],"picked":"bronze:ThunderWave","floor":33},{"not_picked":["bronze:WhirlingStrike","bronze:ChosenStrike","bronze:CutThrough"],"picked":"SKIP","floor":36},{"not_picked":["bronze:Frontload+1","bronze:BugBarrage+1"],"picked":"bronze:Optimize+1","floor":37},{"not_picked":["bronze:Separator+1","bronze:OilSpill+1"],"picked":"bronze:DelayedSlice+1","floor":40},{"not_picked":["expansioncontent:GuardianWhirl","expansioncontent:PolyBeam"],"picked":"expansioncontent:AwakenDeath","floor":42},{"not_picked":["bronze:BugBarrage+1","bronze:CloningBeam+1","bronze:Format"],"picked":"SKIP","floor":46},{"not_picked":["bronze:Allocate","bronze:Philosophize+1","bronze:ItsAFeature+1"],"picked":"SKIP","floor":48},{"not_picked":["bronze:Return","bronze:Refactor"],"picked":"bronze:Branch+1","floor":49},{"not_picked":["bronze:FineTuning","bronze:CloningBeam+1","bronze:Iterate+1"],"picked":"SKIP","floor":52}],"player_experience":107129,"relics_obtained":[{"floor":8,"key":"Pen Nib"},{"floor":11,"key":"Bottled Flame"},{"floor":13,"key":"Mango"},{"floor":24,"key":"Frozen Egg 2"},{"floor":26,"key":"Gambling Chip"},{"floor":26,"key":"Pear"},{"floor":29,"key":"Shuriken"},{"floor":41,"key":"Orichalcum"},{"floor":52,"key":"War Paint"}],"event_choices":[{"cards_removed":["expansioncontent:AwakenDeath"],"damage_healed":0,"gold_gain":0,"player_choice":"Removed Power","damage_taken":0,"max_hp_gain":0,"max_hp_loss":0,"event_name":"Falling","floor":45,"gold_loss":0}],"is_beta":false,"boss_relics":[{"not_picked":["Philosopher\u0027s Stone","Cursed Key"],"picked":"SlaversCollar"},{"not_picked":["bronze:MakeshiftBattery","Runic Pyramid"],"picked":"Empty Cage"}],"items_purged_floors":[2,4,6,10,10,20,25,39],"is_endless":false,"potions_floor_spawned":[8,9,11,13,21,22,23,26,28,32,36,40,46],"ascension_level":0}}