{"host":"farxtl2u8hmkbdo2","time":1612025776,"event":{"mods":["A Magickal Journey","BaseMod","Better Altar","Better Note","Better Sensory Stone","Better Skull","Better Third Choice","Challenge The Spire","Colored Map","Colored Powertips","Current Relic Mod","Energized Spire","Fox Events","Gremlin Mod","Hermit","Hubris","Mimic Mod","Minty Spire (QoL Compilation)","Quick Restart","READ ME - Guardian Mod","READ ME - Snecko Mod","Rare Cards Sparkle","StSLib","The Bladedancer","The Bug Knight","The Cursed","The Disciple","The Hierophant","The Marked","The Necromancer","The Runesmith","Transform Curses"],"gold_per_floor":[113,110,60,58,58,76,76,92,119,119,142,163,183,204,204,330,330,353,395,305,342,342,409,445,445,445,445,49,90,145,186,186,170,170],"floor_reached":33,"language":"SPA","playtime":1306,"items_purged":[],"score":417,"play_id":"585a6b25-7cfe-4796-b667-012c1dbdcd58","local_time":"20210130135616","is_ascension_mode":true,"campfire_choices":[{"data":"hierophant:Repentance","floor":7.0,"key":"SMITH"},{"data":"hierophant:PristineSoul","floor":10.0,"key":"SMITH"},{"data":"hierophant:ChurchCoffers","floor":15.0,"key":"SMITH"},{"data":"hierophant:Punish","floor":25.0,"key":"SMITH"},{"data":"Jack Of All Trades","floor":27.0,"key":"SMITH"},{"data":"hierophant:Levitation","floor":32.0,"key":"SMITH"}],"circlet_count":0,"master_deck":["hierophant:Strike_Hierophant","hierophant:Strike_Hierophant","hierophant:Strike_Hierophant","hierophant:Punish+1","hierophant:Defend_Hierophant","hierophant:Defend_Hierophant","hierophant:Defend_Hierophant","hierophant:ChurchCoffers+1","hierophant:Repentance+1","hierophant:MorningPrayer","hierophant:PristineSoul+1","hierophant:Smite","hierophant:Flagellation+1","hierophant:Smite","hierophant:Smite","hierophant:OrnateBuckler","hierophant:MorningPrayer","hierophant:Levitation+1","hierophant:RustyCrate","hierophant:Doubloon","hierophant:Doubloon","hierophant:Doubloon","hierophant:MorningPrayer+1","hierophant:Chorus","hubris:Lust","hierophant:Purify","Jack Of All Trades+1","hierophant:Determination","hierophant:Encroach+1","hierophant:Zeal","hierophant:EyeForCoin","hierophant:RepressedViolence","hierophant:RustyCrate","hierophant:Doubloon","hierophant:Doubloon","hierophant:Doubloon"],"relics":["hierophant:PropheticMaskRelic","Golden Idol","Toy Ornithopter","hubris:PeanutButter","hubris:TenFootPole","WingedGreaves","hubris:BlackHole","Prayer Wheel","ClockworkSouvenir","Bottled Flame","hubris:TinFlute"],"acts_visited":["Exordium","TheCity"],"potions_floor_usage":[33],"damage_taken":[{"damage":0.0,"enemies":"2 Louse","floor":1.0,"turns":3.0},{"damage":2.0,"enemies":"Jaw Worm","floor":2.0,"turns":3.0},{"damage":0.0,"enemies":"Cultist","floor":4.0,"turns":4.0},{"damage":21.0,"enemies":"Gremlin Nob","floor":6.0,"turns":5.0},{"damage":6.0,"enemies":"Lagavulin","floor":8.0,"turns":5.0},{"damage":0.0,"enemies":"2 Fungi Beasts","floor":11.0,"turns":2.0},{"damage":0.0,"enemies":"Gremlin Gang","floor":12.0,"turns":1.0},{"damage":0.0,"enemies":"3 Sentries","floor":13.0,"turns":3.0},{"damage":0.0,"enemies":"Lots of Slimes","floor":14.0,"turns":2.0},{"damage":4.0,"enemies":"Slime Boss","floor":16.0,"turns":6.0},{"damage":0.0,"enemies":"3 Byrds","floor":18.0,"turns":2.0},{"damage":0.0,"enemies":"Chosen","floor":19.0,"turns":3.0},{"damage":0.0,"enemies":"3 Cultists","floor":21.0,"turns":3.0},{"damage":0.0,"enemies":"Gremlin Leader","floor":23.0,"turns":1.0},{"damage":0.0,"enemies":"Snecko","floor":24.0,"turns":2.0},{"damage":0.0,"enemies":"Chosen and Byrds","floor":29.0,"turns":3.0},{"damage":0.0,"enemies":"Book of Stabbing","floor":30.0,"turns":3.0},{"damage":0.0,"enemies":"Centurion and Healer","floor":31.0,"turns":3.0},{"damage":107,"enemies":"hubris:MusketHawk","floor":33,"turns":11}],"seed_played":"-7105581026296065534","potions_obtained":[{"floor":4.0,"key":"Strength Potion"},{"floor":6.0,"key":"PowerPotion"},{"floor":11.0,"key":"Dexterity Potion"},{"floor":14.0,"key":"LiquidMemories"},{"floor":19.0,"key":"FearPotion"},{"floor":24.0,"key":"SkillPotion"},{"floor":30.0,"key":"GamblersBrew"},{"floor":31.0,"key":"LiquidBronze"}],"is_trial":false,"path_per_floor":["M","M","?","M","?","E","R","E","T","R","M","M","E","M","R","B",null,"M","M","?","M","?","E","M","R","T","R","$","M","E","M","R","B"],"character_chosen":"HIEROPHANT","items_purchased":["ClockworkSouvenir","Bottled Flame"],"campfire_rested":0,"item_purchase_floors":[28,28],"current_hp_per_floor":[82,80,80,80,76,55,55,54,54,54,54,54,54,54,54,50,76,76,76,76,76,76,76,76,76,76,76,76,76,76,76,76,0,0],"gold":170,"neow_bonus":"TEN_PERCENT_HP_BONUS","is_daily":false,"chose_seed":false,"campfire_upgraded":6,"win_rate":0.0,"timestamp":1612025776,"path_taken":["M","M","?","M","?","E","R","E","T","R","M","M","E","M","R","BOSS","M","M","?","?","?","E","M","R","T","R","$","M","E","M","R","BOSS"],"items_purchased_type":["Relic","Relic"],"build_version":"2020-12-22","purchased_purges":0,"victory":false,"max_hp_per_floor":[82,82,82,82,76,76,76,76,76,76,76,76,76,76,76,76,76,76,76,76,76,76,76,76,76,76,76,76,76,76,76,76,76,76],"card_choices":[{"not_picked":["hierophant:HammerAndAnvil","hierophant:AuricBeam"],"picked":"hierophant:Repentance","floor":1.0},{"not_picked":["hierophant:Endure","hierophant:FieryStrike"],"picked":"hierophant:MorningPrayer","floor":2.0},{"not_picked":["hierophant:FieryStrike","hierophant:Remorse"],"picked":"hierophant:PristineSoul","floor":4.0},{"not_picked":["hierophant:Mercenaries","hierophant:Shelter"],"picked":"hierophant:Smite","floor":6.0},{"not_picked":["hierophant:HolyVerse","hierophant:Upheaval"],"picked":"hierophant:Flagellation","floor":8.0},{"not_picked":["hierophant:FieryStrike","hierophant:ThreeLashes"],"picked":"hierophant:Smite","floor":11.0},{"not_picked":["hierophant:WrathOfGod","hierophant:Blessing"],"picked":"hierophant:Smite","floor":12.0},{"not_picked":["hierophant:Encroach","hierophant:HammerAndAnvil"],"picked":"hierophant:OrnateBuckler","floor":13.0},{"not_picked":["hierophant:Glossolalia","hierophant:SealAway"],"picked":"hierophant:MorningPrayer","floor":14.0},{"not_picked":["hierophant:Batter","hierophant:MintersHammer"],"picked":"hierophant:Levitation","floor":16.0},{"not_picked":["hierophant:Purify","hierophant:RepressedViolence"],"picked":"hierophant:RustyCrate","floor":18.0},{"not_picked":["hierophant:OrnateBuckler","hierophant:ThreeLashes"],"picked":"hierophant:Doubloon","floor":19.0},{"not_picked":["hierophant:PassingBell","hierophant:Empathy"],"picked":"hierophant:MorningPrayer+1","floor":21.0},{"not_picked":["hierophant:ArchangelShield","hierophant:Exaltation"],"picked":"hierophant:Determination","floor":23.0},{"not_picked":["hierophant:Rebuild","hierophant:OrnateBuckler"],"picked":"hierophant:Encroach+1","floor":24.0},{"not_picked":["hierophant:Remorse+1","hierophant:Doubloon"],"picked":"hierophant:Zeal","floor":24.0},{"not_picked":["hierophant:OrnateBuckler","hierophant:Repentance"],"picked":"hierophant:EyeForCoin","floor":29.0},{"not_picked":["hierophant:FieryStrike","hierophant:Upheaval","hierophant:SealAway+1"],"picked":"SKIP","floor":29.0},{"not_picked":["hierophant:Alms+1","hierophant:Doubloon"],"picked":"hierophant:RepressedViolence","floor":30.0},{"not_picked":["hierophant:PassingBell+1","hierophant:Sermon+1"],"picked":"hierophant:RustyCrate","floor":31.0},{"not_picked":["hierophant:FieryStrike","hierophant:FlamingChariot","hierophant:Sermon"],"picked":"SKIP","floor":31.0}],"player_experience":1967115,"relics_obtained":[{"floor":6.0,"key":"Toy Ornithopter"},{"floor":8.0,"key":"hubris:PeanutButter"},{"floor":9.0,"key":"hubris:TenFootPole"},{"floor":13.0,"key":"WingedGreaves"},{"floor":23.0,"key":"Prayer Wheel"},{"floor":30.0,"key":"hubris:TinFlute"}],"event_choices":[{"cards_removed":["hierophant:Defend_Hierophant"],"damage_healed":0.0,"max_hp_gain":0.0,"max_hp_loss":0.0,"gold_gain":0.0,"event_name":"The Cleric","player_choice":"Card Removal","floor":3.0,"gold_loss":50.0,"damage_taken":0.0},{"damage_healed":0.0,"max_hp_gain":0.0,"max_hp_loss":6.0,"gold_gain":0.0,"event_name":"Golden Idol","player_choice":"Lose Max HP","floor":5.0,"gold_loss":0.0,"damage_taken":0.0,"relics_obtained":["Golden Idol"]},{"cards_removed":["hierophant:Strike_Hierophant"],"damage_healed":0.0,"max_hp_gain":0.0,"max_hp_loss":0.0,"gold_gain":0.0,"event_name":"Designer","player_choice":"Upgrade and Remove","floor":20.0,"gold_loss":90.0,"damage_taken":0.0,"cards_upgraded":["hierophant:Flagellation"]},{"damage_healed":0.0,"max_hp_gain":0.0,"max_hp_loss":0.0,"gold_gain":0.0,"event_name":"Match and Keep!","player_choice":"4 cards matched","floor":22.0,"gold_loss":0.0,"damage_taken":0.0,"cards_obtained":["hierophant:Chorus","hubris:Lust","hierophant:Purify","Jack Of All Trades"]}],"is_beta":false,"boss_relics":[{"not_picked":["Tiny House","Snecko Eye"],"picked":"hubris:BlackHole"}],"items_purged_floors":[],"is_endless":false,"potions_floor_spawned":[4,6,11,14,19,24,30,31],"killed_by":"hubris:MusketHawk","ascension_level":2}}