{"host":"p8f0otjoacyb9giz","time":1612028315,"event":{"mods":["AchievementEnabler","BaseMod","Downfall","Minty Spire (QoL Compilation)","StSLib"],"gold_per_floor":[99,109,109,120,145,173,200,100,119,132,159,159,173,202,217,316,316,316,330,342,342,342,242,242,262,294,306,306,306,334,345,362,458,458,458,469,486,536,550,580,580,680,294,194,214,221,237,269,289,289,289,315,29,29,29,29],"floor_reached":57,"language":"ENG","playtime":2634,"items_purged":["bronze:Defend","Slimebound:Tackle+1"],"score":1639,"play_id":"d2d35c52-a3c8-4301-82f8-51d9d4ab02e0","local_time":"20210130203835","is_ascension_mode":true,"campfire_choices":[{"data":"bronze:Replicate","floor":1.0,"key":"SMITH"},{"data":"bronze:OilSpill","floor":8.0,"key":"SMITH"},{"floor":18.0,"key":"RECALL"},{"data":"bronze:Philosophize","floor":23,"key":"SMITH"},{"floor":35,"key":"REST"},{"floor":44,"key":"DIG"},{"floor":54,"key":"DIG"}],"circlet_count":0,"master_deck":["bronze:Defend","bronze:Defend","bronze:Replicate+1","bronze:Goto+1","CurseOfTheBell","bronze:Iterate+1","bronze:OilSpill+1","bronze:Iterate+1","bronze:Philosophize+1","bronze:Deprecate","bronze:Optimize","bronze:CleanCode","Slimebound:Tackle+1","Slimebound:Tackle+1","bronze:DelayedSlice+1","bronze:FineTuning","bronze:Format","Ghostly","Ghostly","Ghostly","Ghostly","Ghostly","bronze:NullPointer+1","bronze:ChosenStrike+1","bronze:Philosophize","bronze:HardenedForm","bronze:Iterate+1","expansioncontent:AwakenDeath+1","bronze:Repulsor+1","bronze:Optimize+1","bronze:Mutator+1","bronze:Flail","bronze:Overheat","bronze:Optimize+1"],"relics":["Calling Bell","Bag of Marbles","Ornamental Fan","Lizard Tail","Anchor","Art of War","downfall:HeartBlessingBlue","Odd Mushroom","Happy Flower","Philosopher\u0027s Stone","downfall:HeartBlessingRed","bronze:SilverBullet","Vajra","Potion Belt","Fusion Hammer","bronze:Timepiece","Frozen Egg 2","Juzu Bracelet","Shovel","downfall:HeartBlessingGreen","Mummified Hand","HandDrill","Toy Ornithopter","Orichalcum","Whetstone","bronze:DecasWashers"],"acts_visited":["Exordium","TheCity","TheBeyond","TheEnding"],"potions_floor_usage":[26,43,50,56,56,56],"damage_taken":[{"damage":1.0,"enemies":"2 Louse","floor":2.0,"turns":3.0},{"damage":6.0,"enemies":"Cultist","floor":4.0,"turns":3.0},{"damage":14.0,"enemies":"Gremlin Nob","floor":6.0,"turns":3.0},{"damage":0.0,"enemies":"Jaw Worm","floor":9.0,"turns":2.0},{"damage":4.0,"enemies":"Red Slaver","floor":10.0,"turns":3.0},{"damage":10.0,"enemies":"The Mushroom Lair","floor":11.0,"turns":3.0},{"damage":0.0,"enemies":"3 Louse","floor":13.0,"turns":2.0},{"damage":18.0,"enemies":"Lagavulin","floor":14.0,"turns":4.0},{"damage":5.0,"enemies":"Exordium Thugs","floor":15.0,"turns":3.0},{"damage":30.0,"enemies":"SI_SHIV_ARCHETYPE","floor":16.0,"turns":6.0},{"damage":0.0,"enemies":"3 Byrds","floor":19.0,"turns":4.0},{"damage":25,"enemies":"3 Cultists","floor":20,"turns":5},{"damage":9,"enemies":"Chosen and Byrds","floor":25,"turns":3},{"damage":9,"enemies":"Book of Stabbing","floor":26,"turns":3},{"damage":9,"enemies":"Shelled Parasite and Fungi","floor":27,"turns":3},{"damage":5,"enemies":"Gremlin Leader","floor":30,"turns":5},{"damage":0,"enemies":"Centurion and Healer","floor":31,"turns":5},{"damage":1,"enemies":"Snecko","floor":32,"turns":4},{"damage":4,"enemies":"WA_ARCHETYPE_CALM","floor":33,"turns":7},{"damage":0,"enemies":"3 Darklings","floor":36,"turns":2},{"damage":3,"enemies":"3 Shapes","floor":37,"turns":3},{"damage":0,"enemies":"3 Shapes","floor":38,"turns":5},{"damage":4,"enemies":"Transient","floor":39,"turns":5},{"damage":0,"enemies":"Reptomancer","floor":40,"turns":6},{"damage":0,"enemies":"downfall:FleeingMerchant","floor":43,"turns":4},{"damage":5,"enemies":"Spire Growth","floor":45,"turns":3},{"damage":1,"enemies":"downfall:FleeingMerchant","floor":46,"turns":3},{"damage":0,"enemies":"Jaw Worm Horde","floor":47,"turns":2},{"damage":0,"enemies":"Nemesis","floor":48,"turns":5},{"damage":2,"enemies":"Sphere and 2 Shapes","floor":49,"turns":3},{"damage":17,"enemies":"IC_BLOCK_ARCHETYPE","floor":50,"turns":7},{"damage":8,"enemies":"downfall:CharBossMerchant","floor":52,"turns":7},{"damage":5,"enemies":"downfall:NeowBoss","floor":55,"turns":10},{"damage":4,"enemies":"downfall:NeowBossFinal","floor":56,"turns":6}],"seed_played":"6291305106063956724","potions_obtained":[{"floor":2.0,"key":"hexamod:SoulburnPotion"},{"floor":6.0,"key":"Strength Potion"},{"floor":11.0,"key":"SkillPotion"},{"floor":13.0,"key":"SteroidPotion"},{"floor":15.0,"key":"bronze:FreeFunctionsPotion"},{"floor":20,"key":"Fire Potion"},{"floor":27,"key":"Guardian:BlockOnCardUsePotion"},{"floor":32,"key":"SkillPotion"},{"floor":36,"key":"DuplicationPotion"},{"floor":40,"key":"GamblersBrew"},{"floor":47,"key":"SteroidPotion"}],"is_trial":false,"path_per_floor":["R","M","?","M","T","E","T","R","M","M","?","?","M","E","M","B",null,"R","M","M","?","?","R","T","M","E","M","?","?","E","M","M","B",null,"R","M","M","?","M","E","T","?","$","R","M","$","M","E","M","B",null,"E","$","R","B","B",null],"character_chosen":"THE_AUTOMATON","items_purchased":["Shovel","expansioncontent:AwakenDeath","bronze:Optimize+1","HandDrill","bronze:Optimize+1","Whetstone"],"campfire_rested":1,"item_purchase_floors":[43,43,46,46,53,53],"current_hp_per_floor":[70,69,69,63,63,49,49,59,59,55,45,45,45,27,22,35,69,69,69,44,44,44,44,44,35,26,17,43,40,35,35,34,30,38,40,40,37,37,33,33,33,33,33,33,28,27,27,27,25,13,33,25,25,25,20,31],"gold":29,"neow_bonus":"BOSS_RELIC","is_daily":false,"chose_seed":false,"campfire_upgraded":3,"win_rate":0.0,"timestamp":1612028315,"path_taken":["R","M","?","?","?","E","T","R","M","M","?","?","M","E","M","BOSS","R","M","M","?","?","R","T","?","E","M","?","?","E","M","M","BOSS","R","M","M","?","M","E","T","?","$","R","M","$","M","E","M","BOSS","E","$","R","BOSS","BOSS"],"items_purchased_type":["Relic","Card","Card","Relic","Card","Relic"],"build_version":"2020-12-22","purchased_purges":2,"victory":true,"max_hp_per_floor":[70,70,70,70,70,70,70,80,80,80,80,80,80,80,80,80,80,80,80,80,80,80,80,80,80,80,80,80,40,40,40,40,40,40,40,40,40,40,40,40,40,40,40,40,40,40,40,40,40,40,40,40,40,40,40,40],"card_choices":[{"not_picked":["bronze:DarkDash","bronze:Fortify"],"picked":"bronze:Iterate","floor":2.0},{"not_picked":["bronze:BugBarrage","bronze:Refactor","bronze:CutThrough"],"picked":"SKIP","floor":4.0},{"not_picked":["bronze:Assembly","bronze:Overheat"],"picked":"bronze:OilSpill","floor":6.0},{"not_picked":["bronze:BuggyMess","bronze:BronzeArmor","bronze:Constructor"],"picked":"SKIP","floor":9.0},{"not_picked":["bronze:BuggyMess","bronze:BronzeArmor","bronze:Constructor"],"picked":"SKIP","floor":9.0},{"not_picked":["bronze:Branch","bronze:Turbo"],"picked":"bronze:Iterate","floor":10.0},{"not_picked":["bronze:Assembly","bronze:Repulsor"],"picked":"bronze:Philosophize","floor":11.0},{"not_picked":["bronze:DarkDash","bronze:Branch","bronze:ChildClass"],"picked":"SKIP","floor":13.0},{"not_picked":["bronze:MaxOutput","bronze:Overheat","bronze:Separator"],"picked":"SKIP","floor":14.0},{"not_picked":["bronze:Fortify","bronze:Turbo"],"picked":"bronze:Optimize","floor":15.0},{"not_picked":["bronze:RecursiveStrike","bronze:BurnOut"],"picked":"bronze:CleanCode","floor":16.0},{"not_picked":["bronze:Turbo+1","bronze:InfiniteBeams+1","bronze:BitShift+1"],"picked":"SKIP","floor":19},{"not_picked":["bronze:BugBarrage","bronze:Branch","bronze:Constructor"],"picked":"SKIP","floor":20},{"not_picked":["bronze:FineTuning","bronze:BuggyMess"],"picked":"bronze:DelayedSlice+1","floor":25},{"not_picked":["bronze:Branch+1","bronze:BuggyMess"],"picked":"bronze:FineTuning","floor":26},{"not_picked":["bronze:WhirlingStrike+1","bronze:BronzeArmor+1"],"picked":"bronze:Format","floor":27},{"not_picked":["bronze:BugBarrage+1","bronze:WhirlingStrike+1"],"picked":"bronze:NullPointer+1","floor":30},{"not_picked":["bronze:WildBeam","bronze:Constructor"],"picked":"bronze:ChosenStrike","floor":31},{"not_picked":["bronze:DelayedGuard","bronze:BuggyMess"],"picked":"bronze:Philosophize","floor":32},{"not_picked":["bronze:Assembly","bronze:ThunderWave"],"picked":"bronze:HardenedForm","floor":33},{"not_picked":["bronze:Shield+1","bronze:Deprecate"],"picked":"bronze:Iterate+1","floor":36},{"not_picked":["bronze:Overheat+1","bronze:BronzeOrb+1","bronze:ChosenStrike"],"picked":"SKIP","floor":37},{"not_picked":["bronze:Iterate","bronze:MaxOutput+1","bronze:Overload"],"picked":"SKIP","floor":39},{"not_picked":["bronze:FineTuning","bronze:ItsAFeature+1","bronze:AlphaBuild"],"picked":"SKIP","floor":40},{"not_picked":["bronze:BronzeOrb+1","bronze:Branch+1","bronze:Turbo+1"],"picked":"SKIP","floor":43},{"not_picked":["bronze:CutThrough+1","bronze:BronzeArmor+1"],"picked":"bronze:Repulsor+1","floor":45},{"not_picked":["bronze:Shield+1","bronze:Refactor+1","bronze:BronzeArmor"],"picked":"SKIP","floor":46},{"not_picked":["bronze:DigitalCarnage","bronze:Separator","bronze:DelayedSlice"],"picked":"SKIP","floor":47},{"not_picked":["bronze:Constructor","bronze:FollowUp+1"],"picked":"bronze:Mutator+1","floor":48},{"not_picked":["bronze:Shield+1","bronze:BitShift"],"picked":"bronze:Flail","floor":49},{"not_picked":["bronze:Optimize+1","bronze:Branch"],"picked":"bronze:Overheat","floor":52}],"player_experience":424300,"relics_obtained":[{"floor":0.0,"key":"Bag of Marbles"},{"floor":0.0,"key":"Ornamental Fan"},{"floor":0.0,"key":"Lizard Tail"},{"floor":6.0,"key":"Anchor"},{"floor":7.0,"key":"Art of War"},{"floor":11.0,"key":"Odd Mushroom"},{"floor":14.0,"key":"Happy Flower"},{"floor":24,"key":"bronze:SilverBullet"},{"floor":26,"key":"Vajra"},{"floor":30,"key":"Potion Belt"},{"floor":38,"key":"bronze:Timepiece"},{"floor":40,"key":"Frozen Egg 2"},{"floor":41,"key":"Juzu Bracelet"},{"floor":44,"key":"Mummified Hand"},{"floor":48,"key":"Toy Ornithopter"},{"floor":52,"key":"Orichalcum"},{"floor":54,"key":"bronze:DecasWashers"}],"event_choices":[{"damage_healed":0.0,"max_hp_gain":0.0,"max_hp_loss":0.0,"gold_gain":0.0,"event_name":"Mushrooms","player_choice":"Fought Mushrooms","floor":11.0,"gold_loss":0.0,"damage_taken":0.0},{"damage_healed":26,"gold_gain":0,"player_choice":"Heal","damage_taken":0,"max_hp_gain":0,"max_hp_loss":0,"event_name":"The Library","floor":28,"gold_loss":0},{"damage_healed":0,"gold_gain":0,"player_choice":"Became a Ghost","damage_taken":0,"max_hp_gain":0,"max_hp_loss":40,"event_name":"Ghosts","floor":29,"gold_loss":0,"cards_obtained":["Ghostly","Ghostly","Ghostly","Ghostly","Ghostly"]}],"is_beta":false,"boss_relics":[{"not_picked":["Empty Cage","Black Star"],"picked":"Philosopher\u0027s Stone"},{"not_picked":["Sozu","bronze:MakeshiftBattery"],"picked":"Fusion Hammer"}],"items_purged_floors":[46,53],"is_endless":false,"potions_floor_spawned":[2,6,11,13,15,20,27,32,36,40,47,48],"ascension_level":5}}