{"host":"l5zfpd2l2htson6l","time":1612004070,"event":{"mods":["AchievementEnabler","BaseMod","Colored Map","Colored Powertips","Minty Spire (QoL Compilation)","Permanent Neow","Quick Restart","Rare Cards Sparkle","Relic Stats","SuperFastMode"],"gold_per_floor":[119,130,140,140,159,193,193,237,237,261,274,274,289,289,289,383,383,397,411,425,425,524,524,564,564,644,660,684,224,568,568,568,661,661,675,675,675],"floor_reached":36,"language":"ENG","playtime":1946,"items_purged":["Strike_R"],"score":775,"play_id":"c9d7f8d3-87b4-4c37-802e-5d3a403056ce","local_time":"20210130025430","is_ascension_mode":true,"campfire_choices":[{"data":"Sever Soul","floor":7.0,"key":"SMITH"},{"floor":12.0,"key":"REST"},{"floor":15.0,"key":"REST"},{"floor":23.0,"key":"REST"},{"floor":25,"key":"REST"},{"floor":32,"key":"REST"}],"circlet_count":0,"master_deck":["AscendersBane","Bash","Uppercut","Anger","Iron Wave","Sever Soul+1","Offering","Flame Barrier","Inflame","Limit Break","Bludgeon","Seeing Red","Double Tap","Burning Pact","Sentinel","Berserk","Disarm","Battle Trance","Bludgeon","Shrug It Off","True Grit","Demon Form","Warcry","Impervious","Burning Pact","Spot Weakness","Flex","Uppercut","Battle Trance","True Grit"],"relics":["Mark of Pain","Golden Idol","Shuriken","Thread and Needle","Prayer Wheel","Bottled Lightning","Runic Pyramid","PreservedInsect","Ginger","Pear","Oddly Smooth Stone","DollysMirror","Old Coin","Pandora\u0027s Box"],"acts_visited":["Exordium","TheCity","TheBeyond"],"potions_floor_usage":[30,33,36],"damage_taken":[{"damage":14.0,"enemies":"Small Slimes","floor":1.0,"turns":4.0},{"damage":4.0,"enemies":"Jaw Worm","floor":2.0,"turns":3.0},{"damage":0.0,"enemies":"Cultist","floor":3.0,"turns":3.0},{"damage":1.0,"enemies":"Red Slaver","floor":5.0,"turns":3.0},{"damage":35.0,"enemies":"3 Sentries","floor":6.0,"turns":10.0},{"damage":26.0,"enemies":"Lagavulin","floor":8.0,"turns":4.0},{"damage":0.0,"enemies":"Large Slime","floor":10.0,"turns":4.0},{"damage":0.0,"enemies":"Blue Slaver","floor":11.0,"turns":3.0},{"damage":8.0,"enemies":"3 Louse","floor":13.0,"turns":3.0},{"damage":27.0,"enemies":"Hexaghost","floor":16.0,"turns":10.0},{"damage":12.0,"enemies":"3 Byrds","floor":18.0,"turns":5.0},{"damage":6.0,"enemies":"Spheric Guardian","floor":19.0,"turns":3.0},{"damage":11.0,"enemies":"Chosen and Byrds","floor":20.0,"turns":4.0},{"damage":19,"enemies":"Book of Stabbing","floor":24,"turns":4},{"damage":15,"enemies":"Snecko","floor":27,"turns":5},{"damage":27,"enemies":"Snake Plant","floor":28,"turns":3},{"damage":6,"enemies":"Gremlin Leader","floor":30,"turns":2},{"damage":10,"enemies":"Champ","floor":33,"turns":11},{"damage":11,"enemies":"Orb Walker","floor":35,"turns":4},{"damage":69,"enemies":"2 Orb Walkers","floor":36,"turns":3}],"seed_played":"7743069846949164055","potions_obtained":[{"floor":1.0,"key":"FearPotion"},{"floor":3.0,"key":"BloodPotion"},{"floor":6.0,"key":"SteroidPotion"},{"floor":11.0,"key":"EntropicBrew"},{"floor":18.0,"key":"ColorlessPotion"},{"floor":30,"key":"Dexterity Potion"},{"floor":33,"key":"Swift Potion"}],"is_trial":false,"path_per_floor":["M","M","M","?","M","E","R","E","T","M","M","R","M","T","R","B",null,"M","M","M","T","?","R","E","R","T","M","M","$","E","?","R","B",null,"M","?"],"character_chosen":"IRONCLAD","items_purchased":["Oddly Smooth Stone","DollysMirror","BlessingOfTheForge","Shrug It Off"],"campfire_rested":5,"item_purchase_floors":[29,29,29,29],"current_hp_per_floor":[54,50,50,50,49,27,27,1,1,1,1,21,13,13,33,6,53,41,35,24,24,24,44,25,45,55,40,13,13,7,7,30,20,64,53,0,0],"gold":675,"neow_bonus":"BOSS_RELIC","is_daily":false,"chose_seed":false,"campfire_upgraded":1,"win_rate":0.0,"timestamp":1612004070,"path_taken":["M","M","M","?","M","E","R","E","T","M","M","R","M","?","R","BOSS","M","M","?","?","?","R","E","R","T","M","M","$","E","?","R","BOSS","M","?"],"items_purchased_type":["Relic","Relic","Potion","Card"],"build_version":"2020-12-22","purchased_purges":1,"victory":false,"max_hp_per_floor":[75,75,75,69,69,69,69,69,69,69,69,69,69,69,69,69,69,69,69,69,69,69,69,69,69,79,79,79,79,79,79,79,79,79,79,79,79],"relic_stats":{"counters":[20,91],"Golden Idol":119,"Shuriken":[22],"Prayer Wheel":9,"Pandora\u0027s Box":["Warcry","Impervious","Burning Pact","Spot Weakness","Flex","Uppercut","Battle Trance","True Grit"],"PreservedInsect":92,"Ginger":[4],"obtain_stats":[{"Pear":26,"Golden Idol":4,"Oddly Smooth Stone":29,"Thread and Needle":8,"PreservedInsect":21,"Ginger":24,"Burning Blood":0,"Old Coin":30,"Shuriken":6,"DollysMirror":29,"Prayer Wheel":9,"Pandora\u0027s Box":34,"Mark of Pain":0,"Bottled Lightning":14,"Runic Pyramid":17},{"Pear":14,"Golden Idol":3,"Oddly Smooth Stone":16,"Thread and Needle":6,"PreservedInsect":13,"Ginger":14,"Burning Blood":0,"Old Coin":17,"Shuriken":5,"DollysMirror":16,"Prayer Wheel":6,"Pandora\u0027s Box":18,"Mark of Pain":0,"Bottled Lightning":9,"Runic Pyramid":10},{"Pear":63,"Golden Idol":10,"Oddly Smooth Stone":71,"Thread and Needle":27,"PreservedInsect":59,"Ginger":63,"Burning Blood":0,"Old Coin":73,"Shuriken":23,"DollysMirror":71,"Prayer Wheel":27,"Pandora\u0027s Box":84,"Mark of Pain":0,"Bottled Lightning":37,"Runic Pyramid":47}]},"card_choices":[{"not_picked":["Thunderclap","Burning Pact"],"picked":"Uppercut","floor":1.0},{"not_picked":["Perfected Strike","Disarm"],"picked":"Anger","floor":2.0},{"not_picked":["Sword Boomerang","Bloodletting"],"picked":"Iron Wave","floor":3.0},{"not_picked":["Power Through","Iron Wave"],"picked":"Sever Soul","floor":5.0},{"not_picked":["Clothesline","Rupture"],"picked":"Offering","floor":6.0},{"not_picked":["Clothesline","Pummel","Iron Wave"],"picked":"SKIP","floor":8.0},{"not_picked":["Rage","Clash"],"picked":"Flame Barrier","floor":10.0},{"not_picked":["Flex","Hemokinesis","Intimidate"],"picked":"SKIP","floor":10.0},{"not_picked":["Flex","Reckless Charge"],"picked":"Inflame","floor":11.0},{"not_picked":["Inflame","Clash","Cleave"],"picked":"SKIP","floor":11.0},{"not_picked":["Metallicize","Pommel Strike"],"picked":"Limit Break","floor":13.0},{"not_picked":["Thunderclap","Rupture","Flex"],"picked":"SKIP","floor":13.0},{"not_picked":["Juggernaut","Brutality"],"picked":"Bludgeon","floor":16.0},{"not_picked":["Searing Blow","Heavy Blade"],"picked":"Seeing Red","floor":18.0},{"not_picked":["Twin Strike","Warcry","Reckless Charge"],"picked":"SKIP","floor":18.0},{"not_picked":["Heavy Blade","Thunderclap"],"picked":"Double Tap","floor":19.0},{"not_picked":["Thunderclap","Armaments","Twin Strike"],"picked":"SKIP","floor":19.0},{"not_picked":["Sword Boomerang","Cleave"],"picked":"Burning Pact","floor":20.0},{"not_picked":["Armaments","Sword Boomerang"],"picked":"Sentinel","floor":20.0},{"not_picked":["Perfected Strike","Searing Blow"],"picked":"Berserk","floor":24},{"not_picked":["Shrug It Off+1","Entrench+1"],"picked":"Disarm","floor":27},{"not_picked":["Anger","Body Slam","Havoc"],"picked":"SKIP","floor":27},{"not_picked":["Seeing Red","Armaments"],"picked":"Battle Trance","floor":28},{"not_picked":["Headbutt","Rampage","Heavy Blade"],"picked":"SKIP","floor":28},{"not_picked":["Twin Strike","Armaments"],"picked":"True Grit","floor":30},{"not_picked":["Barricade","Double Tap"],"picked":"Demon Form","floor":33},{"not_picked":["Twin Strike","Shrug It Off","Heavy Blade+1"],"picked":"SKIP","floor":35},{"not_picked":["Thunderclap","Seeing Red","Ghostly Armor"],"picked":"SKIP","floor":35}],"player_experience":785430,"relics_obtained":[{"floor":6.0,"key":"Shuriken"},{"floor":8.0,"key":"Thread and Needle"},{"floor":9.0,"key":"Prayer Wheel"},{"floor":14.0,"key":"Bottled Lightning"},{"floor":21.0,"key":"PreservedInsect"},{"floor":24,"key":"Ginger"},{"floor":26,"key":"Pear"},{"floor":30,"key":"Old Coin"}],"event_choices":[{"damage_healed":0.0,"max_hp_gain":0.0,"max_hp_loss":6.0,"gold_gain":0.0,"event_name":"Golden Idol","player_choice":"Lose Max HP","floor":4.0,"gold_loss":0.0,"damage_taken":0.0,"relics_obtained":["Golden Idol"]},{"damage_healed":0.0,"max_hp_gain":0.0,"max_hp_loss":0.0,"gold_gain":99.0,"event_name":"Nest","player_choice":"Stole From Cult","floor":22.0,"gold_loss":0.0,"damage_taken":0.0},{"damage_healed":0,"gold_gain":0,"player_choice":"Ignored","damage_taken":0,"max_hp_gain":0,"max_hp_loss":0,"event_name":"Vampires","floor":31,"gold_loss":0},{"damage_healed":0,"gold_gain":0,"player_choice":"Fight","damage_taken":0,"max_hp_gain":0,"max_hp_loss":0,"event_name":"Mysterious Sphere","floor":36,"gold_loss":0}],"is_beta":false,"boss_relics":[{"not_picked":["Fusion Hammer","Busted Crown"],"picked":"Runic Pyramid"},{"not_picked":["Black Star","Philosopher\u0027s Stone"],"picked":"Pandora\u0027s Box"}],"items_purged_floors":[29],"is_endless":false,"potions_floor_spawned":[1,3,5,6,11,18,20,30,33],"killed_by":"2 Orb Walkers","ascension_level":14}}