{"host":"poshtwjux72eqzmy","time":1612032595,"event":{"mods":["BaseMod","Bestiary","Block Reminder","Highlight Path","Minty Spire (QoL Compilation)","Relic Stats","StSLib","ojb\u0027s Info Mod"],"gold_per_floor":[211,279,299,299,75,75,100,124,181,34,34,59,59,59,59,131,131,142,5,19,32,32,32,64,83,106,106,31,57,57,67,67,144,144,159,175,1174,341,341,369,369,398,398,409,439,454,249,259,259,259,259,259,259,14,41,41],"floor_reached":57,"language":"ENG","playtime":5388,"items_purged":["Strike_R","Strike_R","Normality","Normality"],"score":2707,"play_id":"d1ad485b-2f57-4f0a-8e08-1e923901ca7f","local_time":"20210130204955","is_ascension_mode":true,"campfire_choices":[{"data":"Carnage","floor":6.0,"key":"SMITH"},{"data":"Hemokinesis","floor":13.0,"key":"SMITH"},{"data":"Cleave","floor":15.0,"key":"SMITH"},{"data":"Evolve","floor":30.0,"key":"SMITH"},{"floor":32.0,"key":"REST"},{"data":"Demon Form","floor":41.0,"key":"SMITH"},{"floor":49.0,"key":"RECALL"},{"data":"Flame Barrier","floor":53.0,"key":"SMITH"}],"circlet_count":0,"master_deck":["AscendersBane","Strike_R","Defend_R","Defend_R","Defend_R","Defend_R","Bash+1","Carnage+1","Intimidate","Thunderclap+1","Hemokinesis+1","Double Tap+1","Disarm","Cleave+1","Exhume","Flame Barrier+1","Evolve+1","Reaper+1","Intimidate+1","Demon Form+1","Uppercut+1","Dark Embrace","Whirlwind+1","Shrug It Off","Sword Boomerang+1","Impervious","Corruption+1","Pommel Strike+1"],"relics":["Burning Blood","Regal Pillow","ClockworkSouvenir","MawBank","Potion Belt","Tiny Chest","Mark of Pain","Paper Frog","Ancient Tea Set","PreservedInsect","Enchiridion","Strawberry","Snecko Eye","Art of War","Kunai","Frozen Egg 2","Bird Faced Urn","Whetstone","Lee\u0027s Waffle","Unceasing Top"],"acts_visited":["Exordium","TheCity","TheBeyond","TheEnding"],"potions_floor_usage":[],"damage_taken":[{"damage":7.0,"enemies":"Jaw Worm","floor":1.0,"turns":3.0},{"damage":0.0,"enemies":"2 Louse","floor":3.0,"turns":2.0},{"damage":25.0,"enemies":"3 Sentries","floor":7.0,"turns":8.0},{"damage":0.0,"enemies":"Small Slimes","floor":8.0,"turns":2.0},{"damage":0.0,"enemies":"Gremlin Nob","floor":12.0,"turns":2.0},{"damage":8.0,"enemies":"Slime Boss","floor":16.0,"turns":8.0},{"damage":9.0,"enemies":"3 Byrds","floor":18.0,"turns":6.0},{"damage":11.0,"enemies":"2 Thieves","floor":20.0,"turns":2.0},{"damage":14.0,"enemies":"Snake Plant","floor":21.0,"turns":3.0},{"damage":12.0,"enemies":"Slavers","floor":24.0,"turns":6.0},{"damage":11.0,"enemies":"Chosen and Byrds","floor":25.0,"turns":5.0},{"damage":16.0,"enemies":"Centurion and Healer","floor":31.0,"turns":8.0},{"damage":102.0,"enemies":"Champ","floor":33.0,"turns":17.0},{"damage":11.0,"enemies":"Orb Walker","floor":35.0,"turns":3.0},{"damage":28.0,"enemies":"3 Shapes","floor":36.0,"turns":5.0},{"damage":94.0,"enemies":"Reptomancer","floor":40.0,"turns":8.0},{"damage":8.0,"enemies":"Giant Head","floor":42.0,"turns":5.0},{"damage":55.0,"enemies":"Jaw Worm Horde","floor":44.0,"turns":4.0},{"damage":36.0,"enemies":"Nemesis","floor":45.0,"turns":5.0},{"damage":32.0,"enemies":"Spire Growth","floor":46.0,"turns":6.0},{"damage":28.0,"enemies":"Transient","floor":48.0,"turns":6.0},{"damage":111.0,"enemies":"Donu and Deca","floor":50.0,"turns":9.0},{"damage":53.0,"enemies":"Awakened One","floor":51.0,"turns":9.0},{"damage":95,"enemies":"Shield and Spear","floor":55,"turns":5},{"damage":125,"enemies":"The Heart","floor":56,"turns":8}],"seed_played":"635152066704000308","potions_obtained":[{"floor":1.0,"key":"BloodPotion"},{"floor":8.0,"key":"AttackPotion"},{"floor":12.0,"key":"Ancient Potion"},{"floor":16.0,"key":"DuplicationPotion"},{"floor":24.0,"key":"GamblersBrew"},{"floor":25.0,"key":"ColorlessPotion"},{"floor":31.0,"key":"EntropicBrew"},{"floor":35.0,"key":"Weak Potion"},{"floor":40.0,"key":"DistilledChaos"},{"floor":44.0,"key":"LiquidMemories"},{"floor":46.0,"key":"Regen Potion"}],"is_trial":false,"path_per_floor":["M","?","M","?","$","R","E","M","T","$","?","E","R","?","R","B",null,"M","$","M","M","T","$","E","M","T","?","?","T","R","M","R","B",null,"M","M","?","$","?","E","R","E","T","M","E","M","$","M","R","B","B",null,"R","$","E","B",null],"character_chosen":"IRONCLAD","items_purchased":["ClockworkSouvenir","AttackPotion","Double Tap","Evolve","Dark Embrace","Art of War","Regen Potion","SpeedPotion","PowerPotion","Kunai","Swift Potion","Lee\u0027s Waffle","Corruption+1"],"campfire_rested":1,"item_purchase_floors":[5,5,10,19,38,38,38,38,38,38,47,54,54],"current_hp_per_floor":[67,67,73,55,55,55,36,57,57,57,34,40,40,40,40,38,66,63,63,58,50,50,50,44,39,39,18,18,25,25,35,74,8,64,67,53,53,53,53,52,52,82,82,82,75,82,82,82,82,40,20,67,67,89,89,7],"gold":41,"neow_bonus":"HUNDRED_GOLD","is_daily":false,"chose_seed":false,"campfire_upgraded":6,"win_rate":0.0,"timestamp":1612032595,"path_taken":["M","?","M","?","$","R","E","M","T","?","?","E","R","?","R","BOSS","M","?","M","?","?","?","E","M","T","?","?","?","R","M","R","BOSS","M","M","?","$","?","E","R","E","T","M","E","M","$","M","R","BOSS","BOSS","R","$","E","BOSS"],"items_purchased_type":["Relic","Potion","Card","Card","Card","Relic","Potion","Potion","Potion","Relic","Potion","Relic","Card"],"build_version":"2020-12-22","purchased_purges":4,"victory":true,"max_hp_per_floor":[75,75,75,75,75,75,75,75,75,75,75,75,75,75,75,75,75,75,75,75,75,75,75,75,75,75,75,75,82,82,82,82,82,82,82,82,82,82,82,82,82,82,82,82,82,82,82,82,82,82,82,82,82,89,89,89],"relic_stats":{"Regal Pillow":15,"Lee\u0027s Waffle":22,"counters":[25,145],"PreservedInsect":318,"Whetstone":["Reaper","Bash"],"MawBank":36,"Burning Blood":120,"Bird Faced Urn":[41],"Snecko Eye":[152,125,134,140],"Tiny Chest":2,"Art of War":[15],"Kunai":[29],"obtain_stats":[{"Potion Belt":9,"Regal Pillow":4,"Lee\u0027s Waffle":54,"Enchiridion":27,"PreservedInsect":26,"Whetstone":45,"Frozen Egg 2":40,"MawBank":7,"Ancient Tea Set":24,"Burning Blood":0,"ClockworkSouvenir":5,"Strawberry":29,"Bird Faced Urn":42,"Snecko Eye":34,"Tiny Chest":12,"Mark of Pain":17,"Art of War":38,"Kunai":38,"Unceasing Top":55,"Paper Frog":22},{"Potion Belt":4,"Regal Pillow":2,"Lee\u0027s Waffle":23,"Enchiridion":11,"PreservedInsect":11,"Whetstone":19,"Frozen Egg 2":16,"MawBank":3,"Ancient Tea Set":10,"Burning Blood":0,"ClockworkSouvenir":2,"Strawberry":11,"Bird Faced Urn":17,"Snecko Eye":13,"Tiny Chest":5,"Mark of Pain":6,"Art of War":15,"Kunai":15,"Unceasing Top":24,"Paper Frog":9},{"Potion Belt":15,"Regal Pillow":5,"Lee\u0027s Waffle":132,"Enchiridion":47,"PreservedInsect":47,"Whetstone":102,"Frozen Egg 2":88,"MawBank":13,"Ancient Tea Set":42,"Burning Blood":0,"ClockworkSouvenir":5,"Strawberry":47,"Bird Faced Urn":93,"Snecko Eye":72,"Tiny Chest":17,"Mark of Pain":25,"Art of War":80,"Kunai":80,"Unceasing Top":137,"Paper Frog":36}],"Unceasing Top":[0]},"card_choices":[{"not_picked":["Hemokinesis","Flex"],"picked":"Carnage","floor":1.0},{"not_picked":["Wild Strike","Seeing Red"],"picked":"Intimidate","floor":3.0},{"not_picked":["Disarm","Dual Wield"],"picked":"Thunderclap","floor":7.0},{"not_picked":["Rage","Intimidate"],"picked":"Hemokinesis","floor":8.0},{"not_picked":["Iron Wave","Rampage"],"picked":"Disarm","floor":12.0},{"not_picked":["Double Tap","Brutality"],"picked":"Exhume","floor":16.0},{"not_picked":["Havoc","Iron Wave"],"picked":"Flame Barrier","floor":18.0},{"not_picked":["Clothesline","Sword Boomerang","Flex"],"picked":"SKIP","floor":20.0},{"not_picked":["Rupture","Thunderclap","True Grit"],"picked":"SKIP","floor":21.0},{"not_picked":["Pommel Strike","Metallicize"],"picked":"Reaper","floor":24.0},{"not_picked":["Searing Blow","Clothesline"],"picked":"Intimidate+1","floor":25.0},{"not_picked":["Rampage","Clash","Cleave"],"picked":"SKIP","floor":31.0},{"not_picked":["Corruption","Exhume"],"picked":"Demon Form","floor":33.0},{"not_picked":["Warcry+1","Havoc","True Grit"],"picked":"SKIP","floor":35.0},{"not_picked":["Heavy Blade","Warcry+1"],"picked":"Uppercut+1","floor":36.0},{"not_picked":["Spot Weakness","Ghostly Armor"],"picked":"Whirlwind+1","floor":40.0},{"not_picked":["Sever Soul","Sentinel"],"picked":"Shrug It Off","floor":42.0},{"not_picked":["Rampage","Dropkick"],"picked":"Sword Boomerang+1","floor":44.0},{"not_picked":["Power Through","Headbutt+1"],"picked":"Impervious","floor":45.0},{"not_picked":["Wild Strike","Heavy Blade","Flex"],"picked":"SKIP","floor":46.0},{"not_picked":["Dark Embrace+1","Thunderclap","Cleave"],"picked":"SKIP","floor":48.0},{"not_picked":["Perfected Strike+1","Searing Blow+1"],"picked":"Pommel Strike+1","floor":55}],"player_experience":1097253,"relics_obtained":[{"floor":7.0,"key":"MawBank"},{"floor":9.0,"key":"Potion Belt"},{"floor":12.0,"key":"Tiny Chest"},{"floor":22.0,"key":"Paper Frog"},{"floor":24.0,"key":"Ancient Tea Set"},{"floor":26.0,"key":"PreservedInsect"},{"floor":27.0,"key":"Enchiridion"},{"floor":29.0,"key":"Strawberry"},{"floor":40.0,"key":"Frozen Egg 2"},{"floor":42.0,"key":"Bird Faced Urn"},{"floor":45.0,"key":"Whetstone"},{"floor":55,"key":"Unceasing Top"}],"event_choices":[{"damage_healed":0.0,"max_hp_gain":0.0,"max_hp_loss":0.0,"gold_gain":68.0,"event_name":"Golden Wing","player_choice":"Gained Gold","floor":2.0,"gold_loss":0.0,"damage_taken":0.0},{"damage_healed":0.0,"max_hp_gain":0.0,"max_hp_loss":0.0,"gold_gain":0.0,"event_name":"Scrap Ooze","player_choice":"Success","floor":4.0,"gold_loss":0.0,"damage_taken":18.0,"relics_obtained":["Regal Pillow"]},{"damage_healed":0.0,"max_hp_gain":0.0,"max_hp_loss":0.0,"gold_gain":0.0,"event_name":"Shining Light","player_choice":"Entered Light","floor":11.0,"gold_loss":0.0,"damage_taken":23.0,"cards_upgraded":["Thunderclap","Double Tap"]},{"damage_healed":0.0,"max_hp_gain":0.0,"max_hp_loss":0.0,"gold_gain":0.0,"cards_transformed":["Strike_R"],"event_name":"Transmorgrifier","player_choice":"Transformed","floor":14.0,"gold_loss":0.0,"damage_taken":0.0,"cards_obtained":["Cleave"]},{"damage_healed":0.0,"max_hp_gain":0.0,"max_hp_loss":0.0,"gold_gain":0.0,"event_name":"Cursed Tome","player_choice":"Obtained Book","floor":27.0,"gold_loss":0.0,"damage_taken":21.0},{"cards_removed":["Strike_R"],"damage_healed":0.0,"max_hp_gain":0.0,"max_hp_loss":0.0,"gold_gain":0.0,"event_name":"Designer","player_choice":"Single Remove","floor":28.0,"gold_loss":75.0,"damage_taken":0.0},{"damage_healed":0.0,"max_hp_gain":0.0,"max_hp_loss":0.0,"gold_gain":999.0,"event_name":"MindBloom","player_choice":"Gold","floor":37.0,"gold_loss":0.0,"damage_taken":0.0,"cards_obtained":["Normality","Normality"]},{"damage_healed":0.0,"max_hp_gain":0.0,"max_hp_loss":0.0,"gold_gain":0.0,"event_name":"Tomb of Lord Red Mask","player_choice":"Ignored","floor":39.0,"gold_loss":0.0,"damage_taken":0.0}],"is_beta":false,"boss_relics":[{"not_picked":["Astrolabe","Runic Cube"],"picked":"Mark of Pain"},{"not_picked":["Black Blood","Busted Crown"],"picked":"Snecko Eye"}],"items_purged_floors":[10,19,38,47],"is_endless":false,"potions_floor_spawned":[1,8,12,16,24,25,31,35,40,44,46],"ascension_level":20}}