{"host":"imy0w7zcgpxryx7c","time":1612050870,"event":{"mods":["AchievementEnabler","BaseMod","Colored Map","Colored Powertips","DeckTracker","Minty Spire (QoL Compilation)","Relic Sorter","StSLib"],"gold_per_floor":[110,110,110,110,110,110,144,167,167,167,185,205,130,206,206,337,337,352,267,167,347,360,394,130,164,191,216,216,216],"floor_reached":28,"language":"ENG","playtime":2353,"items_purged":["Eruption","Defend_P"],"score":335,"play_id":"00cd932d-aa38-4097-a85d-3f60d21bd943","local_time":"20210130185430","is_ascension_mode":true,"campfire_choices":[{"floor":6,"key":"REST"},{"floor":10,"key":"REST"},{"floor":15,"key":"REST"}],"circlet_count":0,"master_deck":["Strike_P+1","Defend_P+1","Defend_P+1","Defend_P","Vigilance","Brilliance","Worship+1","Consecrate","WheelKick","CarveReality","CrushJoints","LikeWater","Devotion","CrushJoints+1","FollowUp+1","Sanctity+1","Consecrate","Dark Shackles","Brilliance","Evaluate","ThirdEye+1","Nirvana+1"],"relics":["PureWater","Golden Idol","Boot","Pocketwatch","Sundial","Singing Bowl","Astrolabe","War Paint","HornCleat","Bottled Lightning","InkBottle","Nunchaku"],"acts_visited":["Exordium","TheCity"],"potions_floor_usage":[1,23,23,23],"damage_taken":[{"damage":0,"enemies":"Small Slimes","floor":1,"turns":3},{"damage":39,"enemies":"Gremlin Nob","floor":7,"turns":5},{"damage":2,"enemies":"Jaw Worm","floor":8,"turns":3},{"damage":0,"enemies":"2 Louse","floor":11,"turns":2},{"damage":0,"enemies":"Large Slime","floor":12,"turns":3},{"damage":18,"enemies":"Gremlin Nob","floor":14,"turns":3},{"damage":5,"enemies":"Hexaghost","floor":16,"turns":7},{"damage":14,"enemies":"Spheric Guardian","floor":18,"turns":4},{"damage":0,"enemies":"Chosen","floor":22,"turns":3},{"damage":3,"enemies":"Slavers","floor":23,"turns":2},{"damage":17,"enemies":"Book of Stabbing","floor":25,"turns":5},{"damage":9,"enemies":"3 Cultists","floor":27,"turns":5},{"damage":11,"enemies":"Snake Plant","floor":28,"turns":2}],"seed_played":"-354390041417893474","potions_obtained":[{"floor":1,"key":"Fruit Juice"},{"floor":12,"key":"PowerPotion"},{"floor":14,"key":"LiquidMemories"},{"floor":16,"key":"Block Potion"},{"floor":22,"key":"Ambrosia"}],"is_trial":false,"path_per_floor":["M","?","?","?","?","R","E","M","T","R","M","M","$","?","R","B",null,"M","?","$","?","M","E","$","E","T","M","M"],"character_chosen":"WATCHER","items_purchased":["Bottled Lightning","Evaluate"],"campfire_rested":3,"item_purchase_floors":[24,24],"current_hp_per_floor":[77,58,43,31,24,47,8,6,6,29,29,29,29,11,34,29,77,63,63,63,38,40,37,37,20,20,11,0,0],"gold":216,"neow_bonus":"ONE_RANDOM_RARE_CARD","is_daily":false,"chose_seed":false,"campfire_upgraded":0,"win_rate":0.0,"timestamp":1612050870,"path_taken":["M","?","?","?","?","R","E","M","T","R","M","?","$","?","R","BOSS","M","?","$","?","M","E","$","E","T","M","M"],"items_purchased_type":["Relic","Card"],"build_version":"2020-12-22","purchased_purges":2,"victory":false,"max_hp_per_floor":[77,77,77,77,77,77,77,77,77,77,77,77,77,77,77,77,77,77,77,77,77,79,79,79,79,79,79,79,79],"card_choices":[{"not_picked":["SandsOfTime","FlyingSleeves"],"picked":"Worship","floor":1},{"not_picked":["WaveOfTheHand","Protect"],"picked":"Consecrate","floor":7},{"not_picked":["FollowUp","FlyingSleeves"],"picked":"WheelKick","floor":8},{"not_picked":["FlyingSleeves","PathToVictory"],"picked":"CarveReality","floor":11},{"not_picked":["Weave","FollowUp"],"picked":"CrushJoints","floor":12},{"not_picked":["FearNoEvil","MasterReality"],"picked":"LikeWater","floor":14},{"not_picked":["Judgement","Wish"],"picked":"Devotion","floor":16},{"not_picked":["EmptyBody","CrushJoints"],"picked":"Consecrate","floor":18},{"not_picked":["PathToVictory","InnerPeace","Wireheading"],"picked":"Singing Bowl","floor":22},{"not_picked":["CrushJoints","WreathOfFlame"],"picked":"Brilliance","floor":23},{"not_picked":["FlurryOfBlows","Adaptation+1"],"picked":"ThirdEye+1","floor":25},{"not_picked":["ReachHeaven","Meditate"],"picked":"Nirvana+1","floor":27}],"player_experience":329108,"relics_obtained":[{"floor":7,"key":"Pocketwatch"},{"floor":9,"key":"Sundial"},{"floor":14,"key":"Singing Bowl"},{"floor":23,"key":"HornCleat"},{"floor":25,"key":"InkBottle"},{"floor":26,"key":"Nunchaku"}],"event_choices":[{"damage_healed":0,"gold_gain":0,"player_choice":"Take Damage","damage_taken":19,"relics_obtained":["Golden Idol"],"max_hp_gain":0,"max_hp_loss":0,"event_name":"Golden Idol","floor":2,"gold_loss":0},{"damage_healed":0,"gold_gain":0,"player_choice":"Entered Light","damage_taken":15,"max_hp_gain":0,"max_hp_loss":0,"event_name":"Shining Light","floor":3,"gold_loss":0,"cards_upgraded":["Defend_P","Strike_P"]},{"damage_healed":0,"gold_gain":0,"player_choice":"Success","damage_taken":12,"relics_obtained":["Boot"],"max_hp_gain":0,"max_hp_loss":0,"event_name":"Scrap Ooze","floor":4,"gold_loss":0},{"damage_healed":0,"gold_gain":0,"player_choice":"Damaged","damage_taken":7,"max_hp_gain":0,"max_hp_loss":0,"event_name":"Wheel of Change","floor":5,"gold_loss":0},{"damage_healed":0,"gold_gain":0,"player_choice":"Searched \u00271\u0027 times","damage_taken":0,"max_hp_gain":0,"max_hp_loss":0,"event_name":"Dead Adventurer","floor":14,"gold_loss":0},{"damage_healed":0,"gold_gain":0,"player_choice":"Obtained Relic","damage_taken":0,"relics_obtained":["War Paint"],"max_hp_gain":0,"max_hp_loss":0,"event_name":"Addict","floor":19,"gold_loss":85},{"damage_healed":0,"gold_gain":180,"player_choice":"GOLD CARD GOLD ","damage_taken":25,"max_hp_gain":0,"max_hp_loss":0,"event_name":"Knowing Skull","floor":21,"potions_obtained":[],"gold_loss":0,"cards_obtained":["Dark Shackles"]}],"is_beta":false,"boss_relics":[{"not_picked":["Runic Dome","Runic Pyramid"],"picked":"Astrolabe"}],"items_purged_floors":[13,20],"is_endless":false,"potions_floor_spawned":[1,12,14,16,18,22],"killed_by":"Snake Plant","ascension_level":4}}