{"host":"mnpd8gh7cwxsn5kh","time":1612019630,"event":{"mods":["BaseMod","Bestiary","Block Reminder","Colored Map","Colored Powertips","Highlight Path","Minty Spire (QoL Compilation)","Relic Sorter","Relic Stats"],"gold_per_floor":[111,122,197,147,160,160,191,191,191,234,0,0,175,196,196,196,196],"floor_reached":16,"language":"ENG","playtime":2864,"items_purged":[],"score":140,"play_id":"19816b85-d0d7-482f-8a68-3566d447dd89","local_time":"20210130161350","is_ascension_mode":true,"campfire_choices":[{"data":"Armaments","floor":6,"key":"SMITH"},{"data":"Reaper","floor":8,"key":"SMITH"},{"data":"Shrug It Off","floor":15,"key":"SMITH"}],"circlet_count":0,"master_deck":["Strike_R","Strike_R","Strike_R","Strike_R","Defend_R","Defend_R","Defend_R","Defend_R","Bash","Reaper+1","Headbutt","Pommel Strike","Armaments+1","Shrug It Off+1","Body Slam","Immolate","Feed","Doubt","Infernal Blade"],"relics":["Burning Blood","Mummified Hand","MawBank","The Courier","Golden Idol"],"acts_visited":["Exordium"],"potions_floor_usage":[10],"damage_taken":[{"damage":8,"enemies":"2 Louse","floor":1,"turns":3},{"damage":3,"enemies":"Small Slimes","floor":2,"turns":4},{"damage":12,"enemies":"Jaw Worm","floor":5,"turns":3},{"damage":24,"enemies":"Gremlin Nob","floor":7,"turns":4},{"damage":21,"enemies":"3 Sentries","floor":10,"turns":10},{"damage":7,"enemies":"Looter","floor":14,"turns":4},{"damage":47,"enemies":"Slime Boss","floor":16,"turns":10}],"seed_played":"-9033975585311675501","potions_obtained":[{"floor":1,"key":"SpeedPotion"}],"is_trial":false,"path_per_floor":["M","M","?","?","M","R","E","R","T","E","$","?","?","M","R","B"],"character_chosen":"IRONCLAD","items_purchased":["Immolate","Feed"],"campfire_rested":0,"item_purchase_floors":[11,11],"current_hp_per_floor":[78,80,69,69,63,63,45,45,45,45,45,45,45,44,44,0,0],"gold":196,"neow_bonus":"ONE_RANDOM_RARE_CARD","is_daily":false,"chose_seed":false,"campfire_upgraded":3,"win_rate":0.0,"timestamp":1612019630,"path_taken":["M","M","?","?","M","R","E","R","T","E","$","?","?","M","R","BOSS"],"items_purchased_type":["Card","Card"],"build_version":"2020-12-22","purchased_purges":0,"victory":false,"max_hp_per_floor":[80,80,80,80,80,80,80,80,80,80,80,74,74,74,74,74,74],"relic_stats":{"counters":[7,38],"Mummified Hand":[0],"Golden Idol":4,"MawBank":24,"obtain_stats":[{"Mummified Hand":7,"Golden Idol":12,"The Courier":10,"MawBank":9,"Burning Blood":0},{"Mummified Hand":4,"Golden Idol":5,"The Courier":5,"MawBank":4,"Burning Blood":0},{"Mummified Hand":14,"Golden Idol":24,"The Courier":24,"MawBank":14,"Burning Blood":0}],"Burning Blood":32},"card_choices":[{"not_picked":["Sentinel","Bloodletting"],"picked":"Headbutt","floor":1},{"not_picked":["Wild Strike","Thunderclap"],"picked":"Pommel Strike","floor":2},{"not_picked":["Body Slam","Rampage"],"picked":"Armaments","floor":5},{"not_picked":["Searing Blow","Anger"],"picked":"Shrug It Off","floor":7},{"not_picked":["Sword Boomerang","Shockwave"],"picked":"Body Slam","floor":10},{"not_picked":["Cleave","Thunderclap"],"picked":"Infernal Blade","floor":14}],"player_experience":195946,"relics_obtained":[{"floor":7,"key":"Mummified Hand"},{"floor":9,"key":"MawBank"},{"floor":10,"key":"The Courier"}],"event_choices":[{"damage_healed":0,"gold_gain":75,"player_choice":"Gather Gold","damage_taken":11,"max_hp_gain":0,"max_hp_loss":0,"event_name":"World of Goop","floor":3,"gold_loss":0},{"cards_removed":["Strike_R"],"damage_healed":0,"gold_gain":0,"player_choice":"Card Removal","damage_taken":0,"max_hp_gain":0,"max_hp_loss":0,"event_name":"The Cleric","floor":4,"gold_loss":50},{"damage_healed":0,"gold_gain":0,"player_choice":"Lose Max HP","damage_taken":0,"relics_obtained":["Golden Idol"],"max_hp_gain":0,"max_hp_loss":6,"event_name":"Golden Idol","floor":12,"gold_loss":0},{"damage_healed":0,"gold_gain":175,"player_choice":"AGREE","damage_taken":0,"max_hp_gain":0,"max_hp_loss":0,"event_name":"Liars Game","floor":13,"gold_loss":0,"cards_obtained":["Doubt"]}],"is_beta":false,"boss_relics":[],"items_purged_floors":[],"is_endless":false,"potions_floor_spawned":[1],"killed_by":"Slime Boss","ascension_level":6}}