{"host":"312klq0911jlgvh2","time":1612041461,"event":{"mods":["100% Spire Juice","2.2 Compatiblity","AchievementEnabler","Act Like it!","Ascension Unlocker","Aspiration","Astrologer","BaseMod","Beaked The Cultist","Block Reminder","Chen","Clockwork Mod","Colored Powertips","Conspire","Custom Start","Downfall","Energized Spire","Evolution","Friendly Minions","Gensokyo","GifTheSpireLib","Gold Saver","GungeonMod","Halation","Hermit","HololiveMod","Hubris","Infinite Spire","Jedi Mod","Koishi","Marisa????????","Mimic Mod","Minty Spire (QoL Compilation)","Prisma Mod","Random Character Button","Reimu??????","Relic Sorter","Reliquary","Remilia??????","Replay The Spire","Retaliation","RumiaBox-????????","Spikes Relics","StS++","StSLib","Stuff the Spire","Synergy Search","The Animator","The Blue Laboratory","The Bug Knight","The Poker Player","TheVacant","Trackpad","Uncapped","UnlockEverythingMod","yUi"],"gold_per_floor":[239,253,253,253,44,75,87,87,87,103,113,133,164,175,175,272,272,287,287,299,312,312,312,312],"floor_reached":23,"language":"ENG","playtime":1127,"items_purged":[],"score":205,"play_id":"a0f919a8-0196-4943-abb4-de727d6ca056","local_time":"20210130161741","is_ascension_mode":false,"campfire_choices":[{"data":"jedi:fear","floor":8,"key":"SMITH"},{"data":"Perfected Strike","floor":15,"key":"SMITH"}],"circlet_count":0,"master_deck":["Cleave","Strike_R","Strike_R","Strike_R","Strike_R","Defend_R","Defend_R","Defend_R","Defend_R","Bash","ReplayTheSpireMod:Stacked","Intimidate","StuffTheSpire:Rapture","jedi:fear+1","DDmod:UnstoppableAttack","StuffTheSpire:Incineration","Dark Shackles","Perfected Strike+1","StuffTheSpire:Incineration","Armaments","Clash","Intimidate","Feed","ReplayTheSpireMod:Limb From Limb+1","Iron Wave","DDmod:SpikeMailSkill","Inflame","ReplayTheSpireMod:Book of Names"],"relics":["Burning Blood","EVO:Axolotl","Letter Opener","Mirror","HollowMod:LifeEnderRelic","aspiration:PoetsPen_weak","infinitespire:Joker Card","StuffTheSpire:Kangaroo"],"acts_visited":["Exordium","TheCity"],"potions_floor_usage":[16,16],"damage_taken":[{"damage":12,"enemies":"Jaw Worm","floor":1,"turns":5},{"damage":2,"enemies":"2 Louse","floor":2,"turns":3},{"damage":11,"enemies":"Gremlin Nob","floor":6,"turns":4},{"damage":0,"enemies":"conspire:RoseBush","floor":7,"turns":3},{"damage":0,"enemies":"Exordium Wildlife","floor":10,"turns":4},{"damage":0,"enemies":"3 Louse","floor":11,"turns":3},{"damage":6,"enemies":"Gremlin Gang","floor":12,"turns":4},{"damage":22,"enemies":"3 Sentries","floor":13,"turns":7},{"damage":0,"enemies":"Looter","floor":14,"turns":2},{"damage":39,"enemies":"Hexaghost","floor":16,"turns":9},{"damage":29,"enemies":"Shell Parasite","floor":18,"turns":6},{"damage":8,"enemies":"Cultist and Chosen","floor":20,"turns":4},{"damage":16,"enemies":"conspire:HollyBat","floor":21,"turns":7},{"damage":52,"enemies":"Gremlin Leader","floor":23,"turns":5}],"seed_played":"-2749076406793271973","potions_obtained":[{"floor":6,"key":"DistilledChaos"},{"floor":10,"key":"Dexterity Potion"},{"floor":14,"key":"hexamod:SoulburnPotion"},{"floor":18,"key":"SkillPotion"},{"floor":21,"key":"Adrenaline Potion"}],"is_trial":false,"path_per_floor":["M","M","?","?","$","E","M","R","T","M","M","M","E","M","R","B",null,"M","?","M","M","AVR","E"],"character_chosen":"IRONCLAD","items_purchased":["jedi:fear","DDmod:UnstoppableAttack","StuffTheSpire:Incineration","Dark Shackles"],"campfire_rested":0,"item_purchase_floors":[5,5,5,5],"current_hp_per_floor":[74,78,78,78,78,76,80,80,80,80,80,80,64,70,70,41,80,57,57,55,45,45,0,0],"gold":312,"neow_bonus":"RANDOM_COMMON_RELIC","is_daily":false,"chose_seed":false,"campfire_upgraded":2,"win_rate":0.0,"timestamp":1612041461,"path_taken":["M","M","?","?","$","E","M","R","T","M","M","?","E","M","R","BOSS","M","?","M","?","AVR","E"],"items_purchased_type":["Card","Card","Card","Card"],"build_version":"2020-12-22","purchased_purges":0,"victory":false,"max_hp_per_floor":[80,80,80,80,80,80,80,80,80,80,80,80,80,80,80,80,80,80,80,80,80,80,80,80],"card_choices":[{"not_picked":["StSpp:Vengeance","Clash"],"picked":"ReplayTheSpireMod:Stacked","floor":1},{"not_picked":["jedi:controlledanger","DDmod:ScaleUpSkill"],"picked":"Intimidate","floor":2},{"not_picked":["StuffTheSpire:Perfection","StuffTheSpire:Innocence"],"picked":"StuffTheSpire:Rapture","floor":4},{"not_picked":["ReplayTheSpireMod:Corrosion Curse","StSpp:Succumb"],"picked":"Perfected Strike","floor":6},{"not_picked":["Sentinel","Sword Boomerang"],"picked":"StuffTheSpire:Incineration","floor":7},{"not_picked":["DDmod:CallousedSkill","Replay:Undeath\u0027s Touch"],"picked":"Armaments","floor":10},{"not_picked":["Combust","conspire:Charge","Clothesline"],"picked":"SKIP","floor":11},{"not_picked":["Havoc","Clothesline","Warcry"],"picked":"SKIP","floor":12},{"not_picked":["Armaments","conspire:Charge"],"picked":"Clash","floor":13},{"not_picked":["hubris:SharpeningStone","StuffTheSpire:Incineration"],"picked":"Intimidate","floor":14},{"not_picked":["jedi:unlimitedpower","StuffTheSpire:TitanForm"],"picked":"Feed","floor":16},{"not_picked":["Whirlwind","DDmod:SpikedSkill"],"picked":"ReplayTheSpireMod:Limb From Limb+1","floor":18},{"not_picked":["Run Through+1","ReplayTheSpireMod:Limb From Limb+1"],"picked":"DDmod:SpikeMailSkill","floor":20},{"not_picked":["StSpp:Jab+1","Reckless Charge+1"],"picked":"Inflame","floor":21}],"player_experience":547057,"relics_obtained":[{"floor":6,"key":"Letter Opener"},{"floor":9,"key":"Mirror"},{"floor":13,"key":"HollowMod:LifeEnderRelic"}],"event_choices":[{"damage_healed":0,"gold_gain":0,"player_choice":"Ignored","damage_taken":0,"max_hp_gain":0,"max_hp_loss":0,"event_name":"Liars Game","floor":3,"gold_loss":0},{"damage_healed":0,"gold_gain":0,"player_choice":"1 cards matched","damage_taken":0,"max_hp_gain":0,"max_hp_loss":0,"event_name":"Match and Keep!","floor":19,"gold_loss":0,"cards_obtained":["Iron Wave"]}],"is_beta":false,"boss_relics":[{"not_picked":["ReplayTheSpireMod:SealedPack","jedi:paperlyon"],"picked":"aspiration:PoetsPen_weak"}],"items_purged_floors":[],"is_endless":false,"potions_floor_spawned":[6,10,14,18,21],"killed_by":"Gremlin Leader","ascension_level":0}}