{"host":"ifcf0cy5l3qbxi8r","time":1612013032,"event":{"mods":["Act Like it!","Arknights The Spire","BaseMod","Gensokyo","Minty Spire (QoL Compilation)","StSLib"],"gold_per_floor":[116,128,128,138,19,48,48,82,82,100,117,130,130,144,144,241,241,252,264,264,264,264],"floor_reached":21,"language":"ZHS","playtime":1072,"items_purged":[],"score":210,"play_id":"e40b48e2-0e5b-4b55-ab53-98422e8f608a","local_time":"20210130212352","is_ascension_mode":true,"campfire_choices":[{"data":"ats:Emotion Absorption","floor":7,"key":"SMITH"},{"floor":13,"key":"REST"},{"data":"ats:Poison Spread","floor":15,"key":"SMITH"}],"circlet_count":0,"master_deck":["ats:Strike C","ats:Strike G","ats:Strike S","ats:Armor Crushing Shot","ats:Defend","ats:Defend","ats:Defend","ats:Defend","ats:Emotion Absorption+1","ats:Consecutive Shot Auto","ats:Powerful Strike","ats:Apocalypse","Pain","ats:Revitalization","ats:Song Of Battle","ats:True Silver Slash","ats:Revitalization","ats:Directed Diagnosis","ats:Counter Healing Mode","ats:Assault Order","ats:Poison Spread+1","ats:Dogmatic Field","ats:Guard Mode","ats:Literary Storm+1"],"relics":["ats:Sanity","Gensokyo:LunaticRedEyes","ats:Originium","Sundial","Letter Opener","ats:Omniscience","Gensokyo:SongOfSouls"],"acts_visited":["Exordium","Gensokyo:Gensokyo"],"potions_floor_usage":[6,8,16],"damage_taken":[{"damage":2,"enemies":"Gensokyo:3_Fairies","floor":1,"turns":4},{"damage":3,"enemies":"Gensokyo:Gryphon","floor":2,"turns":3},{"damage":3,"enemies":"Gensokyo:2_Kodama","floor":4,"turns":3},{"damage":45,"enemies":"Gensokyo:Mamizou","floor":6,"turns":10},{"damage":109,"enemies":"Gensokyo:Aya","floor":8,"turns":9},{"damage":17,"enemies":"Gensokyo:5_Fairies","floor":10,"turns":6},{"damage":0,"enemies":"Gensokyo:3_Kodama","floor":11,"turns":1},{"damage":10,"enemies":"Gensokyo:2_Rabbits","floor":12,"turns":3},{"damage":48,"enemies":"Gensokyo:Python_and_Kodama","floor":14,"turns":6},{"damage":70,"enemies":"Gensokyo:Reimu","floor":16,"turns":16},{"damage":48,"enemies":"Gensokyo:CosmicMonolith","floor":18,"turns":7},{"damage":58,"enemies":"Gensokyo:3_Dogs","floor":19,"turns":8},{"damage":55,"enemies":"Gensokyo:Slime_Group","floor":21,"turns":7}],"seed_played":"1050417424494603550","potions_obtained":[{"floor":1,"key":"Ancient Potion"},{"floor":6,"key":"Regen Potion"},{"floor":8,"key":"DuplicationPotion"},{"floor":10,"key":"SmokeBomb"},{"floor":14,"key":"ColorlessPotion"},{"floor":19,"key":"Weak Potion"}],"is_trial":false,"path_per_floor":["M","M","?","M","COS","E","R","E","T","M","M","M","R","M","R","B",null,"M","M","?","M"],"character_chosen":"DOCTOR_CLASS","items_purchased":[],"campfire_rested":1,"item_purchase_floors":[],"current_hp_per_floor":[70,67,67,69,69,64,64,19,19,24,24,19,40,58,58,72,72,43,13,13,10,10],"gold":264,"neow_bonus":"TRANSFORM_CARD","is_daily":false,"chose_seed":false,"campfire_upgraded":2,"win_rate":0.0,"timestamp":1612013032,"path_taken":["M","M","?","M","COS","E","R","E","T","M","M","M","R","M","R","BOSS","M","?","?","M"],"items_purchased_type":[],"build_version":"2020-12-22","purchased_purges":0,"victory":false,"max_hp_per_floor":[72,72,72,72,72,72,72,72,72,72,72,72,72,72,72,72,72,72,72,72,72,72],"card_choices":[{"not_picked":["ats:Sword Rain","ats:Explosion Area Strengthen"],"picked":"ats:Powerful Strike","floor":1},{"not_picked":["ats:Shell Defense","ats:Spore Proliferation"],"picked":"ats:Apocalypse","floor":2},{"not_picked":["ats:Flexible Camouflage","ats:Ignite"],"picked":"ats:Revitalization","floor":4},{"not_picked":["ats:Apocalypse","ats:Demon Strength"],"picked":"ats:Song Of Battle","floor":6},{"not_picked":["ats:Rat Pack","ats:Wolf Pack"],"picked":"ats:True Silver Slash","floor":8},{"not_picked":["ats:Ignite","ats:Hammer On"],"picked":"ats:Revitalization","floor":8},{"not_picked":["ats:Flexible Camouflage","ats:Revitalization"],"picked":"ats:Directed Diagnosis","floor":10},{"not_picked":["ats:Literary Storm","ats:Flexible Camouflage"],"picked":"ats:Counter Healing Mode","floor":11},{"not_picked":["ats:Overload","ats:Rapid Magazine"],"picked":"ats:Assault Order","floor":12},{"not_picked":["ats:Absolute Focus","ats:Demon Strength"],"picked":"ats:Poison Spread","floor":14},{"not_picked":["ats:Ambush","ats:Durian"],"picked":"ats:Dogmatic Field","floor":16},{"not_picked":["ats:Red Shift","ats:Absolute Focus"],"picked":"ats:Guard Mode","floor":18},{"not_picked":["ats:Assault Order","ats:Neurotoxin+1"],"picked":"ats:Literary Storm+1","floor":19}],"player_experience":100368,"relics_obtained":[{"floor":6,"key":"ats:Originium"},{"floor":6,"key":"Sundial"},{"floor":8,"key":"ats:Originium"},{"floor":8,"key":"Letter Opener"}],"event_choices":[],"is_beta":false,"boss_relics":[{"not_picked":["Cursed Key","SacredBark"],"picked":"ats:Omniscience"}],"items_purged_floors":[],"is_endless":false,"potions_floor_spawned":[1,6,8,10,14,19],"killed_by":"Gensokyo:Slime_Group","ascension_level":2}}