{"host":"xb2tau8pgi8aflss","time":1612004022,"event":{"mods":["AchievementEnabler","BaseMod","Hermit","Minty Spire (QoL Compilation)","StSLib","SuperFastMode"],"gold_per_floor":[116,130,130,23,23,48,48,75,100,100,100],"floor_reached":10,"language":"KOR","playtime":419,"items_purged":[],"score":129,"play_id":"526f5a24-7f84-4c2a-84da-c0719e678111","local_time":"20210130195342","is_ascension_mode":true,"campfire_choices":[{"data":"Eruption","floor":7,"key":"SMITH"}],"circlet_count":0,"master_deck":["Strike_P","Strike_P","Strike_P","Defend_P","Defend_P","Defend_P","Defend_P","Eruption+1","Vigilance","Crescendo","Indignation","EmptyBody","EmptyMind"],"relics":["PureWater","NeowsBlessing","Juzu Bracelet","Thread and Needle","Omamori","Tiny Chest"],"acts_visited":["Exordium"],"potions_floor_usage":[10],"damage_taken":[{"damage":0,"enemies":"Small Slimes","floor":1,"turns":1},{"damage":0,"enemies":"Jaw Worm","floor":2,"turns":1},{"damage":0,"enemies":"3 Sentries","floor":6,"turns":2},{"damage":8,"enemies":"Lagavulin","floor":8,"turns":7},{"damage":42,"enemies":"3 Sentries","floor":10,"turns":14}],"seed_played":"-9212923401395185085","potions_obtained":[{"floor":8,"key":"EssenceOfSteel"}],"is_trial":false,"path_per_floor":["M","M","?","$","?","E","R","E","T","E"],"character_chosen":"WATCHER","items_purchased":["Indignation","EmptyBody"],"campfire_rested":0,"item_purchase_floors":[4,4],"current_hp_per_floor":[65,65,65,65,47,47,47,39,39,0,0],"gold":100,"neow_bonus":"THREE_ENEMY_KILL","is_daily":false,"chose_seed":false,"campfire_upgraded":1,"win_rate":0.0,"timestamp":1612004022,"path_taken":["M","M","?","$","?","E","R","E","T","E"],"items_purchased_type":["Card","Card"],"build_version":"2020-12-22","purchased_purges":0,"victory":false,"max_hp_per_floor":[72,72,72,72,72,72,72,72,72,72,72],"card_choices":[{"not_picked":["Evaluate","Wallop","Meditate"],"picked":"SKIP","floor":1},{"not_picked":["JustLucky","Protect"],"picked":"Crescendo","floor":2},{"not_picked":["ThirdEye","WaveOfTheHand","CrushJoints"],"picked":"SKIP","floor":6},{"not_picked":["PathToVictory","Fasting2"],"picked":"EmptyMind","floor":8}],"player_experience":793650,"relics_obtained":[{"floor":6,"key":"Thread and Needle"},{"floor":8,"key":"Omamori"},{"floor":9,"key":"Tiny Chest"}],"event_choices":[{"cards_removed":["Strike_P"],"damage_healed":0,"gold_gain":0,"player_choice":"Forget","damage_taken":0,"max_hp_gain":0,"max_hp_loss":0,"event_name":"Living Wall","floor":3,"gold_loss":0},{"damage_healed":0,"gold_gain":0,"player_choice":"Success","damage_taken":18,"relics_obtained":["Juzu Bracelet"],"max_hp_gain":0,"max_hp_loss":0,"event_name":"Scrap Ooze","floor":5,"gold_loss":0}],"is_beta":false,"boss_relics":[],"items_purged_floors":[],"is_endless":false,"potions_floor_spawned":[8],"killed_by":"3 Sentries","ascension_level":6}}