{"host":"qhn6g0owdgjb77rz","time":1612006346,"event":{"mods":["BaseMod","BetterRewards","Colored Map","Downfall","Minty Spire (QoL Compilation)","Relic Sorter","StSLib"],"gold_per_floor":[99,99,274,274,724,724,750,155,188,188,221,239,49,82,93,93,93,93],"floor_reached":16,"language":"ENG","playtime":993,"items_purged":["downfall:Icky"],"score":120,"play_id":"77094be2-95cb-4795-b430-f7650c38e974","local_time":"20210130203226","is_ascension_mode":true,"campfire_choices":[{"data":"bronze:Goto","floor":1.0,"key":"SMITH"},{"data":"bronze:Deprecate","floor":10.0,"key":"SMITH"}],"circlet_count":0,"master_deck":["bronze:Strike","bronze:Strike","bronze:Strike","bronze:Strike","bronze:Defend","bronze:Defend","bronze:Defend","bronze:Defend","bronze:Replicate","bronze:Goto+1","bronze:Deprecate+1","downfall:Icky","downfall:Icky","bronze:GetLatest","bronze:Overheat","bronze:FineTuning","bronze:Invalidate","bronze:BugBarrage"],"relics":["bronze:BronzeCore","downfall:HeartsMalice","Vajra","Sundial","Letter Opener","bronze:SilverBullet","Ancient Tea Set","Medical Kit","Oddly Smooth Stone"],"acts_visited":["Exordium"],"potions_floor_usage":[16],"damage_taken":[{"damage":0.0,"enemies":"Jaw Worm","floor":2.0,"turns":1.0},{"damage":0.0,"enemies":"Small Slimes","floor":6.0,"turns":1.0},{"damage":0.0,"enemies":"downfall:FleeingMerchant","floor":8.0,"turns":1.0},{"damage":31.0,"enemies":"Gremlin Nob","floor":9.0,"turns":5.0},{"damage":16.0,"enemies":"Lagavulin","floor":11.0,"turns":5.0},{"damage":0.0,"enemies":"2 Louse","floor":12.0,"turns":1.0},{"damage":5,"enemies":"downfall:FleeingMerchant","floor":13,"turns":4},{"damage":5,"enemies":"3 Sentries","floor":14,"turns":6},{"damage":0,"enemies":"Exordium Wildlife","floor":15,"turns":2},{"damage":17,"enemies":"IC_STATUS_ARCHETYPE","floor":16,"turns":4}],"seed_played":"-5853341140774591551","potions_obtained":[{"floor":9.0,"key":"Explosive Potion"},{"floor":11.0,"key":"PowerPotion"},{"floor":12.0,"key":"Strength Potion"},{"floor":14,"key":"bronze:FreeFunctionsPotion"}],"is_trial":false,"path_per_floor":["R","M","?","?","?","M","T","$","E","R","E","M","$","E","M","B"],"character_chosen":"THE_AUTOMATON","items_purchased":["Sundial","Letter Opener","bronze:Invalidate","Medical Kit"],"campfire_rested":0,"item_purchase_floors":[8,8,13,13],"current_hp_per_floor":[70,70,70,70,70,70,70,70,39,39,23,23,18,13,13,0,0,0],"gold":93,"neow_bonus":"THREE_ENEMY_KILL","is_daily":false,"chose_seed":false,"campfire_upgraded":2,"win_rate":0.0,"timestamp":1612006346,"path_taken":["R","M","?","?","?","?","T","?","E","R","E","M","?","E","M","BOSS"],"items_purchased_type":["Relic","Relic","Card","Relic"],"build_version":"2020-12-22","purchased_purges":1,"victory":false,"max_hp_per_floor":[70,70,70,70,70,70,70,70,70,70,70,70,70,70,70,70,70,70],"card_choices":[{"not_picked":["bronze:GetLatest","bronze:BugBarrage"],"picked":"bronze:Deprecate","floor":2.0},{"not_picked":["bronze:MaxOutput","bronze:Separator"],"picked":"bronze:GetLatest","floor":6.0},{"not_picked":["bronze:Turbo","bronze:BugBarrage"],"picked":"bronze:Overheat","floor":8.0},{"not_picked":["bronze:WhirlingStrike","bronze:Boost","bronze:ThunderWave"],"picked":"SKIP","floor":9.0},{"not_picked":["bronze:Branch","bronze:CutThrough"],"picked":"bronze:FineTuning","floor":11.0},{"not_picked":["bronze:BugBarrage","bronze:MaxOutput","bronze:Overheat"],"picked":"SKIP","floor":12.0},{"not_picked":["bronze:FineTuning","bronze:Separator","bronze:DelayedGuard"],"picked":"SKIP","floor":13},{"not_picked":["bronze:Constructor","bronze:Turbo","bronze:Frontload"],"picked":"SKIP","floor":14},{"not_picked":["bronze:Hardcode","bronze:DelayedGuard"],"picked":"bronze:BugBarrage","floor":15}],"player_experience":644688,"relics_obtained":[{"floor":7.0,"key":"Vajra"},{"floor":9.0,"key":"bronze:SilverBullet"},{"floor":11.0,"key":"Ancient Tea Set"},{"floor":14,"key":"Oddly Smooth Stone"}],"event_choices":[{"cards_removed":["Doubt"],"damage_healed":0.0,"max_hp_gain":0.0,"max_hp_loss":0.0,"gold_gain":0.0,"event_name":"The Cleric","player_choice":"Card Removal","floor":4.0,"gold_loss":0.0,"damage_taken":0.0}],"is_beta":false,"boss_relics":[],"items_purged_floors":[8],"is_endless":false,"potions_floor_spawned":[9,11,12,14],"killed_by":"IC_STATUS_ARCHETYPE","ascension_level":1}}