{"host":"5h6e4l6hpn0p5lap","time":1612043401,"event":{"mods":["AchievementEnabler","BaseMod","Better Altar","Better Match","Better Sensory Stone","Better Skull","Better Third Choice","Filter the Spire","Highlight Path","Minty Spire (QoL Compilation)","StSLib"],"gold_per_floor":[109,109,122,138,156,156,166,166,166,200,200,216,249,260,260,356,356,375,240,165,165,165],"floor_reached":21,"language":"ENG","playtime":859,"items_purged":["Strike_B"],"score":258,"play_id":"77c0c461-ef3a-4d34-a9a6-3d2e834125ef","local_time":"20210130165001","is_ascension_mode":true,"campfire_choices":[{"data":"Zap","floor":6,"key":"SMITH"},{"floor":8,"key":"REST"},{"floor":15,"key":"REST"}],"circlet_count":0,"master_deck":["Strike_B","Strike_B","Defend_B","Defend_B","Defend_B","Defend_B","Zap+1","Dualcast","Steam","Compile Driver","Auto Shields","Leap","Sweeping Beam","Skim","Glacier","Lockon","Multi-Cast","Steam+1","Conserve Battery","Tempest","Cold Snap+1"],"relics":["Cracked Core","Smiling Mask","Happy Flower","Vajra","Blue Candle","Cursed Key"],"acts_visited":["Exordium","TheCity"],"potions_floor_usage":[10,14,14,16],"damage_taken":[{"damage":4,"enemies":"2 Louse","floor":1,"turns":3},{"damage":1,"enemies":"Cultist","floor":3,"turns":4},{"damage":4,"enemies":"Small Slimes","floor":4,"turns":5},{"damage":0,"enemies":"Looter","floor":5,"turns":4},{"damage":17,"enemies":"Exordium Thugs","floor":7,"turns":6},{"damage":20,"enemies":"Lagavulin","floor":10,"turns":7},{"damage":3,"enemies":"Blue Slaver","floor":12,"turns":3},{"damage":40,"enemies":"Gremlin Nob","floor":13,"turns":5},{"damage":0,"enemies":"Large Slime","floor":14,"turns":5},{"damage":22,"enemies":"Hexaghost","floor":16,"turns":16},{"damage":17,"enemies":"Spheric Guardian","floor":18,"turns":6},{"damage":0,"enemies":"3 Byrds","floor":21,"turns":2}],"seed_played":"-7204869536930925391","potions_obtained":[{"floor":4,"key":"Dexterity Potion"},{"floor":5,"key":"FocusPotion"},{"floor":10,"key":"Block Potion"},{"floor":13,"key":"DistilledChaos"},{"floor":16,"key":"SteroidPotion"}],"is_trial":false,"path_per_floor":["M","?","M","M","M","R","M","R","T","E","T","M","E","M","R","B",null,"M","$","?","M"],"character_chosen":"DEFECT","items_purchased":["Conserve Battery","Tempest"],"campfire_rested":2,"item_purchase_floors":[19,19],"current_hp_per_floor":[64,64,63,59,59,59,42,64,64,44,44,41,1,1,23,1,57,40,40,40,40,40],"gold":165,"neow_bonus":"RANDOM_COMMON_RELIC","is_daily":false,"chose_seed":false,"campfire_upgraded":1,"win_rate":0.0,"timestamp":1612043401,"path_taken":["M","?","M","M","M","R","?","R","T","E","?","M","E","M","R","BOSS","M","$","?","M"],"items_purchased_type":["Card","Card"],"build_version":"2020-12-22","purchased_purges":1,"victory":false,"max_hp_per_floor":[75,75,75,75,75,75,75,75,75,75,75,75,75,75,75,75,75,75,75,75,75,75],"card_choices":[{"not_picked":["Redo","Steam Power"],"picked":"Steam","floor":1},{"not_picked":["Leap","Beam Cell"],"picked":"Compile Driver","floor":3},{"not_picked":["Storm","Biased Cognition"],"picked":"Auto Shields","floor":4},{"not_picked":["Beam Cell","Reprogram"],"picked":"Leap","floor":5},{"not_picked":["Leap","Storm"],"picked":"Sweeping Beam","floor":7},{"not_picked":["Doom and Gloom","Redo","Auto Shields"],"picked":"SKIP","floor":10},{"not_picked":["Steam","Beam Cell"],"picked":"Skim","floor":12},{"not_picked":["Genetic Algorithm","Echo Form"],"picked":"Glacier","floor":13},{"not_picked":["Compile Driver","Streamline"],"picked":"Lockon","floor":14},{"not_picked":["Reboot","All For One"],"picked":"Multi-Cast","floor":16},{"not_picked":["Fusion","Leap"],"picked":"Steam+1","floor":18},{"not_picked":["Redo+1","Hologram+1"],"picked":"Cold Snap+1","floor":20}],"player_experience":1026947,"relics_obtained":[{"floor":9,"key":"Happy Flower"},{"floor":10,"key":"Vajra"},{"floor":13,"key":"Blue Candle"}],"event_choices":[{"cards_removed":["Strike_B"],"damage_healed":0,"gold_gain":0,"player_choice":"Offered Basic","damage_taken":0,"max_hp_gain":0,"max_hp_loss":0,"event_name":"Bonfire Elementals","floor":2,"gold_loss":0},{"damage_healed":0,"gold_gain":0,"player_choice":"2","damage_taken":0,"max_hp_gain":0,"max_hp_loss":0,"event_name":"betterMatch:BetterMatch","floor":20,"gold_loss":0,"cards_obtained":["betterMatch:CommonCard"]}],"is_beta":false,"boss_relics":[{"not_picked":["Nuclear Battery","FrozenCore"],"picked":"Cursed Key"}],"items_purged_floors":[19],"is_endless":false,"potions_floor_spawned":[4,5,10,13,16],"killed_by":"3 Byrds","ascension_level":7}}