{"host":"9gwavclf33b2mpxe","time":1612007211,"event":{"mods":["BaseMod","Bestiary","Block Reminder","Colored Map","Colored Powertips","Downfall","Highlight Path","Minty Spire (QoL Compilation)","Permanent Neow","Quick Restart","Relic Stats","StSLib","SuperFastMode"],"gold_per_floor":[99,111,127,138,153,168,168,183,209,209,227,238,249,99,110,215,215,115,128,128,138,138,138,138,168,168,178,78,63,91,102,114,211,211,211,211,211,227,242,258,258,285,285,185,204,204,204,204],"floor_reached":46,"language":"ENG","playtime":2701,"items_purged":[],"score":523,"play_id":"ed2d7328-9919-4d2b-8a41-f52d4edac063","local_time":"20210130194651","is_ascension_mode":false,"campfire_choices":[{"data":"bronze:Goto","floor":1.0,"key":"SMITH"},{"data":"bronze:Turbo","floor":18.0,"key":"SMITH"},{"data":"bronze:HardenedForm","floor":23.0,"key":"SMITH"},{"floor":26.0,"key":"RECALL"},{"floor":28.0,"key":"REST"},{"data":"bronze:Invalidate","floor":35,"key":"SMITH"},{"data":"bronze:Overheat","floor":44,"key":"SMITH"}],"circlet_count":0,"master_deck":["bronze:Defend","bronze:Defend","bronze:Defend","bronze:Defend","bronze:Replicate","bronze:Goto+1","bronze:OilSpill","bronze:Overheat+1","bronze:Invalidate+1","bronze:OilSpill","bronze:Verify","bronze:Repair","bronze:BitShift","bronze:Turbo+1","bronze:Overload","bronze:HardenedForm+1","Bite","Bite","Bite","Bite","Bite","bronze:Frontload+1","Necronomicurse","bronze:Turbo+1","bronze:DelayedGuard+1","bronze:FollowUp","bronze:Deprecate+1","bronze:Refactor","bronze:ClassDefault+1","bronze:HardenedForm+1","bronze:Flail"],"relics":["bronze:ElectromagneticCoil","Sundial","Orichalcum","sneckomod:SneckoTalon","downfall:HeartBlessingGreen","Necronomicon","Ornamental Fan","Ginger","downfall:HeartBlessingRed","Ice Cream","Busted Crown","Slimebound:PreparedRelic","downfall:HeartBlessingBlue"],"acts_visited":["Exordium","TheCity","TheBeyond"],"potions_floor_usage":[33,42],"damage_taken":[{"damage":1.0,"enemies":"Cultist","floor":2.0,"turns":4.0},{"damage":3.0,"enemies":"Jaw Worm","floor":3.0,"turns":3.0},{"damage":5.0,"enemies":"Small Slimes","floor":4.0,"turns":3.0},{"damage":8.0,"enemies":"Gremlin Gang","floor":5.0,"turns":2.0},{"damage":1.0,"enemies":"Exordium Wildlife","floor":6.0,"turns":3.0},{"damage":1.0,"enemies":"Large Slime","floor":8.0,"turns":5.0},{"damage":34.0,"enemies":"3 Sentries","floor":9.0,"turns":8.0},{"damage":4.0,"enemies":"Exordium Thugs","floor":11.0,"turns":2.0},{"damage":0.0,"enemies":"Large Slime","floor":12.0,"turns":3.0},{"damage":15.0,"enemies":"Exordium Wildlife","floor":13.0,"turns":4.0},{"damage":6.0,"enemies":"3 Louse","floor":15.0,"turns":3.0},{"damage":50.0,"enemies":"SI_SHIV_ARCHETYPE","floor":16.0,"turns":10.0},{"damage":14.0,"enemies":"Spheric Guardian","floor":19.0,"turns":5.0},{"damage":4.0,"enemies":"Chosen","floor":21.0,"turns":4.0},{"damage":35.0,"enemies":"Slavers","floor":25.0,"turns":5.0},{"damage":20.0,"enemies":"Sentry and Sphere","floor":27.0,"turns":6.0},{"damage":6.0,"enemies":"downfall:FleeingMerchant","floor":29.0,"turns":4.0},{"damage":24,"enemies":"Gremlin Leader","floor":30,"turns":6},{"damage":6,"enemies":"Snake Plant","floor":31,"turns":4},{"damage":10,"enemies":"Snecko","floor":32,"turns":4},{"damage":38,"enemies":"DF_ARCHETYPE_CLAW","floor":33,"turns":11},{"damage":30,"enemies":"3 Shapes","floor":38,"turns":4},{"damage":1,"enemies":"Orb Walker","floor":39,"turns":4},{"damage":15,"enemies":"Writhing Mass","floor":40,"turns":5},{"damage":22,"enemies":"Nemesis","floor":42,"turns":6},{"damage":15,"enemies":"Sphere and 2 Shapes","floor":45,"turns":1},{"damage":36,"enemies":"4 Shapes","floor":46,"turns":3}],"seed_played":"-6543258163006497863","potions_obtained":[{"floor":4.0,"key":"Explosive Potion"},{"floor":5.0,"key":"Regen Potion"},{"floor":8.0,"key":"champ:CounterPotion"},{"floor":10.0,"key":"Strength Potion"},{"floor":10.0,"key":"champ:CounterPotion"},{"floor":12.0,"key":"Energy Potion"},{"floor":13.0,"key":"AttackPotion"},{"floor":16.0,"key":"bronze:BuildAFunctionPotion"},{"floor":21.0,"key":"bronze:FreeFunctionsPotion"},{"floor":27.0,"key":"EssenceOfSteel"},{"floor":30,"key":"bronze:BurnAndBuffPotion"},{"floor":31,"key":"Weak Potion"},{"floor":33,"key":"ColorlessPotion"},{"floor":38,"key":"champ:CounterPotion"},{"floor":40,"key":"Ancient Potion"},{"floor":45,"key":"CultistPotion"}],"is_trial":false,"path_per_floor":["R","M","M","M","M","M","T","M","E","?","M","M","M","?","M","B",null,"R","M","?","M","?","R","T","E","R","M","R","$","E","M","M","B",null,"R","?","?","M","M","M","T","E","?","R","M","M"],"character_chosen":"THE_AUTOMATON","items_purchased":[],"campfire_rested":1,"item_purchase_floors":[],"current_hp_per_floor":[70,69,66,61,53,52,52,51,32,32,28,28,13,80,74,31,80,80,73,56,56,40,40,40,18,18,8,24,37,30,32,35,26,56,56,56,56,39,44,44,44,35,35,45,30,0,0,0],"gold":204,"neow_bonus":"BOSS_RELIC","is_daily":false,"chose_seed":false,"campfire_upgraded":5,"win_rate":0.0,"timestamp":1612007211,"path_taken":["R","M","M","?","?","M","T","M","E","?","M","M","?","?","M","BOSS","R","?","?","M","?","R","T","E","R","M","R","?","E","M","M","BOSS","R","?","?","M","?","M","T","E","?","R","M","M"],"items_purchased_type":[],"build_version":"2020-12-22","purchased_purges":0,"victory":false,"max_hp_per_floor":[70,70,70,70,70,70,70,70,70,70,70,70,70,80,80,80,80,80,80,56,56,56,56,56,56,56,56,56,56,56,56,56,56,56,56,56,56,56,56,56,56,56,56,66,66,66,66,66],"relic_stats":{"Busted Crown":10,"counters":[27,122],"Sundial":[12],"Ornamental Fan":[128],"Necronomicon":[12],"Ginger":[10],"Orichalcum":[162],"obtain_stats":[{"Ice Cream":30,"bronze:ElectromagneticCoil":0,"bronze:BronzeCore":0,"downfall:HeartBlessingRed":28,"downfall:HeartBlessingGreen":18,"Ginger":25,"Orichalcum":9,"sneckomod:SneckoTalon":17,"Busted Crown":34,"Sundial":7,"Ornamental Fan":24,"downfall:HeartBlessingBlue":44,"Slimebound:PreparedRelic":42,"Necronomicon":22},{"Ice Cream":18,"bronze:ElectromagneticCoil":0,"bronze:BronzeCore":0,"downfall:HeartBlessingRed":16,"downfall:HeartBlessingGreen":12,"Ginger":15,"Orichalcum":7,"sneckomod:SneckoTalon":12,"Busted Crown":21,"Sundial":5,"Ornamental Fan":14,"downfall:HeartBlessingBlue":25,"Slimebound:PreparedRelic":25,"Necronomicon":14},{"Ice Cream":80,"bronze:ElectromagneticCoil":0,"bronze:BronzeCore":0,"downfall:HeartBlessingRed":70,"downfall:HeartBlessingGreen":50,"Ginger":64,"Orichalcum":28,"sneckomod:SneckoTalon":50,"Busted Crown":99,"Sundial":15,"Ornamental Fan":59,"downfall:HeartBlessingBlue":118,"Slimebound:PreparedRelic":118,"Necronomicon":59}]},"card_choices":[{"not_picked":["bronze:BuggyMess","bronze:Philosophize"],"picked":"bronze:OilSpill","floor":2.0},{"not_picked":["bronze:GetLatest","bronze:WhirlingStrike"],"picked":"bronze:Overheat","floor":3.0},{"not_picked":["bronze:BitShift","bronze:ChildClass","bronze:DigitalCarnage"],"picked":"SKIP","floor":4.0},{"not_picked":["bronze:BitShift","bronze:Branch","bronze:Overheat"],"picked":"SKIP","floor":5.0},{"not_picked":["bronze:DelayedGuard","bronze:BitShift"],"picked":"bronze:Invalidate","floor":6.0},{"not_picked":["bronze:BugBarrage","bronze:CutThrough"],"picked":"bronze:OilSpill","floor":8.0},{"not_picked":["bronze:Return","bronze:BronzeOrb"],"picked":"bronze:Verify","floor":9.0},{"not_picked":["bronze:WildBeam","bronze:Safeguard"],"picked":"bronze:Repair","floor":11.0},{"not_picked":["bronze:Branch","bronze:DigitalCarnage"],"picked":"bronze:BitShift","floor":12.0},{"not_picked":["bronze:CutThrough","bronze:ChosenStrike"],"picked":"bronze:Turbo","floor":13.0},{"not_picked":["bronze:CutThrough","bronze:Backtrace"],"picked":"bronze:Overload","floor":15.0},{"not_picked":["bronze:Library","bronze:BurnOut"],"picked":"bronze:HardenedForm","floor":16.0},{"not_picked":["bronze:CutThrough","bronze:Branch","bronze:Safeguard"],"picked":"SKIP","floor":19.0},{"not_picked":["bronze:Repulsor","bronze:DelayedGuard"],"picked":"bronze:Frontload+1","floor":21.0},{"not_picked":["bronze:Terminator","bronze:WhirlingStrike+1"],"picked":"bronze:Turbo+1","floor":25.0},{"not_picked":["bronze:BugBarrage","bronze:Constructor+1"],"picked":"bronze:DelayedGuard+1","floor":27.0},{"not_picked":["bronze:Branch","bronze:Refactor"],"picked":"bronze:FollowUp","floor":29.0},{"not_picked":["bronze:Turbo","bronze:Assembly"],"picked":"bronze:Deprecate+1","floor":30},{"not_picked":["bronze:Iterate","bronze:DigitalCarnage"],"picked":"bronze:Refactor","floor":31},{"not_picked":["bronze:Branch","bronze:BugBarrage+1"],"picked":"bronze:ClassDefault+1","floor":32},{"not_picked":["bronze:AlphaBuild","bronze:Format"],"picked":"bronze:HyperBeam","floor":33},{"not_picked":["bronze:Frontload"],"picked":"SKIP","floor":38},{"not_picked":["bronze:BitShift"],"picked":"SKIP","floor":39},{"not_picked":["bronze:DelayedGuard"],"picked":"SKIP","floor":40},{"not_picked":[],"picked":"bronze:Flail","floor":42},{"not_picked":["bronze:NullPointer"],"picked":"SKIP","floor":45}],"player_experience":139177,"relics_obtained":[{"floor":7.0,"key":"Sundial"},{"floor":9.0,"key":"Orichalcum"},{"floor":22.0,"key":"Necronomicon"},{"floor":24.0,"key":"Ornamental Fan"},{"floor":25.0,"key":"Ginger"},{"floor":30,"key":"Ice Cream"},{"floor":42,"key":"Slimebound:PreparedRelic"}],"event_choices":[{"damage_healed":0.0,"max_hp_gain":0.0,"max_hp_loss":0.0,"gold_gain":0.0,"event_name":"Lab","player_choice":"Got Potions","floor":10.0,"gold_loss":0.0,"damage_taken":0.0},{"damage_healed":0.0,"max_hp_gain":0.0,"max_hp_loss":24.0,"gold_gain":0.0,"event_name":"Vampires","player_choice":"Became a vampire","floor":20.0,"gold_loss":0.0,"damage_taken":0.0,"cards_obtained":["Bite","Bite","Bite","Bite","Bite"]},{"cards_removed":["bronze:HyperBeam"],"damage_healed":0,"gold_gain":0,"player_choice":"Removed Attack","damage_taken":0,"max_hp_gain":0,"max_hp_loss":0,"event_name":"Falling","floor":43,"gold_loss":0}],"is_beta":false,"boss_relics":[{"not_picked":["Black Star","Philosopher\u0027s Stone"],"picked":"sneckomod:SneckoTalon"},{"not_picked":["Tiny House","Empty Cage"],"picked":"Busted Crown"}],"items_purged_floors":[],"is_endless":false,"potions_floor_spawned":[4,5,8,12,13,16,21,27,30,31,33,38,40,45],"killed_by":"4 Shapes","ascension_level":0}}