{"host":"pi8b3ffzwvxqztac","time":1612045562,"event":{"mods":["BaseMod","Colored Map","Custom Start","Downfall","Minty Spire (QoL Compilation)","StSLib"],"gold_per_floor":[109,109,109,123,137,137,152,172,199,211,233,245,15,27,27,123,123,140,140,157,7,7,7,22,42,120,150,150,25,25,39,39,141,141,156,171,21,21,36,66,66,92,92,121,121,121,137,153,153,153,153],"floor_reached":50,"language":"ENG","playtime":2768,"items_purged":["Strike_P","Strike_P","Strike_P","Defend_P"],"score":626,"play_id":"c13ccaa5-15e3-4d55-964e-ebc4fa7e8ef1","local_time":"20210131112602","is_ascension_mode":true,"campfire_choices":[{"data":"Judgement","floor":6,"key":"SMITH"},{"data":"Vigilance","floor":10,"key":"SMITH"},{"data":"Brilliance","floor":12,"key":"SMITH"},{"data":"Apotheosis","floor":15,"key":"SMITH"},{"data":"Evaluate","floor":23,"key":"SMITH"},{"data":"TalkToTheHand","floor":28,"key":"SMITH"},{"data":"Perseverance","floor":30,"key":"SMITH"},{"data":"Perseverance","floor":32,"key":"SMITH"},{"floor":45,"key":"REST"},{"floor":49,"key":"REST"}],"circlet_count":0,"master_deck":["Defend_P","Defend_P","Defend_P","Eruption","Vigilance+1","Judgement+1","CutThroughFate+1","EmptyBody","BowlingBash","Brilliance+1","Prostrate","Perseverance+1","Apotheosis+1","WindmillStrike","Brilliance","Prostrate","Evaluate+1","Brilliance+1","Perseverance+1","Devotion","Establishment","Devotion","Prostrate","Parasite"],"relics":["HolyWater","MawBank","Question Card","MealTicket","Fusion Hammer","Orichalcum","Bag of Marbles","Anchor","Whetstone"],"acts_visited":["Exordium","TheCity","TheBeyond"],"potions_floor_usage":[16,20,24,31,40,40,50],"damage_taken":[{"damage":6,"enemies":"Cultist","floor":1,"turns":4},{"damage":0,"enemies":"2 Louse","floor":4,"turns":3},{"damage":0,"enemies":"Jaw Worm","floor":5,"turns":2},{"damage":0,"enemies":"Exordium Wildlife","floor":7,"turns":2},{"damage":0,"enemies":"Gremlin Gang","floor":8,"turns":3},{"damage":2,"enemies":"Red Slaver","floor":11,"turns":3},{"damage":0,"enemies":"3 Louse","floor":14,"turns":2},{"damage":28,"enemies":"The Guardian","floor":16,"turns":9},{"damage":0,"enemies":"Shell Parasite","floor":18,"turns":4},{"damage":2,"enemies":"Chosen","floor":20,"turns":5},{"damage":2,"enemies":"Centurion and Healer","floor":24,"turns":3},{"damage":0,"enemies":"Cultist and Chosen","floor":25,"turns":3},{"damage":2,"enemies":"Book of Stabbing","floor":27,"turns":6},{"damage":11,"enemies":"Snake Plant","floor":31,"turns":4},{"damage":14,"enemies":"Automaton","floor":33,"turns":10},{"damage":5,"enemies":"Orb Walker","floor":35,"turns":5},{"damage":0,"enemies":"3 Shapes","floor":36,"turns":3},{"damage":2,"enemies":"Sphere and 2 Shapes","floor":39,"turns":4},{"damage":10,"enemies":"Nemesis","floor":40,"turns":5},{"damage":1,"enemies":"Giant Head","floor":42,"turns":6},{"damage":40,"enemies":"Reptomancer","floor":44,"turns":5},{"damage":0,"enemies":"Spire Growth","floor":47,"turns":4},{"damage":15,"enemies":"Writhing Mass","floor":48,"turns":7},{"damage":70,"enemies":"Time Eater","floor":50,"turns":7}],"seed_played":"4058395496930156778","potions_obtained":[{"floor":1,"key":"AttackPotion"},{"floor":7,"key":"Swift Potion"},{"floor":8,"key":"Block Potion"},{"floor":16,"key":"bronze:BurnAndBuffPotion"},{"floor":18,"key":"SkillPotion"},{"floor":25,"key":"Weak Potion"},{"floor":36,"key":"Swift Potion"},{"floor":42,"key":"SteroidPotion"},{"floor":44,"key":"BottledMiracle"},{"floor":48,"key":"Fire Potion"}],"is_trial":false,"path_per_floor":["M","?","?","M","M","R","M","M","T","R","M","R","$","M","R","B",null,"M","?","M","$","?","R","M","M","T","E","R","$","R","M","R","B",null,"M","M","$","$","M","E","$","E","T","E","R","?","M","M","R","B"],"character_chosen":"WATCHER","items_purchased":["Apotheosis","Evaluate"],"campfire_rested":2,"item_purchase_floors":[13,21],"current_hp_per_floor":[45,50,50,50,50,50,50,50,50,50,48,48,48,48,48,20,77,77,77,75,75,75,75,73,73,73,71,71,77,77,66,66,52,77,72,72,77,77,75,65,77,76,76,36,59,59,59,44,67,0,0],"gold":153,"neow_bonus":"THREE_RARE_CARDS","is_daily":false,"chose_seed":false,"campfire_upgraded":8,"win_rate":0.0,"timestamp":1612045562,"path_taken":["M","?","?","M","M","R","M","M","T","R","M","R","$","M","R","BOSS","M","?","M","$","?","R","M","M","T","E","R","?","R","M","R","BOSS","M","?","?","$","M","E","$","E","T","E","R","?","M","?","R","BOSS"],"items_purchased_type":["Card","Card"],"build_version":"2020-12-22","purchased_purges":4,"victory":false,"max_hp_per_floor":[72,77,77,77,77,77,77,77,77,77,77,77,77,77,77,77,77,77,77,77,77,77,77,77,77,77,77,77,77,77,77,77,77,77,77,77,77,77,77,77,77,77,77,77,77,77,77,77,77,77,77],"card_choices":[{"not_picked":["Alpha","Omniscience"],"picked":"Judgement","floor":0},{"not_picked":["Adaptation","FollowUp"],"picked":"CutThroughFate","floor":1},{"not_picked":["Vengeance","EmptyFist"],"picked":"BowlingBash","floor":4},{"not_picked":["CutThroughFate","BowlingBash"],"picked":"Brilliance","floor":5},{"not_picked":["ForeignInfluence","Protect","WreathOfFlame"],"picked":"SKIP","floor":7},{"not_picked":["ForeignInfluence","Protect","WreathOfFlame"],"picked":"SKIP","floor":7},{"not_picked":["Fasting2","Crescendo"],"picked":"Prostrate","floor":8},{"not_picked":["SignatureMove","Swivel"],"picked":"Perseverance","floor":11},{"not_picked":["FlurryOfBlows","Halt"],"picked":"WindmillStrike","floor":14},{"not_picked":["Omniscience","Judgement"],"picked":"Brilliance","floor":16},{"not_picked":["FlurryOfBlows","Consecrate","ClearTheMind"],"picked":"SKIP","floor":18},{"not_picked":["BowlingBash+1","EmptyBody","Crescendo+1"],"picked":"SKIP","floor":20},{"not_picked":["FlurryOfBlows","Adaptation","BowlingBash"],"picked":"SKIP","floor":24},{"not_picked":["Sanctity","Protect"],"picked":"TalkToTheHand","floor":25},{"not_picked":["ThirdEye","DeceiveReality","Collect+1"],"picked":"Brilliance","floor":27},{"not_picked":["SashWhip+1","Fasting2","Adaptation"],"picked":"Perseverance","floor":31},{"not_picked":["DeusExMachina","ConjureBlade","Brilliance"],"picked":"Devotion","floor":33},{"not_picked":["SashWhip","Protect+1","LikeWater","Consecrate+1"],"picked":"SKIP","floor":35},{"not_picked":["Crescendo","Weave+1","Perseverance+1","BowlingBash"],"picked":"SKIP","floor":36},{"not_picked":["Halt+1","BowlingBash","SashWhip"],"picked":"Establishment","floor":39},{"not_picked":["Vengeance","Judgement","TalkToTheHand"],"picked":"Devotion","floor":40},{"not_picked":["Sanctity+1","PathToVictory+1","EmptyMind+1","BowlingBash+1"],"picked":"SKIP","floor":42},{"not_picked":["InnerPeace+1","ClearTheMind+1","Halt+1","CutThroughFate"],"picked":"SKIP","floor":44},{"not_picked":["CrushJoints+1","Conclude","CarveReality"],"picked":"Prostrate","floor":47},{"not_picked":["InnerPeace+1","Evaluate+1","Prostrate","Conclude"],"picked":"SKIP","floor":48}],"player_experience":676252,"relics_obtained":[{"floor":9,"key":"MawBank"},{"floor":26,"key":"Question Card"},{"floor":27,"key":"MealTicket"},{"floor":40,"key":"Orichalcum"},{"floor":42,"key":"Bag of Marbles"},{"floor":43,"key":"Anchor"},{"floor":44,"key":"Whetstone"}],"event_choices":[{"damage_healed":0,"gold_gain":0,"player_choice":"Donut","damage_taken":0,"max_hp_gain":5,"max_hp_loss":0,"event_name":"Big Fish","floor":2,"gold_loss":0},{"damage_healed":0,"gold_gain":0,"cards_transformed":["Strike_P"],"player_choice":"Transformed","damage_taken":0,"max_hp_gain":0,"max_hp_loss":0,"event_name":"Transmorgrifier","floor":3,"gold_loss":0,"cards_obtained":["EmptyBody"]},{"damage_healed":0,"gold_gain":0,"player_choice":"Read","damage_taken":0,"max_hp_gain":0,"max_hp_loss":0,"event_name":"The Library","floor":19,"gold_loss":0,"cards_obtained":["Prostrate"]},{"cards_removed":["TalkToTheHand"],"damage_healed":0,"gold_gain":0,"player_choice":"Removed Attack","damage_taken":0,"max_hp_gain":0,"max_hp_loss":0,"event_name":"Falling","floor":46,"gold_loss":0}],"is_beta":false,"boss_relics":[{"not_picked":["Velvet Choker","Calling Bell"],"picked":"HolyWater"},{"not_picked":["SlaversCollar","Coffee Dripper"],"picked":"Fusion Hammer"}],"items_purged_floors":[13,21,29,37],"is_endless":false,"potions_floor_spawned":[1,7,8,14,16,18,25,36,42,44,48],"killed_by":"Time Eater","ascension_level":2}}