{"host":"4jj9j1v1tx707ann","time":1612003151,"event":{"mods":["AchievementEnabler","BaseMod","Colored Map","Keyboard Shortcuts","Minty Spire (QoL Compilation)","Permanent Neow","Quick Restart","Rare Cards Sparkle","StSLib","SuperFastMode","everything is the same but u backflip on backflip"],"gold_per_floor":[112,122,137,150,166,199,199,233,292,304,333,420,444,456,468,575,587,614,4,0,100,113,148,148,148],"floor_reached":24,"language":"KOR","playtime":866,"items_purged":["Strike_G"],"score":274,"play_id":"18ec620e-d06a-4d19-9396-554de7c5dfb9","local_time":"20210130193911","is_ascension_mode":true,"campfire_choices":[{"floor":7.0,"key":"REST"},{"data":"Noxious Fumes","floor":10.0,"key":"SMITH"},{"floor":15.0,"key":"REST"}],"circlet_count":0,"master_deck":["Strike_G","Strike_G","Strike_G","Defend_G","Defend_G","Defend_G","Defend_G","Defend_G","Survivor","Neutralize","PiercingWail","Noxious Fumes+1","Dagger Spray","Blade Dance","Footwork","Terror","Accuracy","Cloak And Dagger","Adrenaline","Dagger Throw+1","Infinite Blades","Panacea","Master of Strategy","Accuracy"],"relics":["Ring of the Snake","Juzu Bracelet","Orichalcum","MawBank","Smiling Mask","Black Star","Shuriken","Blue Candle","Nunchaku"],"acts_visited":["Exordium","TheCity"],"potions_floor_usage":[23,24],"damage_taken":[{"damage":4.0,"enemies":"Jaw Worm","floor":1.0,"turns":5.0},{"damage":0.0,"enemies":"2 Louse","floor":2.0,"turns":3.0},{"damage":0.0,"enemies":"Cultist","floor":3.0,"turns":4.0},{"damage":19.0,"enemies":"Large Slime","floor":4.0,"turns":8.0},{"damage":14.0,"enemies":"Gremlin Gang","floor":5.0,"turns":5.0},{"damage":26.0,"enemies":"Lagavulin","floor":6.0,"turns":9.0},{"damage":4.0,"enemies":"3 Sentries","floor":8.0,"turns":6.0},{"damage":10.0,"enemies":"Lots of Slimes","floor":11.0,"turns":3.0},{"damage":3.0,"enemies":"Blue Slaver","floor":13.0,"turns":3.0},{"damage":4.0,"enemies":"Hexaghost","floor":16.0,"turns":9.0},{"damage":13.0,"enemies":"Shell Parasite","floor":18.0,"turns":5.0},{"damage":8,"enemies":"3 Byrds","floor":22,"turns":5},{"damage":32,"enemies":"Book of Stabbing","floor":23,"turns":5},{"damage":17,"enemies":"Sentry and Sphere","floor":24,"turns":3}],"seed_played":"-4479693021038934664","potions_obtained":[{"floor":2.0,"key":"Regen Potion"},{"floor":3.0,"key":"DuplicationPotion"},{"floor":6.0,"key":"LiquidMemories"},{"floor":13.0,"key":"Ancient Potion"},{"floor":22,"key":"Fire Potion"},{"floor":23,"key":"Block Potion"}],"is_trial":false,"path_per_floor":["M","M","M","M","M","E","R","E","T","R","M","?","M","?","R","B",null,"M","$","?","?","M","E","M"],"character_chosen":"THE_SILENT","items_purchased":["Infinite Blades","Shuriken","Panacea","Master of Strategy"],"campfire_rested":2,"item_purchase_floors":[19,19,19,19],"current_hp_per_floor":[66,66,66,47,33,7,28,39,39,39,29,18,15,15,36,32,70,57,57,57,57,49,17,0,0],"gold":148,"neow_bonus":"RANDOM_COMMON_RELIC","is_daily":false,"chose_seed":false,"campfire_upgraded":1,"win_rate":0.0,"timestamp":1612003151,"path_taken":["M","M","M","M","M","E","R","E","T","R","M","?","M","?","R","BOSS","M","$","?","?","M","E","M"],"items_purchased_type":["Card","Relic","Card","Card"],"build_version":"2020-12-22","purchased_purges":1,"victory":false,"max_hp_per_floor":[70,70,70,70,70,70,70,70,70,70,70,70,70,70,70,70,70,70,70,70,70,70,70,70,70],"card_choices":[{"not_picked":["Underhanded Strike","Outmaneuver"],"picked":"PiercingWail","floor":1.0},{"not_picked":["Deadly Poison","Deflect"],"picked":"Noxious Fumes","floor":2.0},{"not_picked":["Dagger Throw","Prepared"],"picked":"Dagger Spray","floor":3.0},{"not_picked":["Endless Agony","Dagger Throw","Prepared"],"picked":"SKIP","floor":4.0},{"not_picked":["Flechettes","Riddle With Holes"],"picked":"Blade Dance","floor":5.0},{"not_picked":["Reflex","Acrobatics"],"picked":"Footwork","floor":6.0},{"not_picked":["Finisher","Distraction"],"picked":"Terror","floor":8.0},{"not_picked":["Sucker Punch","Burst"],"picked":"Accuracy","floor":11.0},{"not_picked":["Dodge and Roll","Eviscerate"],"picked":"Cloak And Dagger","floor":13.0},{"not_picked":["Burst","Tools of the Trade"],"picked":"Adrenaline","floor":16.0},{"not_picked":["Concentrate","PiercingWail"],"picked":"Dagger Throw+1","floor":18.0},{"not_picked":["Endless Agony","Prepared","Slice+1"],"picked":"SKIP","floor":22},{"not_picked":["Dodge and Roll+1","Flying Knee+1"],"picked":"Accuracy","floor":23}],"player_experience":172146,"relics_obtained":[{"floor":6.0,"key":"Orichalcum"},{"floor":8.0,"key":"MawBank"},{"floor":9.0,"key":"Smiling Mask"},{"floor":23,"key":"Blue Candle"},{"floor":23,"key":"Nunchaku"}],"event_choices":[{"damage_healed":0.0,"max_hp_gain":0.0,"max_hp_loss":0.0,"gold_gain":75.0,"event_name":"World of Goop","player_choice":"Gather Gold","floor":12.0,"gold_loss":0.0,"damage_taken":11.0},{"cards_removed":["Strike_G"],"damage_healed":0.0,"max_hp_gain":0.0,"max_hp_loss":0.0,"gold_gain":0.0,"event_name":"Wheel of Change","player_choice":"Card Removal","floor":14.0,"gold_loss":0.0,"damage_taken":0.0},{"damage_healed":0.0,"max_hp_gain":0.0,"max_hp_loss":0.0,"gold_gain":0.0,"event_name":"Masked Bandits","player_choice":"Paid Fearfully","floor":20.0,"gold_loss":4.0,"damage_taken":0.0},{"damage_healed":0.0,"max_hp_gain":0.0,"max_hp_loss":0.0,"gold_gain":100.0,"event_name":"Golden Shrine","player_choice":"Pray","floor":21.0,"gold_loss":0.0,"damage_taken":0.0}],"is_beta":false,"boss_relics":[{"not_picked":["Busted Crown","HoveringKite"],"picked":"Black Star"}],"items_purged_floors":[19],"is_endless":false,"potions_floor_spawned":[2,3,6,13,22,23],"killed_by":"Sentry and Sphere","ascension_level":4}}