{"host":"kh6fvhxn285ncg0o","time":1612016077,"event":{"mods":["Act Like it!","BaseMod","Colored Map","Friendly Minions","Keyboard Shortcuts","Minty Spire (QoL Compilation)","Quick Restart","Relic Stats","StSLib","SuperFastMode","UnlockEverythingMod"],"gold_per_floor":[151,188,188,20,73,73,126,51,130,176,176,296,354,389,389,463,463,500,550,550,45,70,70,70],"floor_reached":23,"language":"KOR","playtime":616,"items_purged":["Strike_R","Strike_R"],"score":402,"play_id":"98ce94ae-9f76-49ee-afb9-33dbf4218a75","local_time":"20210130231437","is_ascension_mode":true,"campfire_choices":[{"floor":6.0,"key":"REST"},{"data":"HandOfGreed","floor":11.0,"key":"SMITH"},{"data":"Rage","floor":15.0,"key":"SMITH"}],"circlet_count":0,"master_deck":["AscendersBane","Strike_R+1","Strike_R","Strike_R","Defend_R","Defend_R","Defend_R","Defend_R+1","Bash","HandOfGreed+1","Rage+1","Fire Breathing","Second Wind","Shrug It Off","Pommel Strike","Immolate","Evolve","Dark Embrace","Master of Strategy","Purity","Body Slam"],"relics":["Burning Blood","TheAbacus","HornCleat","Omamori","Bronze Scales","Black Star","Orichalcum"],"acts_visited":["Exordium","TheCity"],"potions_floor_usage":[],"damage_taken":[{"damage":12.0,"enemies":"Small Slimes","floor":1.0,"turns":5.0},{"damage":1.0,"enemies":"Jaw Worm","floor":2.0,"turns":4.0},{"damage":12.0,"enemies":"2 Louse","floor":5.0,"turns":7.0},{"damage":4.0,"enemies":"2 Fungi Beasts","floor":7.0,"turns":4.0},{"damage":18.0,"enemies":"Lagavulin","floor":10.0,"turns":6.0},{"damage":12.0,"enemies":"Lots of Slimes","floor":12.0,"turns":10.0},{"damage":12.0,"enemies":"3 Sentries","floor":13.0,"turns":5.0},{"damage":0.0,"enemies":"Large Slime","floor":14.0,"turns":3.0},{"damage":18.0,"enemies":"Slime Boss","floor":16.0,"turns":7.0},{"damage":9.0,"enemies":"Chosen","floor":18.0,"turns":7.0},{"damage":4.0,"enemies":"2 Thieves","floor":22.0,"turns":4.0},{"damage":59,"enemies":"Gremlin Leader","floor":23,"turns":6}],"seed_played":"7123892915694145529","potions_obtained":[{"floor":5.0,"key":"PowerPotion"},{"floor":7.0,"key":"FearPotion"},{"floor":10.0,"key":"Swift Potion"},{"floor":13.0,"key":"Block Potion"},{"floor":16.0,"key":"PowerPotion"},{"floor":18.0,"key":"Energy Potion"}],"is_trial":false,"path_per_floor":["M","M","?","$","M","R","M","$","T","E","R","M","E","M","R","B",null,"M","?","?","$","M","E"],"character_chosen":"IRONCLAD","items_purchased":["TheAbacus","Dark Embrace","Master of Strategy","Purity"],"campfire_rested":1,"item_purchase_floors":[4,21,21,21],"current_hp_per_floor":[44,49,26,26,20,42,44,44,44,32,32,26,20,26,26,14,60,57,57,57,57,59,0,0],"gold":70,"neow_bonus":"RANDOM_COLORLESS_2","is_daily":false,"chose_seed":false,"campfire_upgraded":2,"win_rate":0.0,"timestamp":1612016077,"path_taken":["M","M","?","$","M","R","M","$","T","E","R","M","E","M","R","BOSS","M","?","?","$","M","E"],"items_purchased_type":["Relic","Card","Card","Card"],"build_version":"2020-12-22","purchased_purges":2,"victory":false,"max_hp_per_floor":[75,75,75,75,75,75,75,75,75,75,75,75,75,75,75,75,75,75,75,75,75,75,75,75],"relic_stats":{"TheAbacus":[114],"counters":[12,68],"Bronze Scales":[54],"Black Star":0,"Orichalcum":[18],"obtain_stats":[{"TheAbacus":4,"HornCleat":9,"Bronze Scales":13,"Omamori":10,"Black Star":17,"Orichalcum":20,"Burning Blood":0},{"TheAbacus":2,"HornCleat":4,"Bronze Scales":7,"Omamori":5,"Black Star":9,"Orichalcum":10,"Burning Blood":0},{"TheAbacus":9,"HornCleat":20,"Bronze Scales":41,"Omamori":26,"Black Star":51,"Orichalcum":58,"Burning Blood":0}],"Burning Blood":66},"card_choices":[{"not_picked":["Violence","Chrysalis"],"picked":"HandOfGreed","floor":0.0},{"not_picked":["Perfected Strike","Uppercut"],"picked":"Rage","floor":1.0},{"not_picked":["Rage","Pummel","Carnage"],"picked":"SKIP","floor":2.0},{"not_picked":["Wild Strike","Carnage"],"picked":"Fire Breathing","floor":5.0},{"not_picked":["Pommel Strike","Heavy Blade"],"picked":"Second Wind","floor":7.0},{"not_picked":["Brutality","Fire Breathing"],"picked":"Shrug It Off","floor":10.0},{"not_picked":["Thunderclap","Armaments"],"picked":"Pommel Strike","floor":12.0},{"not_picked":["Twin Strike","Flex"],"picked":"Immolate","floor":13.0},{"not_picked":["Armaments","Clothesline"],"picked":"Evolve","floor":14.0},{"not_picked":["Clothesline+1","Wild Strike","Thunderclap"],"picked":"SKIP","floor":18.0},{"not_picked":["Headbutt","Ghostly Armor"],"picked":"Body Slam","floor":22.0}],"player_experience":1297806,"relics_obtained":[{"floor":9.0,"key":"HornCleat"},{"floor":10.0,"key":"Omamori"},{"floor":13.0,"key":"Bronze Scales"}],"event_choices":[{"damage_healed":0.0,"max_hp_gain":0.0,"max_hp_loss":0.0,"gold_gain":0.0,"event_name":"Shining Light","player_choice":"Entered Light","floor":3.0,"gold_loss":0.0,"damage_taken":23.0,"cards_upgraded":["Strike_R","Defend_R"]},{"damage_healed":0.0,"max_hp_gain":0.0,"max_hp_loss":0.0,"gold_gain":50.0,"event_name":"Nest","player_choice":"Stole From Cult","floor":19.0,"gold_loss":0.0,"damage_taken":0.0},{"damage_healed":0.0,"max_hp_gain":0.0,"max_hp_loss":0.0,"gold_gain":0.0,"event_name":"The Mausoleum","player_choice":"Opened","floor":20.0,"gold_loss":0.0,"damage_taken":0.0,"relics_obtained":["Orichalcum"],"cards_obtained":["Writhe"]}],"is_beta":false,"boss_relics":[{"not_picked":["SlaversCollar","Calling Bell"],"picked":"Black Star"}],"items_purged_floors":[8,21],"is_endless":false,"potions_floor_spawned":[5,7,10,13,16,18],"killed_by":"Gremlin Leader","ascension_level":20}}