{"host":"ebj6lkgm8suah319","time":1612017073,"event":{"mods":["2.2 Compatiblity","AchievementEnabler","BaseMod","Block Reminder","Colored Map","Colored Powertips","Minty Spire (QoL Compilation)","Quick Restart","Rare Cards Sparkle","Relic Stats","SuperFastMode"],"gold_per_floor":[115,115,48,61,77,105,119,129,129,144,144,174,174,250,250,348,348,314,23,23,23,42,67,67,92,119,119,119,133,12,29,29,29,29],"floor_reached":33,"language":"ENG","playtime":1172,"items_purged":["Strike_G"],"score":410,"play_id":"c0e3e174-fe96-47c6-b725-2b50ddd80f5b","local_time":"20210130093113","is_ascension_mode":true,"campfire_choices":[{"floor":11.0,"key":"REST"},{"data":"Skewer","floor":13.0,"key":"SMITH"},{"data":"Tools of the Trade","floor":15.0,"key":"SMITH"},{"data":"Wraith Form v2","floor":24.0,"key":"SMITH"},{"floor":27,"key":"REST"},{"data":"Envenom","floor":32,"key":"SMITH"}],"circlet_count":0,"master_deck":["Strike_G","Strike_G","Strike_G","Strike_G","Defend_G","Defend_G","Defend_G","Defend_G+1","Defend_G","Survivor","Neutralize","Master of Strategy+1","Poisoned Stab","Dash","Skewer+1","Tools of the Trade+1","Leg Sweep","Backstab","Envenom+1","Predator","Infinite Blades","Wraith Form v2+1","Backflip","Acrobatics+1","Footwork"],"relics":["Ring of the Snake","War Paint","Matryoshka","Singing Bowl","Philosopher\u0027s Stone","Vajra","Meat on the Bone","Ancient Tea Set","Nunchaku","Omamori"],"acts_visited":["Exordium","TheCity"],"potions_floor_usage":[25,28,33,33],"damage_taken":[{"damage":0.0,"enemies":"Small Slimes","floor":1.0,"turns":4.0},{"damage":0.0,"enemies":"Cultist","floor":4.0,"turns":3.0},{"damage":0.0,"enemies":"2 Louse","floor":5.0,"turns":3.0},{"damage":51.0,"enemies":"Lagavulin","floor":6.0,"turns":8.0},{"damage":5.0,"enemies":"2 Fungi Beasts","floor":7.0,"turns":4.0},{"damage":2.0,"enemies":"3 Louse","floor":8.0,"turns":4.0},{"damage":2.0,"enemies":"Lots of Slimes","floor":10.0,"turns":5.0},{"damage":17.0,"enemies":"Gremlin Nob","floor":12.0,"turns":5.0},{"damage":19.0,"enemies":"The Guardian","floor":16.0,"turns":17.0},{"damage":5.0,"enemies":"2 Thieves","floor":18.0,"turns":5.0},{"damage":8.0,"enemies":"Spheric Guardian","floor":22.0,"turns":5.0},{"damage":8.0,"enemies":"Gremlin Leader","floor":23.0,"turns":8.0},{"damage":23,"enemies":"Book of Stabbing","floor":25,"turns":5},{"damage":9,"enemies":"Gremlin Leader","floor":28,"turns":6},{"damage":16,"enemies":"Cultist and Chosen","floor":29,"turns":5},{"damage":0,"enemies":"Centurion and Healer","floor":31,"turns":6},{"damage":66,"enemies":"Collector","floor":33,"turns":12}],"seed_played":"-7076212835417673291","potions_obtained":[{"floor":4.0,"key":"Swift Potion"},{"floor":5.0,"key":"Regen Potion"},{"floor":6.0,"key":"Fire Potion"},{"floor":12.0,"key":"PowerPotion"},{"floor":16.0,"key":"DistilledChaos"},{"floor":18.0,"key":"FearPotion"},{"floor":25,"key":"SmokeBomb"},{"floor":31,"key":"SkillPotion"}],"is_trial":false,"path_per_floor":["M","?","$","M","M","E","M","M","T","M","R","E","R","?","R","B",null,"M","$","?","?","M","E","R","E","T","R","E","M","$","M","R","B"],"character_chosen":"THE_SILENT","items_purchased":["Dash","Vajra","Infinite Blades","Footwork","PowerPotion"],"campfire_rested":2,"item_purchase_floors":[3,19,19,30,30],"current_hp_per_floor":[63,63,63,63,63,12,7,5,5,3,24,23,23,23,23,4,55,50,50,50,50,44,38,38,27,27,49,40,36,36,50,50,0,0],"gold":29,"neow_bonus":"RANDOM_COLORLESS_2","is_daily":false,"chose_seed":false,"campfire_upgraded":4,"win_rate":0.0,"timestamp":1612017073,"path_taken":["M","?","$","M","M","E","M","?","T","M","R","E","R","?","R","BOSS","M","$","?","?","M","E","R","E","T","R","E","?","?","M","R","BOSS"],"items_purchased_type":["Card","Relic","Card","Card","Potion"],"build_version":"2020-12-22","purchased_purges":1,"victory":false,"max_hp_per_floor":[70,70,70,70,70,70,70,70,70,70,70,72,72,72,72,72,72,72,72,72,72,74,76,76,76,76,76,76,76,76,78,78,78,78],"relic_stats":{"Nunchaku":[7],"Singing Bowl":8,"counters":[17,105],"War Paint":["Master of Strategy","Defend_G"],"obtain_stats":[{"Nunchaku":26,"Matryoshka":9,"Singing Bowl":12,"Vajra":19,"Philosopher\u0027s Stone":17,"Omamori":26,"War Paint":6,"Ancient Tea Set":25,"Ring of the Snake":0,"Meat on the Bone":23},{"Nunchaku":13,"Matryoshka":6,"Singing Bowl":8,"Vajra":10,"Philosopher\u0027s Stone":9,"Omamori":13,"War Paint":4,"Ancient Tea Set":13,"Ring of the Snake":0,"Meat on the Bone":12},{"Nunchaku":76,"Matryoshka":26,"Singing Bowl":36,"Vajra":58,"Philosopher\u0027s Stone":53,"Omamori":76,"War Paint":18,"Ancient Tea Set":76,"Ring of the Snake":0,"Meat on the Bone":71}],"Ring of the Snake":[34],"Meat on the Bone":36},"card_choices":[{"not_picked":["Thinking Ahead","Magnetism"],"picked":"Master of Strategy","floor":0.0},{"not_picked":["Deadly Poison","Terror"],"picked":"Poisoned Stab","floor":1.0},{"not_picked":["Dodge and Roll","Blur","PiercingWail"],"picked":"SKIP","floor":4.0},{"not_picked":["Tactician","Acrobatics"],"picked":"Skewer","floor":5.0},{"not_picked":["Acrobatics","Concentrate"],"picked":"Tools of the Trade","floor":6.0},{"not_picked":["Deflect","PiercingWail"],"picked":"Leg Sweep","floor":7.0},{"not_picked":["Backflip","Acrobatics","Finisher"],"picked":"SKIP","floor":8.0},{"not_picked":["Accuracy","Flying Knee"],"picked":"Backstab","floor":10.0},{"not_picked":["Escape Plan","Accuracy","Underhanded Strike"],"picked":"Singing Bowl","floor":12.0},{"not_picked":["Venomology","Glass Knife"],"picked":"Envenom","floor":16.0},{"not_picked":["Calculated Gamble","Prepared+1"],"picked":"Predator","floor":18.0},{"not_picked":["Dodge and Roll+1","Heel Hook","Flying Knee+1"],"picked":"Singing Bowl","floor":22.0},{"not_picked":["Doppelganger","Slice","Setup"],"picked":"Singing Bowl","floor":23.0},{"not_picked":["Flying Knee+1","Acrobatics"],"picked":"Backflip","floor":25},{"not_picked":["Phantasmal Killer","Poisoned Stab"],"picked":"Acrobatics+1","floor":29},{"not_picked":["Acrobatics+1","Skewer+1","PiercingWail"],"picked":"Singing Bowl","floor":31}],"player_experience":98743,"relics_obtained":[{"floor":6.0,"key":"War Paint"},{"floor":9.0,"key":"Matryoshka"},{"floor":12.0,"key":"Singing Bowl"},{"floor":23.0,"key":"Meat on the Bone"},{"floor":25,"key":"Ancient Tea Set"},{"floor":26,"key":"Nunchaku"},{"floor":26,"key":"Omamori"}],"event_choices":[{"cards_removed":["Writhe"],"damage_healed":0.0,"max_hp_gain":0.0,"max_hp_loss":0.0,"gold_gain":0.0,"event_name":"Fountain of Cleansing","player_choice":"Removed Curses","floor":2.0,"gold_loss":0.0,"damage_taken":0.0},{"damage_healed":0.0,"max_hp_gain":0.0,"max_hp_loss":0.0,"gold_gain":76.0,"event_name":"Golden Wing","player_choice":"Gained Gold","floor":14.0,"gold_loss":0.0,"damage_taken":0.0},{"damage_healed":0.0,"max_hp_gain":0.0,"max_hp_loss":0.0,"gold_gain":0.0,"event_name":"Match and Keep!","player_choice":"1 cards matched","floor":21.0,"gold_loss":0.0,"damage_taken":0.0,"cards_obtained":["Wraith Form v2"]}],"is_beta":false,"boss_relics":[{"not_picked":["Tiny House","WristBlade"],"picked":"Philosopher\u0027s Stone"}],"items_purged_floors":[19],"is_endless":false,"potions_floor_spawned":[4,5,6,12,16,18,25,31],"killed_by":"Collector","ascension_level":6}}