{"host":"tetk82fuf8thwxol","time":1612039750,"event":{"mods":["AchievementEnabler","BaseMod","BetterRewards","GifTheSpireLib","Hermit","Jorbs\u0027s Wanderer Trilogy","Minty Spire (QoL Compilation)","Permanent Neow","Quick Restart","Shop Mod","Spicy Shops","StSLib","The Bug Knight","The Cursed","The Forsaken","The Runesmith"],"gold_per_floor":[109,109,109,123,143,143,174,174,199,210,223,252,271,26,26,127,127,144,144,159,13,13,13,28,28,28,28,28,28,42,69,69,69,69],"floor_reached":33,"language":"ENG","playtime":1053,"items_purged":[],"score":406,"play_id":"959b6050-7efc-46b0-a5dc-cdc979d99382","local_time":"20210130144910","is_ascension_mode":true,"campfire_choices":[{"data":"Vigilance","floor":6,"key":"SMITH"},{"floor":8,"key":"REST"},{"floor":15,"key":"REST"},{"data":"Adaptation","floor":23,"key":"SMITH"},{"floor":25,"key":"REST"},{"floor":32,"key":"REST"}],"circlet_count":0,"master_deck":["Strike_P","Strike_P","Strike_P","Strike_P","Defend_P","Defend_P","Defend_P","Defend_P","Eruption+1","Vigilance+1","FlurryOfBlows","Consecrate","FlurryOfBlows","BowlingBash","Meditate","ReachHeaven","Pray","Tantrum","Adaptation+1","Vengeance","Ragnarok","Decay","Crescendo","EmptyFist+1"],"relics":["PureWater","NeowsBlessing","TungstenRod","StrikeDummy","Oddly Smooth Stone","Happy Flower","Sozu","Lantern","Girya","MealTicket","Tiny Chest"],"acts_visited":["Exordium","TheCity"],"potions_floor_usage":[16,18,20],"damage_taken":[{"damage":0,"enemies":"Cultist","floor":1,"turns":1},{"damage":0,"enemies":"2 Louse","floor":4,"turns":1},{"damage":0,"enemies":"Jaw Worm","floor":5,"turns":1},{"damage":42,"enemies":"Lagavulin","floor":7,"turns":6},{"damage":0,"enemies":"Exordium Wildlife","floor":10,"turns":2},{"damage":0,"enemies":"2 Fungi Beasts","floor":11,"turns":1},{"damage":9,"enemies":"3 Sentries","floor":12,"turns":5},{"damage":4,"enemies":"Looter","floor":13,"turns":3},{"damage":0,"enemies":"Slime Boss","floor":16,"turns":4},{"damage":13,"enemies":"Shell Parasite","floor":18,"turns":2},{"damage":9,"enemies":"2 Thieves","floor":20,"turns":2},{"damage":21,"enemies":"Snake Plant","floor":24,"turns":3},{"damage":14,"enemies":"Centurion and Healer","floor":30,"turns":3},{"damage":51,"enemies":"Gremlin Leader","floor":31,"turns":3},{"damage":36,"enemies":"Champ","floor":33,"turns":5}],"seed_played":"1992272464262588493","potions_obtained":[{"floor":7,"key":"Regen Potion"},{"floor":10,"key":"DistilledChaos"},{"floor":11,"key":"StancePotion"},{"floor":13,"key":"FairyPotion"},{"floor":16,"key":"SkillPotion"}],"is_trial":false,"path_per_floor":["M","T","?","M","M","R","E","R","T","M","M","E","M","$","R","B",null,"M","?","M","$","?","R","M","R","T","T","?","$","M","E","R","B"],"character_chosen":"WATCHER","items_purchased":["Tantrum","Adaptation","Vengeance","Lantern"],"campfire_rested":4,"item_purchase_floors":[14,14,14,21],"current_hp_per_floor":[72,72,72,72,72,72,30,51,51,51,51,42,38,38,59,71,72,59,59,50,50,50,50,29,50,50,50,50,65,51,21,42,6,6],"gold":69,"neow_bonus":"THREE_ENEMY_KILL","is_daily":false,"chose_seed":false,"campfire_upgraded":2,"win_rate":0.0,"timestamp":1612039750,"path_taken":["M","?","?","?","M","R","E","R","T","M","M","E","M","$","R","BOSS","M","?","?","$","?","R","M","R","T","?","?","$","M","E","R","BOSS"],"items_purchased_type":["Card","Card","Card","Relic"],"build_version":"2020-12-22","purchased_purges":0,"victory":false,"max_hp_per_floor":[72,72,72,72,72,72,72,72,72,72,72,72,72,72,72,72,72,72,72,72,72,72,72,72,72,72,72,72,72,72,72,72,72,72],"card_choices":[{"not_picked":["Crescendo","CutThroughFate"],"picked":"FlurryOfBlows","floor":1},{"not_picked":["Halt","Adaptation"],"picked":"Consecrate","floor":4},{"not_picked":["LikeWater","Crescendo"],"picked":"FlurryOfBlows","floor":5},{"not_picked":["LikeWater","Crescendo"],"picked":"BowlingBash","floor":7},{"not_picked":["ConjureBlade","Protect","FollowUp"],"picked":"SKIP","floor":10},{"not_picked":["ThirdEye","BowlingBash"],"picked":"Meditate","floor":11},{"not_picked":["SashWhip","Fasting2"],"picked":"ReachHeaven","floor":12},{"not_picked":["ClearTheMind","Nirvana"],"picked":"Pray","floor":13},{"not_picked":["Vault","DeusExMachina"],"picked":"Ragnarok","floor":16},{"not_picked":["BowlingBash","ThirdEye","JustLucky+1"],"picked":"SKIP","floor":18},{"not_picked":["Consecrate","JustLucky+1","Nirvana"],"picked":"SKIP","floor":20},{"not_picked":["ClearTheMind","Consecrate","CrushJoints+1"],"picked":"SKIP","floor":24},{"not_picked":["SashWhip","Meditate"],"picked":"Crescendo","floor":30},{"not_picked":["BowlingBash+1","WaveOfTheHand"],"picked":"EmptyFist+1","floor":31}],"player_experience":265351,"relics_obtained":[{"floor":2,"key":"TungstenRod"},{"floor":7,"key":"StrikeDummy"},{"floor":9,"key":"Oddly Smooth Stone"},{"floor":12,"key":"Happy Flower"},{"floor":26,"key":"Girya"},{"floor":27,"key":"MealTicket"},{"floor":31,"key":"Tiny Chest"}],"event_choices":[{"damage_healed":0,"gold_gain":0,"player_choice":"Upgraded","damage_taken":0,"max_hp_gain":0,"max_hp_loss":0,"event_name":"Upgrade Shrine","floor":3,"gold_loss":0,"cards_upgraded":["Eruption"]},{"damage_healed":0,"gold_gain":0,"player_choice":"Cursed","damage_taken":0,"max_hp_gain":0,"max_hp_loss":0,"event_name":"Wheel of Change","floor":19,"gold_loss":0,"cards_obtained":["Decay"]},{"damage_healed":0,"gold_gain":0,"player_choice":"Ignored","damage_taken":0,"max_hp_gain":0,"max_hp_loss":0,"event_name":"Vampires","floor":22,"gold_loss":0}],"is_beta":false,"boss_relics":[{"not_picked":["VioletLotus","Coffee Dripper"],"picked":"Sozu"}],"items_purged_floors":[],"is_endless":false,"potions_floor_spawned":[7,10,11,13,16,18,20,31],"killed_by":"Champ","ascension_level":5}}