{"host":"gquo1rsrdiuo0hhv","time":1612031680,"event":{"mods":["Act Like it!","BaseMod","Colored Powertips","Minty Spire (QoL Compilation)","Quick Restart","StSLib"],"gold_per_floor":[118,136,136,152,164,190,207,207,261,290,79,97,97,97,97,201,251,262,282,282,282,302,302,302,302,302,302,7,24,24,34,34,34,34],"floor_reached":33,"language":"ENG","playtime":1381,"items_purged":["Strike_R","Strike_R"],"score":270,"play_id":"abc1f9ae-3585-4739-8875-73d5315ff42e","local_time":"20210131013440","is_ascension_mode":true,"campfire_choices":[{"floor":8,"key":"REST"},{"floor":15,"key":"RECALL"},{"floor":23,"key":"REST"},{"data":"Body Slam","floor":25,"key":"SMITH"},{"floor":27,"key":"REST"},{"data":"Entrench","floor":30,"key":"SMITH"},{"floor":32,"key":"REST"}],"circlet_count":0,"master_deck":["Strike_R","Strike_R","Strike_R+1","Defend_R","Defend_R","Defend_R","Defend_R","Bash","Armaments+1","Entrench+1","Flame Barrier","Shrug It Off","Bludgeon","Cleave","Infernal Blade","Fiend Fire","Fire Breathing","Double Tap","Feel No Pain","Rage","Flex","Pummel+1","Body Slam+1","Warcry","Berserk"],"relics":["Burning Blood","NeowsBlessing","Akabeko","Ancient Tea Set","Mummified Hand","Tiny House","Nilry\u0027s Codex","Dream Catcher","Strange Spoon"],"acts_visited":["Exordium","TheCity"],"potions_floor_usage":[6,10,18,22,33,33,33],"damage_taken":[{"damage":0,"enemies":"Cultist","floor":1,"turns":1},{"damage":0,"enemies":"2 Louse","floor":2,"turns":1},{"damage":0,"enemies":"Jaw Worm","floor":4,"turns":1},{"damage":0,"enemies":"2 Fungi Beasts","floor":5,"turns":5},{"damage":32,"enemies":"3 Sentries","floor":6,"turns":16},{"damage":9,"enemies":"3 Louse","floor":7,"turns":3},{"damage":27,"enemies":"Gremlin Nob","floor":10,"turns":4},{"damage":0,"enemies":"Lots of Slimes","floor":12,"turns":1},{"damage":46,"enemies":"The Guardian","floor":16,"turns":11},{"damage":3,"enemies":"Spheric Guardian","floor":18,"turns":3},{"damage":20,"enemies":"Shell Parasite","floor":19,"turns":7},{"damage":38,"enemies":"Snecko","floor":22,"turns":6},{"damage":14,"enemies":"Centurion and Healer","floor":29,"turns":3},{"damage":35,"enemies":"Shelled Parasite and Fungi","floor":31,"turns":6},{"damage":67,"enemies":"Champ","floor":33,"turns":14}],"seed_played":"-2213068430650761115","potions_obtained":[{"floor":3,"key":"SpeedPotion"},{"floor":3,"key":"HeartOfIron"},{"floor":3,"key":"AttackPotion"},{"floor":4,"key":"BlessingOfTheForge"},{"floor":7,"key":"Ancient Potion"},{"floor":10,"key":"GamblersBrew"},{"floor":16,"key":"Energy Potion"},{"floor":17,"key":"PowerPotion"},{"floor":19,"key":"AttackPotion"},{"floor":22,"key":"EssenceOfSteel"}],"is_trial":false,"path_per_floor":["M","M","?","M","M","E","M","R","T","E","$","M","$","?","R","B",null,"M","M","?","T","M","R","?","R","T","R","$","M","R","M","R","B"],"character_chosen":"IRONCLAD","items_purchased":["Fiend Fire","Strange Spoon","Warcry"],"campfire_rested":4,"item_purchase_floors":[11,28,28],"current_hp_per_floor":[80,80,80,80,80,54,51,75,75,54,54,60,60,60,60,20,85,85,71,55,55,23,48,48,48,48,73,73,65,65,36,61,0,0],"gold":34,"neow_bonus":"THREE_ENEMY_KILL","is_daily":false,"chose_seed":false,"campfire_upgraded":2,"win_rate":0.0,"timestamp":1612031680,"path_taken":["M","?","?","M","?","E","M","R","T","E","$","M","?","?","R","BOSS","M","?","?","?","M","R","?","R","T","R","$","M","R","M","R","BOSS"],"items_purchased_type":["Card","Relic","Card"],"build_version":"2020-12-22","purchased_purges":2,"victory":false,"max_hp_per_floor":[80,80,80,80,80,80,80,80,80,80,80,80,80,80,80,80,85,85,85,85,85,85,85,85,85,85,85,85,85,85,85,85,85,85],"card_choices":[{"not_picked":["Headbutt","Pommel Strike"],"picked":"Armaments","floor":1},{"not_picked":["Havoc","Hemokinesis"],"picked":"Entrench","floor":2},{"not_picked":["Heavy Blade","Uppercut"],"picked":"Flame Barrier","floor":4},{"not_picked":["Twin Strike","Headbutt"],"picked":"Shrug It Off","floor":5},{"not_picked":["Warcry","Flex"],"picked":"Bludgeon","floor":6},{"not_picked":["Anger","True Grit"],"picked":"Cleave","floor":7},{"not_picked":["True Grit","Flame Barrier"],"picked":"Infernal Blade","floor":10},{"not_picked":["Rupture","True Grit"],"picked":"Fire Breathing","floor":12},{"not_picked":["Exhume","Reaper"],"picked":"Double Tap","floor":16},{"not_picked":["Armaments","Sword Boomerang"],"picked":"Feel No Pain","floor":17},{"not_picked":["Sword Boomerang+1","Thunderclap"],"picked":"Rage","floor":18},{"not_picked":["Headbutt+1","Dual Wield"],"picked":"Flex","floor":19},{"not_picked":["Combust","Warcry"],"picked":"Pummel+1","floor":22},{"not_picked":["Twin Strike","Pommel Strike","Perfected Strike"],"picked":"SKIP","floor":29},{"not_picked":["Havoc","Headbutt+1"],"picked":"Berserk","floor":31}],"player_experience":409365,"relics_obtained":[{"floor":6,"key":"Akabeko"},{"floor":9,"key":"Ancient Tea Set"},{"floor":10,"key":"Mummified Hand"},{"floor":20,"key":"Nilry\u0027s Codex"},{"floor":26,"key":"Dream Catcher"}],"event_choices":[{"damage_healed":0,"gold_gain":0,"player_choice":"Got Potions","damage_taken":0,"max_hp_gain":0,"max_hp_loss":0,"event_name":"Lab","floor":3,"gold_loss":0},{"damage_healed":0,"gold_gain":0,"player_choice":"Upgraded","damage_taken":0,"max_hp_gain":0,"max_hp_loss":0,"event_name":"Upgrade Shrine","floor":14,"gold_loss":0,"cards_upgraded":["Armaments"]},{"damage_healed":0,"gold_gain":0,"player_choice":"Obtained Book","damage_taken":16,"max_hp_gain":0,"max_hp_loss":0,"event_name":"Cursed Tome","floor":20,"gold_loss":0},{"damage_healed":0,"gold_gain":0,"player_choice":"Read","damage_taken":0,"max_hp_gain":0,"max_hp_loss":0,"event_name":"The Library","floor":24,"gold_loss":0,"cards_obtained":["Body Slam"]}],"is_beta":false,"boss_relics":[{"not_picked":["Snecko Eye","Black Star"],"picked":"Tiny House"}],"items_purged_floors":[11,28],"is_endless":false,"potions_floor_spawned":[4,7,10,16,19,22,29],"killed_by":"Champ","ascension_level":1}}