{"host":"lt3dnliimvvr8i10","time":1612048180,"event":{"mods":["BaseMod","Colored Map","Colored Powertips","Koishi","Minty Spire (QoL Compilation)","StSLib","SuperFastMode","The Cursed","The Hierophant"],"gold_per_floor":[115,128,138,213,212,212,224,224,248,248,262,262,269,285,297,361,373,399,427,439,463,502,514,539,551,563,343,364,363,393,393,393,383,383],"floor_reached":33,"language":"KOR","playtime":1303,"items_purged":["hierophant:Glossolalia"],"score":306,"play_id":"e120fe97-65d5-4e37-bf78-827d7fe98a43","local_time":"20210131080940","is_ascension_mode":false,"campfire_choices":[{"data":"hierophant:HolyVerse","floor":6,"key":"SMITH"},{"floor":8,"key":"REST"},{"data":"hierophant:Endure","floor":10,"key":"SMITH"},{"floor":15,"key":"REST"},{"floor":23,"key":"REST"},{"floor":32,"key":"REST"}],"circlet_count":0,"master_deck":["hierophant:Strike_Hierophant+1","hierophant:Strike_Hierophant+1","hierophant:Strike_Hierophant+1","hierophant:Strike_Hierophant+1","hierophant:Punish","hierophant:Defend_Hierophant+1","hierophant:Defend_Hierophant+1","hierophant:Defend_Hierophant+1","hierophant:Defend_Hierophant+1","hierophant:ChurchCoffers","hierophant:Endure+1","hierophant:Zeal","hierophant:HolyVerse+1","hierophant:HolyVerse","hierophant:Alms","hierophant:PristineSoul","hierophant:Batter","hierophant:Blessing","hierophant:Smite+1","hierophant:SealAway","hierophant:OrnateBuckler","hierophant:Smite+1","hierophant:Anathema","hierophant:Sermon","hierophant:PristineSoul","hierophant:Exaltation+1","hierophant:Kindle"],"relics":["hierophant:PropheticMaskRelic","NeowsBlessing","Vajra","Happy Flower","Pen Nib","MawBank","Fusion Hammer","Red Mask","The Courier","Mummified Hand"],"acts_visited":["Exordium","TheCity"],"potions_floor_usage":[13,13,16,22,30,30,30,33,33],"damage_taken":[{"damage":0,"enemies":"Jaw Worm","floor":1,"turns":1},{"damage":0,"enemies":"Small Slimes","floor":2,"turns":1},{"damage":0,"enemies":"2 Louse","floor":3,"turns":1},{"damage":11,"enemies":"Lots of Slimes","floor":5,"turns":4},{"damage":10,"enemies":"3 Sentries","floor":7,"turns":5},{"damage":0,"enemies":"Exordium Wildlife","floor":11,"turns":2},{"damage":35,"enemies":"Lagavulin","floor":13,"turns":8},{"damage":0,"enemies":"2 Fungi Beasts","floor":14,"turns":3},{"damage":39,"enemies":"The Guardian","floor":16,"turns":16},{"damage":12,"enemies":"Shell Parasite","floor":18,"turns":3},{"damage":0,"enemies":"3 Byrds","floor":19,"turns":2},{"damage":0,"enemies":"Centurion and Healer","floor":21,"turns":4},{"damage":0,"enemies":"Masked Bandits","floor":22,"turns":3},{"damage":0,"enemies":"Snecko","floor":24,"turns":4},{"damage":0,"enemies":"3 Cultists","floor":28,"turns":4},{"damage":0,"enemies":"Snake Plant","floor":29,"turns":3},{"damage":0,"enemies":"Gremlin Leader","floor":30,"turns":4},{"damage":7,"enemies":"Snecko","floor":31,"turns":4},{"damage":89,"enemies":"Automaton","floor":33,"turns":10}],"seed_played":"-6597763767665327065","potions_obtained":[{"floor":2,"key":"SkillPotion"},{"floor":3,"key":"BlessingOfTheForge"},{"floor":13,"key":"FairyPotion"},{"floor":14,"key":"Explosive Potion"},{"floor":16,"key":"Strength Potion"},{"floor":18,"key":"FearPotion"},{"floor":24,"key":"Fire Potion"},{"floor":29,"key":"EntropicBrew"},{"floor":31,"key":"Ancient Potion"}],"is_trial":false,"path_per_floor":["M","M","M","?","M","R","E","R","T","R","M","?","E","M","R","B",null,"M","M","?","M","?","R","M","?","T","$","M","M","E","M","R","B"],"character_chosen":"HIEROPHANT","items_purchased":["hierophant:Anathema","hierophant:Sermon"],"campfire_rested":4,"item_purchase_floors":[27,27],"current_hp_per_floor":[75,75,75,64,53,53,43,65,65,65,65,58,23,23,45,6,75,63,70,70,75,75,75,75,75,75,75,75,75,75,68,75,0,0],"gold":383,"neow_bonus":"THREE_ENEMY_KILL","is_daily":false,"chose_seed":false,"campfire_upgraded":2,"win_rate":0.0,"timestamp":1612048180,"path_taken":["M","M","M","?","M","R","E","R","T","R","M","?","E","M","R","BOSS","M","M","?","M","?","R","M","?","T","$","?","M","E","M","R","BOSS"],"items_purchased_type":["Card","Card"],"build_version":"2020-12-22","purchased_purges":1,"victory":false,"max_hp_per_floor":[75,75,75,75,75,75,75,75,75,75,75,75,75,75,75,75,75,75,75,75,75,75,75,75,75,75,75,75,75,75,75,75,75,75],"card_choices":[{"not_picked":["hierophant:DisplayOfPower","hierophant:Encroach"],"picked":"hierophant:Endure","floor":1},{"not_picked":["hierophant:RepressedViolence","hierophant:Shelter"],"picked":"hierophant:Zeal","floor":2},{"not_picked":["hierophant:Remorse","hierophant:Repentance"],"picked":"hierophant:Glossolalia","floor":3},{"not_picked":["hierophant:DivineIntervention","hierophant:FlamingChariot"],"picked":"hierophant:HolyVerse","floor":5},{"not_picked":["hierophant:BulkyChest","hierophant:Purify"],"picked":"hierophant:HolyVerse","floor":7},{"not_picked":["hierophant:RepressedViolence","hierophant:Glossolalia"],"picked":"hierophant:Alms","floor":11},{"not_picked":["hierophant:PassingBell","hierophant:Smite"],"picked":"hierophant:PristineSoul","floor":13},{"not_picked":["hierophant:Dazzle","hierophant:Rebuild","hierophant:ArchangelShield"],"picked":"SKIP","floor":14},{"not_picked":["hierophant:Levitation","hierophant:LocustPlague"],"picked":"hierophant:Batter","floor":16},{"not_picked":["hierophant:Endure","hierophant:Encroach"],"picked":"hierophant:Blessing","floor":18},{"not_picked":["hierophant:Purify","hierophant:HolyVerse","hierophant:ArchangelShield"],"picked":"SKIP","floor":19},{"not_picked":["hierophant:Remorse","hierophant:Repentance"],"picked":"hierophant:Smite+1","floor":21},{"not_picked":["hierophant:Embezzle+1","hierophant:FieryStrike"],"picked":"hierophant:SealAway","floor":22},{"not_picked":["hierophant:RustyCrate","hierophant:Charity"],"picked":"hierophant:OrnateBuckler","floor":24},{"not_picked":["hierophant:RecallFunds","hierophant:Blessing+1"],"picked":"hierophant:PristineSoul","floor":28},{"not_picked":["hierophant:Flagellation","hierophant:MorningPrayer"],"picked":"hierophant:Exaltation+1","floor":29},{"not_picked":["hierophant:Charity","hierophant:AuricBeam"],"picked":"hierophant:Kindle","floor":30},{"not_picked":["hierophant:Embezzle","hierophant:FlamingChariot","hierophant:AuricBeam"],"picked":"SKIP","floor":31}],"player_experience":1400358,"relics_obtained":[{"floor":7,"key":"Vajra"},{"floor":9,"key":"Happy Flower"},{"floor":13,"key":"MawBank"},{"floor":22,"key":"Red Mask"},{"floor":26,"key":"The Courier"},{"floor":30,"key":"Mummified Hand"}],"event_choices":[{"damage_healed":0,"gold_gain":75,"player_choice":"Gather Gold","damage_taken":11,"max_hp_gain":0,"max_hp_loss":0,"event_name":"World of Goop","floor":4,"gold_loss":0},{"damage_healed":0,"gold_gain":0,"player_choice":"Success","damage_taken":7,"relics_obtained":["Pen Nib"],"max_hp_gain":0,"max_hp_loss":0,"event_name":"Scrap Ooze","floor":12,"gold_loss":0},{"damage_healed":0,"gold_gain":0,"player_choice":"Simplicity","damage_taken":0,"max_hp_gain":0,"max_hp_loss":0,"event_name":"Back to Basics","floor":20,"gold_loss":0,"cards_upgraded":["hierophant:Strike_Hierophant","hierophant:Strike_Hierophant","hierophant:Strike_Hierophant","hierophant:Strike_Hierophant","hierophant:Defend_Hierophant","hierophant:Defend_Hierophant","hierophant:Defend_Hierophant","hierophant:Defend_Hierophant"]},{"damage_healed":0,"gold_gain":0,"player_choice":"Fought Bandits","damage_taken":0,"max_hp_gain":0,"max_hp_loss":0,"event_name":"Masked Bandits","floor":22,"gold_loss":0},{"damage_healed":0,"gold_gain":0,"player_choice":"Copied","damage_taken":0,"max_hp_gain":0,"max_hp_loss":0,"event_name":"Duplicator","floor":25,"gold_loss":0,"cards_obtained":["hierophant:Smite"]}],"is_beta":false,"boss_relics":[{"not_picked":["Astrolabe","Ectoplasm"],"picked":"Fusion Hammer"}],"items_purged_floors":[27],"is_endless":false,"potions_floor_spawned":[2,3,13,14,16,18,24,29,31],"killed_by":"Automaton","ascension_level":0}}