{"host":"15dd7v8o90xso62x","time":1612021656,"event":{"mods":["BaseMod","Minty Spire (QoL Compilation)","Quick Restart","StSLib","SuperFastMode"],"gold_per_floor":[114,126,144,144,154,154,187,199,199,213,233,248,248,3,3,78,78,95,95,111,111,111,111,130,130,130],"floor_reached":25,"language":"KOR","playtime":856,"items_purged":[],"score":410,"play_id":"6e2dd31a-315d-4811-8fac-4cf286678d4c","local_time":"20210131004736","is_ascension_mode":true,"campfire_choices":[{"data":"Deadly Poison","floor":6.0,"key":"SMITH"},{"floor":13.0,"key":"REST"},{"data":"Noxious Fumes","floor":15.0,"key":"SMITH"},{"data":"Crippling Poison","floor":23.0,"key":"SMITH"}],"circlet_count":0,"master_deck":["AscendersBane","Strike_G","Strike_G","Strike_G","Strike_G","Strike_G","Defend_G","Defend_G","Defend_G","Defend_G","Defend_G","Survivor","Neutralize","Deadly Poison+1","Noxious Fumes+1","Footwork","Deflect","Die Die Die","Crippling Poison+1","Adrenaline"],"relics":["Ring of the Snake","CaptainsWheel","Darkstone Periapt","MealTicket","Odd Mushroom","Regal Pillow","SacredBark"],"acts_visited":["Exordium","TheCity"],"potions_floor_usage":[25],"damage_taken":[{"damage":2.0,"enemies":"2 Louse","floor":1.0,"turns":3.0},{"damage":0.0,"enemies":"Cultist","floor":2.0,"turns":4.0},{"damage":3.0,"enemies":"Small Slimes","floor":3.0,"turns":6.0},{"damage":14.0,"enemies":"Exordium Thugs","floor":5.0,"turns":7.0},{"damage":38.0,"enemies":"Gremlin Nob","floor":7.0,"turns":5.0},{"damage":4.0,"enemies":"2 Fungi Beasts","floor":8.0,"turns":4.0},{"damage":4.0,"enemies":"Looter","floor":10.0,"turns":4.0},{"damage":4.0,"enemies":"The Mushroom Lair","floor":11.0,"turns":5.0},{"damage":0.0,"enemies":"3 Louse","floor":12.0,"turns":4.0},{"damage":27.0,"enemies":"Hexaghost","floor":16.0,"turns":9.0},{"damage":6.0,"enemies":"3 Byrds","floor":18.0,"turns":5.0},{"damage":12.0,"enemies":"Chosen","floor":20.0,"turns":7.0},{"damage":11.0,"enemies":"Snake Plant","floor":24.0,"turns":3.0},{"damage":11,"enemies":"Book of Stabbing","floor":25,"turns":5}],"seed_played":"-5835982883213983356","potions_obtained":[{"floor":2.0,"key":"SneckoOil"},{"floor":3.0,"key":"Swift Potion"},{"floor":5.0,"key":"SkillPotion"},{"floor":10.0,"key":"Strength Potion"},{"floor":11.0,"key":"Fire Potion"},{"floor":16.0,"key":"GamblersBrew"},{"floor":20.0,"key":"Poison Potion"},{"floor":24.0,"key":"GhostInAJar"}],"is_trial":false,"path_per_floor":["M","M","M","?","M","R","E","M","T","M","?","M","R","$","R","B",null,"M","?","M","?","?","R","M","E"],"character_chosen":"THE_SILENT","items_purchased":["Crippling Poison","Regal Pillow"],"campfire_rested":1,"item_purchase_floors":[14,14],"current_hp_per_floor":[42,42,39,66,52,52,14,10,10,6,2,2,21,36,36,9,52,46,46,34,34,34,34,23,12,12],"gold":130,"neow_bonus":"ONE_RARE_RELIC","is_daily":false,"chose_seed":false,"campfire_upgraded":3,"win_rate":0.0,"timestamp":1612021656,"path_taken":["M","M","M","?","M","R","E","?","T","M","?","M","R","?","R","BOSS","M","?","M","?","?","R","M","E"],"items_purchased_type":["Card","Relic"],"build_version":"2020-12-22","purchased_purges":0,"victory":false,"max_hp_per_floor":[66,66,66,66,66,66,66,66,66,66,66,66,66,66,66,66,66,66,66,66,66,66,66,66,66,66],"card_choices":[{"not_picked":["Underhanded Strike","Deflect","Escape Plan"],"picked":"SKIP","floor":1.0},{"not_picked":["Underhanded Strike","Deflect"],"picked":"Escape Plan","floor":1.0},{"not_picked":["Endless Agony","Prepared"],"picked":"Deadly Poison","floor":2.0},{"not_picked":["Escape Plan","Bane"],"picked":"Noxious Fumes","floor":3.0},{"not_picked":["Flying Knee","Acrobatics"],"picked":"Footwork","floor":5.0},{"not_picked":["Predator","Flying Knee"],"picked":"Deflect","floor":7.0},{"not_picked":["Quick Slash","Underhanded Strike","Poisoned Stab"],"picked":"SKIP","floor":8.0},{"not_picked":["Quick Slash","Underhanded Strike"],"picked":"Die Die Die","floor":10.0},{"not_picked":["Heel Hook","Flying Knee","Masterful Stab"],"picked":"SKIP","floor":12.0},{"not_picked":["Envenom","Venomology"],"picked":"Adrenaline","floor":16.0},{"not_picked":["Skewer","Deflect","Dagger Spray"],"picked":"SKIP","floor":18.0},{"not_picked":["Acrobatics","Deadly Poison+1","Slice"],"picked":"SKIP","floor":20.0},{"not_picked":["Dagger Throw","Poisoned Stab","Outmaneuver"],"picked":"SKIP","floor":24.0}],"player_experience":904491,"relics_obtained":[{"floor":7.0,"key":"Darkstone Periapt"},{"floor":9.0,"key":"MealTicket"},{"floor":11.0,"key":"Odd Mushroom"}],"event_choices":[{"cards_removed":["Escape Plan"],"damage_healed":27.0,"max_hp_gain":0.0,"max_hp_loss":0.0,"gold_gain":0.0,"event_name":"Bonfire Elementals","player_choice":"Offered Uncommon","floor":4.0,"gold_loss":0.0,"damage_taken":0.0},{"damage_healed":0.0,"max_hp_gain":0.0,"max_hp_loss":0.0,"gold_gain":0.0,"event_name":"Mushrooms","player_choice":"Fought Mushrooms","floor":11.0,"gold_loss":0.0,"damage_taken":0.0},{"damage_healed":0.0,"max_hp_gain":0.0,"max_hp_loss":0.0,"gold_gain":0.0,"event_name":"Ghosts","player_choice":"Ignored","floor":19.0,"gold_loss":0.0,"damage_taken":0.0},{"damage_healed":0.0,"max_hp_gain":0.0,"max_hp_loss":0.0,"gold_gain":0.0,"event_name":"The Mausoleum","player_choice":"Ignored","floor":21.0,"gold_loss":0.0,"damage_taken":0.0},{"damage_healed":0.0,"max_hp_gain":0.0,"max_hp_loss":0.0,"gold_gain":0.0,"event_name":"Vampires","player_choice":"Ignored","floor":22.0,"gold_loss":0.0,"damage_taken":0.0}],"is_beta":false,"boss_relics":[{"not_picked":["Fusion Hammer","Ring of the Serpent"],"picked":"SacredBark"}],"items_purged_floors":[],"is_endless":false,"potions_floor_spawned":[2,3,5,10,11,16,20,24],"killed_by":"Book of Stabbing","ascension_level":20}}