{"host":"1445u9fdo06cpl2a","time":1612019948,"event":{"mods":["AchievementEnabler","Aspiration","Astrologer","Bard","BaseMod","Better Skull","BetterRewards","Colored Map","Colored Powertips","Conspire","Curses Come First","DeckTracker","Duelist Mod","GifTheSpireLib","GungeonMod","Halation","Hermit","Highlight Path","Hubris","Infinite Spire","Minty Spire (QoL Compilation)","Permanent Neow","Random Character Button","Rare Cards Sparkle","Replay The Spire","Shop Mod","Spire Arcade","StSLib","Stuff the Spire","Td1madao Mod","The Blackbeard","The Bladedancer","The Construct","The Cursed","The Forsaken","The Gatherer","The Hierophant","The Marked","The Mystic","The Necromancer","The Poker Player","The Runesmith","The Saiyan"],"gold_per_floor":[216,232,295,310,235,235,251,151,233,252,282,299,299,331,331,427,427,443,443,162,179,194,224,224,258,258,273,288,288,322,322,322,426,426,440,450,450,467,467,467,501,501,524,554,554,570,602,622,622,622],"floor_reached":51,"language":"ENG","playtime":1792,"items_purged":["Strike_G","Strike_G","Strike_G"],"score":791,"play_id":"f7b64ac0-817f-4174-b6a9-36b5c69ccdfb","local_time":"20210130151908","is_ascension_mode":true,"campfire_choices":[{"data":"Quick Slash","floor":6.0,"key":"SMITH"},{"data":"Hidden Blade","floor":13.0,"key":"SMITH"},{"data":"Backflip","floor":15.0,"key":"SMITH"},{"data":"Prepared","floor":24.0,"key":"SMITH"},{"data":"Prepared","floor":29.0,"key":"SMITH"},{"floor":32.0,"key":"DIG"},{"data":"infinitespire:Collect","floor":40,"key":"SMITH"},{"floor":42,"key":"DIG"},{"floor":49,"key":"DIG"}],"circlet_count":0,"master_deck":["hubris:Fate+12","Strike_G","Strike_G","Defend_G","Defend_G","Defend_G","Defend_G","Defend_G","Survivor","Neutralize","Quick Slash+1","Hidden Blade+1","Backflip+1","Tools of the Trade","Calculated Gamble","Prepared+1","Prepared+1","Quick Slash+1","Quick Slash+1","Acrobatics+1","infinitespire:Collect+1"],"relics":["Ring of the Snake","DemoMod:GlassGuonStoneRelic","Strawberry","Molten Egg 2","Boot","ReplayTheSpireMod:Shallot","Sozu","aspiration:Nostalgia","hierophant:PropheticMaskRelic","Shovel","Vajra","StuffTheSpire:EmeraldSignet","infinitespire:PuzzleCube","construct:BoolHorns","Bag of Marbles","Juzu Bracelet","infinitespire:EmpoweringShard","Lantern","DemoMod:JetPack","hubris:TenFootPole","hubris:MobiusCoin"],"acts_visited":["Exordium","TheCity","TheBeyond"],"potions_floor_usage":[],"damage_taken":[{"damage":0.0,"enemies":"Small Slimes","floor":1.0,"turns":2.0},{"damage":0.0,"enemies":"Jaw Worm","floor":2.0,"turns":1.0},{"damage":0.0,"enemies":"Cultist","floor":4.0,"turns":1.0},{"damage":0.0,"enemies":"conspire:2 RoseBushes","floor":7.0,"turns":2.0},{"damage":0.0,"enemies":"3 Louse","floor":10.0,"turns":1.0},{"damage":0.0,"enemies":"3 Sentries","floor":11.0,"turns":1.0},{"damage":0.0,"enemies":"Looter","floor":12.0,"turns":1.0},{"damage":0.0,"enemies":"Gremlin Nob","floor":14.0,"turns":1.0},{"damage":0.0,"enemies":"Hexaghost","floor":16.0,"turns":1.0},{"damage":0.0,"enemies":"Chosen","floor":18.0,"turns":2.0},{"damage":0.0,"enemies":"3 Byrds","floor":21.0,"turns":1.0},{"damage":0.0,"enemies":"Shelled Parasite and Fungi","floor":22.0,"turns":1.0},{"damage":0.0,"enemies":"Slavers","floor":23.0,"turns":1.0},{"damage":0.0,"enemies":"theDuelist:KaibaA2","floor":25.0,"turns":1.0},{"damage":0.0,"enemies":"conspire:HollyBat","floor":27.0,"turns":1.0},{"damage":0.0,"enemies":"Centurion and Healer","floor":28.0,"turns":1.0},{"damage":0.0,"enemies":"Replay:Snechameleon","floor":30.0,"turns":1.0},{"damage":0.0,"enemies":"Collector","floor":33.0,"turns":1.0},{"damage":0,"enemies":"3 Darklings","floor":35,"turns":4},{"damage":0,"enemies":"3 Shapes","floor":36,"turns":1},{"damage":0,"enemies":"Jaw Worm Horde","floor":38,"turns":1},{"damage":0,"enemies":"Reptomancer","floor":41,"turns":1},{"damage":0,"enemies":"Giant Head","floor":44,"turns":1},{"damage":0,"enemies":"4 Shapes","floor":46,"turns":1},{"damage":0,"enemies":"Reptomancer","floor":47,"turns":1},{"damage":0,"enemies":"Sphere and 2 Shapes","floor":48,"turns":1},{"damage":0,"enemies":"infinitespire:MassOfShapes","floor":50,"turns":1}],"seed_played":"1554149533581996874","potions_obtained":[{"floor":1.0,"key":"AttackPotion"},{"floor":3.0,"key":"SneckoOil"},{"floor":3.0,"key":"DuplicationPotion"},{"floor":4.0,"key":"Dexterity Potion"},{"floor":12.0,"key":"Adrenaline Potion"}],"is_trial":false,"path_per_floor":["M","M","?","M","$","R","M","$","T","M","E","M","R","E","R","B",null,"M","?","$","M","M","E","R","E","T","M","M","R","E","?","R","B",null,"M","M","?","M","?","R","E","R","T","E","?","M","E","M","R","B",null],"character_chosen":"THE_SILENT","items_purchased":["aspiration:Nostalgia"],"campfire_rested":0,"item_purchase_floors":[20],"current_hp_per_floor":[70,70,60,60,60,60,60,60,60,60,60,60,60,60,60,60,77,77,77,77,77,77,77,77,77,77,77,77,77,77,77,77,77,77,77,77,77,77,58,58,58,58,58,58,58,58,58,58,58,58],"gold":622,"neow_bonus":"HUNDRED_GOLD","is_daily":false,"chose_seed":false,"campfire_upgraded":6,"win_rate":0.0,"timestamp":1612019948,"path_taken":["M","M","?","?","$","R","M","$","T","M","E","M","R","E","R","BOSS","M","?","$","M","M","E","R","E","T","M","M","R","E","?","R","BOSS","M","M","?","M","?","R","E","R","T","E","?","M","E","M","R","BOSS"],"items_purchased_type":["Relic"],"build_version":"2020-12-22","purchased_purges":3,"victory":true,"max_hp_per_floor":[70,70,77,77,77,77,77,77,77,77,77,77,77,77,77,77,77,77,77,77,77,77,77,77,77,77,77,77,77,77,77,77,77,77,77,77,77,77,77,77,77,77,77,77,77,77,77,77,77,77],"card_choices":[{"not_picked":["Choke","Poisoned Stab","StuffTheSpire:DoubleShiv"],"picked":"SKIP","floor":1.0},{"not_picked":["Bane","Replay:Poison Smokescreen"],"picked":"Quick Slash","floor":2.0},{"not_picked":["Bullet Time","All Out Attack","Underhanded Strike"],"picked":"SKIP","floor":4.0},{"not_picked":["Flying Knee","PiercingWail"],"picked":"Hidden Blade","floor":7.0},{"not_picked":["Bouncing Flask","StuffTheSpire:MirrorStance","Terror"],"picked":"SKIP","floor":10.0},{"not_picked":["StuffTheSpire:ClusterCrunch+1","StuffTheSpire:Sprint","StuffTheSpire:BumpUp+1"],"picked":"SKIP","floor":11.0},{"not_picked":["Fluid Movement","Underhanded Strike+1","Slice+1"],"picked":"SKIP","floor":12.0},{"not_picked":["Backstab+1","Night Terror"],"picked":"Backflip","floor":14.0},{"not_picked":["infinitespire:Neurotoxin","Glass Knife+1"],"picked":"Tools of the Trade","floor":16.0},{"not_picked":["Expertise+1","StuffTheSpire:Repulse"],"picked":"Calculated Gamble","floor":18.0},{"not_picked":["Flechettes+1","StuffTheSpire:ClusterCrunch+1"],"picked":"Prepared","floor":21.0},{"not_picked":["hubris:SlightOfHand","StuffTheSpire:BumpUp+1","Crippling Poison"],"picked":"SKIP","floor":22.0},{"not_picked":["Skewer+1","Burst","conspire:PoisonWeapons"],"picked":"SKIP","floor":23.0},{"not_picked":["StuffTheSpire:Python","Sucker Punch+1"],"picked":"Prepared","floor":25.0},{"not_picked":["Reflex","Masterful Stab+1","Footwork+1"],"picked":"SKIP","floor":27.0},{"not_picked":["ReplayTheSpireMod:The Works+1","Bouncing Flask"],"picked":"Quick Slash+1","floor":28.0},{"not_picked":["Tactician","Riddle With Holes+1","Footwork"],"picked":"SKIP","floor":30.0},{"not_picked":["Reflex","Deadly Poison+1","Distraction+1"],"picked":"SKIP","floor":35},{"not_picked":["Slice+1","conspire:DoublingDagger"],"picked":"Quick Slash+1","floor":36},{"not_picked":["Tactician","Backflip"],"picked":"Acrobatics+1","floor":38},{"not_picked":["infinitespire:FinalStrike","ReplayTheSpireMod:??????????????????????"],"picked":"infinitespire:Collect","floor":39},{"not_picked":["Tactician+1","Quick Slash+1","ReplayTheSpireMod:Necrosis"],"picked":"SKIP","floor":41},{"not_picked":["Footwork","Flying Knee+1","Die Die Die+1"],"picked":"SKIP","floor":44},{"not_picked":["StuffTheSpire:Injection+1","Cloak And Dagger","hubris:Counter+1"],"picked":"SKIP","floor":46},{"not_picked":["hubris:SlightOfHand","StuffTheSpire:DoubleShiv+1","Hidden Blade+1"],"picked":"SKIP","floor":47},{"not_picked":["Cloak And Dagger+1","hubris:SlightOfHand","StuffTheSpire:Fury+1"],"picked":"SKIP","floor":48}],"player_experience":169172,"relics_obtained":[{"floor":3.0,"key":"Strawberry"},{"floor":9.0,"key":"Molten Egg 2"},{"floor":11.0,"key":"Boot"},{"floor":14.0,"key":"ReplayTheSpireMod:Shallot"},{"floor":23.0,"key":"Shovel"},{"floor":25.0,"key":"Vajra"},{"floor":26.0,"key":"StuffTheSpire:EmeraldSignet"},{"floor":30.0,"key":"infinitespire:PuzzleCube"},{"floor":32.0,"key":"construct:BoolHorns"},{"floor":41,"key":"Juzu Bracelet"},{"floor":42,"key":"infinitespire:EmpoweringShard"},{"floor":43,"key":"Lantern"},{"floor":44,"key":"DemoMod:JetPack"},{"floor":47,"key":"hubris:TenFootPole"},{"floor":49,"key":"hubris:MobiusCoin"}],"event_choices":[{"damage_healed":0,"gold_gain":0,"player_choice":"Ignored","damage_taken":0,"max_hp_gain":0,"max_hp_loss":0,"event_name":"Tomb of Lord Red Mask","floor":45,"gold_loss":0}],"is_beta":false,"boss_relics":[{"not_picked":["halation:HeavySnake","aspiration:IroncladSkillbook"],"picked":"Sozu"},{"not_picked":["ReplayTheSpireMod:SealedPack","Fusion Hammer","halation:PinkAlligatorPlush"]}],"items_purged_floors":[5,8,20],"is_endless":false,"potions_floor_spawned":[1,4,11,12,16,22,23,27,33,35,47],"ascension_level":1}}