{"host":"b7aehbxzgm9n1d2s","time":1612010364,"event":{"mods":["A Magickal Journey","Astrologer","BaseMod","Better Altar","Better Third Choice","Clockwork Mod","Curses Come First","DeckTracker","Disable Question Mark Monsters","Downfall","Gremlin Mod","Highlight Path","Ironclad Rager","Minty Spire (QoL Compilation)","Permanent Neow","Quick Restart","READ ME - Guardian Mod","StSLib","The Cursed","The Death Knight","The Exalted","The Forsaken","The Marked","The Runesmith"],"gold_per_floor":[99,31,131,145,162,162,185,185,196,196,196,213,51,79,97,201,201,201,217,217,235,235,142,165,180,180,200,220,239,239,268,281,388,388,388,408,417,440,440,471,497,497,522,189,209,27,27,21,37,37,37,37],"floor_reached":50,"language":"ENG","playtime":3120,"items_purged":[],"score":438,"play_id":"ddc5cb9c-6585-4f3e-9425-f412bd4a31e0","local_time":"20210130133924","is_ascension_mode":false,"campfire_choices":[{"data":"Guardian:TwinSlam","floor":1,"key":"SMITH"},{"data":"Guardian:ArmoredProtocol","floor":6,"key":"SMITH"},{"data":"Guardian:RollAttack","floor":8,"key":"SMITH"},{"data":"Guardian:Defend_Guardian","floor":11,"key":"SMITH"},{"data":"Guardian:BodySlam","floor":18,"key":"SMITH"},{"data":"Guardian:BodySlam","floor":26,"key":"SMITH"},{"data":"Guardian:PiercingHide","floor":30,"key":"SMITH"},{"data":"Guardian:PrismaticBarrier","floor":35,"key":"SMITH"},{"data":"Guardian:DecasProtection","floor":42,"key":"SMITH"},{"data":"expansioncontent:QuickStudy","floor":47,"key":"SMITH"}],"circlet_count":0,"master_deck":["Guardian:Strike_Guardian","Guardian:Strike_Guardian","Guardian:Defend_Guardian","Guardian:Defend_Guardian","Guardian:Defend_Guardian+1","Guardian:CurlUp+1","Guardian:TwinSlam+1","Guardian:RollAttack+1","Guardian:ArmoredProtocol+1","Guardian:BodySlam+1","Guardian:ShieldSpikes","Guardian:SpikerProtocol","Guardian:PiercingHide+1","Guardian:DecasProtection+1","Guardian:RevengeProtocol","Guardian:BronzeOrb+1","Guardian:PiercingHide+1","Guardian:Emergency","Guardian:BodySlam+1","Guardian:PrismaticBarrier+1","Guardian:RevengeProtocol","expansioncontent:Chronoboost","Parasite","Guardian:FloatingOrbs+1","Guardian:FloatingOrbs+1","Guardian:ExploitGems","expansioncontent:QuickStudy+1","Guardian:Gem_Cyan"],"relics":["Guardian:ModeShifter","Odd Mushroom","Astrolabe","downfall:RedIOU","CeramicFish","Sozu","Art of War"],"acts_visited":["Exordium","TheCity","TheBeyond"],"potions_floor_usage":[16,16,31,33,50],"damage_taken":[{"damage":0,"enemies":"downfall:FleeingMerchant","floor":2,"turns":4},{"damage":3,"enemies":"Small Slimes","floor":4,"turns":3},{"damage":0,"enemies":"2 Louse","floor":5,"turns":3},{"damage":0,"enemies":"Cultist","floor":9,"turns":3},{"damage":0,"enemies":"3 Louse","floor":12,"turns":3},{"damage":0,"enemies":"downfall:FleeingMerchant","floor":13,"turns":4},{"damage":16,"enemies":"The Mushroom Lair","floor":14,"turns":4},{"damage":0,"enemies":"Large Slime","floor":15,"turns":6},{"damage":46,"enemies":"SI_SHIV_ARCHETYPE","floor":16,"turns":15},{"damage":1,"enemies":"Spheric Guardian","floor":19,"turns":4},{"damage":0,"enemies":"Chosen","floor":21,"turns":5},{"damage":3,"enemies":"downfall:FleeingMerchant","floor":23,"turns":4},{"damage":9,"enemies":"Snecko","floor":25,"turns":5},{"damage":11,"enemies":"Cultist and Chosen","floor":27,"turns":8},{"damage":0,"enemies":"Snake Plant","floor":28,"turns":2},{"damage":0,"enemies":"Sentry and Sphere","floor":29,"turns":5},{"damage":0,"enemies":"Centurion and Healer","floor":31,"turns":7},{"damage":5,"enemies":"Snake Plant","floor":32,"turns":3},{"damage":43,"enemies":"WA_ARCHETYPE_CALM","floor":33,"turns":13},{"damage":1,"enemies":"3 Darklings","floor":36,"turns":7},{"damage":0,"enemies":"3 Shapes","floor":38,"turns":4},{"damage":12,"enemies":"Writhing Mass","floor":40,"turns":6},{"damage":6,"enemies":"Jaw Worm Horde","floor":43,"turns":5},{"damage":0,"enemies":"Sphere and 2 Shapes","floor":45,"turns":8},{"damage":0,"enemies":"downfall:FleeingMerchant","floor":46,"turns":4},{"damage":12,"enemies":"downfall:FleeingMerchant","floor":48,"turns":4},{"damage":16,"enemies":"Spire Growth","floor":49,"turns":6},{"damage":93,"enemies":"IC_BLOCK_ARCHETYPE","floor":50,"turns":4}],"seed_played":"7974046213693014845","potions_obtained":[{"floor":4,"key":"PowerPotion"},{"floor":9,"key":"Regen Potion"},{"floor":14,"key":"Ancient Potion"},{"floor":19,"key":"champ:CounterPotion"},{"floor":27,"key":"Block Potion"}],"is_trial":false,"path_per_floor":["R","$","?","M","M","R","T","R","M","?","R","M","$","?","M","B",null,"R","M","?","M","?","$","T","M","R","M","M","M","R","M","M","B",null,"R","M","?","M","?","M","T","R","M","?","M","$","R","$","M","B"],"character_chosen":"GUARDIAN","items_purchased":["Guardian:Gem_Green","Guardian:SpikerProtocol","Guardian:PiercingHide","Guardian:Gem_Lightblue","Guardian:BodySlam","expansioncontent:QuickStudy"],"campfire_rested":0,"item_purchase_floors":[2,13,13,13,23,46],"current_hp_per_floor":[80,80,80,77,77,77,77,77,77,77,77,77,77,61,61,24,80,80,79,79,79,79,76,76,67,67,56,56,56,56,56,51,8,80,80,79,79,79,79,67,67,67,61,90,90,90,90,78,62,0,0,0],"gold":37,"neow_bonus":"UPGRADE_CARD","is_daily":false,"chose_seed":false,"campfire_upgraded":10,"win_rate":0.0,"timestamp":1612010364,"path_taken":["R","$","?","M","M","R","T","R","M","?","R","M","$","?","M","BOSS","R","M","?","?","?","$","T","M","R","M","M","M","R","M","M","BOSS","R","M","?","M","?","M","T","R","?","?","M","$","R","$","M","BOSS"],"items_purchased_type":["Card","Card","Card","Card","Card","Card"],"build_version":"2020-12-22","purchased_purges":0,"victory":false,"max_hp_per_floor":[80,80,80,80,80,80,80,80,80,80,80,80,80,80,80,80,80,80,80,80,80,80,80,80,80,80,80,80,80,80,80,80,80,80,80,80,80,80,80,80,80,80,80,90,90,90,90,90,90,90,90,90],"card_choices":[{"not_picked":["Guardian:PrimingBeam","Guardian:Clone"],"picked":"Guardian:RollAttack","floor":2},{"not_picked":["Guardian:BronzeOrb","Guardian:Planning","Guardian:RollAttack"],"picked":"SKIP","floor":4},{"not_picked":["Guardian:Incinerate","Guardian:TemporalShield"],"picked":"Guardian:ArmoredProtocol","floor":5},{"not_picked":["Guardian:FastForward","Guardian:MultiBeam"],"picked":"Guardian:Gem_Purple","floor":9},{"not_picked":["Guardian:Gem_Fragmented","Guardian:TimeBomb"],"picked":"Guardian:BodySlam","floor":12},{"not_picked":["Guardian:TimeCapacitor","Guardian:Incinerate"],"picked":"Guardian:ShieldSpikes","floor":13},{"not_picked":["Guardian:Reroute","Guardian:ChargeCore"],"picked":"Guardian:DecasProtection","floor":14},{"not_picked":["Guardian:Recover","Guardian:DonusPower","Guardian:Suspension"],"picked":"SKIP","floor":15},{"not_picked":["Guardian:TimeSifter","Guardian:StasisField"],"picked":"Guardian:RevengeProtocol","floor":16},{"not_picked":["Guardian:MultiBeam+1","Guardian:PolyBeam"],"picked":"Guardian:PiercingHide+1","floor":19},{"not_picked":["Guardian:DonusPower+1","Guardian:SentryBeam+1","Guardian:TemporalShield"],"picked":"SKIP","floor":21},{"not_picked":["Guardian:DonusPower+1","Guardian:Gem_Red"],"picked":"Guardian:Gem_Cyan","floor":23},{"not_picked":["Guardian:Preprogram","Guardian:Emergency","Guardian:Suspension"],"picked":"SKIP","floor":25},{"not_picked":["Guardian:Incinerate","Guardian:CrystalBeam"],"picked":"Guardian:PrismaticBarrier","floor":27},{"not_picked":["Guardian:MultiBeam","Guardian:Emergency","Guardian:PolyBeam"],"picked":"SKIP","floor":28},{"not_picked":["Guardian:TemporalStrike","Guardian:Planning"],"picked":"Guardian:RevengeProtocol","floor":29},{"not_picked":["Guardian:Planning","Guardian:Emergency+1"],"picked":"Guardian:Gem_Cyan","floor":31},{"not_picked":["Guardian:Emergency","Guardian:Reroute","Guardian:ChargeCore"],"picked":"SKIP","floor":32},{"not_picked":["Guardian:ConstructionForm","Guardian:ExploitGems"],"picked":"Guardian:Gem_Orange","floor":33},{"not_picked":["Guardian:WalkerClaw","Guardian:PrimingBeam","Guardian:TemporalShield+1"],"picked":"SKIP","floor":36},{"not_picked":["expansioncontent:InvincibleStrength","expansioncontent:HyperBeam"],"picked":"expansioncontent:Chronoboost","floor":37},{"not_picked":["Guardian:PolyBeam","Guardian:Planning+1"],"picked":"Guardian:Gem_Fragmented","floor":38},{"not_picked":["Guardian:VentSteam+1","Guardian:Recover+1"],"picked":"Guardian:FloatingOrbs+1","floor":40},{"not_picked":["Guardian:Preprogram+1","Guardian:WalkerClaw"],"picked":"Guardian:Gem_Green","floor":43},{"not_picked":["Guardian:Preprogram+1","Guardian:Harden+1"],"picked":"Guardian:FloatingOrbs+1","floor":45},{"not_picked":["Guardian:TemporalShield+1","Guardian:RollAttack+1"],"picked":"Guardian:ExploitGems","floor":46},{"not_picked":["Guardian:ShieldCharger","Guardian:ChargeCore"],"picked":"Guardian:Gem_Cyan","floor":48},{"not_picked":["Guardian:PrismaticBarrier","Guardian:PiercingHide+1","Guardian:MultiBeam"],"picked":"SKIP","floor":49}],"player_experience":164046,"relics_obtained":[{"floor":7,"key":"Anchor"},{"floor":14,"key":"Odd Mushroom"},{"floor":24,"key":"CeramicFish"},{"floor":41,"key":"Art of War"}],"event_choices":[{"damage_healed":0,"gold_gain":0,"player_choice":"Fought Mushrooms","damage_taken":0,"max_hp_gain":0,"max_hp_loss":0,"event_name":"Mushrooms","floor":14,"gold_loss":0}],"is_beta":false,"boss_relics":[{"not_picked":["Runesmith:UraniumAnvil","SacredBark"],"picked":"Astrolabe"},{"not_picked":["Velvet Choker","Black Star"],"picked":"Sozu"}],"items_purged_floors":[],"is_endless":false,"potions_floor_spawned":[4,9,14,15,19,27,28,29,36,38,40,43],"killed_by":"IC_BLOCK_ARCHETYPE","ascension_level":0}}