{"host":"ty7uytdfitsmf36k","time":1612034771,"event":{"mods":["AchievementEnabler","BaseMod","Colored Map","Colored Powertips","DeckTracker","Downfall","Infinite Spire","Minty Spire (QoL Compilation)","Relic Stats","Replay The Spire","Spire Arcade","StSLib","SuperFastMode","The Jungle","Wandering Minibosses"],"gold_per_floor":[112,131,131,145,145,177,207,221,221,240,240,278,278,302,302,398,398,408,408,408],"floor_reached":19,"language":"ENG","playtime":608,"items_purged":[],"score":270,"play_id":"16159791-ebf9-4adb-8a83-d723b901a2c6","local_time":"20210130142611","is_ascension_mode":true,"campfire_choices":[{"data":"True Grit","floor":11,"key":"SMITH"},{"floor":15,"key":"REST"}],"circlet_count":0,"master_deck":["AscendersBane","Strike_R","Strike_R","Strike_R","Strike_R","Defend_R","Defend_R","Defend_R","Defend_R","Bash","ReplayReversal","Uppercut","Ghostly Armor","Sword Boomerang","True Grit+1","ReplayTheSpireMod:LeadingStrike","ReplayTheSpireMod:Strike From Hell","Exhume","Seeing Red"],"relics":["Burning Blood","Dead Branch","Mummified Hand","Calipers","Odd Mushroom","Strawberry","Pet Ghost","Black Star"],"acts_visited":["Exordium","theJungle:Jungle"],"potions_floor_usage":[7,10,12],"damage_taken":[{"damage":10,"enemies":"Jaw Worm","floor":1,"turns":6},{"damage":8,"enemies":"2 Louse","floor":2,"turns":2},{"damage":12,"enemies":"Small Slimes","floor":4,"turns":4},{"damage":36,"enemies":"Gremlin Nob","floor":6,"turns":5},{"damage":27,"enemies":"The Mushroom Lair","floor":7,"turns":4},{"damage":2,"enemies":"Looter","floor":8,"turns":5},{"damage":16,"enemies":"Lots of Slimes","floor":10,"turns":5},{"damage":2,"enemies":"Gremlin Gang","floor":12,"turns":6},{"damage":10,"enemies":"The Guardian","floor":16,"turns":11},{"damage":72,"enemies":"theJungle:Flameango_and_Byrd","floor":18,"turns":8},{"damage":8,"enemies":"theJungle:MUSHROOMGANG","floor":19,"turns":1}],"seed_played":"6858858928077713235","potions_obtained":[{"floor":6,"key":"LiquidBronze"},{"floor":8,"key":"Elixir"},{"floor":10,"key":"ColorlessPotion"},{"floor":12,"key":"champ:CounterPotion"}],"is_trial":false,"path_per_floor":["M","M","?","M","T","E","?","M","T","M","R","M","?","T","R","B",null,"M","M"],"character_chosen":"IRONCLAD","items_purchased":[],"campfire_rested":1,"item_purchase_floors":[],"current_hp_per_floor":[68,66,66,60,60,30,9,13,20,10,10,14,14,14,40,36,74,8,0,0],"gold":408,"neow_bonus":"TRANSFORM_CARD","is_daily":false,"chose_seed":false,"campfire_upgraded":1,"win_rate":0.0,"timestamp":1612034771,"path_taken":["M","M","?","M","?","E","?","M","T","M","R","M","?","?","R","BOSS","M","M"],"items_purchased_type":[],"build_version":"2020-12-22","purchased_purges":0,"victory":false,"max_hp_per_floor":[80,80,80,80,80,80,80,80,87,87,87,87,87,87,87,87,87,87,87,87],"relic_stats":{"counters":[11,57],"Mummified Hand":[12],"Dead Branch":[62],"Black Star":0,"obtain_stats":[{"Calipers":6,"Mummified Hand":5,"Dead Branch":3,"Strawberry":9,"Black Star":17,"Odd Mushroom":7,"Burning Blood":0,"Pet Ghost":14},{"Calipers":4,"Mummified Hand":3,"Dead Branch":2,"Strawberry":6,"Black Star":9,"Odd Mushroom":5,"Burning Blood":0,"Pet Ghost":8},{"Calipers":17,"Mummified Hand":12,"Dead Branch":8,"Strawberry":26,"Black Star":48,"Odd Mushroom":21,"Burning Blood":0,"Pet Ghost":37}],"Burning Blood":60},"card_choices":[{"not_picked":["Feel No Pain","Havoc"],"picked":"Uppercut","floor":1},{"not_picked":["Pommel Strike","True Grit"],"picked":"Ghostly Armor","floor":2},{"not_picked":["Whirlwind","Twin Strike","Perfected Strike"],"picked":"SKIP","floor":4},{"not_picked":["Entrench","Warcry"],"picked":"Sword Boomerang","floor":6},{"not_picked":["Armaments","Warcry"],"picked":"True Grit","floor":7},{"not_picked":["Blood for Blood","Iron Wave","Twin Strike"],"picked":"SKIP","floor":8},{"not_picked":["Sword Boomerang","Bludgeon"],"picked":"ReplayTheSpireMod:LeadingStrike","floor":10},{"not_picked":["infinitespire:OneForAll","Abandon"],"picked":"ReplayTheSpireMod:Strike From Hell","floor":12},{"not_picked":["Replay:Many Hands","Brutality"],"picked":"Exhume","floor":16},{"not_picked":["Body Slam","Cleave"],"picked":"Seeing Red","floor":18}],"player_experience":206504,"relics_obtained":[{"floor":3,"key":"Dead Branch"},{"floor":5,"key":"Mummified Hand"},{"floor":6,"key":"Calipers"},{"floor":7,"key":"Odd Mushroom"},{"floor":9,"key":"Strawberry"},{"floor":14,"key":"Pet Ghost"}],"event_choices":[{"damage_healed":0,"gold_gain":0,"player_choice":"Fought Mushrooms","damage_taken":0,"max_hp_gain":0,"max_hp_loss":0,"event_name":"Mushrooms","floor":7,"gold_loss":0},{"damage_healed":0,"gold_gain":0,"player_choice":"Ignored","damage_taken":0,"max_hp_gain":0,"max_hp_loss":0,"event_name":"Shining Light","floor":13,"gold_loss":0}],"is_beta":false,"boss_relics":[{"not_picked":["Honey Jar","Cursed Key"],"picked":"Black Star"}],"items_purged_floors":[],"is_endless":false,"potions_floor_spawned":[6,8,10,12],"killed_by":"theJungle:MUSHROOMGANG","ascension_level":12}}