{"host":"zk71suw73lg2r165","time":1612035182,"event":{"mods":["BaseMod","Colored Map","Minty Spire (QoL Compilation)","Permanent Neow","Relic Stats","StSLib"],"gold_per_floor":[116,116,136,211,8,42,42,42,69,69,79,95,120,136,136,207,207,224,114,130,130,130],"floor_reached":21,"language":"ENG","playtime":733,"items_purged":["Pain"],"score":378,"play_id":"f463238a-2c63-4e44-ac08-b1c2af4bfd5d","local_time":"20210130143302","is_ascension_mode":true,"campfire_choices":[{"floor":7.0,"key":"REST"},{"floor":10.0,"key":"REST"},{"floor":15.0,"key":"REST"}],"circlet_count":0,"master_deck":["AscendersBane","Strike_B","Strike_B","Strike_B","Defend_B","Defend_B","Defend_B","Defend_B","Zap","Dualcast","Sweeping Beam","Hologram","Static Discharge","Lockon","Capacitor+1","Coolheaded","Conserve Battery","Compile Driver","Darkness","Skim","Doom and Gloom","Rainbow","Fusion+1","Chaos"],"relics":["Snecko Eye","WarpedTongs","Dream Catcher","Gambling Chip","Regal Pillow","Pen Nib","Cursed Key"],"acts_visited":["Exordium","TheCity"],"potions_floor_usage":[16,21],"damage_taken":[{"damage":0.0,"enemies":"Small Slimes","floor":1.0,"turns":3.0},{"damage":4.0,"enemies":"Cultist","floor":3.0,"turns":3.0},{"damage":35.0,"enemies":"3 Sentries","floor":6.0,"turns":5.0},{"damage":2.0,"enemies":"Jaw Worm","floor":11.0,"turns":2.0},{"damage":10.0,"enemies":"Blue Slaver","floor":12.0,"turns":4.0},{"damage":19.0,"enemies":"Lagavulin","floor":13.0,"turns":6.0},{"damage":13.0,"enemies":"Lots of Slimes","floor":14.0,"turns":3.0},{"damage":33,"enemies":"Slime Boss","floor":16,"turns":10},{"damage":0,"enemies":"3 Byrds","floor":18,"turns":4},{"damage":23,"enemies":"2 Thieves","floor":20,"turns":3},{"damage":47,"enemies":"Shelled Parasite and Fungi","floor":21,"turns":3}],"seed_played":"-9125131101616689121","potions_obtained":[{"floor":11.0,"key":"SteroidPotion"},{"floor":14.0,"key":"ColorlessPotion"},{"floor":20,"key":"BlessingOfTheForge"}],"is_trial":false,"path_per_floor":["M","?","M","?","$","E","R","?","T","R","M","M","E","M","R","B",null,"M","?","M","M"],"character_chosen":"DEFECT","items_purchased":["Static Discharge","FocusPotion"],"campfire_rested":3,"item_purchase_floors":[5,5],"current_hp_per_floor":[64,64,60,49,49,14,35,35,35,71,69,59,40,27,63,30,61,61,61,38,0,0],"gold":130,"neow_bonus":"BOSS_RELIC","is_daily":false,"chose_seed":false,"campfire_upgraded":0,"win_rate":0.0,"timestamp":1612035182,"path_taken":["M","?","?","?","$","E","R","?","T","R","M","?","E","M","R","BOSS","M","?","?","M"],"items_purchased_type":["Card","Potion"],"build_version":"2020-12-22","purchased_purges":1,"victory":false,"max_hp_per_floor":[71,71,71,71,71,71,71,71,71,71,71,71,71,71,71,71,71,71,71,71,71,71],"relic_stats":{"Dream Catcher":3,"Regal Pillow":30,"counters":[11,46],"Gambling Chip":[38],"Snecko Eye":[96,99,108,95],"Pen Nib":[3],"Cursed Key":0,"obtain_stats":[{"Dream Catcher":6,"Regal Pillow":9,"Gambling Chip":8,"Snecko Eye":0,"Pen Nib":13,"Cracked Core":0,"Cursed Key":17,"WarpedTongs":2},{"Dream Catcher":3,"Regal Pillow":3,"Gambling Chip":3,"Snecko Eye":0,"Pen Nib":6,"Cracked Core":0,"Cursed Key":8,"WarpedTongs":1},{"Dream Catcher":11,"Regal Pillow":11,"Gambling Chip":11,"Snecko Eye":0,"Pen Nib":23,"Cracked Core":0,"Cursed Key":36,"WarpedTongs":3}],"WarpedTongs":[43]},"card_choices":[{"not_picked":["White Noise","Barrage"],"picked":"Sweeping Beam","floor":1.0},{"not_picked":["Rebound","Turbo"],"picked":"Hologram","floor":3.0},{"not_picked":["BootSequence","Blizzard"],"picked":"Lockon","floor":6.0},{"not_picked":["Leap","Stack"],"picked":"Capacitor","floor":7.0},{"not_picked":["Machine Learning","Go for the Eyes"],"picked":"Coolheaded","floor":10.0},{"not_picked":["Auto Shields","Hologram"],"picked":"Conserve Battery","floor":11.0},{"not_picked":["Leap","Streamline"],"picked":"Compile Driver","floor":12.0},{"not_picked":["Go for the Eyes","Steam Power"],"picked":"Darkness","floor":13.0},{"not_picked":["Hologram","Cold Snap"],"picked":"Skim","floor":14.0},{"not_picked":["Undo","Hello World"],"picked":"Doom and Gloom","floor":15.0},{"not_picked":["Core Surge","Hyperbeam"],"picked":"Rainbow","floor":16},{"not_picked":["Redo","Rebound+1"],"picked":"Fusion+1","floor":18},{"not_picked":["Ball Lightning","Gash"],"picked":"Chaos","floor":20}],"player_experience":1428886,"relics_obtained":[{"floor":6.0,"key":"Dream Catcher"},{"floor":9.0,"key":"Regal Pillow"},{"floor":13.0,"key":"Pen Nib"}],"event_choices":[{"damage_healed":0.0,"max_hp_gain":0.0,"max_hp_loss":0.0,"gold_gain":0.0,"event_name":"Accursed Blacksmith","player_choice":"Rummage","floor":2.0,"gold_loss":0.0,"damage_taken":0.0,"relics_obtained":["WarpedTongs"],"cards_obtained":["Pain"]},{"damage_healed":0.0,"max_hp_gain":0.0,"max_hp_loss":0.0,"gold_gain":75.0,"event_name":"World of Goop","player_choice":"Gather Gold","floor":4.0,"gold_loss":0.0,"damage_taken":11.0},{"damage_healed":0.0,"max_hp_gain":0.0,"max_hp_loss":0.0,"gold_gain":0.0,"event_name":"WeMeetAgain","player_choice":"Gave Potion","floor":8.0,"gold_loss":0.0,"damage_taken":0.0,"relics_obtained":["Gambling Chip"]},{"cards_removed":["Strike_B"],"damage_healed":0,"gold_gain":0,"player_choice":"Upgrade and Remove","damage_taken":0,"max_hp_gain":0,"max_hp_loss":0,"event_name":"Designer","floor":19,"gold_loss":110,"cards_upgraded":["Capacitor"]}],"is_beta":false,"boss_relics":[{"not_picked":["Runic Dome","Pandora\u0027s Box"],"picked":"Cursed Key"}],"items_purged_floors":[5],"is_endless":false,"potions_floor_spawned":[11,14,20],"killed_by":"Shelled Parasite and Fungi","ascension_level":20}}