{"host":"nt5s8w9te9kjrjx1","time":1612049149,"event":{"mods":["100% Spire Juice","2.2 Compatiblity","A Penny For Your Troubles","Abigail Mod","AchievementEnabler","Act Like it!","Aspiration","BaseMod","Better Altar","Better Match","Better Note","Better Sensory Stone","Better Skull","Better Third Choice","Better Vampires","Better-Laid Plans","BetterRewards","CapriCore","Card Forge","Colored Powertips","Conspire","Curses Come First","Displayed Cursed Tome","Energized Spire","Evolution","Gensokyo","Gold Saver","Good Game Mod","GungeonMod","Halation","Hallownest","Hermit","HexUI Lib","Highlight Path","HololiveMod","Hubris","Infinite Spire","Jess\u0027s Bottle","Jorbs\u0027s Wanderer Trilogy","Koishi","Luminous","Mari Mod (Legacy)","Mari\u0027s V1 Patch","Marisa????????","Marked Mod","Mimic Mod","Minty Spire (QoL Compilation)","MostiFishMod","Pale of the Ancients","Quick Restart","Rare Cards Sparkle","Red Circlet Mod","Reimu??????","Relic Filter Mod","Reliquary","Remilia??????","Reorder Act Four","Replay The Spire","Retaliation","Shade Mod","Small Relic Pack","Smile Girya","Spicy Shops","Spikes Relics","Spire Arcade","StS++","StSLib","Steal the Spire","The Administrix","The Animator","The Blue Laboratory","The Caster","The Construct","The Cursed","The Gatherer","The Jungle","The Marked","The Mystic","The Necromancer","The Sage","The Servant 0.9.4","The Wild Card","TheVacant","Transform Curses","Uncapped","Virulent Crown","WarShipGirlsR/????R mod"],"gold_per_floor":[30238,30238,29552,29571,29582,29582,29613,28882,28935,28949,28949,28949,28961,28017,28017,28115,28115,28126,28138,28138,28152,28152,28187,28201,27153,27153,27167,27182,27182,27213,27224,27224,27323,27323,27341,27341,26883,26910,26924,26924,25777,25807,25807,25124,25144,25144,25158,25173,25173,25173],"floor_reached":51,"language":"ENG","playtime":2519,"items_purged":["Decay"],"score":1219,"play_id":"4bcc4079-3fa0-4855-9423-1861249ea1da","local_time":"20210130232549","is_ascension_mode":false,"campfire_choices":[{"data":"theMarked:ChainLightning","floor":6,"key":"SMITH"},{"floor":40,"key":"RECALL"},{"data":"theMarked:ContemptForTheProud","floor":49,"key":"SMITH"},{"data":"theMarked:ElectricStrings","floor":49,"key":"SMITH"}],"circlet_count":0,"master_deck":["theMarked:Strike+1","theMarked:Strike+1","theMarked:Strike+1","theMarked:Strike+1","theMarked:Defend+1","theMarked:Defend+1","theMarked:Defend+1","theMarked:Defend+1","theMarked:SoldierOfQuellstein+1","theMarked:ElectricStrings+1","theWildCard:TheUniverse+1","theMarked:HeightenedSenses+1","theMarked:GodGivenPower+1","theMarked:BanishingWave+1","theMarked:ChainLightning+1","theMarked:ElectricStrings+1","theMarked:EmpowerWeapon+1","theMarked:Aftermath+1","theMarked:MysticalArsenal+1","theMarked:ComboAttacks+1","theMarked:SuspiciousRaven+1","theMarked:Determination+1","theMarked:EternalStudent+1","theMarked:WardOff+1","theMarked:ChainLightning+1","theMarked:Improvise+1","theMarked:Panic+1","theMarked:SuspiciousRaven+1","theMarked:BanishingStrike+1","theMarked:Memento+1","theMarked:RogueSparks+1","theMarked:FavorableWinds+1","theMarked:PowerFlow+1","theMarked:Frustration+1","theMarked:Parkour+1","theMarked:Vacuum+1","theMarked:Electrify+1","theMarked:Overcharge+1","theMarked:Challenge+1","theMarked:Improvise+1","theMarked:Overcharge+1","theMarked:ElectricStrings+1","theMarked:Opportunist+1","theMarked:LightningStrikesTwice+1","theMarked:ContemptForTheProud+1","theMarked:SuspiciousRaven+1","theMarked:Toughness","theMarked:Polarize+1","theMarked:ElectricStrings+1","theMarked:Frustration+1","theMarked:WardOff+1","theMarked:Reabsorb+1"],"relics":["theMarked:ArtifactOfAir","Hammer of Thor","Seething Fire","Anvil of the Gods","EVO:Axolotl","DaveBox","REME:ComplimentaryCards","SynthV:TestCard","OneHitWonderSystem","reliquary:TridentHead","infinitespire:Beetle Shell","reliquary:SilkGlove","BlackRope","DemoMod:GlassGuonStoneRelic","aspiration:ArtOfWarUpgrade","Frozen Eye","conspire:TreasureMap","Meat on the Bone","halation:PenCase","hubris:Towel","Replay:Mystery Machine","Toxic Egg 2","hubris:CrystalStatue","construct:FoamFinger","halation:Prosthetics","PatriotShield","halation:KoshaPiece","Pear","reliquary:Buckler","StSpp:JackpotMachine","theMarked:Winder","hubris:CuriousFeather","reliquary:Firecrackers","halation:SelfBoilingWater","infinitespire:CursedDice","energizedSpire:OgreHead","Replay:PocketPolymizer","Orrery","aspiration:SeaSaltIceCream","hermit:Momento","SnailShell","Turnip","DemoMod:OrangeGuonStone","infinitespire:Broken Mirror","hubris:Teleporter","Orichalcum","SynthV","reliquary:RosewoodLute","hubris:DisguiseKit","Ornamental Fan"],"acts_visited":["Exordium","Exordium","Hallownest:KingdomsEdge"],"potions_floor_usage":[],"damage_taken":[{"damage":0,"enemies":"Jaw Worm","floor":1,"turns":6},{"damage":0,"enemies":"Cultist","floor":4,"turns":3},{"damage":0,"enemies":"2 Louse","floor":5,"turns":2},{"damage":0,"enemies":"Gremlin Nob","floor":7,"turns":3},{"damage":0,"enemies":"2 Fungi Beasts","floor":10,"turns":2},{"damage":0,"enemies":"Exordium Wildlife","floor":13,"turns":2},{"damage":0,"enemies":"The Guardian","floor":16,"turns":7},{"damage":0,"enemies":"theJungle:MUSHROOMGANG","floor":18,"turns":3},{"damage":0,"enemies":"theJungle:GiantWrat","floor":19,"turns":4},{"damage":0,"enemies":"theJungle:JungleHuntersEncounter","floor":21,"turns":2},{"damage":0,"enemies":"theJungle:MamaSnecko","floor":23,"turns":2},{"damage":0,"enemies":"theJungle:2_Flameangoes","floor":24,"turns":2},{"damage":0,"enemies":"theJungle:Snecko_Cultist_And_Trap","floor":27,"turns":2},{"damage":0,"enemies":"theJungle:SlimyTreeVines","floor":28,"turns":2},{"damage":0,"enemies":"theJungle:2_Phrogs","floor":30,"turns":1},{"damage":0,"enemies":"theJungle:JungleHuntersEncounter","floor":31,"turns":2},{"damage":0,"enemies":"theJungle:QueenSpyder","floor":33,"turns":3},{"damage":0,"enemies":"Hallownest:3_Siblings","floor":35,"turns":1},{"damage":0,"enemies":"conspire:MimicChest","floor":38,"turns":2},{"damage":0,"enemies":"Hallownest:Shield_Heavy","floor":39,"turns":1},{"damage":0,"enemies":"Hallownest:eliteHiveKnight","floor":42,"turns":2},{"damage":0,"enemies":"Hallownest:2_Great","floor":45,"turns":2},{"damage":0,"enemies":"Hallownest:monsterPrimalAspid","floor":47,"turns":2},{"damage":0,"enemies":"Hallownest:Shield_Sturdy","floor":48,"turns":2},{"damage":0,"enemies":"Hallownest:Radiance","floor":50,"turns":3}],"seed_played":"-364897523567905942","potions_obtained":[{"floor":4,"key":"Adrenaline Potion"},{"floor":5,"key":"blueLaboratory:CorrosionFlask"},{"floor":10,"key":"blueLaboratory:FrostheartPotion"}],"is_trial":false,"path_per_floor":["M","?","$","M","M","R","E","$","T","M","?","?","M","$","R","B",null,"M","M","AVR","M","?","E","M","$","T","M","M","?","E","M","R","B",null,"M","?","$","?","M","R","$","E","T","$","M","AVR","M","M","R","B",null],"character_chosen":"THE_DEFAULT","items_purchased":["infinitespire:Beetle Shell","reliquary:SilkGlove","BlackRope","theMarked:HeightenedSenses","theMarked:GodGivenPower","theMarked:BanishingWave","Frozen Eye","conspire:TreasureMap","Meat on the Bone","theMarked:Aftermath","theMarked:MysticalArsenal","Replay:Mystery Machine","Toxic Egg 2","hubris:CrystalStatue","construct:FoamFinger","theMarked:Determination","reliquary:Buckler","StSpp:JackpotMachine","theMarked:Winder","hubris:CuriousFeather","reliquary:Firecrackers","theMarked:BanishingStrike","theMarked:Memento+1","theMarked:RogueSparks","Replay:PocketPolymizer","Orrery","SnailShell","Turnip","DemoMod:OrangeGuonStone","theMarked:ContemptForTheProud","theMarked:SuspiciousRaven+1","theMarked:Toughness","theMarked:Polarize+1","Orichalcum","SynthV","reliquary:RosewoodLute","hubris:DisguiseKit"],"campfire_rested":0,"item_purchase_floors":[3,3,3,3,3,3,8,8,8,8,8,14,14,14,14,14,25,25,25,25,25,25,25,25,37,37,41,41,41,41,41,41,41,44,44,44,44],"current_hp_per_floor":[1,1,1,1,1,1,1,1,1,1,1,1,1,1,1,1,1,1,1,1,1,1,11,1,1,1,1,1,1,1,1,1,1,1,1,1,1,1,1,1,1,1,1,1,1,1,1,1,1,1],"gold":25173,"neow_bonus":"TEN_PERCENT_HP_BONUS","is_daily":false,"chose_seed":false,"campfire_upgraded":3,"win_rate":0.0,"timestamp":1612049149,"path_taken":["M","?","$","?","M","R","E","$","T","M","?","?","M","?","R","BOSS","M","M","AVR","M","?","E","M","$","T","M","M","?","E","M","R","BOSS","M","?","$","?","?","R","$","E","T","?","M","AVR","M","M","R","BOSS"],"items_purchased_type":["Relic","Relic","Relic","Card","Card","Card","Relic","Relic","Relic","Card","Card","Relic","Relic","Relic","Relic","Card","Relic","Relic","Relic","Relic","Relic","Card","Card","Card","Relic","Relic","Relic","Relic","Relic","Card","Card","Card","Card","Relic","Relic","Relic","Relic"],"build_version":"2020-12-22","purchased_purges":1,"victory":true,"max_hp_per_floor":[1,1,1,1,1,1,1,1,1,1,1,1,1,1,1,1,1,1,1,1,1,1,11,1,1,1,1,1,1,1,1,1,1,1,1,1,1,1,1,1,1,1,1,1,1,1,1,1,1,1],"card_choices":[{"not_picked":["theMarked:RepellingDischarge","theMarked:TunnelVision"],"picked":"theMarked:ElectricStrings","floor":1},{"not_picked":["theMarked:KeepCalmAndFight","theMarked:BanishingStrike","theMarked:Electrify","theMarked:Aftermath"],"picked":"theMarked:ChainLightning","floor":4},{"not_picked":["theMarked:Electrocute","theMarked:Convert","theMarked:SwordAndMagic","theMarked:KeepCalmAndFight"],"picked":"theMarked:ElectricStrings","floor":5},{"not_picked":["theMarked:EnhanceMovement","theMarked:SwordAndMagic","theMarked:RepellingDischarge","theMarked:WastefulAttack"],"picked":"theMarked:EmpowerWeapon","floor":7},{"not_picked":["theMarked:Convert","theMarked:EmpowerWeapon","theMarked:TwofoldDefense","theMarked:MuscleMemory"],"picked":"theMarked:ComboAttacks","floor":10},{"not_picked":["theMarked:Frustration","theMarked:RepellingDischarge","theMarked:Memento","theMarked:TunnelVision"],"picked":"theMarked:SuspiciousRaven","floor":13},{"not_picked":["theMarked:FavorableWinds+1","theMarked:Snap","theMarked:BindingBlade+1","theMarked:Abjuration"],"picked":"theMarked:EternalStudent+1","floor":16},{"not_picked":["theMarked:TakeCover+1","theMarked:ShockingTouch","theMarked:HeightenedSenses+1","theMarked:KeepCalmAndFight"],"picked":"theMarked:WardOff+1","floor":18},{"not_picked":["theMarked:GodGivenPower","theMarked:EmpowerWeapon+1","theMarked:HeightenedSenses+1","theMarked:PowerFlow+1"],"picked":"theMarked:ChainLightning","floor":19},{"not_picked":["theMarked:EmpowerWeapon+1","theMarked:TwofoldDefense+1","theMarked:ResourceFulStrike","theMarked:ChainLightning"],"picked":"theMarked:Improvise+1","floor":21},{"not_picked":["theMarked:Standoff","theMarked:EnhanceMovement+1","theMarked:Seal+1","theMarked:WardOff+1"],"picked":"theMarked:Panic+1","floor":23},{"not_picked":["theMarked:ResourceFulStrike","theMarked:StartUp","theMarked:Frustration+1","theMarked:ChannelForce+1"],"picked":"theMarked:SuspiciousRaven+1","floor":24},{"not_picked":["theMarked:ElectricStrings","theMarked:Electrocute+1","theMarked:Maelstrom+1","theMarked:TakeCover+1"],"picked":"theMarked:FavorableWinds+1","floor":27},{"not_picked":["theMarked:ChainLightning","theMarked:OneWithTheBlade+1","theMarked:Improvise+1","theMarked:Memento+1"],"picked":"theMarked:PowerFlow+1","floor":28},{"not_picked":["theMarked:SwordAndMagic","theMarked:GodGivenPower","theMarked:MysticalArsenal","theMarked:EnhanceMovement+1"],"picked":"theMarked:Frustration+1","floor":30},{"not_picked":["theMarked:FavorableWinds+1","theMarked:SelfDefenseTraining+1","theMarked:TakeCover+1","theMarked:WardOff+1"],"picked":"theMarked:Parkour","floor":31},{"not_picked":["theMarked:ThrowWeapon","theMarked:Abjuration","theMarked:EternalStudent+1","theMarked:Snap"],"picked":"theMarked:Vacuum","floor":33},{"not_picked":["theMarked:Memento+1","theMarked:Aftermath+1","theMarked:Pokerface+1","theMarked:Parkour+1"],"picked":"theMarked:Electrify+1","floor":35},{"not_picked":["theMarked:Aftermath+1","theMarked:SwordAndMagic+1","theMarked:Pokerface+1","theMarked:WastefulAttack+1"],"picked":"theMarked:Overcharge+1","floor":37},{"not_picked":["theMarked:ResourceFulStrike","theMarked:PowerFlow+1","theMarked:TwofoldDefense+1","theMarked:HeightenedSenses+1"],"picked":"theMarked:Challenge+1","floor":37},{"not_picked":["theMarked:Seal+1","theMarked:ResourceFulStrike","theMarked:SwordAndMagic+1","theMarked:OneWithTheBlade+1"],"picked":"theMarked:Improvise+1","floor":37},{"not_picked":["theMarked:GodGivenPower+1","theMarked:Parkour+1","theMarked:EmpowerWeapon+1","theMarked:Determination"],"picked":"theMarked:Overcharge+1","floor":37},{"not_picked":["theMarked:RepellingDischarge+1","theMarked:ResourceFulStrike","theMarked:HeightenedSenses+1","theMarked:Frustration"],"picked":"theMarked:ElectricStrings+1","floor":37},{"not_picked":["theMarked:EnhanceMovement+1","theMarked:Memento+1","theMarked:MysticalArsenal+1","theMarked:WardOff+1"],"picked":"theMarked:Opportunist","floor":38},{"not_picked":["theMarked:Convert+1","theMarked:Memento+1","theMarked:WardOff+1","theMarked:TwofoldDefense+1"],"picked":"theMarked:LightningStrikesTwice+1","floor":39},{"not_picked":["theMarked:BanishingStrike+1","theMarked:Aftermath+1","theMarked:Parkour","theMarked:TwofoldDefense+1"],"picked":"theMarked:ElectricStrings","floor":42},{"not_picked":["theMarked:Parkour+1","theMarked:Aftermath+1","theMarked:EnhanceMovement+1","theMarked:BanishingStrike","rmod:supportescort"],"picked":"theMarked:Frustration+1","floor":45},{"not_picked":["theMarked:BanishingStrike+1","theMarked:Frustration","theMarked:TwofoldDefense+1","theMarked:ComboAttacks+1","rmod:fletcherpendant"],"picked":"theMarked:WardOff+1","floor":47},{"not_picked":["theMarked:DispelDoubt","theMarked:BanishingStrike+1","theMarked:Opportunist+1","theMarked:Parkour","rmod:shuttlebombing"],"picked":"theMarked:Reabsorb+1","floor":48}],"player_experience":206723,"relics_obtained":[{"floor":1,"key":"SynthV:TestCard"},{"floor":2,"key":"reliquary:TridentHead"},{"floor":7,"key":"Art of War"},{"floor":9,"key":"halation:PenCase"},{"floor":23,"key":"Pear"},{"floor":26,"key":"halation:SelfBoilingWater"},{"floor":30,"key":"infinitespire:CursedDice"},{"floor":38,"key":"aspiration:SeaSaltIceCream"},{"floor":42,"key":"infinitespire:Broken Mirror"},{"floor":43,"key":"hubris:Teleporter"}],"event_choices":[{"damage_healed":0,"gold_gain":0,"player_choice":"Relic","damage_taken":0,"max_hp_gain":0,"max_hp_loss":0,"event_name":"Wheel of Change","floor":2,"gold_loss":0},{"cards_removed":["theMarked:Strike"],"damage_healed":0,"gold_gain":0,"player_choice":"Purged","damage_taken":0,"max_hp_gain":0,"max_hp_loss":0,"event_name":"Purifier","floor":22,"gold_loss":0},{"damage_healed":0,"gold_gain":0,"player_choice":"Upgraded","damage_taken":0,"max_hp_gain":0,"max_hp_loss":0,"event_name":"Upgrade Shrine","floor":29,"gold_loss":0,"cards_upgraded":["theMarked:ElectricStrings"]}],"is_beta":false,"boss_relics":[{"not_picked":["theMarked:Eyepatch","EE1DDrone"],"picked":"halation:Prosthetics"},{"not_picked":["Replay:Bronze Core","Replay:Fungal Core"],"picked":"energizedSpire:OgreHead"}],"items_purged_floors":[3],"is_endless":false,"potions_floor_spawned":[4,5,10,13,19,23,28,31,35,38],"ascension_level":0}}