{"host":"q9sqrn60n8lvmavn","time":1612042499,"event":{"mods":["AchievementEnabler","AlwaysNeverKeys","BaseMod","Better Third Choice","Better Vampires","Block Reminder","Colored Powertips","Curses Come First","DNKmod","Friendly Minions","Minty Spire (QoL Compilation)","Permanent Neow","Relic Filter Mod","StSLib","Weighted Paths"],"gold_per_floor":[1014,283,294,294,294,326,326,352,352,363,398,398,411,431,431,535,535,554,569,668,363,64,64,96,96,143,171,171,190,203,223,223,325,325,336,350,362,362,214,245,245,270,270,270,109,126,126,152,152,152,152,152,16,45,45],"floor_reached":56,"language":"ENG","playtime":2512,"items_purged":["Strike_G","Strike_G","Strike_G","Defend_G","Defend_G","Deadly Poison+1"],"score":2161,"play_id":"a5c1e1c3-5677-42fa-815e-fab3a03f9622","local_time":"20210130133459","is_ascension_mode":true,"campfire_choices":[{"data":"Neutralize","floor":7,"key":"SMITH"},{"data":"Noxious Fumes","floor":15,"key":"SMITH"},{"data":"Panache","floor":23,"key":"SMITH"},{"data":"Footwork","floor":25,"key":"SMITH"},{"data":"After Image","floor":28,"key":"SMITH"},{"data":"Noxious Fumes","floor":32,"key":"SMITH"},{"data":"Defend_G","floor":44,"key":"PURGE"},{"data":"Defend_G","floor":47,"key":"PURGE"},{"data":"Survivor","floor":49,"key":"PURGE"},{"data":"Dagger Spray","floor":52,"key":"PURGE"}],"circlet_count":0,"master_deck":["Neutralize+1","Calculated Gamble","Footwork+1","Backflip+1","Well Laid Plans","Noxious Fumes+1","Adrenaline+1","Backflip+1","Acrobatics+1","Panache+1","After Image+1","Adrenaline+1","Noxious Fumes+1","Blur+1","Panache+1","Footwork+1","Madness+1","Madness+1","Noxious Fumes+1","Terror+1","After Image","Bouncing Flask+1"],"relics":["Ring of the Snake","FossilizedHelix","Sling","Art of War","The Specimen","Toxic Egg 2","InkBottle","Ice Cream","Mercury Hourglass","SlaversCollar","Membership Card","Centennial Puzzle","Unceasing Top","Oddly Smooth Stone","Omamori","Torii","Coffee Dripper","DollysMirror","Shovel","Peace Pipe","Incense Burner","OrangePellets","Blood Vial","Ornamental Fan"],"acts_visited":["Exordium","TheCity","TheBeyond","TheEnding"],"potions_floor_usage":[11,14,16,33,55,55],"damage_taken":[{"damage":0,"enemies":"2 Louse","floor":1,"turns":3},{"damage":0,"enemies":"Jaw Worm","floor":3,"turns":5},{"damage":10,"enemies":"3 Sentries","floor":6,"turns":8},{"damage":3,"enemies":"Lagavulin","floor":8,"turns":9},{"damage":0,"enemies":"Cultist","floor":10,"turns":3},{"damage":0,"enemies":"Gremlin Nob","floor":11,"turns":4},{"damage":0,"enemies":"Exordium Wildlife","floor":13,"turns":3},{"damage":5,"enemies":"Gremlin Gang","floor":14,"turns":2},{"damage":13,"enemies":"Slime Boss","floor":16,"turns":8},{"damage":0,"enemies":"2 Thieves","floor":18,"turns":3},{"damage":0,"enemies":"Chosen","floor":19,"turns":4},{"damage":0,"enemies":"Gremlin Leader","floor":24,"turns":3},{"damage":0,"enemies":"Slavers","floor":27,"turns":2},{"damage":0,"enemies":"Centurion and Healer","floor":29,"turns":3},{"damage":0,"enemies":"Cultist and Chosen","floor":30,"turns":3},{"damage":0,"enemies":"Snake Plant","floor":31,"turns":3},{"damage":0,"enemies":"Collector","floor":33,"turns":5},{"damage":0,"enemies":"3 Darklings","floor":35,"turns":3},{"damage":0,"enemies":"Orb Walker","floor":36,"turns":3},{"damage":0,"enemies":"3 Darklings","floor":37,"turns":2},{"damage":0,"enemies":"Nemesis","floor":40,"turns":5},{"damage":0,"enemies":"Giant Head","floor":42,"turns":4},{"damage":0,"enemies":"Sphere and 2 Shapes","floor":46,"turns":2},{"damage":0,"enemies":"Reptomancer","floor":48,"turns":2},{"damage":0,"enemies":"Awakened One","floor":50,"turns":5},{"damage":0,"enemies":"Shield and Spear","floor":54,"turns":2},{"damage":0,"enemies":"The Heart","floor":55,"turns":5}],"seed_played":"3088572505069804538","potions_obtained":[{"floor":1,"key":"BlessingOfTheForge"},{"floor":11,"key":"ColorlessPotion"},{"floor":13,"key":"Regen Potion"},{"floor":24,"key":"Dexterity Potion"},{"floor":27,"key":"SmokeBomb"},{"floor":31,"key":"BlessingOfTheForge"},{"floor":33,"key":"SpeedPotion"},{"floor":36,"key":"ColorlessPotion"},{"floor":37,"key":"BlessingOfTheForge"}],"is_trial":false,"path_per_floor":["M","$","M","?","?","E","R","E","T","M","E","T","M","M","R","B",null,"M","M","?","$","$","R","E","R","T","E","R","M","M","M","R","B",null,"M","M","M","?","$","E","?","E","T","R","$","M","R","E","R","B",null,"R","$","E","B",null],"character_chosen":"THE_SILENT","items_purchased":["FossilizedHelix","Sling","Footwork","Art of War","Membership Card","Centennial Puzzle","Acrobatics+1","Panache","Unceasing Top","DollysMirror","OrangePellets","Bouncing Flask+1"],"campfire_rested":0,"item_purchase_floors":[2,2,2,2,21,21,21,22,22,39,45,53],"current_hp_per_floor":[100,100,100,93,93,83,83,80,80,80,80,80,80,75,75,77,94,94,94,94,94,94,94,94,94,94,94,94,94,94,94,94,94,99,99,99,99,99,99,99,86,86,86,86,86,86,86,86,86,88,97,97,97,99,100],"gold":45,"neow_bonus":"REMOVE_CARD","is_daily":false,"chose_seed":false,"campfire_upgraded":6,"win_rate":0.0,"timestamp":1612042499,"path_taken":["M","$","M","?","?","E","R","E","T","?","E","?","?","M","R","BOSS","M","M","?","?","$","R","E","R","T","E","R","M","?","M","R","BOSS","M","M","M","?","$","E","?","E","T","R","?","?","R","E","R","BOSS","R","$","E","BOSS"],"items_purchased_type":["Relic","Relic","Card","Relic","Relic","Relic","Card","Card","Relic","Relic","Relic","Card"],"build_version":"2020-12-22","purchased_purges":6,"victory":true,"max_hp_per_floor":[100,100,100,100,100,100,100,100,100,100,100,100,100,100,100,100,100,100,100,100,100,100,100,100,100,100,100,100,100,100,100,100,100,100,100,100,100,100,100,100,100,100,100,100,100,100,100,100,100,100,100,100,100,100,100],"card_choices":[{"not_picked":["Leg Sweep","Skewer"],"picked":"Calculated Gamble","floor":1},{"not_picked":["Backstab","PiercingWail"],"picked":"Dagger Spray","floor":3},{"not_picked":["Cloak And Dagger","Riddle With Holes","Slice"],"picked":"SKIP","floor":6},{"not_picked":["Storm of Steel+1","Outmaneuver+1"],"picked":"Deadly Poison+1","floor":8},{"not_picked":["Bane","Poisoned Stab"],"picked":"Backflip+1","floor":10},{"not_picked":["Backstab","Skewer"],"picked":"Well Laid Plans","floor":11},{"not_picked":["Caltrops","Deflect+1","Tactician+1"],"picked":"SKIP","floor":13},{"not_picked":["Deadly Poison+1","Envenom"],"picked":"Noxious Fumes","floor":14},{"not_picked":["Glass Knife","Die Die Die"],"picked":"Adrenaline+1","floor":16},{"not_picked":["Dodge and Roll+1","Prepared+1","Slice+1"],"picked":"SKIP","floor":18},{"not_picked":["Endless Agony","Distraction+1"],"picked":"Backflip+1","floor":19},{"not_picked":["Backstab+1","Flying Knee"],"picked":"After Image","floor":24},{"not_picked":["Slice+1","Blade Dance+1"],"picked":"Adrenaline+1","floor":27},{"not_picked":["Crippling Poison+1","Dodge and Roll+1"],"picked":"Noxious Fumes","floor":29},{"not_picked":["Deadly Poison+1","Backflip+1"],"picked":"Blur+1","floor":30},{"not_picked":["Predator","Bane","Dodge and Roll+1"],"picked":"SKIP","floor":31},{"not_picked":["Accuracy+1","Finisher+1","Deadly Poison+1"],"picked":"SKIP","floor":35},{"not_picked":["Quick Slash","Slice+1","Cloak And Dagger+1"],"picked":"SKIP","floor":36},{"not_picked":["Dagger Throw+1","Backstab+1","Dodge and Roll+1"],"picked":"SKIP","floor":37},{"not_picked":["Tactician+1","Slice"],"picked":"Footwork+1","floor":40},{"not_picked":["A Thousand Cuts","Calculated Gamble+1"],"picked":"Noxious Fumes+1","floor":42},{"not_picked":["Well Laid Plans","Underhanded Strike+1"],"picked":"Terror+1","floor":46},{"not_picked":["Deflect+1","Leg Sweep+1"],"picked":"After Image","floor":48},{"not_picked":["Setup+1","Backflip+1","Blur+1"],"picked":"SKIP","floor":54}],"player_experience":185079,"relics_obtained":[{"floor":6,"key":"The Specimen"},{"floor":8,"key":"Toxic Egg 2"},{"floor":9,"key":"InkBottle"},{"floor":11,"key":"Ice Cream"},{"floor":12,"key":"Mercury Hourglass"},{"floor":24,"key":"Oddly Smooth Stone"},{"floor":26,"key":"Omamori"},{"floor":27,"key":"Torii"},{"floor":40,"key":"Shovel"},{"floor":42,"key":"Peace Pipe"},{"floor":43,"key":"Incense Burner"},{"floor":48,"key":"Blood Vial"},{"floor":54,"key":"Ornamental Fan"}],"event_choices":[{"cards_removed":["Defend_G"],"damage_healed":0,"gold_gain":0,"player_choice":"Card Removal","damage_taken":7,"max_hp_gain":0,"max_hp_loss":0,"event_name":"Golden Wing","floor":4,"gold_loss":0},{"cards_removed":["Strike_G"],"damage_healed":0,"gold_gain":0,"player_choice":"Purged","damage_taken":0,"max_hp_gain":0,"max_hp_loss":0,"event_name":"Purifier","floor":5,"gold_loss":0},{"damage_healed":0,"gold_gain":99,"player_choice":"Steal","damage_taken":0,"max_hp_gain":0,"max_hp_loss":0,"event_name":"betterThird:BetterNest","floor":20,"gold_loss":0},{"damage_healed":0,"gold_gain":0,"player_choice":"Ignored","damage_taken":0,"max_hp_gain":0,"max_hp_loss":0,"event_name":"Tomb of Lord Red Mask","floor":38,"gold_loss":0},{"damage_healed":0,"gold_gain":0,"player_choice":"Embrace Madness","damage_taken":13,"max_hp_gain":0,"max_hp_loss":0,"event_name":"Winding Halls","floor":41,"gold_loss":0,"cards_obtained":["Madness","Madness"]}],"is_beta":false,"boss_relics":[{"not_picked":["Cursed Key","WristBlade"],"picked":"SlaversCollar"},{"not_picked":["Philosopher\u0027s Stone","Runic Pyramid"],"picked":"Coffee Dripper"}],"items_purged_floors":[2,21,22,39,45,53],"is_endless":false,"potions_floor_spawned":[1,11,13,24,27,31,33,35,36,37,54],"ascension_level":6}}