{"host":"f0gpob8hq9vgebej","time":1612015562,"event":{"mods":["AchievementEnabler","BaseMod","Minty Spire (QoL Compilation)","Quick Restart","SuperFastMode"],"gold_per_floor":[112,125,145,155,173,173,207,207,233,233,40,52,72,86,86,182,182,198,216,232,147,166,166,181,181,251,251,251,111,111,111,111],"floor_reached":31,"language":"KOR","playtime":662,"items_purged":["Strike_B","Strike_B"],"score":374,"play_id":"52db6f26-6fad-4c8a-8da5-4c3c86c0ca8f","local_time":"20210130230602","is_ascension_mode":true,"campfire_choices":[{"data":"Hologram","floor":6,"key":"SMITH"},{"floor":10,"key":"REST"},{"floor":15,"key":"REST"},{"floor":23,"key":"REST"},{"floor":27,"key":"REST"},{"data":"Defragment","floor":30,"key":"SMITH"}],"circlet_count":0,"master_deck":["AscendersBane","Strike_B","Strike_B","Defend_B","Defend_B","Defend_B","Defend_B","Zap+1","Dualcast","Streamline","Hologram+1","Genetic Algorithm","Turbo","Compile Driver","Defragment+1","Skim","Ball Lightning","Biased Cognition","Biased Cognition","CurseOfTheBell","Coolheaded+1","Barrage+1","Storm+1","Steam Power","Writhe","Capacitor"],"relics":["Cracked Core","Calipers","Anchor","Calling Bell","Vajra","Letter Opener","Du-Vu Doll","Oddly Smooth Stone","StrikeDummy","Juzu Bracelet"],"acts_visited":["Exordium","TheCity"],"potions_floor_usage":[5,5,16,19,22,24],"damage_taken":[{"damage":4,"enemies":"2 Louse","floor":1,"turns":3},{"damage":5,"enemies":"Small Slimes","floor":2,"turns":3},{"damage":2,"enemies":"Jaw Worm","floor":3,"turns":3},{"damage":7,"enemies":"Large Slime","floor":4,"turns":5},{"damage":9,"enemies":"Exordium Wildlife","floor":5,"turns":4},{"damage":35,"enemies":"3 Sentries","floor":7,"turns":9},{"damage":0,"enemies":"Red Slaver","floor":12,"turns":3},{"damage":0,"enemies":"2 Fungi Beasts","floor":13,"turns":3},{"damage":0,"enemies":"Blue Slaver","floor":14,"turns":2},{"damage":25,"enemies":"The Guardian","floor":16,"turns":8},{"damage":6,"enemies":"Spheric Guardian","floor":18,"turns":3},{"damage":12,"enemies":"3 Byrds","floor":19,"turns":3},{"damage":22,"enemies":"Sentry and Sphere","floor":20,"turns":5},{"damage":16,"enemies":"Cultist and Chosen","floor":22,"turns":6},{"damage":12,"enemies":"Snake Plant","floor":24,"turns":4},{"damage":42,"enemies":"Masked Bandits","floor":31,"turns":3}],"seed_played":"-8242304874186724328","potions_obtained":[{"floor":3,"key":"Swift Potion"},{"floor":4,"key":"SkillPotion"},{"floor":12,"key":"PotionOfCapacity"},{"floor":13,"key":"SneckoOil"},{"floor":18,"key":"Energy Potion"},{"floor":19,"key":"EssenceOfSteel"}],"is_trial":false,"path_per_floor":["M","M","M","M","M","R","E","?","T","R","$","M","M","M","R","B",null,"M","M","M","?","M","R","M","?","T","R","?","$","R","?"],"character_chosen":"DEFECT","items_purchased":["Defragment","Skim","Capacitor"],"campfire_rested":4,"item_purchase_floors":[11,11,29],"current_hp_per_floor":[64,59,57,50,41,41,6,6,6,28,28,28,28,28,50,25,63,57,45,23,23,7,29,17,17,17,39,39,39,39,0,0],"gold":111,"neow_bonus":"UPGRADE_CARD","is_daily":false,"chose_seed":false,"campfire_upgraded":2,"win_rate":0.0,"timestamp":1612015562,"path_taken":["M","M","M","M","M","R","E","?","T","R","$","M","M","M","R","BOSS","M","M","M","?","M","R","M","?","T","R","?","$","R","?"],"items_purchased_type":["Card","Card","Card"],"build_version":"2020-12-22","purchased_purges":2,"victory":false,"max_hp_per_floor":[75,75,75,75,75,75,75,75,75,75,75,75,75,75,75,75,75,75,75,75,75,75,75,75,75,75,75,75,75,75,75,75],"card_choices":[{"not_picked":["Stack","Redo"],"picked":"Streamline","floor":1},{"not_picked":["Compile Driver","Melter"],"picked":"Hologram","floor":2},{"not_picked":["Stack","Turbo"],"picked":"Genetic Algorithm","floor":3},{"not_picked":["Aggregate","Sunder"],"picked":"Turbo","floor":4},{"not_picked":["Beam Cell","Leap"],"picked":"Compile Driver","floor":5},{"not_picked":["FTL","Recycle","Rip and Tear"],"picked":"SKIP","floor":7},{"not_picked":["Beam Cell","Darkness","Leap"],"picked":"SKIP","floor":12},{"not_picked":["Compile Driver","Barrage"],"picked":"Ball Lightning","floor":13},{"not_picked":["Compile Driver","Streamline"],"picked":"Biased Cognition","floor":14},{"not_picked":["Hyperbeam","Fission"],"picked":"Biased Cognition","floor":16},{"not_picked":["Gash","Turbo","Machine Learning"],"picked":"SKIP","floor":18},{"not_picked":["Hologram","FTL"],"picked":"Coolheaded+1","floor":19},{"not_picked":["Leap","Rip and Tear"],"picked":"Barrage+1","floor":20},{"not_picked":["Doom and Gloom","Skim","Fusion"],"picked":"SKIP","floor":22},{"not_picked":["Fusion","Force Field"],"picked":"Storm+1","floor":24}],"player_experience":291098,"relics_obtained":[{"floor":7,"key":"Calipers"},{"floor":9,"key":"Anchor"},{"floor":17,"key":"Vajra"},{"floor":17,"key":"Letter Opener"},{"floor":17,"key":"Du-Vu Doll"},{"floor":26,"key":"StrikeDummy"}],"event_choices":[{"damage_healed":0,"gold_gain":0,"player_choice":"Ignored","damage_taken":0,"max_hp_gain":0,"max_hp_loss":0,"event_name":"Shining Light","floor":8,"gold_loss":0},{"damage_healed":0,"gold_gain":0,"player_choice":"Obtained Relic","damage_taken":0,"relics_obtained":["Oddly Smooth Stone"],"max_hp_gain":0,"max_hp_loss":0,"event_name":"Addict","floor":21,"gold_loss":85},{"damage_healed":0,"gold_gain":0,"player_choice":"Read","damage_taken":0,"max_hp_gain":0,"max_hp_loss":0,"event_name":"The Library","floor":25,"gold_loss":0,"cards_obtained":["Steam Power"]},{"damage_healed":0,"gold_gain":0,"player_choice":"Opened","damage_taken":0,"relics_obtained":["Juzu Bracelet"],"max_hp_gain":0,"max_hp_loss":0,"event_name":"The Mausoleum","floor":28,"gold_loss":0,"cards_obtained":["Writhe"]},{"damage_healed":0,"gold_gain":0,"player_choice":"Fought Bandits","damage_taken":0,"max_hp_gain":0,"max_hp_loss":0,"event_name":"Masked Bandits","floor":31,"gold_loss":0}],"is_beta":false,"boss_relics":[{"not_picked":["Astrolabe","Velvet Choker"],"picked":"Calling Bell"}],"items_purged_floors":[11,29],"is_endless":false,"potions_floor_spawned":[3,4,12,13,18,19],"killed_by":"Masked Bandits","ascension_level":11}}