{"host":"bx8ylsmj2ob6hd5u","time":1612024584,"event":{"mods":["AchievementEnabler","Act Like it!","Aspiration","BaseMod","Colored Map","Downfall","Duelist Mod","Friendly Minions","Gensokyo","GifTheSpireLib","Hallownest","Hermit","HololiveMod","Hubris","Infinite Spire","Jorbs\u0027s Wanderer Trilogy","KinomotoSakuraMod(????)","Kiyohime????","Koishi","KomeijiMod","Lobotomy","LobotomyExtend","Marisa????????","Minty Spire (QoL Compilation)","Prisma Mod","Rare Cards Sparkle","Reimu??????","Remilia??????","Replay The Spire","StSLib","Td1madao Mod","The Administrix","The Animator","The Bug Knight","The Construct","The Cursed","The Disciple","The Hierophant","The Necromancer","The Poker Player","The Runesmith","The Senshi","The Servant 0.9.4","WarShipGirlsR/????R mod"],"gold_per_floor":[88,88,88,88,105,105,115,129,129,129,129,153,171,192,192,296,296,316,332,332,332,351,351,377,25,52,79,79,4,4,35,35,178,178,234,54,54,54,90,90,150,150,222,241,276,276,300,317,317,317,317],"floor_reached":50,"language":"ENG","playtime":3408,"items_purged":["ReplayTheSpireMod:Restless Dread"],"score":588,"play_id":"68bddf54-18f5-4556-b33e-89ba4a96c9df","local_time":"20210130183624","is_ascension_mode":false,"campfire_choices":[{"data":"Hololive_CallYuzukiChoco","floor":6,"key":"SMITH"},{"data":"Hololive_CallNakiriAyame","floor":11,"key":"SMITH"},{"data":"Hololive_Rebound","floor":15,"key":"SMITH"},{"data":"Hololive_CallSakuraMiko","floor":23,"key":"SMITH"},{"data":"Hololive_CallAiraniIofifteen","floor":28,"key":"SMITH"},{"data":"Hololive_CallShirakamiFubuki","floor":32,"key":"SMITH"},{"data":"Hololive_MaximGun","floor":40,"key":"SMITH"},{"data":"Hololive_CallShirakamiFubuki","floor":42,"key":"SMITH"},{"data":"Hololive_Defend","floor":46,"key":"SMITH"},{"data":"Hololive_Defend","floor":49,"key":"SMITH"}],"circlet_count":0,"master_deck":["Hololive_Strike","Hololive_Strike","Hololive_Defend+1","Hololive_Defend+1","Hololive_Rebound+1","Hololive_CallShirakamiFubuki+1","Hololive_CallAiraniIofifteen+1","Hololive_CallShirakamiFubuki+1","Hololive_CallSakuraMiko+1","Hololive_CallYuzukiChoco+1","Hololive_CallNakiriAyame+1","Hololive_CocoNews","Hololive_ILoveYou+1","Hololive_RevenueBasedLive+1","Hololive_CallYukihanaLamy","Hololive_Teleport+1","Hololive_Rebound+1","Hololive_HuntDinosaur+1","Hololive_Recruit+1","AbeCurse","Hololive_LuckPotion+1","Hololive_DevilCharm+1","Hololive_HighAtkLowDef+1","Hololive_Spy+1","Doubt","Hololive_CallNekomataOkayu+1","Hololive_MaximGun+1","Hololive_SummonFox+1","Hololive_DevilCharm+1","Hololive_CocoNews+1","Hololive_CallOkamiMio+1","Hololive_Rebound+1","Hololive_Breathe+1","Hololive_CallRosalyn+1"],"relics":["Hololive_TheStar","LetterFromLob","Toxic Egg 2","Blue Candle","Abe\u0027s Treasure","ReplayTheSpireMod:CursedCoin","Pear","Mercury Hourglass","Orichalcum","Pen Nib","ReplayTheSpireMod:Ring of Exchange","aspiration:Nostalgia","FlyPower:ReiMu","Hallownest:StagBellRelic1","hubris:DeckOfHolding"],"acts_visited":["Exordium","Exordium","Gensokyo:Gensokyoer"],"potions_floor_usage":[12,13,16,16,35,35,35,50],"damage_taken":[{"damage":0,"enemies":"2 Louse","floor":1,"turns":2},{"damage":1,"enemies":"Small Slimes","floor":5,"turns":2},{"damage":0,"enemies":"Cultist","floor":7,"turns":2},{"damage":0,"enemies":"2 Fungi Beasts","floor":8,"turns":3},{"damage":0,"enemies":"3 Louse","floor":12,"turns":4},{"damage":0,"enemies":"Exordium Thugs","floor":13,"turns":2},{"damage":0,"enemies":"Looter","floor":14,"turns":3},{"damage":0,"enemies":"Hexaghost","floor":16,"turns":5},{"damage":0,"enemies":"Gensokyo:Chomper","floor":18,"turns":3},{"damage":0,"enemies":"Gensokyo:CosmicMonolith","floor":19,"turns":4},{"damage":0,"enemies":"Gensokyo:Swordslinger","floor":22,"turns":4},{"damage":0,"enemies":"Gensokyo:Slime_Group","floor":24,"turns":3},{"damage":0,"enemies":"Gensokyo:Wraith","floor":31,"turns":4},{"damage":0,"enemies":"Gensokyo:Eternal_Rivals","floor":33,"turns":9},{"damage":0,"enemies":"Hallownest:3_Siblings","floor":35,"turns":5},{"damage":0,"enemies":"Hallownest:2_Littles","floor":39,"turns":6},{"damage":0,"enemies":"Hallownest:2_Wandering_and_1_Horned","floor":41,"turns":5},{"damage":0,"enemies":"Hallownest:monsterPrimalAspid","floor":44,"turns":4},{"damage":0,"enemies":"Hallownest:Shield_Sturdy","floor":45,"turns":4},{"damage":0,"enemies":"Hallownest:Xero_Hu_Marmu","floor":47,"turns":5},{"damage":0,"enemies":"Hallownest:monsterPrimalAspid","floor":48,"turns":3},{"damage":48,"enemies":"Hallownest:BossHollowKnight","floor":50,"turns":4}],"seed_played":"643550894422766979","potions_obtained":[{"floor":1,"key":"Ancient Potion"},{"floor":7,"key":"hexamod:SoulburnPotion"},{"floor":8,"key":"Dexterity Potion"},{"floor":12,"key":"ZuzhouPotion:ReiMu"},{"floor":13,"key":"Explosive Potion"},{"floor":22,"key":"DistilledChaos"},{"floor":31,"key":"ZuzhouPotion:ReiMu"},{"floor":33,"key":"Adrenaline Potion"},{"floor":39,"key":"ZuzhouPotion:ReiMu"},{"floor":45,"key":"bronze:BurnAndBuffPotion"}],"is_trial":false,"path_per_floor":["M","?","$","?","M","R","M","M","T","?","R","M","M","M","R","B",null,"M","M","?","?","M","R","M","$","T","T","R","$","?","M","R","B",null,"M","?","?","$","M","R","M","R","T","M","M","R","M","M","R","B"],"character_chosen":"Hololive_HololiveCharacter","items_purchased":["ReplayTheSpireMod:CursedCoin","Pear","Mercury Hourglass"],"campfire_rested":0,"item_purchase_floors":[25,25,25],"current_hp_per_floor":[38,38,38,38,37,37,37,37,37,37,37,37,37,37,37,37,38,38,38,38,38,38,38,38,48,48,48,48,48,48,48,48,48,48,48,48,48,48,48,48,48,48,48,48,48,48,48,48,48,0,0],"gold":317,"neow_bonus":"TEN_PERCENT_HP_BONUS","is_daily":false,"chose_seed":false,"campfire_upgraded":10,"win_rate":0.0,"timestamp":1612024584,"path_taken":["M","?","?","?","M","R","M","M","T","?","R","?","M","M","R","BOSS","M","?","?","?","M","R","?","?","T","?","R","$","?","M","R","BOSS","M","?","?","$","M","R","M","R","T","?","M","R","M","M","R","BOSS"],"items_purchased_type":["Relic","Relic","Relic"],"build_version":"2020-12-22","purchased_purges":1,"victory":false,"max_hp_per_floor":[38,38,38,38,38,38,38,38,38,38,38,38,38,38,38,38,38,38,38,38,38,38,38,38,48,48,48,48,48,48,48,48,48,48,48,48,48,48,48,48,48,48,48,48,48,48,48,48,48,48,48],"card_choices":[{"not_picked":["Hololive_LuckPotion","Hololive_CallYukihanaLamy","Hololive_CallArtia"],"picked":"Hololive_CallNakiriAyame","floor":1},{"not_picked":[],"picked":"Hololive_CocoNews","floor":2},{"not_picked":["Hololive_CallShirakamiFubuki","Hololive_Trident","Hololive_Sequa"],"picked":"Hololive_ILoveYou+1","floor":5},{"not_picked":["Hololive_Sequa","Hololive_Trident","Hololive_OvertimeWork"],"picked":"Hololive_RevenueBasedLive+1","floor":7},{"not_picked":["Hololive_Psychosis","Hololive_Sequa","Hololive_Drill"],"picked":"Hololive_CallYukihanaLamy","floor":8},{"not_picked":["Hololive_CallHimemoriLuna","Hololive_CallMoonaHoshinova","Hololive_BeCareful+1"],"picked":"Hololive_Teleport+1","floor":12},{"not_picked":["Hololive_CallArtia","Hololive_CallHoshimachiSuisei","Hololive_Sequa"],"picked":"Hololive_Rebound+1","floor":13},{"not_picked":["Hololive_Trident","Hololive_StrengthChampion","Hololive_RevenueBasedLive+1"],"picked":"Hololive_HuntDinosaur+1","floor":14},{"not_picked":["Hololive_OpenUp","Hololive_BeCareful+1","Hololive_DiamondStrike"],"picked":"Hololive_Recruit+1","floor":16},{"not_picked":["Hololive_Breathe+1","Hololive_Trident+1","Hololive_CallShiroganeNoel"],"picked":"Hololive_LuckPotion+1","floor":18},{"not_picked":["Hololive_HuntDinosaur+1","Hololive_CallInugamiKorone","Hololive_CallAZKi"],"picked":"Hololive_DevilCharm+1","floor":19},{"not_picked":["Hololive_CallHimemoriLuna+1","Hololive_Drill","Hololive_FlyingPonyTail+1"],"picked":"Hololive_HighAtkLowDef+1","floor":22},{"not_picked":["Hololive_Trident","Hololive_HuntDinosaur+1","Hololive_LuckPotion+1"],"picked":"Hololive_Spy+1","floor":24},{"not_picked":["Hololive_FlyingPonyTail+1","Hololive_Sequa+1","Hololive_CallManoAloe"],"picked":"Hololive_CallNekomataOkayu+1","floor":31},{"not_picked":["Hololive_HighAtkLowDef+1","Hololive_Nanodesu","Hololive_BeCareful+1"],"picked":"Hololive_MaximGun","floor":33},{"not_picked":["Hololive_CallShirakamiFubuki","Hololive_CocoNews","Hololive_RevenueBasedLive+1"],"picked":"Hololive_SummonFox+1","floor":35},{"not_picked":["Hololive_Psychosis","Hololive_CallYukihanaLamy","Hololive_CocoNews"],"picked":"Hololive_DevilCharm+1","floor":39},{"not_picked":["Hololive_OvertimeWork","Hololive_HuntDinosaur+1","Hololive_Drill+1"],"picked":"Hololive_CocoNews+1","floor":41},{"not_picked":["Hololive_Sequa+1","Hololive_StrengthChampion+1","Hololive_DevilCharm+1"],"picked":"Hololive_CallOkamiMio+1","floor":44},{"not_picked":["Hololive_CallYukihanaLamy","Hololive_Sequa+1","Hololive_LuckPotion+1"],"picked":"Hololive_Rebound+1","floor":45},{"not_picked":["Hololive_CallYukihanaLamy","Hololive_CocoNews+1","Hololive_RevenueBasedLive+1"],"picked":"Hololive_Breathe+1","floor":47},{"not_picked":["Hololive_Spy+1","Hololive_CallSpadeEcho+1","Hololive_Psychosis+1"],"picked":"Hololive_CallRosalyn+1","floor":48}],"player_experience":1513425,"relics_obtained":[{"floor":1,"key":"LetterFromLob"},{"floor":9,"key":"Blue Candle"},{"floor":26,"key":"Orichalcum"},{"floor":27,"key":"Pen Nib"},{"floor":30,"key":"ReplayTheSpireMod:Ring of Exchange"},{"floor":43,"key":"hubris:DeckOfHolding"}],"event_choices":[{"damage_healed":0,"gold_gain":0,"player_choice":"Bought 0 Potions","damage_taken":0,"max_hp_gain":0,"max_hp_loss":0,"event_name":"The Woman in Blue","floor":10,"gold_loss":0}],"is_beta":false,"boss_relics":[{"not_picked":["hubris:GrandSneckoEye","Hololive_ChaosS"],"picked":"Abe\u0027s Treasure"},{"not_picked":["Honey Jar","ReplayTheSpireMod:SealedPack"],"picked":"aspiration:Nostalgia"}],"items_purged_floors":[29],"is_endless":false,"potions_floor_spawned":[1,7,8,12,13,22,31,33,39,45],"killed_by":"Hallownest:BossHollowKnight","ascension_level":0}}