{"host":"7oiwk103j2prpym5","time":1612036413,"event":{"mods":["BaseMod","BetterRewards","Colored Map","Colored Powertips","GifTheSpireLib","Infinite Spire","Minty Spire (QoL Compilation)","Permanent Neow","Relic Filter Mod","Reliquary","Remove Card Discount Mod","Replay The Spire","StSLib","Stuff the Spire","Weighted Paths"],"gold_per_floor":[110,122,122,69,87,87,101,131,131,131,131,146,146,146,146,266,266,286,286,53,143,159,159,202,202,202,202,223,247,247,272,272,403,403,423,438,398,416,416,454,454,489,563,576,576,154,170,170,170],"floor_reached":48,"language":"ENG","playtime":2572,"items_purged":["Strike_R","Defend_R","Regret","Regret","Hallucinations","Amnesia","Strike_R","Defend_R","Defend_R","Strike_R"],"score":767,"play_id":"9a7a8133-b347-4fb9-8ee7-05a4c73e7d4b","local_time":"20210130135333","is_ascension_mode":true,"campfire_choices":[{"floor":6,"key":"RECALL"},{"floor":10,"key":"REST"},{"data":"Spot Weakness","floor":15,"key":"SMITH"},{"floor":23,"key":"REST"},{"floor":25,"key":"REST"},{"floor":30,"key":"REST"},{"data":"Inflame","floor":32,"key":"SMITH"},{"floor":41,"key":"REST"}],"circlet_count":0,"master_deck":["Strike_R+1","Strike_R","Defend_R+1","Bash","Shrug It Off","infinitespire:OneForAll+1","Inflame+1","Thunderclap+1","Armaments","Spot Weakness+1","Blood for Blood+1","Pot Of Greed","Pot Of Greed","Feed+1","Headbutt+1","infinitespire:Execution","Inflame+1","ReplayTheSpireMod:Limb From Limb+1","Pot Of Greed","Whirlwind+1","Iron Wave+1","Heavy Blade+1","StuffTheSpire:BloodClot+1","Flex","Limit Break+1","Injury","Zap","Limit Break","ReplayTheSpireMod:Private Reserves","ReplayTheSpireMod:??????????????????????","Uppercut+1","Flame Barrier+1","Pot Of Greed","Searing Blow+1","Iron Wave+1","Uppercut+1","Spot Weakness","Heavy Blade+1","Heavy Blade+1","Reaper+1"],"relics":["Burning Blood","Molten Egg 2","Art of War","reliquary:Buckler","Golden Idol","StuffTheSpire:RedRose","Grinning Jar","Sozu","Tiny Chest","StuffTheSpire:Mouthbags","reliquary:FeatherDuster","Toy Ornithopter","ReplayTheSpireMod:SealedPack","Bird Faced Urn","ReplayTheSpireMod:Ninjato","Counterbalance","Replay:Accelerometer","Replay:Bottled Steam","Brimstone"],"acts_visited":["Exordium","TheCity","TheBeyond"],"potions_floor_usage":[24,44,44],"damage_taken":[{"damage":7,"enemies":"Jaw Worm","floor":1,"turns":4},{"damage":0,"enemies":"2 Louse","floor":2,"turns":3},{"damage":0,"enemies":"Small Slimes","floor":5,"turns":3},{"damage":6,"enemies":"Blue Slaver","floor":7,"turns":4},{"damage":23,"enemies":"3 Sentries","floor":8,"turns":8},{"damage":5,"enemies":"Red Slaver","floor":12,"turns":2},{"damage":31,"enemies":"Hexaghost","floor":16,"turns":7},{"damage":4,"enemies":"3 Byrds","floor":18,"turns":3},{"damage":15,"enemies":"Chosen","floor":22,"turns":4},{"damage":39,"enemies":"Gremlin Leader","floor":24,"turns":6},{"damage":15,"enemies":"Snake Plant","floor":28,"turns":3},{"damage":6,"enemies":"Cultist and Chosen","floor":31,"turns":4},{"damage":53,"enemies":"Champ","floor":33,"turns":7},{"damage":0,"enemies":"Orb Walker","floor":35,"turns":2},{"damage":16,"enemies":"3 Shapes","floor":36,"turns":2},{"damage":10,"enemies":"Maw","floor":38,"turns":4},{"damage":67,"enemies":"Giant Head","floor":40,"turns":7},{"damage":20,"enemies":"Nemesis","floor":42,"turns":3},{"damage":25,"enemies":"Writhing Mass","floor":44,"turns":3},{"damage":15,"enemies":"Transient","floor":47,"turns":5},{"damage":20,"enemies":"Nightmare","floor":48,"turns":2}],"seed_played":"8162620077228914519","potions_obtained":[{"floor":2,"key":"Weak Potion"},{"floor":7,"key":"Explosive Potion"},{"floor":8,"key":"Milkshake"}],"is_trial":false,"path_per_floor":["M","M","?","$","M","R","M","E","T","R","?","M","?","?","R_BF","B",null,"M","?","$","?","M","R","E","R","T","?","M","T","R","M","R_BF","B",null,"M","M","?","M","T","E","R","E","T","M","T","$","M","NM"],"character_chosen":"IRONCLAD","items_purchased":["Molten Egg 2","Shrug It Off","Inflame+1","Inflame","Tiny Chest","Brimstone","Spot Weakness","Heavy Blade+1","Reaper+1"],"campfire_rested":5,"item_purchase_floors":[0,0,4,20,20,46,46,46,46],"current_hp_per_floor":[67,73,73,73,79,79,79,62,62,80,60,61,61,61,61,36,80,80,80,80,68,59,80,47,71,71,71,66,66,84,84,84,37,84,84,78,78,74,74,17,43,31,31,24,24,24,19,0,0],"gold":170,"neow_bonus":"","is_daily":false,"chose_seed":false,"campfire_upgraded":2,"win_rate":0.0,"timestamp":1612036413,"path_taken":["M","M","?","$","M","R","M","E","T","R","?","M","?","?","R_BF","BOSS","M","?","$","?","?","R","E","R","T","?","M","?","R","M","R_BF","BOSS","M","M","?","?","?","E","R","E","T","M","?","$","M","NM"],"items_purchased_type":["Relic","Card","Card","Card","Relic","Relic","Card","Card","Card"],"build_version":"2020-12-22","purchased_purges":10,"victory":false,"max_hp_per_floor":[80,80,80,80,80,80,80,80,80,80,80,80,80,80,80,80,80,80,80,80,80,80,80,80,80,80,80,84,84,84,84,84,84,84,84,88,88,88,88,88,88,88,88,88,88,88,88,88,88],"card_choices":[{"not_picked":["Abandon","Run Through+1"],"picked":"infinitespire:OneForAll+1","floor":1},{"not_picked":["Entrench","Perfected Strike+1"],"picked":"Iron Wave+1","floor":2},{"not_picked":["ReplayTheSpireMod:Limb From Limb+1","Sword Boomerang+1"],"picked":"Thunderclap+1","floor":5},{"not_picked":["Pummel+1","Clash+1"],"picked":"Armaments","floor":7},{"not_picked":["StuffTheSpire:Slingshot+1","Battle Trance"],"picked":"Spot Weakness","floor":8},{"not_picked":["Wild Strike+1","Perfected Strike+1"],"picked":"Blood for Blood+1","floor":12},{"not_picked":["Demonic Infusion","Berserk"],"picked":"Feed+1","floor":16},{"not_picked":["Heavy Blade+1","StuffTheSpire:RockThrow+1"],"picked":"Headbutt+1","floor":18},{"not_picked":["infinitespire:FinalStrike","infinitespire:Gouge"],"picked":"infinitespire:Execution","floor":19},{"not_picked":["Carnage+1","Havoc"],"picked":"ReplayTheSpireMod:Limb From Limb+1","floor":22},{"not_picked":["StuffTheSpire:Pyroclast+1","Seeing Red"],"picked":"Whirlwind+1","floor":24},{"not_picked":["Anger+1","StuffTheSpire:RockThrow+1"],"picked":"StuffTheSpire:BloodClot+1","floor":28},{"not_picked":["Intimidate","Armaments"],"picked":"Flex","floor":31},{"not_picked":["Feed+1","Exhume"],"picked":"Limit Break","floor":33},{"not_picked":["m_Survivalism","Vigilance"],"picked":"Zap","floor":34},{"not_picked":["Feed","Berserk"],"picked":"Limit Break","floor":34},{"not_picked":["Trip","Panacea"],"picked":"ReplayTheSpireMod:Private Reserves","floor":34},{"not_picked":["ReplayTheSpireMod:Black Plague","infinitespire:FutureSight"],"picked":"ReplayTheSpireMod:??????????????????????","floor":34},{"not_picked":["Thunderclap+1","Replay:Undeath\u0027s Touch+1","ReplayTheSpireMod:Muscle Training+1"],"picked":"SKIP","floor":35},{"not_picked":["Dual Wield","StuffTheSpire:Incineration+1"],"picked":"Uppercut+1","floor":36},{"not_picked":["Searing Blow+1","ReplayTheSpireMod:Stacked+1"],"picked":"Flame Barrier+1","floor":38},{"not_picked":["Dark Embrace+1","Replay:Many Hands"],"picked":"Searing Blow+1","floor":40},{"not_picked":["True Grit","Armaments"],"picked":"Iron Wave+1","floor":42},{"not_picked":["StuffTheSpire:RockThrow+1","Clothesline+1"],"picked":"Uppercut+1","floor":44},{"not_picked":["ReplayTheSpireMod:Limb From Limb+1","Twin Strike+1","Body Slam+1"],"picked":"SKIP","floor":47}],"player_experience":799679,"relics_obtained":[{"floor":8,"key":"reliquary:Buckler"},{"floor":14,"key":"Grinning Jar"},{"floor":24,"key":"StuffTheSpire:Mouthbags"},{"floor":26,"key":"reliquary:FeatherDuster"},{"floor":29,"key":"Toy Ornithopter"},{"floor":39,"key":"Bird Faced Urn"},{"floor":40,"key":"ReplayTheSpireMod:Ninjato"},{"floor":42,"key":"Counterbalance"},{"floor":43,"key":"Replay:Accelerometer"},{"floor":45,"key":"Replay:Bottled Steam"}],"event_choices":[{"damage_healed":0,"gold_gain":0,"player_choice":"Box","damage_taken":0,"relics_obtained":["Art of War"],"max_hp_gain":0,"max_hp_loss":0,"event_name":"Big Fish","floor":3,"gold_loss":0,"cards_obtained":["Regret"]},{"damage_healed":0,"gold_gain":0,"player_choice":"Take Damage","damage_taken":20,"relics_obtained":["Golden Idol"],"max_hp_gain":0,"max_hp_loss":0,"event_name":"Golden Idol","floor":11,"gold_loss":0},{"damage_healed":0,"gold_gain":90,"player_choice":"GOLD ","damage_taken":12,"max_hp_gain":0,"max_hp_loss":0,"event_name":"Knowing Skull","floor":21,"potions_obtained":[],"gold_loss":0,"cards_obtained":[]},{"damage_healed":0,"gold_gain":0,"player_choice":"Read","damage_taken":0,"max_hp_gain":0,"max_hp_loss":0,"event_name":"The Library","floor":27,"gold_loss":0,"cards_obtained":["Heavy Blade"]},{"damage_healed":0,"gold_gain":0,"player_choice":"Upgrade","damage_taken":0,"max_hp_gain":0,"max_hp_loss":0,"event_name":"Designer","floor":37,"gold_loss":40,"cards_upgraded":["Limit Break"]}],"is_beta":false,"boss_relics":[{"not_picked":["reliquary:Ember","Abe\u0027s Treasure"],"picked":"Sozu"},{"not_picked":["StuffTheSpire:ModemDavis","Velvet Choker"],"picked":"ReplayTheSpireMod:SealedPack"}],"items_purged_floors":[0,0,4,20,20,20,46,46,46,46],"is_endless":false,"potions_floor_spawned":[2,7,8,16,18,22,38,42,44,47],"killed_by":"Nightmare","ascension_level":1}}