{"host":"vrsxkkch9ccrec7k","time":1612026331,"event":{"mods":["Act Like it!","BaseMod","Bestiary","Better Altar","Better Match","Better Note","Better Sensory Stone","Better Skull","Better Third Choice","Better Vampires","Downfall","Minty Spire (QoL Compilation)","Permanent Neow","Relic Stats","Spicy Shops","StSLib"],"gold_per_floor":[99,109,109,109,125,125,125,153,168,179,18,32,32,182,192,192,192,192],"floor_reached":16,"language":"ENG","playtime":858,"items_purged":[],"score":153,"play_id":"9cbd16a9-911d-4793-9e78-bc3db982bf3e","local_time":"20210130120531","is_ascension_mode":true,"campfire_choices":[{"data":"bronze:Replicate","floor":1,"key":"SMITH"},{"data":"bronze:Goto","floor":6,"key":"SMITH"},{"floor":13,"key":"REST"}],"circlet_count":0,"master_deck":["AscendersBane","bronze:Defend","bronze:Defend","bronze:Defend","bronze:Defend","bronze:Replicate+1","bronze:Goto+1","bronze:WildBeam","bronze:CutThrough","Parasite","bronze:WildBeam","bronze:InfiniteBeams+1","bronze:BugBarrage","bronze:InfiniteBeams+1","bronze:Optimize+1","bronze:BuggyMess","downfall:Icky"],"relics":["bronze:BronzeCore","Frozen Egg 2","WingedGreaves","Centennial Puzzle"],"acts_visited":["Exordium"],"potions_floor_usage":[8,12,16],"damage_taken":[{"damage":2,"enemies":"2 Louse","floor":2,"turns":3},{"damage":7,"enemies":"Small Slimes","floor":5,"turns":3},{"damage":16,"enemies":"Gremlin Nob","floor":8,"turns":3},{"damage":0,"enemies":"Cultist","floor":9,"turns":1},{"damage":15,"enemies":"Large Slime","floor":10,"turns":3},{"damage":5,"enemies":"downfall:FleeingMerchant","floor":11,"turns":4},{"damage":10,"enemies":"3 Louse","floor":12,"turns":3},{"damage":13,"enemies":"2 Fungi Beasts","floor":15,"turns":4},{"damage":34,"enemies":"DF_ARCHETYPE_STREAMLINE","floor":16,"turns":6}],"seed_played":"-541264991291015635","potions_obtained":[{"floor":5,"key":"ColorlessPotion"},{"floor":10,"key":"Swift Potion"},{"floor":15,"key":"Weak Potion"}],"is_trial":false,"path_per_floor":["R","M","?","?","M","R","T","E","M","M","$","M","R","?","M","B"],"character_chosen":"THE_AUTOMATON","items_purchased":["Centennial Puzzle"],"campfire_rested":1,"item_purchase_floors":[11],"current_hp_per_floor":[63,61,61,61,54,54,54,38,38,23,18,8,29,29,16,0,0,0],"gold":192,"neow_bonus":"TRANSFORM_CARD","is_daily":false,"chose_seed":false,"campfire_upgraded":2,"win_rate":0.0,"timestamp":1612026331,"path_taken":["R","M","?","?","M","R","T","E","?","M","$","M","R","?","M","BOSS"],"items_purchased_type":["Relic"],"build_version":"2020-12-22","purchased_purges":0,"victory":false,"max_hp_per_floor":[70,70,70,70,70,70,70,70,70,70,70,70,70,70,70,70,70,70],"relic_stats":{"Centennial Puzzle":[9],"counters":[9,30],"obtain_stats":[{"Centennial Puzzle":11,"bronze:BronzeCore":0,"WingedGreaves":8,"Frozen Egg 2":7},{"Centennial Puzzle":6,"bronze:BronzeCore":0,"WingedGreaves":3,"Frozen Egg 2":2},{"Centennial Puzzle":17,"bronze:BronzeCore":0,"WingedGreaves":9,"Frozen Egg 2":6}]},"card_choices":[{"not_picked":["bronze:FineTuning","bronze:Deprecate"],"picked":"bronze:CutThrough","floor":2},{"not_picked":["bronze:CutThrough","bronze:Iterate"],"picked":"bronze:WildBeam","floor":5},{"not_picked":["bronze:Overheat","bronze:CutThrough"],"picked":"bronze:InfiniteBeams+1","floor":8},{"not_picked":["bronze:FineTuning","bronze:WhirlingStrike"],"picked":"bronze:BugBarrage","floor":9},{"not_picked":["bronze:AlphaBuild","bronze:Deprecate"],"picked":"bronze:InfiniteBeams+1","floor":10},{"not_picked":["bronze:Refactor","bronze:Constructor"],"picked":"bronze:Optimize+1","floor":11},{"not_picked":["bronze:Shield","bronze:BitShift"],"picked":"bronze:BuggyMess","floor":12},{"not_picked":["bronze:CutThrough","bronze:Backtrace","bronze:ForLoop"],"picked":"SKIP","floor":15}],"player_experience":1831414,"relics_obtained":[{"floor":7,"key":"Frozen Egg 2"},{"floor":8,"key":"WingedGreaves"}],"event_choices":[],"is_beta":false,"boss_relics":[],"items_purged_floors":[],"is_endless":false,"potions_floor_spawned":[5,10,15],"killed_by":"DF_ARCHETYPE_STREAMLINE","ascension_level":10}}