{"host":"5p9hybygolzp0efr","time":1612009886,"event":{"mods":["AchievementEnabler","BaseMod","Bestiary","Colored Map","Minty Spire (QoL Compilation)","Permanent Neow","Relic Stats","StSLib"],"gold_per_floor":[116,129,129,142,162,162,194,194,220,239,251,251,201,1,1,103,103,121,121,220,234,251,251,251,251,251],"floor_reached":25,"language":"ENG","playtime":1131,"items_purged":[],"score":305,"play_id":"24bae88f-fea5-4c09-94fe-c79858b9a49f","local_time":"20210130203126","is_ascension_mode":true,"campfire_choices":[{"data":"Coolheaded","floor":6,"key":"SMITH"},{"floor":12,"key":"REST"},{"data":"Streamline","floor":15,"key":"SMITH"},{"data":"Reinforced Body","floor":23,"key":"SMITH"}],"circlet_count":0,"master_deck":["AscendersBane","Strike_B","Strike_B","Strike_B","Defend_B","Defend_B","Defend_B","Defend_B","Zap","Dualcast","Coolheaded+1","Gash","Reinforced Body+1","Undo+1","White Noise","Gash","Doom and Gloom","Streamline+1","Biased Cognition","Self Repair","Gash+1","Hologram"],"relics":["Runic Dome","Centennial Puzzle","Juzu Bracelet","PreservedInsect","Calling Bell","Potion Belt","Darkstone Periapt","Dead Branch"],"acts_visited":["Exordium","TheCity"],"potions_floor_usage":[16],"damage_taken":[{"damage":4,"enemies":"Jaw Worm","floor":1,"turns":3},{"damage":1,"enemies":"Cultist","floor":2,"turns":4},{"damage":1,"enemies":"2 Louse","floor":4,"turns":2},{"damage":1,"enemies":"Looter","floor":5,"turns":3},{"damage":19,"enemies":"3 Sentries","floor":7,"turns":9},{"damage":24,"enemies":"2 Fungi Beasts","floor":10,"turns":5},{"damage":6,"enemies":"Large Slime","floor":11,"turns":6},{"damage":26,"enemies":"Slime Boss","floor":16,"turns":8},{"damage":10,"enemies":"Chosen","floor":18,"turns":5},{"damage":23,"enemies":"2 Thieves","floor":21,"turns":5},{"damage":16,"enemies":"Sentry and Sphere","floor":22,"turns":6},{"damage":14,"enemies":"Snake Plant","floor":25,"turns":1}],"seed_played":"1839748008597929839","potions_obtained":[{"floor":2,"key":"Weak Potion"},{"floor":5,"key":"Swift Potion"},{"floor":10,"key":"Fire Potion"},{"floor":16,"key":"EssenceOfDarkness"},{"floor":21,"key":"SneckoOil"}],"is_trial":false,"path_per_floor":["M","M","?","M","M","R","E","?","T","M","M","R","?","$","R","B",null,"M","?","?","M","M","R","?","M"],"character_chosen":"DEFECT","items_purchased":["Streamline","PreservedInsect"],"campfire_rested":1,"item_purchase_floors":[14,14],"current_hp_per_floor":[64,63,63,62,61,61,42,42,42,18,12,34,34,34,34,8,58,48,48,48,32,23,23,9,0,0],"gold":251,"neow_bonus":"BOSS_RELIC","is_daily":false,"chose_seed":false,"campfire_upgraded":3,"win_rate":0.0,"timestamp":1612009886,"path_taken":["M","M","?","M","M","R","E","?","T","M","M","R","?","$","R","BOSS","M","?","?","M","M","R","?","M"],"items_purchased_type":["Card","Relic"],"build_version":"2020-12-22","purchased_purges":0,"victory":false,"max_hp_per_floor":[75,75,75,75,75,75,75,75,75,75,75,75,75,75,75,75,75,75,75,75,75,75,75,80,80,80],"relic_stats":{"Darkstone Periapt":0,"Centennial Puzzle":[21],"counters":[12,57],"Dead Branch":[9],"PreservedInsect":0,"Juzu Bracelet":1,"obtain_stats":[{"Calling Bell":17,"Potion Belt":17,"Darkstone Periapt":17,"Runic Dome":0,"Centennial Puzzle":7,"Dead Branch":17,"PreservedInsect":14,"Juzu Bracelet":9,"Cracked Core":0},{"Calling Bell":8,"Potion Belt":8,"Darkstone Periapt":8,"Runic Dome":0,"Centennial Puzzle":5,"Dead Branch":8,"PreservedInsect":7,"Juzu Bracelet":5,"Cracked Core":0},{"Calling Bell":40,"Potion Belt":40,"Darkstone Periapt":40,"Runic Dome":0,"Centennial Puzzle":21,"Dead Branch":40,"PreservedInsect":32,"Juzu Bracelet":21,"Cracked Core":0}]},"card_choices":[{"not_picked":["Cold Snap","Conserve Battery"],"picked":"Coolheaded","floor":1},{"not_picked":["Ball Lightning","Sweeping Beam"],"picked":"Gash","floor":2},{"not_picked":["Heatsinks","Fusion"],"picked":"Reinforced Body","floor":4},{"not_picked":["Stack","Beam Cell"],"picked":"Undo","floor":5},{"not_picked":["Reprogram","Leap"],"picked":"White Noise","floor":7},{"not_picked":["Stack","Skim"],"picked":"Gash","floor":10},{"not_picked":["Rebound","Gash"],"picked":"Doom and Gloom","floor":11},{"not_picked":["Rainbow","Meteor Strike"],"picked":"Biased Cognition","floor":16},{"not_picked":["Sunder+1","Cold Snap+1"],"picked":"Self Repair","floor":18},{"not_picked":["Conserve Battery","Leap"],"picked":"Gash+1","floor":21},{"not_picked":["Barrage","Leap+1"],"picked":"Hologram","floor":22}],"player_experience":574197,"relics_obtained":[{"floor":7,"key":"Centennial Puzzle"},{"floor":9,"key":"Juzu Bracelet"},{"floor":17,"key":"Potion Belt"},{"floor":17,"key":"Darkstone Periapt"},{"floor":17,"key":"Dead Branch"}],"event_choices":[{"damage_healed":0,"gold_gain":0,"player_choice":"Ignored","damage_taken":0,"max_hp_gain":0,"max_hp_loss":0,"event_name":"Liars Game","floor":3,"gold_loss":0},{"damage_healed":0,"gold_gain":0,"player_choice":"Upgraded","damage_taken":0,"max_hp_gain":0,"max_hp_loss":0,"event_name":"Upgrade Shrine","floor":8,"gold_loss":0,"cards_upgraded":["Undo"]},{"cards_removed":["Strike_B"],"damage_healed":0,"gold_gain":0,"player_choice":"Card Removal","damage_taken":0,"max_hp_gain":0,"max_hp_loss":0,"event_name":"The Cleric","floor":13,"gold_loss":50},{"damage_healed":0,"gold_gain":0,"player_choice":"Ignored","damage_taken":0,"max_hp_gain":0,"max_hp_loss":0,"event_name":"Ghosts","floor":19,"gold_loss":0},{"damage_healed":0,"gold_gain":99,"player_choice":"Stole From Cult","damage_taken":0,"max_hp_gain":0,"max_hp_loss":0,"event_name":"Nest","floor":20,"gold_loss":0},{"damage_healed":0,"gold_gain":0,"player_choice":"Shed Blood","damage_taken":19,"max_hp_gain":5,"max_hp_loss":0,"event_name":"Forgotten Altar","floor":24,"gold_loss":0}],"is_beta":false,"boss_relics":[{"not_picked":["Busted Crown","Black Star"],"picked":"Calling Bell"}],"items_purged_floors":[],"is_endless":false,"potions_floor_spawned":[2,5,10,16,21],"killed_by":"Snake Plant","ascension_level":10}}