{"host":"ffjrj7fisyni1ebk","time":1612019810,"event":{"mods":["2.2 Compatiblity","BaseMod","Bestiary","Colored Map","Colored Powertips","Curses Come First","Highlight Path","Keyboard Shortcuts","Minty Spire (QoL Compilation)","Relic Stats","Slay the Relics Exporter","StSLib","SuperFastMode"],"gold_per_floor":[109,128,128,128,141,171,16,16,40,40,60,77,94,114,114,213,213,233,243,259,259,259,259],"floor_reached":22,"language":"ENG","playtime":854,"items_purged":["Strike_R"],"score":215,"play_id":"c0f43535-c9bc-4d6e-bbae-e210e69b560c","local_time":"20210130171650","is_ascension_mode":false,"campfire_choices":[{"floor":8.0,"key":"RECALL"},{"data":"Uppercut","floor":10.0,"key":"SMITH"},{"floor":15.0,"key":"REST"}],"circlet_count":0,"master_deck":["Strike_R","Strike_R","Strike_R","Defend_R","Defend_R","Defend_R","Defend_R","Bash","Uppercut+1","Intimidate","Bloodletting","Metallicize","True Grit","Armaments","Feed","CurseOfTheBell","Spot Weakness","Juggernaut","Body Slam","Writhe"],"relics":["Burning Blood","NeowsBlessing","Strawberry","Blood Vial","Calling Bell","Tiny Chest","Pear","Du-Vu Doll","Peace Pipe"],"acts_visited":["Exordium","TheCity"],"potions_floor_usage":[16,16,16,22],"damage_taken":[{"damage":0.0,"enemies":"2 Louse","floor":1.0,"turns":1.0},{"damage":0.0,"enemies":"Jaw Worm","floor":2.0,"turns":1.0},{"damage":0.0,"enemies":"Small Slimes","floor":5.0,"turns":1.0},{"damage":41.0,"enemies":"3 Sentries","floor":6.0,"turns":9.0},{"damage":6.0,"enemies":"3 Louse","floor":11.0,"turns":3.0},{"damage":11.0,"enemies":"Exordium Thugs","floor":12.0,"turns":6.0},{"damage":4.0,"enemies":"Looter","floor":13.0,"turns":4.0},{"damage":12.0,"enemies":"Blue Slaver","floor":14.0,"turns":3.0},{"damage":39,"enemies":"Slime Boss","floor":16,"turns":12},{"damage":39,"enemies":"Spheric Guardian","floor":18,"turns":13},{"damage":38,"enemies":"Chosen","floor":19,"turns":11},{"damage":25,"enemies":"Snecko","floor":20,"turns":6},{"damage":29,"enemies":"Centurion and Healer","floor":22,"turns":4}],"seed_played":"-1568530531977730972","potions_obtained":[{"floor":1.0,"key":"LiquidBronze"},{"floor":5.0,"key":"CultistPotion"},{"floor":12.0,"key":"Block Potion"},{"floor":19,"key":"PowerPotion"}],"is_trial":false,"path_per_floor":["M","M","?","?","M","E","$","R","T","R","M","M","M","M","R","B",null,"M","M","M","?","M"],"character_chosen":"IRONCLAD","items_purchased":["Metallicize"],"campfire_rested":1,"item_purchase_floors":[7],"current_hp_per_floor":[80,80,80,80,80,52,52,52,52,52,54,51,55,51,77,46,97,68,41,27,27,0,0],"gold":259,"neow_bonus":"THREE_ENEMY_KILL","is_daily":false,"chose_seed":false,"campfire_upgraded":1,"win_rate":0.0,"timestamp":1612019810,"path_taken":["M","M","?","?","M","E","$","R","T","R","M","M","?","M","R","BOSS","M","M","M","?","M"],"items_purchased_type":["Card"],"build_version":"2020-12-22","purchased_purges":1,"victory":false,"max_hp_per_floor":[80,80,80,80,80,87,87,87,87,87,87,87,87,87,87,87,97,101,104,107,107,107,107],"relic_stats":{"Blood Vial":16,"Peace Pipe":0,"counters":[13,74],"Tiny Chest":0,"obtain_stats":[{"Blood Vial":9,"Calling Bell":17,"Du-Vu Doll":17,"Peace Pipe":21,"Pear":17,"NeowsBlessing":0,"Strawberry":6,"Tiny Chest":17,"Burning Blood":0},{"Blood Vial":4,"Calling Bell":9,"Du-Vu Doll":9,"Peace Pipe":12,"Pear":9,"NeowsBlessing":0,"Strawberry":4,"Tiny Chest":9,"Burning Blood":0},{"Blood Vial":12,"Calling Bell":40,"Du-Vu Doll":40,"Peace Pipe":70,"Pear":40,"NeowsBlessing":0,"Strawberry":12,"Tiny Chest":40,"Burning Blood":0}],"Burning Blood":54},"card_choices":[{"not_picked":["Infernal Blade","Second Wind"],"picked":"Uppercut","floor":1.0},{"not_picked":["Clash","Wild Strike"],"picked":"Intimidate","floor":2.0},{"not_picked":["Havoc","Sword Boomerang"],"picked":"Bloodletting","floor":5.0},{"not_picked":["Feel No Pain","Rage","Sever Soul"],"picked":"SKIP","floor":6.0},{"not_picked":["Iron Wave","Havoc"],"picked":"True Grit","floor":11.0},{"not_picked":["Dual Wield","Second Wind","Twin Strike"],"picked":"SKIP","floor":12.0},{"not_picked":["Hemokinesis","Perfected Strike","Warcry"],"picked":"SKIP","floor":13.0},{"not_picked":["Clash","Hemokinesis"],"picked":"Armaments","floor":14.0},{"not_picked":["Reaper","Corruption"],"picked":"Feed","floor":16},{"not_picked":["Headbutt","Cleave"],"picked":"Spot Weakness","floor":18},{"not_picked":["Sword Boomerang","Flex+1"],"picked":"Juggernaut","floor":19},{"not_picked":["Pommel Strike","Heavy Blade"],"picked":"Body Slam","floor":20}],"player_experience":275875,"relics_obtained":[{"floor":6.0,"key":"Strawberry"},{"floor":9.0,"key":"Blood Vial"},{"floor":17,"key":"Tiny Chest"},{"floor":17,"key":"Pear"},{"floor":17,"key":"Du-Vu Doll"}],"event_choices":[{"cards_removed":["Strike_R"],"damage_healed":0.0,"max_hp_gain":0.0,"max_hp_loss":0.0,"gold_gain":0.0,"event_name":"Living Wall","player_choice":"Forget","floor":3.0,"gold_loss":0.0,"damage_taken":0.0},{"damage_healed":0.0,"max_hp_gain":0.0,"max_hp_loss":0.0,"gold_gain":0.0,"event_name":"Shining Light","player_choice":"Ignored","floor":4.0,"gold_loss":0.0,"damage_taken":0.0},{"damage_healed":0,"gold_gain":0,"player_choice":"Opened","damage_taken":0,"relics_obtained":["Peace Pipe"],"max_hp_gain":0,"max_hp_loss":0,"event_name":"The Mausoleum","floor":21,"gold_loss":0,"cards_obtained":["Writhe"]}],"is_beta":false,"boss_relics":[{"not_picked":["Coffee Dripper","Snecko Eye"],"picked":"Calling Bell"}],"items_purged_floors":[7],"is_endless":false,"potions_floor_spawned":[1,5,12,14,19],"killed_by":"Centurion and Healer","ascension_level":0}}