{"host":"8dhn6p16jorj0i1s","time":1612029215,"event":{"mods":["AchievementEnabler","BaseMod","Colored Map","DeckTracker","Highlight Path","Minty Spire (QoL Compilation)","Permanent Neow","Quick Restart"],"gold_per_floor":[113,128,146,221,146,178,27,27,27,62,62,80,80,108,108,210,210,226,238,238,337,126,153,153,205,205,205,236,252,279,294,294,390,390,407,427,444,460,31,31,60,70,70,70,97,97,109,0,0,0,0],"floor_reached":50,"language":"ENG","playtime":3833,"items_purged":["Strike_R","Strike_R","Strike_R"],"score":879,"play_id":"96db42eb-acc1-40d7-a21f-edd12e2c43f3","local_time":"20210130185335","is_ascension_mode":true,"campfire_choices":[{"data":"Seeing Red","floor":11.0,"key":"SMITH"},{"data":"Flame Barrier","floor":13.0,"key":"SMITH"},{"data":"Spot Weakness","floor":15.0,"key":"SMITH"},{"data":"Heavy Blade","floor":24.0,"key":"SMITH"},{"data":"Clothesline","floor":27.0,"key":"SMITH"},{"data":"Fiend Fire","floor":32.0,"key":"SMITH"},{"data":"Demon Form","floor":40.0,"key":"SMITH"},{"floor":44.0,"key":"REST"},{"data":"Second Wind","floor":46,"key":"SMITH"},{"floor":49,"key":"RECALL"}],"circlet_count":0,"master_deck":["Strike_R","Strike_R","Defend_R","Defend_R","Defend_R","Defend_R","Bash+1","Clothesline+1","Flame Barrier+1","Seeing Red+1","Dropkick","Spot Weakness+1","Fiend Fire+1","Battle Trance+1","Heavy Blade+1","Spot Weakness+1","Dropkick","Heavy Blade+1","Second Wind+1","Flame Barrier+1","Demon Form+1","Evolve","Sword Boomerang+1","Thunderclap+1","Dark Embrace+1","Normality","Fiend Fire","Thunderclap+1"],"relics":["Burning Blood","Red Skull","PreservedInsect","Lizard Tail","Darkstone Periapt","Boot","Champion Belt","Sozu","War Paint","Nunchaku","Ornamental Fan","Calipers","Cursed Key","Incense Burner","Letter Opener","Sundial","Bag of Preparation","Red Mask"],"acts_visited":["Exordium","TheCity","TheBeyond"],"potions_floor_usage":[],"damage_taken":[{"damage":12.0,"enemies":"Small Slimes","floor":1.0,"turns":3.0},{"damage":7.0,"enemies":"Jaw Worm","floor":2.0,"turns":3.0},{"damage":4.0,"enemies":"2 Louse","floor":3.0,"turns":2.0},{"damage":28.0,"enemies":"Gremlin Nob","floor":6.0,"turns":5.0},{"damage":3.0,"enemies":"Lagavulin","floor":10.0,"turns":3.0},{"damage":4.0,"enemies":"Blue Slaver","floor":12.0,"turns":2.0},{"damage":2.0,"enemies":"Gremlin Nob","floor":14.0,"turns":3.0},{"damage":16.0,"enemies":"Hexaghost","floor":16.0,"turns":8.0},{"damage":17.0,"enemies":"Shell Parasite","floor":18.0,"turns":6.0},{"damage":7.0,"enemies":"Chosen","floor":19.0,"turns":4.0},{"damage":7.0,"enemies":"Book of Stabbing","floor":23.0,"turns":4.0},{"damage":15.0,"enemies":"Slavers","floor":28.0,"turns":3.0},{"damage":24.0,"enemies":"Snake Plant","floor":29.0,"turns":2.0},{"damage":0.0,"enemies":"Book of Stabbing","floor":30.0,"turns":3.0},{"damage":11.0,"enemies":"Shelled Parasite and Fungi","floor":31.0,"turns":3.0},{"damage":50.0,"enemies":"Collector","floor":33.0,"turns":7.0},{"damage":20.0,"enemies":"3 Shapes","floor":35.0,"turns":4.0},{"damage":10.0,"enemies":"3 Darklings","floor":36.0,"turns":4.0},{"damage":20.0,"enemies":"Sphere and 2 Shapes","floor":37.0,"turns":4.0},{"damage":8.0,"enemies":"Spire Growth","floor":38.0,"turns":3.0},{"damage":8.0,"enemies":"Giant Head","floor":41.0,"turns":5.0},{"damage":17.0,"enemies":"4 Shapes","floor":42.0,"turns":5.0},{"damage":33,"enemies":"Nemesis","floor":45,"turns":5},{"damage":13,"enemies":"Transient","floor":47,"turns":5},{"damage":24,"enemies":"Time Eater","floor":50,"turns":2}],"seed_played":"-9023809512728425810","potions_obtained":[{"floor":3.0,"key":"Weak Potion"},{"floor":10.0,"key":"BlessingOfTheForge"},{"floor":12.0,"key":"SteroidPotion"},{"floor":16.0,"key":"SteroidPotion"}],"is_trial":false,"path_per_floor":["M","M","M","?","$","E","$","?","T","E","R","M","R","E","R","B",null,"M","M","?","?","$","E","R","T","T","R","E","M","E","M","R","B",null,"M","M","M","M","$","R","E","M","T","R","E","R","M","?","R","B"],"character_chosen":"IRONCLAD","items_purchased":["PreservedInsect","Spot Weakness","Dropkick","Incense Burner"],"campfire_rested":1,"item_purchase_floors":[7,22,22,39],"current_hp_per_floor":[66,65,67,56,56,34,34,34,34,37,37,39,39,43,43,33,68,57,56,56,56,56,55,55,55,55,55,46,28,34,29,29,27,67,53,49,35,33,33,33,31,20,26,51,24,24,17,17,17,0,0],"gold":0,"neow_bonus":"UPGRADE_CARD","is_daily":false,"chose_seed":false,"campfire_upgraded":8,"win_rate":0.0,"timestamp":1612029215,"path_taken":["M","M","M","?","$","E","$","?","T","E","R","M","R","E","R","BOSS","M","M","?","?","$","E","R","?","T","R","E","?","E","M","R","BOSS","M","M","M","M","$","R","E","M","T","R","E","R","M","?","R","BOSS"],"items_purchased_type":["Relic","Card","Card","Relic"],"build_version":"2020-12-22","purchased_purges":3,"victory":false,"max_hp_per_floor":[80,80,80,80,80,80,80,80,80,80,80,80,80,80,80,80,80,80,80,80,80,80,80,80,80,80,80,80,80,80,80,80,80,80,80,80,80,80,80,80,80,80,86,86,86,86,86,86,86,86,86],"card_choices":[{"not_picked":["Flex","Body Slam"],"picked":"Clothesline","floor":1.0},{"not_picked":["Headbutt","Flex"],"picked":"Flame Barrier","floor":2.0},{"not_picked":["Iron Wave","Shockwave"],"picked":"Seeing Red","floor":3.0},{"not_picked":["Power Through","Sword Boomerang"],"picked":"Dropkick","floor":6.0},{"not_picked":["Corruption","Seeing Red","Clothesline"],"picked":"SKIP","floor":10.0},{"not_picked":["Sentinel","Rampage","Armaments"],"picked":"SKIP","floor":12.0},{"not_picked":["Berserk","Flex"],"picked":"Spot Weakness","floor":14.0},{"not_picked":["Double Tap","Brutality"],"picked":"Fiend Fire","floor":16.0},{"not_picked":["Shockwave","Entrench","Havoc+1"],"picked":"SKIP","floor":18.0},{"not_picked":["Clothesline","Body Slam"],"picked":"Battle Trance","floor":19.0},{"not_picked":["True Grit+1","Flex+1"],"picked":"Heavy Blade+1","floor":23.0},{"not_picked":["Combust","Warcry","Rampage"],"picked":"SKIP","floor":28.0},{"not_picked":["Armaments","Blood for Blood","Anger"],"picked":"SKIP","floor":29.0},{"not_picked":["Perfected Strike+1","Feel No Pain"],"picked":"Second Wind","floor":30.0},{"not_picked":["Sword Boomerang","Iron Wave"],"picked":"Flame Barrier+1","floor":31.0},{"not_picked":["Barricade","Corruption"],"picked":"Demon Form","floor":33.0},{"not_picked":["Thunderclap","Dual Wield"],"picked":"Evolve","floor":35.0},{"not_picked":["Flex","Headbutt"],"picked":"Sword Boomerang+1","floor":36.0},{"not_picked":["Clothesline","Intimidate"],"picked":"Thunderclap+1","floor":37.0},{"not_picked":["Warcry","Body Slam","Iron Wave+1"],"picked":"SKIP","floor":38.0},{"not_picked":["Infernal Blade+1","Warcry+1"],"picked":"Dark Embrace+1","floor":41.0},{"not_picked":["Flex","Carnage+1","Warcry+1"],"picked":"SKIP","floor":42.0},{"not_picked":["Thunderclap","Clash"],"picked":"Fiend Fire","floor":45},{"not_picked":["Flex+1","Body Slam+1"],"picked":"Thunderclap+1","floor":47}],"player_experience":491083,"relics_obtained":[{"floor":6.0,"key":"Red Skull"},{"floor":9.0,"key":"Darkstone Periapt"},{"floor":10.0,"key":"Boot"},{"floor":14.0,"key":"Champion Belt"},{"floor":23.0,"key":"War Paint"},{"floor":25.0,"key":"Nunchaku"},{"floor":28.0,"key":"Ornamental Fan"},{"floor":30.0,"key":"Calipers"},{"floor":41.0,"key":"Letter Opener"},{"floor":43.0,"key":"Sundial"},{"floor":45,"key":"Bag of Preparation"}],"event_choices":[{"damage_healed":0.0,"max_hp_gain":0.0,"max_hp_loss":0.0,"gold_gain":75.0,"event_name":"World of Goop","player_choice":"Gather Gold","floor":4.0,"gold_loss":0.0,"damage_taken":11.0},{"damage_healed":0.0,"max_hp_gain":0.0,"max_hp_loss":0.0,"gold_gain":0.0,"event_name":"Dead Adventurer","player_choice":"Searched \u00271\u0027 times","floor":8.0,"gold_loss":0.0,"damage_taken":0.0,"relics_obtained":["Lizard Tail"]},{"damage_healed":0.0,"max_hp_gain":0.0,"max_hp_loss":0.0,"gold_gain":0.0,"event_name":"The Library","player_choice":"Read","floor":20.0,"gold_loss":0.0,"damage_taken":0.0,"cards_obtained":["Heavy Blade"]},{"damage_healed":0.0,"max_hp_gain":0.0,"max_hp_loss":0.0,"gold_gain":99.0,"event_name":"Nest","player_choice":"Stole From Cult","floor":21.0,"gold_loss":0.0,"damage_taken":0.0},{"damage_healed":0,"gold_gain":0,"player_choice":"Paid","damage_taken":0,"relics_obtained":["Red Mask"],"max_hp_gain":0,"max_hp_loss":0,"event_name":"Tomb of Lord Red Mask","floor":48,"gold_loss":109}],"is_beta":false,"boss_relics":[{"not_picked":["Snecko Eye","Philosopher\u0027s Stone"],"picked":"Sozu"},{"not_picked":["Busted Crown","Empty Cage"],"picked":"Cursed Key"}],"items_purged_floors":[5,22,39],"is_endless":false,"potions_floor_spawned":[3,10,12,16,23,30,31,33,37,38,42],"killed_by":"Time Eater","ascension_level":8}}