{"host":"p8f0otjoacyb9giz","time":1612024776,"event":{"mods":["AchievementEnabler","BaseMod","Downfall","Minty Spire (QoL Compilation)","StSLib"],"gold_per_floor":[99,115,128,138,138,166,166,194,207,107,32,132,159,71,88,88,88,88],"floor_reached":16,"language":"ENG","playtime":779,"items_purged":["hexamod:Defend"],"score":132,"play_id":"b2fbc08e-b24b-4258-bc67-66d43fe1dab2","local_time":"20210130193936","is_ascension_mode":true,"campfire_choices":[{"data":"hexamod:Float","floor":1,"key":"SMITH"},{"floor":10,"key":"REST"}],"circlet_count":0,"master_deck":["hexamod:Strike","hexamod:Strike","hexamod:Strike","hexamod:Strike","hexamod:Defend","hexamod:Defend","hexamod:Sear","hexamod:Float+1","hexamod:BacktrackSmack","hexamod:StepThrough","hexamod:FastForward","hexamod:RadiantFlame","hexamod:EmpoweredFlame","expansioncontent:Chronoboost","hexamod:GhostOfSpireFuture"],"relics":["hexamod:SpiritBrand","TungstenRod","Ornamental Fan","The Courier","Singing Bowl","downfall:HeartBlessingGreen","Juzu Bracelet"],"acts_visited":["Exordium"],"potions_floor_usage":[14,16],"damage_taken":[{"damage":1,"enemies":"2 Louse","floor":2,"turns":2},{"damage":0,"enemies":"Cultist","floor":3,"turns":3},{"damage":1,"enemies":"Jaw Worm","floor":4,"turns":2},{"damage":21,"enemies":"3 Sentries","floor":6,"turns":8},{"damage":13,"enemies":"Lagavulin","floor":8,"turns":6},{"damage":2,"enemies":"Blue Slaver","floor":9,"turns":3},{"damage":2,"enemies":"downfall:FleeingMerchant","floor":11,"turns":4},{"damage":0,"enemies":"downfall:FleeingMerchant","floor":14,"turns":4},{"damage":1,"enemies":"3 Louse","floor":15,"turns":3},{"damage":37,"enemies":"WA_ARCHETYPE_RETAIN","floor":16,"turns":7}],"seed_played":"-8949318403818026099","potions_obtained":[{"floor":3,"key":"Energy Potion"},{"floor":15,"key":"BlessingOfTheForge"}],"is_trial":false,"path_per_floor":["R","M","M","M","?","E","T","E","M","R","$","?","T","$","M","B"],"character_chosen":"THE_SPIRIT","items_purchased":["expansioncontent:Chronoboost"],"campfire_rested":1,"item_purchase_floors":[14],"current_hp_per_floor":[49,48,48,47,47,26,26,15,15,37,37,37,37,37,36,0,0,0],"gold":88,"neow_bonus":"ONE_RARE_RELIC","is_daily":false,"chose_seed":false,"campfire_upgraded":1,"win_rate":0.0,"timestamp":1612024776,"path_taken":["R","M","M","M","?","E","T","E","M","R","?","?","?","?","M","BOSS"],"items_purchased_type":["Card"],"build_version":"2020-12-22","purchased_purges":1,"victory":false,"max_hp_per_floor":[70,70,70,70,70,70,70,72,74,74,76,76,76,76,76,76,76,76],"card_choices":[{"not_picked":["hexamod:Haunt","hexamod:SpectersWail"],"picked":"hexamod:BacktrackSmack","floor":2},{"not_picked":["hexamod:GhostShield","hexamod:FastForward"],"picked":"hexamod:StepThrough","floor":3},{"not_picked":["hexamod:Hexaguard","hexamod:SuperheatedStrike"],"picked":"hexamod:FastForward","floor":4},{"not_picked":["hexamod:PowerFromBeyond","hexamod:Firestarter"],"picked":"hexamod:RadiantFlame","floor":6},{"not_picked":["hexamod:GhostflameBarrier","hexamod:Hexaguard","hexamod:SpectersWail"],"picked":"Singing Bowl","floor":8},{"not_picked":["hexamod:FastForward","hexamod:ThermalTransfer","hexamod:ShieldOfDarkness"],"picked":"Singing Bowl","floor":9},{"not_picked":["hexamod:GhostflameBarrier","hexamod:ThermalTransfer","hexamod:Hexaguard"],"picked":"Singing Bowl","floor":11},{"not_picked":["hexamod:FastForward","hexamod:NightmareGuise"],"picked":"hexamod:EmpoweredFlame","floor":14},{"not_picked":["hexamod:ThermalTransfer","hexamod:SecondSeal"],"picked":"hexamod:GhostOfSpireFuture","floor":15}],"player_experience":422773,"relics_obtained":[{"floor":6,"key":"Ornamental Fan"},{"floor":7,"key":"The Courier"},{"floor":8,"key":"Singing Bowl"},{"floor":13,"key":"Juzu Bracelet"}],"event_choices":[{"cards_removed":["hexamod:Defend"],"damage_healed":0,"gold_gain":0,"player_choice":"Offered Basic","damage_taken":0,"max_hp_gain":0,"max_hp_loss":0,"event_name":"Bonfire Elementals","floor":5,"gold_loss":0}],"is_beta":false,"boss_relics":[],"items_purged_floors":[11],"is_endless":false,"potions_floor_spawned":[3,15],"killed_by":"WA_ARCHETYPE_RETAIN","ascension_level":4}}