{"host":"9v3x998ddbx8o276","time":1612004037,"event":{"mods":["AchievementEnabler","BaseMod","Colored Map","Colored Powertips","Highlight Path","Minty Spire (QoL Compilation)","Quick Restart","Rare Cards Sparkle"],"gold_per_floor":[114,127,140,140,140,167,185,214,214,225,250,250,250,268,268,364,364,384,410,430,430,448,448,480,480,506,523,523,533,533,547,547,547,547],"floor_reached":33,"language":"ENG","playtime":1200,"items_purged":[],"score":289,"play_id":"8042de89-e55c-4dff-a416-6852078c6341","local_time":"20210130212357","is_ascension_mode":false,"campfire_choices":[{"data":"Dark Embrace","floor":12,"key":"SMITH"},{"data":"Bash","floor":15,"key":"SMITH"},{"data":"Seeing Red","floor":23,"key":"SMITH"},{"data":"Evolve","floor":25,"key":"SMITH"},{"floor":32,"key":"REST"}],"circlet_count":0,"master_deck":["Strike_R+1","Strike_R","Defend_R","Defend_R","Defend_R","Bash+1","Sword Boomerang","Fire Breathing+1","Evolve+1","Perfected Strike","Wild Strike","Offering","Dark Embrace+1","Anger","Double Tap","Impervious+1","Metallicize+1","Ghostly Armor+1","Intimidate","Shrug It Off+1","Body Slam+1","Seeing Red+1","Clothesline","Cleave","Spot Weakness"],"relics":["Burning Blood","NeowsBlessing","Anchor","Pen Nib","Meat on the Bone","Akabeko","Art of War","Astrolabe","Red Mask","Regal Pillow","Lantern","NlothsMask"],"acts_visited":["Exordium","TheCity"],"potions_floor_usage":[16,24,24,33],"damage_taken":[{"damage":0,"enemies":"Jaw Worm","floor":1,"turns":1},{"damage":0,"enemies":"Small Slimes","floor":2,"turns":1},{"damage":0,"enemies":"Cultist","floor":3,"turns":1},{"damage":13,"enemies":"3 Sentries","floor":6,"turns":5},{"damage":10,"enemies":"Looter","floor":7,"turns":3},{"damage":15,"enemies":"Gremlin Nob","floor":8,"turns":4},{"damage":1,"enemies":"Large Slime","floor":10,"turns":4},{"damage":24,"enemies":"Lagavulin","floor":11,"turns":4},{"damage":7,"enemies":"Exordium Wildlife","floor":14,"turns":3},{"damage":42,"enemies":"Hexaghost","floor":16,"turns":8},{"damage":6,"enemies":"Spheric Guardian","floor":18,"turns":3},{"damage":38,"enemies":"Masked Bandits","floor":19,"turns":5},{"damage":0,"enemies":"Chosen","floor":20,"turns":4},{"damage":12,"enemies":"Snake Plant","floor":22,"turns":6},{"damage":20,"enemies":"Gremlin Leader","floor":24,"turns":7},{"damage":11,"enemies":"Centurion and Healer","floor":27,"turns":8},{"damage":20,"enemies":"Sentry and Sphere","floor":29,"turns":5},{"damage":6,"enemies":"Snake Plant","floor":31,"turns":3},{"damage":80,"enemies":"Automaton","floor":33,"turns":8}],"seed_played":"4255057728936073123","potions_obtained":[{"floor":2,"key":"Dexterity Potion"},{"floor":3,"key":"Strength Potion"},{"floor":7,"key":"Regen Potion"},{"floor":8,"key":"BlessingOfTheForge"},{"floor":22,"key":"Explosive Potion"}],"is_trial":false,"path_per_floor":["M","M","M","?","?","E","M","E","T","M","E","R","?","M","R","B",null,"M","?","M","?","M","R","E","R","T","M","?","M","?","M","R","B"],"character_chosen":"IRONCLAD","items_purchased":[],"campfire_rested":1,"item_purchase_floors":[],"current_hp_per_floor":[80,80,80,80,80,73,69,60,60,65,47,47,31,42,42,27,80,80,48,54,54,48,48,46,46,46,53,53,51,51,51,80,0,0],"gold":547,"neow_bonus":"THREE_ENEMY_KILL","is_daily":false,"chose_seed":false,"campfire_upgraded":4,"win_rate":0.0,"timestamp":1612004037,"path_taken":["M","M","M","?","?","E","M","E","T","?","E","R","?","M","R","BOSS","M","?","M","?","M","R","E","R","T","M","?","?","?","M","R","BOSS"],"items_purchased_type":[],"build_version":"2020-12-22","purchased_purges":0,"victory":false,"max_hp_per_floor":[80,80,80,80,80,80,80,80,80,80,80,80,80,80,80,80,80,80,80,80,80,80,80,80,80,80,80,80,80,80,80,80,80,80],"card_choices":[{"not_picked":["Flex","Entrench"],"picked":"Sword Boomerang","floor":1},{"not_picked":["Sword Boomerang","Anger"],"picked":"Fire Breathing","floor":2},{"not_picked":["Metallicize","Intimidate"],"picked":"Evolve","floor":3},{"not_picked":["Flex","Shockwave"],"picked":"Perfected Strike","floor":6},{"not_picked":["Sword Boomerang","Heavy Blade"],"picked":"Wild Strike","floor":7},{"not_picked":["Perfected Strike","True Grit","Combust"],"picked":"SKIP","floor":8},{"not_picked":["Shrug It Off","Iron Wave"],"picked":"Offering","floor":10},{"not_picked":["Evolve","Intimidate"],"picked":"Dark Embrace","floor":11},{"not_picked":["Warcry","Wild Strike"],"picked":"Anger","floor":14},{"not_picked":["Offering","Impervious"],"picked":"Double Tap","floor":16},{"not_picked":["Twin Strike","Dark Embrace"],"picked":"Intimidate","floor":18},{"not_picked":["Hemokinesis+1","Spot Weakness"],"picked":"Shrug It Off+1","floor":19},{"not_picked":["Armaments","Iron Wave"],"picked":"Body Slam+1","floor":20},{"not_picked":["Headbutt+1","Wild Strike"],"picked":"Seeing Red","floor":22},{"not_picked":["Bludgeon","True Grit"],"picked":"Clothesline","floor":24},{"not_picked":["Flex","Headbutt+1"],"picked":"Cleave","floor":27},{"not_picked":["Heavy Blade","Rampage","Clothesline"],"picked":"SKIP","floor":29},{"not_picked":["Heavy Blade","Body Slam"],"picked":"Spot Weakness","floor":31}],"player_experience":1677851,"relics_obtained":[{"floor":6,"key":"Pen Nib"},{"floor":8,"key":"Meat on the Bone"},{"floor":9,"key":"Akabeko"},{"floor":11,"key":"Art of War"},{"floor":19,"key":"Red Mask"},{"floor":24,"key":"Regal Pillow"},{"floor":26,"key":"Lantern"}],"event_choices":[{"damage_healed":0,"gold_gain":0,"player_choice":"Ignored","damage_taken":0,"max_hp_gain":0,"max_hp_loss":0,"event_name":"Golden Wing","floor":4,"gold_loss":0},{"damage_healed":0,"gold_gain":0,"player_choice":"Gave Potion","damage_taken":0,"relics_obtained":["Anchor"],"max_hp_gain":0,"max_hp_loss":0,"event_name":"WeMeetAgain","floor":5,"gold_loss":0},{"damage_healed":0,"gold_gain":0,"player_choice":"Entered Light","damage_taken":16,"max_hp_gain":0,"max_hp_loss":0,"event_name":"Shining Light","floor":13,"gold_loss":0,"cards_upgraded":["Fire Breathing","Strike_R"]},{"damage_healed":0,"gold_gain":0,"player_choice":"Fought Bandits","damage_taken":0,"max_hp_gain":0,"max_hp_loss":0,"event_name":"Masked Bandits","floor":19,"gold_loss":0},{"damage_healed":0,"gold_gain":0,"player_choice":"Ignored","damage_taken":0,"max_hp_gain":0,"max_hp_loss":0,"event_name":"Vampires","floor":21,"gold_loss":0},{"cards_removed":["Defend_R"],"damage_healed":0,"gold_gain":0,"player_choice":"Elegance","damage_taken":0,"max_hp_gain":0,"max_hp_loss":0,"event_name":"Back to Basics","floor":28,"gold_loss":0},{"damage_healed":0,"gold_gain":0,"player_choice":"Trade","damage_taken":0,"relics_obtained":["NlothsMask"],"max_hp_gain":0,"max_hp_loss":0,"event_name":"FaceTrader","floor":30,"gold_loss":0}],"is_beta":false,"boss_relics":[{"not_picked":["Busted Crown","Velvet Choker"],"picked":"Astrolabe"}],"items_purged_floors":[],"is_endless":false,"potions_floor_spawned":[2,3,7,8,10,14,22],"killed_by":"Automaton","ascension_level":0}}