{"host":"mhr97lg0mj90r8b2","time":1612009165,"event":{"mods":["BaseMod","Minty Spire (QoL Compilation)","Quick Restart","StSLib"],"gold_per_floor":[109,126,137,152,162,195,195,205,205,224,174,349,381,64,64,169,169,182,199,210,210,43,73,73,73,73,73,87,104,123,135,135,236,236,250,262,273,286,9,34,34,65,65,65,115,115,147,147,147,147],"floor_reached":51,"language":"ZHS","playtime":3672,"items_purged":["Doubt","Strike_B","Strike_B"],"score":886,"play_id":"0c34c9e3-6398-43a0-ba2b-2e03a22c76b9","local_time":"20210130201925","is_ascension_mode":true,"campfire_choices":[{"data":"Recycle","floor":7.0,"key":"SMITH"},{"floor":15.0,"key":"REST"},{"data":"Machine Learning","floor":24.0,"key":"SMITH"},{"data":"Apotheosis","floor":32.0,"key":"SMITH"},{"floor":41.0,"key":"REST"},{"data":"Machine Learning","floor":44.0,"key":"SMITH"},{"floor":46.0,"key":"REST"},{"data":"Steam Power","floor":49,"key":"SMITH"}],"circlet_count":0,"master_deck":["Strike_B","Defend_B","Defend_B","Defend_B","Defend_B","Zap","Dualcast","Glacier","White Noise","Recycle+1","Consume","Turbo","Glacier","Steam Power+1","Machine Learning","Apotheosis+1","Blizzard","Machine Learning+1","Defragment","Sweeping Beam+1","Blizzard","Defragment","Coolheaded+1","Hello World","Echo Form","Cold Snap","Defragment","CurseOfTheBell","Heatsinks+1","Redo","Defragment","Machine Learning+1","Recycle"],"relics":["FrozenCore","NeowsBlessing","TungstenRod","Shuriken","Meat on the Bone","Mummified Hand","Dream Catcher","Calling Bell","Happy Flower","Pantograph","Prayer Wheel","Runic Capacitor","The Courier","Art of War","Pear","Pocketwatch","InkBottle"],"acts_visited":["Exordium","TheCity","TheBeyond"],"potions_floor_usage":[50,50,50,50,50,50],"damage_taken":[{"damage":0.0,"enemies":"2 Louse","floor":1.0,"turns":1.0},{"damage":0.0,"enemies":"Small Slimes","floor":2.0,"turns":1.0},{"damage":0.0,"enemies":"Jaw Worm","floor":3.0,"turns":1.0},{"damage":4.0,"enemies":"Red Slaver","floor":4.0,"turns":5.0},{"damage":11.0,"enemies":"Large Slime","floor":5.0,"turns":8.0},{"damage":4.0,"enemies":"3 Sentries","floor":6.0,"turns":5.0},{"damage":21.0,"enemies":"Exordium Wildlife","floor":8.0,"turns":6.0},{"damage":6.0,"enemies":"3 Louse","floor":10.0,"turns":2.0},{"damage":0.0,"enemies":"Lagavulin","floor":13.0,"turns":7.0},{"damage":14.0,"enemies":"Slime Boss","floor":16.0,"turns":13.0},{"damage":0.0,"enemies":"Shell Parasite","floor":18.0,"turns":10.0},{"damage":2.0,"enemies":"3 Byrds","floor":19.0,"turns":10.0},{"damage":11.0,"enemies":"Centurion and Healer","floor":20.0,"turns":6.0},{"damage":5.0,"enemies":"Book of Stabbing","floor":23.0,"turns":9.0},{"damage":13.0,"enemies":"Colosseum Slavers","floor":27.0,"turns":6.0},{"damage":3.0,"enemies":"Snake Plant","floor":28.0,"turns":7.0},{"damage":4.0,"enemies":"Chosen and Byrds","floor":29.0,"turns":6.0},{"damage":4.0,"enemies":"Centurion and Healer","floor":30.0,"turns":7.0},{"damage":0.0,"enemies":"Shelled Parasite and Fungi","floor":31.0,"turns":9.0},{"damage":3.0,"enemies":"Collector","floor":33.0,"turns":8.0},{"damage":18.0,"enemies":"3 Shapes","floor":35.0,"turns":5.0},{"damage":0.0,"enemies":"Orb Walker","floor":36.0,"turns":7.0},{"damage":21.0,"enemies":"Jaw Worm Horde","floor":37.0,"turns":4.0},{"damage":33.0,"enemies":"Transient","floor":38.0,"turns":5.0},{"damage":6.0,"enemies":"Giant Head","floor":40.0,"turns":10.0},{"damage":0.0,"enemies":"Nemesis","floor":42.0,"turns":9.0},{"damage":12.0,"enemies":"Mind Bloom Boss Battle","floor":45.0,"turns":8.0},{"damage":59,"enemies":"Reptomancer","floor":47,"turns":6},{"damage":6,"enemies":"Awakened One","floor":50,"turns":11}],"seed_played":"2374890510359713282","potions_obtained":[{"floor":1.0,"key":"AttackPotion"},{"floor":3.0,"key":"EntropicBrew"},{"floor":5.0,"key":"PotionOfCapacity"},{"floor":19.0,"key":"ColorlessPotion"},{"floor":23.0,"key":"SkillPotion"},{"floor":30.0,"key":"Fruit Juice"},{"floor":33.0,"key":"EntropicBrew"},{"floor":36.0,"key":"EssenceOfSteel"},{"floor":47,"key":"SkillPotion"}],"is_trial":false,"path_per_floor":["M","M","M","M","M","E","R","M","T","M","?","?","E","$","R","B",null,"M","M","M","?","$","E","R","?","T","?","M","M","M","M","R","B",null,"M","M","M","M","$","E","R","E","T","R","?","R","E","?","R","B",null],"character_chosen":"DEFECT","items_purchased":["Apotheosis","Blizzard","Defragment","Runic Capacitor"],"campfire_rested":3,"item_purchase_floors":[14,14,22,39],"current_hp_per_floor":[75,75,75,71,60,56,56,35,35,29,29,29,29,29,51,49,75,75,73,62,49,49,44,44,44,44,43,52,48,49,49,49,46,85,67,67,46,25,25,31,56,56,66,66,79,95,48,48,48,67],"gold":147,"neow_bonus":"THREE_ENEMY_KILL","is_daily":false,"chose_seed":false,"campfire_upgraded":5,"win_rate":0.0,"timestamp":1612009165,"path_taken":["M","M","M","M","M","E","R","M","T","M","?","?","E","$","R","BOSS","M","M","M","?","$","E","R","?","T","?","M","M","?","M","R","BOSS","M","M","M","M","$","E","R","E","T","R","?","R","E","?","R","BOSS"],"items_purchased_type":["Card","Card","Card","Relic"],"build_version":"2020-12-22","purchased_purges":3,"victory":true,"max_hp_per_floor":[75,75,75,75,75,75,75,75,75,75,75,75,75,75,75,75,75,75,75,75,80,80,80,80,80,80,80,80,80,85,85,85,85,85,85,85,85,85,85,85,85,85,95,95,95,95,95,95,95,95],"card_choices":[{"not_picked":["Lockon","Undo"],"picked":"Glacier","floor":1.0},{"not_picked":["Consume","Turbo"],"picked":"White Noise","floor":2.0},{"not_picked":["Lockon","Scrape"],"picked":"Recycle","floor":3.0},{"not_picked":["Darkness","Genetic Algorithm"],"picked":"Consume","floor":4.0},{"not_picked":["Reinforced Body","Stack"],"picked":"Turbo","floor":5.0},{"not_picked":["Gash","Auto Shields","Compile Driver"],"picked":"SKIP","floor":6.0},{"not_picked":["Undo","Turbo"],"picked":"Glacier","floor":8.0},{"not_picked":["Turbo","Steam"],"picked":"Steam Power","floor":10.0},{"not_picked":["Cold Snap","Turbo"],"picked":"Machine Learning","floor":13.0},{"not_picked":["Biased Cognition","Multi-Cast"],"picked":"Machine Learning","floor":16.0},{"not_picked":["Glacier","Stack+1"],"picked":"Defragment","floor":18.0},{"not_picked":["Steam+1","Go for the Eyes"],"picked":"Sweeping Beam+1","floor":19.0},{"not_picked":["Streamline","Genetic Algorithm"],"picked":"Blizzard","floor":20.0},{"not_picked":["Blizzard","Streamline"],"picked":"Coolheaded+1","floor":23.0},{"not_picked":["Compile Driver","Static Discharge","Conserve Battery"],"picked":"SKIP","floor":28.0},{"not_picked":["Sweeping Beam","Beam Cell"],"picked":"Echo Form","floor":29.0},{"not_picked":["Turbo","Gash"],"picked":"Cold Snap","floor":30.0},{"not_picked":["Darkness","Gash"],"picked":"Defragment","floor":31.0},{"not_picked":["Rebound","Skim+1"],"picked":"Heatsinks+1","floor":35.0},{"not_picked":["Conserve Battery","Barrage+1"],"picked":"Redo","floor":35.0},{"not_picked":["Rebound+1","Gash+1"],"picked":"Defragment","floor":36.0},{"not_picked":["Barrage+1","Leap+1","Multi-Cast"],"picked":"SKIP","floor":36.0},{"not_picked":["Fusion+1","Ball Lightning+1","Beam Cell+1"],"picked":"SKIP","floor":37.0},{"not_picked":["Ball Lightning","Go for the Eyes+1","Turbo+1"],"picked":"SKIP","floor":37.0},{"not_picked":["Heatsinks+1","Streamline+1","Gash+1"],"picked":"SKIP","floor":38.0},{"not_picked":["Melter+1","Cold Snap","Steam"],"picked":"SKIP","floor":38.0},{"not_picked":["Conserve Battery","Leap+1","Cold Snap"],"picked":"SKIP","floor":40.0},{"not_picked":["Steam","Conserve Battery+1"],"picked":"Machine Learning","floor":41.0},{"not_picked":["Stack+1","Sweeping Beam","Melter"],"picked":"SKIP","floor":42.0},{"not_picked":["Cold Snap+1","Conserve Battery+1"],"picked":"Recycle","floor":45.0},{"not_picked":["Conserve Battery","Rebound","Coolheaded+1"],"picked":"SKIP","floor":47}],"player_experience":111970,"relics_obtained":[{"floor":6.0,"key":"TungstenRod"},{"floor":9.0,"key":"Shuriken"},{"floor":13.0,"key":"Meat on the Bone"},{"floor":23.0,"key":"Mummified Hand"},{"floor":26.0,"key":"Dream Catcher"},{"floor":34.0,"key":"Happy Flower"},{"floor":34.0,"key":"Pantograph"},{"floor":34.0,"key":"Prayer Wheel"},{"floor":40.0,"key":"The Courier"},{"floor":42.0,"key":"Art of War"},{"floor":43.0,"key":"Pear"},{"floor":45.0,"key":"Pocketwatch"},{"floor":47,"key":"InkBottle"}],"event_choices":[{"cards_removed":["Strike_B"],"damage_healed":0.0,"max_hp_gain":0.0,"max_hp_loss":0.0,"gold_gain":0.0,"event_name":"The Cleric","player_choice":"Card Removal","floor":11.0,"gold_loss":50.0,"damage_taken":0.0},{"damage_healed":0.0,"max_hp_gain":0.0,"max_hp_loss":0.0,"gold_gain":175.0,"event_name":"Liars Game","player_choice":"AGREE","floor":12.0,"gold_loss":0.0,"damage_taken":0.0,"cards_obtained":["Doubt"]},{"damage_healed":0.0,"max_hp_gain":5.0,"max_hp_loss":0.0,"gold_gain":0.0,"event_name":"Forgotten Altar","player_choice":"Shed Blood","floor":21.0,"gold_loss":0.0,"damage_taken":19.0},{"damage_healed":0.0,"max_hp_gain":0.0,"max_hp_loss":0.0,"gold_gain":0.0,"event_name":"The Library","player_choice":"Read","floor":25.0,"gold_loss":0.0,"damage_taken":0.0,"cards_obtained":["Hello World"]},{"damage_healed":0.0,"max_hp_gain":0.0,"max_hp_loss":0.0,"gold_gain":0.0,"event_name":"Colosseum","player_choice":"Fight","floor":27.0,"gold_loss":0.0,"damage_taken":0.0},{"damage_healed":0.0,"max_hp_gain":0.0,"max_hp_loss":0.0,"gold_gain":0.0,"event_name":"Colosseum","player_choice":"Fled From Nobs","floor":27.0,"gold_loss":0.0,"damage_taken":0.0},{"damage_healed":0.0,"max_hp_gain":0.0,"max_hp_loss":0.0,"gold_gain":0.0,"event_name":"MindBloom","player_choice":"Fight","floor":45.0,"gold_loss":0.0,"damage_taken":0.0},{"damage_healed":0,"gold_gain":0,"player_choice":"Ignored","damage_taken":0,"max_hp_gain":0,"max_hp_loss":0,"event_name":"Mysterious Sphere","floor":48,"gold_loss":0}],"is_beta":false,"boss_relics":[{"not_picked":["Ectoplasm","SlaversCollar"],"picked":"FrozenCore"},{"not_picked":["SacredBark","Coffee Dripper"],"picked":"Calling Bell"}],"items_purged_floors":[14,22,39],"is_endless":false,"potions_floor_spawned":[1,3,5,6,13,19,23,30,33,36,37,47],"ascension_level":1}}