{"host":"3jpwrwmmgyabjceh","time":1612011156,"event":{"mods":["AchievementEnabler","BaseMod","Colored Map","Colored Powertips","Highlight Path","Minty Spire (QoL Compilation)","Quick Restart","Relic Stats","StSLib","SuperFastMode"],"gold_per_floor":[115,115,1,15,15,15,42,42,42,106,106,106,134,144,144,249,249,265,42,54,54,64,64,92,92,117,158,178,201,201,223,223,223,223],"floor_reached":33,"language":"ENG","playtime":1062,"items_purged":["Pain"],"score":429,"play_id":"16f6a28c-5202-4a29-83cf-fa8f16b1ddf1","local_time":"20210130155236","is_ascension_mode":true,"campfire_choices":[{"data":"Bash","floor":6.0,"key":"SMITH"},{"data":"Inflame","floor":8.0,"key":"SMITH"},{"data":"Combust","floor":11.0,"key":"SMITH"},{"data":"Shockwave","floor":15.0,"key":"SMITH"},{"data":"Burning Pact","floor":23.0,"key":"SMITH"},{"data":"Reaper","floor":30.0,"key":"SMITH"},{"data":"Pommel Strike","floor":32.0,"key":"SMITH"}],"circlet_count":0,"master_deck":["Strike_R","Strike_R","Strike_R","Strike_R","Strike_R","Defend_R","Defend_R","Defend_R","Defend_R","Bash+1","Rampage","Combust+1","Inflame+1","Wild Strike","Shockwave+1","Shrug It Off","Reaper+1","Inflame","Burning Pact+1","Dark Embrace","Havoc","Metallicize+1","Sentinel","Warcry","Pommel Strike+1"],"relics":["Burning Blood","NeowsBlessing","Regal Pillow","Dead Branch","Boot","MealTicket","Pantograph","Sozu","Red Skull","CeramicFish","Bottled Lightning"],"acts_visited":["Exordium","TheCity"],"potions_floor_usage":[],"damage_taken":[{"damage":0.0,"enemies":"2 Louse","floor":1.0,"turns":1.0},{"damage":0.0,"enemies":"Cultist","floor":4.0,"turns":1.0},{"damage":0.0,"enemies":"3 Sentries","floor":7.0,"turns":2.0},{"damage":36.0,"enemies":"Lagavulin Event","floor":10.0,"turns":5.0},{"damage":16.0,"enemies":"Gremlin Nob","floor":13.0,"turns":4.0},{"damage":5.0,"enemies":"Small Slimes","floor":14.0,"turns":4.0},{"damage":43.0,"enemies":"Hexaghost","floor":16.0,"turns":9.0},{"damage":4.0,"enemies":"Chosen","floor":18.0,"turns":4.0},{"damage":23.0,"enemies":"2 Thieves","floor":20.0,"turns":2.0},{"damage":41.0,"enemies":"3 Cultists","floor":22.0,"turns":5.0},{"damage":46.0,"enemies":"Book of Stabbing","floor":24.0,"turns":5.0},{"damage":39.0,"enemies":"Gremlin Leader","floor":27.0,"turns":6.0},{"damage":11.0,"enemies":"Centurion and Healer","floor":28.0,"turns":6.0},{"damage":30.0,"enemies":"Snake Plant","floor":29.0,"turns":5.0},{"damage":3.0,"enemies":"Snecko","floor":31.0,"turns":5.0},{"damage":82,"enemies":"Automaton","floor":33,"turns":6}],"seed_played":"3688020334863846781","potions_obtained":[{"floor":4.0,"key":"BlessingOfTheForge"},{"floor":10.0,"key":"DistilledChaos"},{"floor":13.0,"key":"Block Potion"},{"floor":14.0,"key":"PowerPotion"}],"is_trial":false,"path_per_floor":["M","?","$","M","?","R","E","R","T","?","R","?","E","M","R","B",null,"M","$","M","$","M","R","E","$","T","E","M","M","R","M","R","B"],"character_chosen":"IRONCLAD","items_purchased":["Rampage","Combust","Burning Pact","Dark Embrace"],"campfire_rested":0,"item_purchase_floors":[3,3,19,19],"current_hp_per_floor":[78,78,78,80,85,85,85,85,85,55,55,55,45,46,46,34,72,81,85,85,85,50,50,10,25,25,16,29,18,18,21,21,0,0],"gold":223,"neow_bonus":"THREE_ENEMY_KILL","is_daily":false,"chose_seed":false,"campfire_upgraded":7,"win_rate":0.0,"timestamp":1612011156,"path_taken":["M","?","$","?","?","R","E","R","T","?","R","?","E","M","R","BOSS","M","$","?","?","M","R","E","$","T","E","M","M","R","M","R","BOSS"],"items_purchased_type":["Card","Card","Card","Card"],"build_version":"2020-12-22","purchased_purges":1,"victory":false,"max_hp_per_floor":[80,80,80,80,85,85,85,85,85,85,85,85,85,85,85,85,85,85,85,85,85,85,85,85,85,85,85,85,85,85,85,85,85,85],"relic_stats":{"Sozu":4,"Regal Pillow":0,"counters":[16,70],"Dead Branch":[57],"Pantograph":50,"CeramicFish":36,"MealTicket":19,"Boot":[2],"obtain_stats":[{"Sozu":17,"Regal Pillow":2,"NeowsBlessing":0,"Dead Branch":7,"Pantograph":13,"CeramicFish":26,"MealTicket":10,"Bottled Lightning":27,"Boot":9,"Burning Blood":0,"Red Skull":24},{"Sozu":7,"Regal Pillow":1,"NeowsBlessing":0,"Dead Branch":3,"Pantograph":5,"CeramicFish":11,"MealTicket":3,"Bottled Lightning":12,"Boot":3,"Burning Blood":0,"Red Skull":11},{"Sozu":26,"Regal Pillow":1,"NeowsBlessing":0,"Dead Branch":4,"Pantograph":13,"CeramicFish":42,"MealTicket":4,"Bottled Lightning":48,"Boot":4,"Burning Blood":0,"Red Skull":42}],"Burning Blood":75},"card_choices":[{"not_picked":["Wild Strike","Twin Strike"],"picked":"Pommel Strike","floor":1.0},{"not_picked":["Shockwave","True Grit"],"picked":"Inflame","floor":4.0},{"not_picked":["Metallicize","Clash"],"picked":"Wild Strike","floor":7.0},{"not_picked":["Twin Strike","Flex"],"picked":"Shockwave","floor":10.0},{"not_picked":["Searing Blow","Headbutt"],"picked":"Shrug It Off","floor":13.0},{"not_picked":["Blood for Blood","Rampage","Reckless Charge"],"picked":"SKIP","floor":14.0},{"not_picked":["Limit Break","Offering"],"picked":"Reaper","floor":16.0},{"not_picked":["Clothesline","Heavy Blade"],"picked":"Inflame","floor":18.0},{"not_picked":["Flex","Searing Blow","Rage"],"picked":"SKIP","floor":20.0},{"not_picked":["Heavy Blade+1","Dual Wield"],"picked":"Havoc","floor":22.0},{"not_picked":["Wild Strike+1","Bludgeon","Body Slam"],"picked":"SKIP","floor":24.0},{"not_picked":["Thunderclap+1","Uppercut"],"picked":"Metallicize+1","floor":27.0},{"not_picked":["Clothesline","Thunderclap"],"picked":"Sentinel","floor":28.0},{"not_picked":["Evolve+1","Spot Weakness"],"picked":"Warcry","floor":29.0},{"not_picked":["Inflame","Heavy Blade"],"picked":"Pommel Strike","floor":31.0}],"player_experience":298491,"relics_obtained":[{"floor":7.0,"key":"Dead Branch"},{"floor":9.0,"key":"Boot"},{"floor":13.0,"key":"Pantograph"},{"floor":24.0,"key":"Red Skull"},{"floor":26.0,"key":"CeramicFish"},{"floor":27.0,"key":"Bottled Lightning"}],"event_choices":[{"cards_removed":["Pommel Strike"],"damage_healed":0.0,"max_hp_gain":0.0,"max_hp_loss":0.0,"gold_gain":0.0,"event_name":"WeMeetAgain","player_choice":"Gave Card","floor":2.0,"gold_loss":0.0,"damage_taken":0.0,"relics_obtained":["Regal Pillow"]},{"damage_healed":0.0,"max_hp_gain":5.0,"max_hp_loss":0.0,"gold_gain":0.0,"event_name":"Big Fish","player_choice":"Donut","floor":5.0,"gold_loss":0.0,"damage_taken":0.0},{"damage_healed":0.0,"max_hp_gain":0.0,"max_hp_loss":0.0,"gold_gain":30.0,"event_name":"Dead Adventurer","player_choice":"Searched \u00273\u0027 times","floor":10.0,"gold_loss":0.0,"damage_taken":0.0,"relics_obtained":["MealTicket"]},{"damage_healed":0.0,"max_hp_gain":0.0,"max_hp_loss":0.0,"gold_gain":0.0,"event_name":"Match and Keep!","player_choice":"1 cards matched","floor":12.0,"gold_loss":0.0,"damage_taken":0.0,"cards_obtained":["Pain"]}],"is_beta":false,"boss_relics":[{"not_picked":["Pandora\u0027s Box","Ectoplasm"],"picked":"Sozu"}],"items_purged_floors":[19],"is_endless":false,"potions_floor_spawned":[4,10,13,14,20,28,29,31],"killed_by":"Automaton","ascension_level":7}}