{"host":"qm4rv4rkpk76sbxu","time":1612013254,"event":{"mods":["BaseMod","Bestiary","Block Reminder","DeckTracker","Filter the Spire","Keyboard Shortcuts","Minty Spire (QoL Compilation)","MonsterHotkey","Quick Restart","Random Character Button","Relic Stats","Slay-I","StSLib","Unceasing Turn Reminder","ojb\u0027s Better Paths Mod","ojb\u0027s Info Mod"],"gold_per_floor":[118,268,278,278,289,320,332,297,351,369,369,369],"floor_reached":11,"language":"ENG","playtime":435,"items_purged":[],"score":150,"play_id":"25af816d-2976-4c9f-a5fa-df195b67a4ce","local_time":"20210130142734","is_ascension_mode":true,"campfire_choices":[],"circlet_count":0,"master_deck":["AscendersBane","Strike_G","Strike_G","Strike_G","Strike_G","Strike_G+1","Defend_G","Defend_G","Defend_G","Defend_G","Defend_G","Survivor","Neutralize","Flying Knee+1","Doubt","Crippling Poison","Blur","Cloak And Dagger","Skewer"],"relics":["Ring of the Snake","Ginger","Letter Opener","Whetstone","Dream Catcher"],"acts_visited":["Exordium"],"potions_floor_usage":[11],"damage_taken":[{"damage":1.0,"enemies":"2 Louse","floor":1.0,"turns":3.0},{"damage":4.0,"enemies":"Small Slimes","floor":3.0,"turns":3.0},{"damage":0.0,"enemies":"Cultist","floor":5.0,"turns":3.0},{"damage":35.0,"enemies":"Gremlin Nob","floor":6.0,"turns":5.0},{"damage":12.0,"enemies":"Large Slime","floor":7.0,"turns":7.0},{"damage":7.0,"enemies":"Exordium Wildlife","floor":10.0,"turns":4.0},{"damage":15,"enemies":"Lagavulin","floor":11,"turns":3}],"seed_played":"1854446577163671377","potions_obtained":[{"floor":3.0,"key":"DistilledChaos"},{"floor":5.0,"key":"Energy Potion"},{"floor":7.0,"key":"BlessingOfTheForge"}],"is_trial":false,"path_per_floor":["M","?","M","?","M","E","M","?","T","M","E"],"character_chosen":"THE_SILENT","items_purchased":[],"campfire_rested":0,"item_purchase_floors":[],"current_hp_per_floor":[58,58,54,54,54,19,7,22,22,15,0,0],"gold":369,"neow_bonus":"ONE_RARE_RELIC","is_daily":false,"chose_seed":false,"campfire_upgraded":0,"win_rate":0.0,"timestamp":1612013254,"path_taken":["M","?","M","?","?","E","M","?","T","M","E"],"items_purchased_type":[],"build_version":"2020-12-22","purchased_purges":0,"victory":false,"max_hp_per_floor":[60,60,60,60,60,60,60,60,60,60,60,60],"relic_stats":{"Dream Catcher":0,"counters":[7,28],"Ginger":[10],"Letter Opener":[5],"Whetstone":["Strike_G","Flying Knee"],"obtain_stats":[{"Dream Catcher":9,"Ginger":0,"Letter Opener":4,"Whetstone":6,"Ring of the Snake":0},{"Dream Catcher":5,"Ginger":0,"Letter Opener":2,"Whetstone":4,"Ring of the Snake":0},{"Dream Catcher":21,"Ginger":0,"Letter Opener":6,"Whetstone":14,"Ring of the Snake":0}],"Ring of the Snake":[14]},"card_choices":[{"not_picked":["Deadly Poison","Caltrops"],"picked":"Flying Knee","floor":1.0},{"not_picked":["Deadly Poison","Expertise"],"picked":"Underhanded Strike","floor":3.0},{"not_picked":["Riddle With Holes","Slice"],"picked":"Crippling Poison","floor":5.0},{"not_picked":["Deflect","Backflip"],"picked":"Blur","floor":6.0},{"not_picked":["Outmaneuver","Calculated Gamble"],"picked":"Cloak And Dagger","floor":7.0},{"not_picked":["Slice","PiercingWail"],"picked":"Skewer","floor":10.0}],"player_experience":1446929,"relics_obtained":[{"floor":6.0,"key":"Whetstone"},{"floor":9.0,"key":"Dream Catcher"}],"event_choices":[{"damage_healed":0.0,"max_hp_gain":0.0,"max_hp_loss":0.0,"gold_gain":150.0,"event_name":"Liars Game","player_choice":"AGREE","floor":2.0,"gold_loss":0.0,"damage_taken":0.0,"cards_obtained":["Doubt"]},{"cards_removed":["Underhanded Strike"],"damage_healed":0.0,"max_hp_gain":0.0,"max_hp_loss":0.0,"gold_gain":0.0,"event_name":"WeMeetAgain","player_choice":"Gave Card","floor":4.0,"gold_loss":0.0,"damage_taken":0.0,"relics_obtained":["Letter Opener"]},{"damage_healed":15.0,"max_hp_gain":0.0,"max_hp_loss":0.0,"gold_gain":0.0,"event_name":"The Cleric","player_choice":"Healed","floor":8.0,"gold_loss":35.0,"damage_taken":0.0}],"is_beta":false,"boss_relics":[],"items_purged_floors":[],"is_endless":false,"potions_floor_spawned":[3,5,7],"killed_by":"Lagavulin","ascension_level":20}}