{"host":"h1qktzcccqnez8tx","time":1612032907,"event":{"mods":["AchievementEnabler","BaseMod","Bestiary","Better Note","Block Reminder","Colored Map","Colored Powertips","Curses Come First","Downfall","Highlight Path","Infinite Spire","Minty Spire (QoL Compilation)","Permanent Neow","Quick Restart","Relic Stats","Replay The Spire","Say the Spire","StSLib","UnlockEverythingMod"],"gold_per_floor":[99,112,122,136,155,155,155,15,15,28,28,46,63,63,63,63],"floor_reached":14,"language":"ENG","playtime":496,"items_purged":["bronze:Goto"],"score":84,"play_id":"add50f32-b8a0-411f-b64e-9b591cb897e3","local_time":"20210130195507","is_ascension_mode":false,"campfire_choices":[{"data":"bronze:Replicate","floor":1,"key":"SMITH"}],"circlet_count":0,"master_deck":["bronze:Strike","bronze:Strike","bronze:Strike","bronze:Defend","bronze:Defend","bronze:Defend","bronze:Defend","bronze:Replicate+1","bronze:Optimize","bronze:Iterate","bronze:Flail","bronze:Shield","bronze:Library+1","bronze:Branch","bronze:Iterate"],"relics":["bronze:BronzeCore","ReplayTheSpireMod:Ninjato","Frozen Egg 2","NlothsMask"],"acts_visited":["Exordium"],"potions_floor_usage":[14],"damage_taken":[{"damage":5,"enemies":"Jaw Worm","floor":2,"turns":4},{"damage":3,"enemies":"2 Louse","floor":3,"turns":2},{"damage":5,"enemies":"Cultist","floor":4,"turns":4},{"damage":7,"enemies":"Blue Slaver","floor":5,"turns":2},{"damage":0,"enemies":"downfall:FleeingMerchant","floor":8,"turns":4},{"damage":8,"enemies":"Red Slaver","floor":10,"turns":2},{"damage":17,"enemies":"Exordium Thugs","floor":12,"turns":3},{"damage":2,"enemies":"Blue Slaver","floor":13,"turns":3},{"damage":13,"enemies":"Lagavulin","floor":14,"turns":2}],"seed_played":"-496356796831218144","potions_obtained":[{"floor":2,"key":"hexamod:SoulburnPotion"},{"floor":5,"key":"sneckomod:MuddlingPotion"}],"is_trial":true,"path_per_floor":["R","M","M","M","M","?","T","$","?","M","?","M","M","E"],"character_chosen":"THE_AUTOMATON","items_purchased":["Block Potion"],"campfire_rested":0,"item_purchase_floors":[8],"current_hp_per_floor":[70,65,62,57,50,38,38,38,38,30,30,13,11,0,0,0],"gold":63,"neow_bonus":"","is_daily":false,"chose_seed":false,"campfire_upgraded":1,"win_rate":0.0,"timestamp":1612032907,"path_taken":["R","M","M","M","M","?","T","$","?","?","?","?","M","E"],"items_purchased_type":["Potion"],"build_version":"2020-12-22","purchased_purges":1,"victory":false,"max_hp_per_floor":[70,70,70,70,70,70,70,70,70,70,70,70,70,70,70,70],"relic_stats":{"counters":[9,26],"obtain_stats":[{"bronze:BronzeCore":0,"ReplayTheSpireMod:Ninjato":6,"Frozen Egg 2":7,"NlothsMask":9},{"bronze:BronzeCore":0,"ReplayTheSpireMod:Ninjato":4,"Frozen Egg 2":4,"NlothsMask":5},{"bronze:BronzeCore":0,"ReplayTheSpireMod:Ninjato":12,"Frozen Egg 2":12,"NlothsMask":16}]},"card_choices":[{"not_picked":["bronze:Overheat","bronze:BugBarrage"],"picked":"bronze:Optimize","floor":2},{"not_picked":["bronze:WildBeam","bronze:DelayedGuard"],"picked":"bronze:Iterate","floor":3},{"not_picked":["bronze:GetLatest","bronze:Overheat"],"picked":"bronze:Flail","floor":4},{"not_picked":["bronze:Invalidate","bronze:ForLoop"],"picked":"bronze:Shield","floor":5},{"not_picked":["bronze:Philosophize","bronze:BuggyMess"],"picked":"bronze:Library+1","floor":8},{"not_picked":["bronze:CutThrough","bronze:Separator","bronze:Refactor"],"picked":"SKIP","floor":10},{"not_picked":["bronze:CutThrough","bronze:Constructor"],"picked":"bronze:Branch","floor":12},{"not_picked":["bronze:BuggyMess","bronze:OilSpill"],"picked":"bronze:Iterate","floor":13}],"player_experience":299769,"relics_obtained":[{"floor":7,"key":"Frozen Egg 2"}],"event_choices":[{"damage_healed":0,"gold_gain":0,"player_choice":"Success","damage_taken":12,"relics_obtained":["ReplayTheSpireMod:Ninjato"],"max_hp_gain":0,"max_hp_loss":0,"event_name":"Scrap Ooze","floor":6,"gold_loss":0},{"damage_healed":0,"gold_gain":0,"player_choice":"Trade","damage_taken":0,"relics_obtained":["NlothsMask"],"max_hp_gain":0,"max_hp_loss":0,"event_name":"FaceTrader","floor":9,"gold_loss":0}],"is_beta":false,"boss_relics":[],"items_purged_floors":[8],"is_endless":false,"potions_floor_spawned":[2,5,10,13],"killed_by":"Lagavulin","ascension_level":0}}