{"host":"Ringo","time":1612003232,"event":{"mods":["BaseMod","Colored Map","Conspire","Dota2Spire","Hubris","Minty Spire (QoL Compilation)","Replay The Spire","StSLib","The Construct","[IsaacMod]ÒÔÈö¼âËþ","¡¾ÒÅÎï¿¨ÅÆ¡¿REMEMod"],"gold_per_floor":[116,131,150,168,188,219,251,280,352,381,415,71,71,101,101,177,177,189,208,208,224,224,257,292,318,318,345,371,398,480,493,493,530,530,541,222,237,195,195,228,254,287,364,399,428,532,561,610,610,610,170],"floor_reached":52,"language":"ZHS","playtime":2290,"items_purged":[],"score":4029,"play_id":"8ce3e005-7c7f-4b55-af0f-027797db51bf","local_time":"20210130184032","daily_mods":["SealedDeck","Vintage","Heirloom","Time Dilation","Flight","DeadlyEvents","Elite Swarm","Lethality","Binary"],"is_ascension_mode":true,"campfire_choices":[{"data":"hubris:DuctTapeCard","floor":13.0,"key":"SMITH"},{"data":"Terror","floor":15.0,"key":"SMITH"},{"data":"construct:SweepLaser","floor":32.0,"key":"SMITH"},{"floor":49.0,"key":"DIG"}],"circlet_count":0,"master_deck":["AscendersBane","construct:CripplingShot","construct:SuppressiveFire","construct:Forcefield","construct:Versatility","construct:Reinforce+1","construct:QuickAttack","construct:SweepLaser+1","Terror+1","Finesse","construct:Reserves","construct:Boost","construct:ReactiveShield","hubris:DuctTapeCard"],"relics":["construct:Cogwheel","Busted Crown","HushsDoor","REME_ComplimentaryCards","replay:Trail_Library","YumHeart","ReplayTheSpireMod:Lightbulb","Chaos","conspire:DeflatedDodgeball","Chemical X","Dota2Spire:MantaStyle","hubris:HollowSoul","SatanicBible","REME_PuzzleBoxRelic","NineLifeCat","construct:MegaBattery","Dota2Spire:ArmletOfMordiggian","hubris:DuctTape","GuppysTail","Ginger","Anchor","GuppysCollar","Habit","TungstenRod","RottenBaby","REME_OnlineShoppingPlatform","SteamSale","construct:FoamFinger","conspire:Boomerang","JudasShadow","GnawedLeaf","hubris:VirtuousBlindfold","Dota2Spire:PhaseBoots","conspire:Flyswatter","hubris:CrystalStatue","BFFS","construct:PurpleEmber","Replay:Multitool","Replay:Drink Me","hubris:GlazedTorus","Ring of Chaos","REME_IWantAll","conspire:RunicOctahedron","SlaversCollar","Calipers","Tiny House","Boot","construct:BoolHorns","BookOfRevelations"],"acts_visited":["Exordium","TheCity","TheBeyond"],"potions_floor_usage":[51,51,51,51,51,51,51,51,51,51,51,51,51,51,51,51,51,51,51,51,51,51],"damage_taken":[{"damage":0.0,"enemies":"Jaw Worm","floor":1.0,"turns":3.0},{"damage":0.0,"enemies":"Small Slimes","floor":2.0,"turns":1.0},{"damage":0.0,"enemies":"Cultist","floor":3.0,"turns":2.0},{"damage":0.0,"enemies":"3 Louse","floor":4.0,"turns":1.0},{"damage":12.0,"enemies":"conspire:2 RoseBushes","floor":5.0,"turns":3.0},{"damage":14.0,"enemies":"3 Sentries","floor":6.0,"turns":4.0},{"damage":0.0,"enemies":"Lagavulin","floor":7.0,"turns":2.0},{"damage":0.0,"enemies":"Replay:BlueRogue","floor":8.0,"turns":3.0},{"damage":0.0,"enemies":"Gremlin Nob","floor":10.0,"turns":3.0},{"damage":0.0,"enemies":"Replay:BlueRogue","floor":11.0,"turns":3.0},{"damage":0.0,"enemies":"Gremlin Nob","floor":14.0,"turns":2.0},{"damage":0.0,"enemies":"Slime Boss","floor":16.0,"turns":9.0},{"damage":0.0,"enemies":"Shell Parasite","floor":18.0,"turns":2.0},{"damage":0.0,"enemies":"conspire:FuzzyDice","floor":19.0,"turns":1.0},{"damage":0.0,"enemies":"Snecko","floor":21.0,"turns":2.0},{"damage":0.0,"enemies":"Book of Stabbing","floor":23.0,"turns":1.0},{"damage":0.0,"enemies":"Replay:Snechameleon","floor":24.0,"turns":2.0},{"damage":0.0,"enemies":"Gremlin Leader","floor":25.0,"turns":2.0},{"damage":0.0,"enemies":"Book of Stabbing","floor":27.0,"turns":2.0},{"damage":0.0,"enemies":"Gremlin Leader","floor":28.0,"turns":2.0},{"damage":0.0,"enemies":"REME_1_Revenger","floor":29.0,"turns":1.0},{"damage":0.0,"enemies":"Chosen and Byrds","floor":31.0,"turns":1.0},{"damage":0.0,"enemies":"Collector","floor":33.0,"turns":2.0},{"damage":0.0,"enemies":"Orb Walker","floor":35.0,"turns":1.0},{"damage":0.0,"enemies":"3 Darklings","floor":37.0,"turns":2.0},{"damage":0.0,"enemies":"R_Hoarder","floor":40.0,"turns":2.0},{"damage":0.0,"enemies":"Reptomancer","floor":41.0,"turns":1.0},{"damage":0.0,"enemies":"R_Hoarder","floor":42.0,"turns":2.0},{"damage":0.0,"enemies":"Giant Head","floor":44.0,"turns":2.0},{"damage":0.0,"enemies":"Nemesis","floor":45.0,"turns":1.0},{"damage":0.0,"enemies":"R_Hoarder","floor":46.0,"turns":2.0},{"damage":0.0,"enemies":"Reptomancer","floor":47.0,"turns":2.0},{"damage":0.0,"enemies":"R_Hoarder","floor":48.0,"turns":2.0},{"damage":0.0,"enemies":"hubris:GrandSnecko","floor":50.0,"turns":1.0},{"damage":0,"enemies":"Donu and Deca","floor":51,"turns":1}],"seed_played":"4507965162828064097","potions_obtained":[{"floor":3.0,"key":"Death Potion"},{"floor":4.0,"key":"Weak Potion"},{"floor":6.0,"key":"Reflective Coating"},{"floor":8.0,"key":"LifebloodPotion"},{"floor":14.0,"key":"SkillPotion"},{"floor":16.0,"key":"LiquidBronze"}],"is_trial":true,"path_per_floor":["M","M","M","M","M","E","E","E","T","E","E","$","R","E","R","B",null,"M","M","?","M","?","E","E","E","T","E","E","E","T","M","R","B",null,"M","$","M","$","?","E","E","E","T","E","E","E","E","E","R","B","B",null],"character_chosen":"THE_CONSTRUCT_MOD","items_purchased":["GuppysTail","GuppysCollar","Finesse","construct:Reserves","construct:PurpleEmber","Replay:Multitool","construct:ReactiveShield"],"campfire_rested":0,"item_purchase_floors":[12,17,17,17,36,36,38],"current_hp_per_floor":[72,72,72,72,60,71,71,20,20,20,20,20,20,20,20,20,1,1,1,1,1,1,1,1,1,1,1,1,1,1,1,1,1,1,1,1,1,1,1,1,1,2,2,2,2,7,7,7,7,7,7],"gold":170,"neow_bonus":"","is_daily":false,"chose_seed":false,"campfire_upgraded":3,"win_rate":0.0,"timestamp":1612003232,"path_taken":["M","M","M","M","M","E","E","E","T","E","E","$","R","E","R","BOSS","M","M","?","M","?","E","E","E","T","E","E","E","?","M","R","BOSS","M","$","M","$","?","E","E","E","T","E","E","E","E","E","R","BOSS","BOSS"],"items_purchased_type":["Relic","Relic","Card","Card","Relic","Relic","Card"],"build_version":"2020-12-18","purchased_purges":0,"victory":true,"max_hp_per_floor":[80,80,80,80,80,80,80,20,20,20,20,20,20,20,20,20,1,1,1,1,1,1,1,1,1,1,1,1,1,1,1,1,1,1,1,1,1,1,1,1,1,2,2,2,2,7,7,7,7,7,7],"card_choices":[{"not_picked":[],"picked":"Bomb","floor":0.0}],"player_experience":590064,"relics_obtained":[{"floor":1.0,"key":"ReplayTheSpireMod:Lightbulb"},{"floor":2.0,"key":"conspire:DeflatedDodgeball"},{"floor":3.0,"key":"Chemical X"},{"floor":4.0,"key":"Dota2Spire:MantaStyle"},{"floor":5.0,"key":"hubris:HollowSoul"},{"floor":6.0,"key":"SatanicBible"},{"floor":7.0,"key":"REME_PuzzleBoxRelic"},{"floor":8.0,"key":"NineLifeCat"},{"floor":9.0,"key":"construct:MegaBattery"},{"floor":10.0,"key":"Dota2Spire:ArmletOfMordiggian"},{"floor":11.0,"key":"hubris:DuctTape"},{"floor":14.0,"key":"Ginger"},{"floor":18.0,"key":"Habit"},{"floor":19.0,"key":"TungstenRod"},{"floor":21.0,"key":"RottenBaby"},{"floor":23.0,"key":"REME_OnlineShoppingPlatform"},{"floor":24.0,"key":"SteamSale"},{"floor":25.0,"key":"construct:FoamFinger"},{"floor":26.0,"key":"conspire:Boomerang"},{"floor":27.0,"key":"JudasShadow"},{"floor":28.0,"key":"GnawedLeaf"},{"floor":29.0,"key":"hubris:VirtuousBlindfold"},{"floor":30.0,"key":"Dota2Spire:PhaseBoots"},{"floor":31.0,"key":"conspire:Flyswatter"},{"floor":35.0,"key":"BFFS"},{"floor":37.0,"key":"Replay:Drink Me"},{"floor":40.0,"key":"hubris:GlazedTorus"},{"floor":41.0,"key":"Ring of Chaos"},{"floor":42.0,"key":"REME_IWantAll"},{"floor":43.0,"key":"conspire:RunicOctahedron"},{"floor":44.0,"key":"SlaversCollar"},{"floor":45.0,"key":"Calipers"},{"floor":46.0,"key":"Tiny House"},{"floor":47.0,"key":"Boot"},{"floor":48.0,"key":"construct:BoolHorns"},{"floor":49.0,"key":"BookOfRevelations"}],"event_choices":[{"damage_healed":0.0,"max_hp_gain":0.0,"max_hp_loss":0.0,"gold_gain":0.0,"event_name":"conspire:Investor","player_choice":"Leave","floor":39.0,"gold_loss":0.0,"damage_taken":0.0}],"is_beta":true,"boss_relics":[{"not_picked":["Pantograph","Leech"],"picked":"Anchor"},{"not_picked":[]},{"not_picked":["Calling Bell","Coffee Dripper"],"picked":"hubris:CrystalStatue"},{"not_picked":[]}],"items_purged_floors":[],"is_endless":false,"potions_floor_spawned":[3,4,6,8,14,16,18,23,25,27,33,35,40,41,47],"ascension_level":20}}