{"host":"f0gpob8hq9vgebej","time":1612014898,"event":{"mods":["AchievementEnabler","BaseMod","Minty Spire (QoL Compilation)","Quick Restart","SuperFastMode"],"gold_per_floor":[118,134,84,9,25,25,25,25,25,60,76,76,87,100,100,201,201,215,228,443,443,443],"floor_reached":21,"language":"KOR","playtime":426,"items_purged":["Defend_B"],"score":281,"play_id":"40e0fd33-35ec-4135-93e4-3519cd931939","local_time":"20210130225458","is_ascension_mode":true,"campfire_choices":[{"data":"Zap","floor":6,"key":"SMITH"},{"data":"Conserve Battery","floor":8,"key":"SMITH"},{"floor":15,"key":"REST"}],"circlet_count":0,"master_deck":["AscendersBane","Strike_B+1","Defend_B","Defend_B","Zap+1","Dualcast","Swift Strike+1","Sweeping Beam","Conserve Battery+1","Capacitor","Tempest","Seek","Echo Form","Storm+1","Storm+1","Leap+1","Static Discharge","Hologram+1"],"relics":["Cracked Core","Singing Bowl","Bird Faced Urn","Astrolabe","Old Coin"],"acts_visited":["Exordium","TheCity"],"potions_floor_usage":[14,16,16,19],"damage_taken":[{"damage":2,"enemies":"Jaw Worm","floor":1,"turns":3},{"damage":0,"enemies":"Small Slimes","floor":2,"turns":4},{"damage":2,"enemies":"2 Louse","floor":5,"turns":3},{"damage":17,"enemies":"Gremlin Nob","floor":10,"turns":4},{"damage":8,"enemies":"Large Slime","floor":11,"turns":5},{"damage":8,"enemies":"Blue Slaver","floor":13,"turns":3},{"damage":0,"enemies":"Red Slaver","floor":14,"turns":3},{"damage":35,"enemies":"Slime Boss","floor":16,"turns":9},{"damage":23,"enemies":"2 Thieves","floor":18,"turns":4},{"damage":26,"enemies":"Shell Parasite","floor":19,"turns":5},{"damage":34,"enemies":"Masked Bandits","floor":21,"turns":3}],"seed_played":"7868622786434083121","potions_obtained":[{"floor":10,"key":"Strength Potion"},{"floor":13,"key":"Block Potion"},{"floor":14,"key":"DuplicationPotion"},{"floor":19,"key":"Fruit Juice"}],"is_trial":false,"path_per_floor":["M","M","?","$","M","R","?","R","T","E","M","?","M","M","R","B",null,"M","M","?","?"],"character_chosen":"DEFECT","items_purchased":[],"campfire_rested":1,"item_purchase_floors":[],"current_hp_per_floor":[66,66,66,66,64,64,49,49,49,32,26,26,22,22,45,12,61,44,31,31,5,5],"gold":443,"neow_bonus":"RANDOM_COLORLESS","is_daily":false,"chose_seed":false,"campfire_upgraded":2,"win_rate":0.0,"timestamp":1612014898,"path_taken":["M","M","?","$","M","R","?","R","T","E","M","?","M","M","R","BOSS","M","M","?","?"],"items_purchased_type":[],"build_version":"2020-12-22","purchased_purges":1,"victory":false,"max_hp_per_floor":[75,75,75,75,75,75,75,75,75,75,75,75,77,77,77,77,77,77,82,82,82,82],"card_choices":[{"not_picked":["Forethought","Dark Shackles"],"picked":"Swift Strike","floor":0.0},{"not_picked":["Melter","Redo"],"picked":"Sweeping Beam","floor":1},{"not_picked":["Leap","Aggregate"],"picked":"Conserve Battery","floor":2},{"not_picked":["Sweeping Beam","Leap","Undo"],"picked":"SKIP","floor":5},{"not_picked":["Hello World","Storm"],"picked":"Capacitor","floor":10},{"not_picked":["Streamline","Cold Snap"],"picked":"Tempest","floor":11},{"not_picked":["Sweeping Beam","Sunder","Hologram"],"picked":"Singing Bowl","floor":13},{"not_picked":["Streamline","Steam"],"picked":"Seek","floor":14},{"not_picked":["Rainbow","All For One"],"picked":"Echo Form","floor":16},{"not_picked":["Go for the Eyes","Compile Driver"],"picked":"Static Discharge","floor":18},{"not_picked":["Chaos","Storm"],"picked":"Hologram+1","floor":19}],"player_experience":291098,"relics_obtained":[{"floor":9,"key":"Singing Bowl"},{"floor":10,"key":"Bird Faced Urn"}],"event_choices":[{"cards_removed":["Strike_B"],"damage_healed":0,"gold_gain":0,"player_choice":"Card Removal","damage_taken":0,"max_hp_gain":0,"max_hp_loss":0,"event_name":"The Cleric","floor":3,"gold_loss":50},{"damage_healed":0,"gold_gain":0,"player_choice":"Entered Light","damage_taken":15,"max_hp_gain":0,"max_hp_loss":0,"event_name":"Shining Light","floor":7,"gold_loss":0,"cards_upgraded":["Swift Strike","Strike_B"]},{"damage_healed":0,"gold_gain":0,"player_choice":"Ignored","damage_taken":0,"max_hp_gain":0,"max_hp_loss":0,"event_name":"Golden Idol","floor":12,"gold_loss":0},{"damage_healed":0,"gold_gain":0,"player_choice":"Obtained Relic","damage_taken":0,"relics_obtained":["Old Coin"],"max_hp_gain":0,"max_hp_loss":0,"event_name":"Addict","floor":20,"gold_loss":85},{"damage_healed":0,"gold_gain":0,"player_choice":"Fought Bandits","damage_taken":0,"max_hp_gain":0,"max_hp_loss":0,"event_name":"Masked Bandits","floor":21,"gold_loss":0}],"is_beta":false,"boss_relics":[{"not_picked":["Ectoplasm","Snecko Eye"],"picked":"Astrolabe"}],"items_purged_floors":[4],"is_endless":false,"potions_floor_spawned":[10,13,14,19],"killed_by":"Masked Bandits","ascension_level":11}}