{"host":"ss2ocoam53r2lno0","time":1612038009,"event":{"mods":["Act Like it!","BaseMod","ChefMod","Clockwork Mod","Colored Powertips","Curses Come First","Displayed Cursed Tome","Downfall","Evolution","Googly Eyes","Hallownest","Highlight Path","Minty Spire (QoL Compilation)","Poor People Problems","Rare Cards Sparkle","Reliquary","Robot Space Explorer","Shade Mod","Shop Mod","Spicy Shops","StSLib","TheSurvivalist"],"gold_per_floor":[112,112,132,57,71,71,71,71,71,90,101,101,1,1,1,80,80,95,107,119,119,19,19,19],"floor_reached":23,"language":"ENG","playtime":1309,"items_purged":["Clockwork:Strike","Clockwork:Strike","Writhe","Clockwork:Strike"],"score":362,"play_id":"d8fbb9d6-093a-4941-8dc6-f424eff88c98","local_time":"20210130212009","is_ascension_mode":true,"campfire_choices":[{"data":"Clockwork:Tinker","floor":6,"key":"SMITH"},{"data":"Clockwork:Handicap","floor":8,"key":"SMITH"},{"data":"Clockwork:RevUp","floor":12,"key":"SMITH"},{"data":"Clockwork:Pluck","floor":15,"key":"SMITH"}],"circlet_count":0,"master_deck":["AscendersBane","Clockwork:Pluck+1","Clockwork:Shield","Clockwork:Shield","Clockwork:Shield","Clockwork:Shield","Clockwork:Tinker+1","Clockwork:WarmUp","Clockwork:QuantumStrike+1","Clockwork:RevUp+1","Clockwork:Inspiration","Clockwork:ChargingShield+1"],"relics":["Clockwork:MomentumEngine","EVO:Axolotl","Tiny Chest","reliquary:PurpleTingedLeaf","Smiling Mask","SlaversCollar","reliquary:QuartzCube"],"acts_visited":["Exordium","TheCity"],"potions_floor_usage":[10,18,19,23,23],"damage_taken":[{"damage":12,"enemies":"Small Slimes","floor":1,"turns":5},{"damage":3,"enemies":"Cultist","floor":3,"turns":5},{"damage":3,"enemies":"Jaw Worm","floor":5,"turns":3},{"damage":0,"enemies":"Exordium Thugs","floor":10,"turns":7},{"damage":5,"enemies":"Gremlin Gang","floor":11,"turns":6},{"damage":60,"enemies":"Hexaghost","floor":16,"turns":9},{"damage":41,"enemies":"3 Byrds","floor":18,"turns":6},{"damage":18,"enemies":"Chosen","floor":19,"turns":4},{"damage":12,"enemies":"Centurion and Healer","floor":20,"turns":22},{"damage":24,"enemies":"Slavers","floor":23,"turns":3}],"seed_played":"-634408772837389668","potions_obtained":[{"floor":1,"key":"Regen Potion"},{"floor":7,"key":"FearPotion"},{"floor":16,"key":"Explosive Potion"},{"floor":18,"key":"SkillPotion"},{"floor":19,"key":"DistilledChaos"}],"is_trial":false,"path_per_floor":["M","?","M","$","M","R","?","R","T","M","M","R","$","T","R","B",null,"M","M","M","?","$","E"],"character_chosen":"CLOCKWORK","items_purchased":[],"campfire_rested":0,"item_purchase_floors":[],"current_hp_per_floor":[59,59,56,56,53,53,53,53,53,73,75,75,75,75,75,25,66,30,17,12,12,12,0,0],"gold":19,"neow_bonus":"RANDOM_COMMON_RELIC","is_daily":false,"chose_seed":false,"campfire_upgraded":4,"win_rate":0.0,"timestamp":1612038009,"path_taken":["M","?","M","$","?","R","?","R","T","M","M","R","$","?","R","BOSS","M","M","?","?","$","E"],"items_purchased_type":[],"build_version":"2020-12-22","purchased_purges":4,"victory":false,"max_hp_per_floor":[79,79,79,79,79,79,79,79,79,79,79,79,79,79,79,79,79,79,79,79,79,79,79,79],"card_choices":[{"not_picked":["Clockwork:Friction","Clockwork:ReserveSystems"],"picked":"Clockwork:QuantumStrike","floor":1},{"not_picked":["Clockwork:Enhance","Clockwork:HoardingStrike","Clockwork:Roundhouse"],"picked":"SKIP","floor":3},{"not_picked":["Clockwork:ForgeStrike","Clockwork:InertialShield","Clockwork:HoardingStrike"],"picked":"SKIP","floor":5},{"not_picked":["Clockwork:LiteraryArmor","Clockwork:ForgeStrike"],"picked":"Clockwork:RevUp","floor":10},{"not_picked":["Clockwork:StasisBreak","Clockwork:PerfectedStrike","Clockwork:FalseStart"],"picked":"SKIP","floor":11},{"not_picked":["Clockwork:TimeWalk","Clockwork:DefectiveParts"],"picked":"Clockwork:Inspiration","floor":16},{"not_picked":["Clockwork:SystemHardening","Clockwork:Redundancy"],"picked":"Clockwork:ChargingShield+1","floor":18},{"not_picked":["Clockwork:Roundhouse","Clockwork:Clone","Clockwork:SpurOn"],"picked":"SKIP","floor":19},{"not_picked":["Clockwork:Redundancy","Clockwork:ChargingShield","Clockwork:ChargingBlade+1"],"picked":"SKIP","floor":20}],"player_experience":849168,"relics_obtained":[{"floor":9,"key":"reliquary:PurpleTingedLeaf"},{"floor":14,"key":"Smiling Mask"}],"event_choices":[{"damage_healed":0,"gold_gain":0,"player_choice":"Upgraded","damage_taken":0,"max_hp_gain":0,"max_hp_loss":0,"event_name":"Upgrade Shrine","floor":2,"gold_loss":0,"cards_upgraded":["Clockwork:QuantumStrike"]},{"damage_healed":0,"gold_gain":0,"player_choice":"Got Potions","damage_taken":0,"max_hp_gain":0,"max_hp_loss":0,"event_name":"Lab","floor":7,"gold_loss":0},{"damage_healed":0,"gold_gain":0,"player_choice":"Opened","damage_taken":0,"relics_obtained":["reliquary:QuartzCube"],"max_hp_gain":0,"max_hp_loss":0,"event_name":"The Mausoleum","floor":21,"gold_loss":0,"cards_obtained":["Writhe"]}],"is_beta":false,"boss_relics":[{"not_picked":["Pandora\u0027s Box","reliquary:RedCape"],"picked":"SlaversCollar"}],"items_purged_floors":[4,13,22,22],"is_endless":false,"potions_floor_spawned":[1,16,18,19],"killed_by":"Slavers","ascension_level":20}}