{"host":"7yx2g6m5jzlw8cjb","time":1612000662,"event":{"mods":["BaseMod","Downfall","Minty Spire (QoL Compilation)","StSLib","[IsaacMod]ÒÔÈö¼âËþ"],"gold_per_floor":[99,111,128,142,127,139,139,151,168,178,163,163,177,194,211,211,211,211],"floor_reached":16,"language":"ZHS","playtime":843,"items_purged":[],"score":100,"play_id":"83353f62-90d5-4d6d-afe1-13b57a10ee3d","local_time":"20210130175742","is_ascension_mode":false,"campfire_choices":[{"floor":1,"key":"RECALL"}],"circlet_count":0,"master_deck":["sneckomod:Strike","sneckomod:Strike","sneckomod:Strike+1","sneckomod:Defend","sneckomod:Defend","sneckomod:Defend","sneckomod:TailWhip","sneckomod:SnekBite","sneckomod:Unknown","sneckomod:Unknown","DoctorFetus","sneckomod:ImprovisedAttack","sneckomod:UnknownVulnerable+1","sneckomod:SnakeSap","sneckomod:RainOfDice+1","Bomb","sneckomod:TrashToTreasure","downfall:Malfunctioning","sneckomod:UnknownVulnerable"],"relics":["sneckomod:SneckoSoul","HushsDoor","SteamSale"],"acts_visited":["Exordium"],"potions_floor_usage":[10,16,16,16],"damage_taken":[{"damage":0,"enemies":"Small Slimes","floor":2,"turns":3},{"damage":11,"enemies":"Jaw Worm","floor":3,"turns":4},{"damage":3,"enemies":"Cultist","floor":4,"turns":2},{"damage":0,"enemies":"downfall:FleeingMerchant","floor":5,"turns":4},{"damage":11,"enemies":"Blue Slaver","floor":6,"turns":3},{"damage":3,"enemies":"Large Slime","floor":8,"turns":2},{"damage":6,"enemies":"3 Louse","floor":9,"turns":2},{"damage":0,"enemies":"Gremlin Gang","floor":10,"turns":2},{"damage":15,"enemies":"downfall:FleeingMerchant","floor":11,"turns":4},{"damage":16,"enemies":"2 Fungi Beasts","floor":13,"turns":3},{"damage":12,"enemies":"Blue Slaver","floor":14,"turns":2},{"damage":0,"enemies":"Large Slime","floor":15,"turns":4},{"damage":29,"enemies":"WA_ARCHETYPE_RETAIN","floor":16,"turns":4}],"seed_played":"2806927728777790860","potions_obtained":[{"floor":4,"key":"Energy Potion"},{"floor":6,"key":"BlessingOfTheForge"},{"floor":8,"key":"FearPotion"},{"floor":10,"key":"Fruit Juice"},{"floor":15,"key":"Dexterity Potion"}],"is_trial":false,"path_per_floor":["R","M","M","M","$","M","T","M","M","M","$","?","M","M","M","B"],"character_chosen":"THE_SNECKO","items_purchased":[],"campfire_rested":0,"item_purchase_floors":[],"current_hp_per_floor":[99,99,88,85,85,74,74,71,65,70,55,55,39,27,27,0,0,0],"gold":211,"neow_bonus":"TEN_PERCENT_HP_BONUS","is_daily":false,"chose_seed":false,"campfire_upgraded":0,"win_rate":0.0,"timestamp":1612000662,"path_taken":["R","M","M","M","$","M","T","M","M","M","$","?","M","?","M","BOSS"],"items_purchased_type":[],"build_version":"2020-12-22","purchased_purges":0,"victory":false,"max_hp_per_floor":[99,99,99,99,99,99,99,99,99,104,104,104,104,104,104,104,104,104],"card_choices":[{"not_picked":[],"picked":"DoctorFetus","floor":0},{"not_picked":["sneckomod:MasterEye","sneckomod:IronFang"],"picked":"sneckomod:ImprovisedAttack","floor":2},{"not_picked":["sneckomod:Unknown2Cost","sneckomod:UnknownDraw"],"picked":"sneckomod:UnknownVulnerable","floor":3},{"not_picked":["sneckomod:UnknownCommonAttack","sneckomod:UnknownCommonSkill","sneckomod:UnknownUncommonSkill"],"picked":"SKIP","floor":4},{"not_picked":["sneckomod:UnknownCommonAttack","sneckomod:SnekBeam"],"picked":"sneckomod:SnakeSap","floor":5},{"not_picked":["sneckomod:UnknownBlock","sneckomod:SoulDraw"],"picked":"sneckomod:RainOfDice","floor":6},{"not_picked":["sneckomod:UnknownUncommonSkill","sneckomod:UnknownDraw","sneckomod:SoulExchange"],"picked":"SKIP","floor":8},{"not_picked":["sneckomod:UnknownExhaust","sneckomod:WideSting"],"picked":"Bomb","floor":9},{"not_picked":["sneckomod:UnknownX","sneckomod:UnknownWeak"],"picked":"sneckomod:TrashToTreasure","floor":10},{"not_picked":["sneckomod:UnknownCommonAttack","sneckomod:SnakeSap","sneckomod:QuickMove"],"picked":"SKIP","floor":11},{"not_picked":["sneckomod:SoulRoll","sneckomod:Unknown1Cost","sneckomod:UnknownBlock"],"picked":"SKIP","floor":13},{"not_picked":["sneckomod:DefensiveFlair","sneckomod:UnknownX","sneckomod:UnknownWeak"],"picked":"SKIP","floor":14},{"not_picked":["sneckomod:UnlimitedRolls","sneckomod:SoulRoll"],"picked":"sneckomod:UnknownVulnerable","floor":15}],"player_experience":388223,"relics_obtained":[],"event_choices":[],"is_beta":false,"boss_relics":[],"items_purged_floors":[],"is_endless":false,"potions_floor_spawned":[4,6,8,10,15],"killed_by":"WA_ARCHETYPE_RETAIN","ascension_level":0}}