{"host":"15dd7v8o90xso62x","time":1612025563,"event":{"mods":["BaseMod","Minty Spire (QoL Compilation)","Quick Restart","StSLib","SuperFastMode"],"gold_per_floor":[118,193,76,76,46,74,74,20,20,49,60,79,104,104,104,181,181,197,197,224,224,234,234,249,266,311,311,326,352,67,82,82,153,153,168,168,193,203,203,232,250,250,250],"floor_reached":42,"language":"KOR","playtime":2151,"items_purged":["Defend_G"],"score":1028,"play_id":"baaff77c-365f-453b-959a-48a9f265be47","local_time":"20210131015243","is_ascension_mode":true,"campfire_choices":[{"data":"Quick Slash","floor":7,"key":"SMITH"},{"data":"A Thousand Cuts","floor":15,"key":"SMITH"},{"data":"Envenom","floor":23,"key":"SMITH"},{"floor":27,"key":"REST"},{"floor":32,"key":"REST"}],"circlet_count":0,"master_deck":["AscendersBane","Strike_G","Strike_G","Strike_G","Defend_G","Defend_G","Defend_G","Defend_G","Survivor","Neutralize","Footwork","Quick Slash+1","Dagger Spray","Leg Sweep","A Thousand Cuts+1","Envenom+1","Cloak And Dagger","PiercingWail","Adrenaline","Deadly Poison+1","Backflip","Accuracy","Blade Dance","Noxious Fumes","Reflex+1","After Image","Accuracy","Crippling Poison","Backflip","Noxious Fumes"],"relics":["Ring of the Snake","NeowsBlessing","Happy Flower","Mummified Hand","The Courier","The Specimen","Runic Pyramid","Enchiridion","Red Mask","Regal Pillow","Kunai","Anchor","Cursed Key","Tingsha","Art of War"],"acts_visited":["Exordium","TheCity","TheBeyond"],"potions_floor_usage":[5,13,16,28,38],"damage_taken":[{"damage":0,"enemies":"Small Slimes","floor":1,"turns":1},{"damage":0,"enemies":"Lagavulin","floor":6,"turns":1},{"damage":0,"enemies":"Gremlin Nob","floor":10,"turns":1},{"damage":0,"enemies":"Jaw Worm","floor":11,"turns":5},{"damage":0,"enemies":"2 Louse","floor":12,"turns":2},{"damage":10,"enemies":"Lagavulin","floor":13,"turns":6},{"damage":43,"enemies":"Slime Boss","floor":16,"turns":10},{"damage":15,"enemies":"Spheric Guardian","floor":18,"turns":5},{"damage":10,"enemies":"Masked Bandits","floor":20,"turns":3},{"damage":0,"enemies":"Chosen","floor":22,"turns":4},{"damage":1,"enemies":"Snake Plant","floor":24,"turns":5},{"damage":12,"enemies":"Shelled Parasite and Fungi","floor":25,"turns":6},{"damage":10,"enemies":"3 Cultists","floor":28,"turns":5},{"damage":2,"enemies":"Gremlin Leader","floor":29,"turns":6},{"damage":6,"enemies":"Chosen and Byrds","floor":31,"turns":5},{"damage":22,"enemies":"Collector","floor":33,"turns":8},{"damage":0,"enemies":"Orb Walker","floor":35,"turns":4},{"damage":0,"enemies":"Mind Bloom Boss Battle","floor":37,"turns":7},{"damage":28,"enemies":"3 Darklings","floor":38,"turns":4},{"damage":2,"enemies":"Giant Head","floor":40,"turns":10},{"damage":1,"enemies":"Maw","floor":41,"turns":6},{"damage":40,"enemies":"Reptomancer","floor":42,"turns":4}],"seed_played":"-8692092232614879111","potions_obtained":[{"floor":5,"key":"Fruit Juice"},{"floor":5,"key":"FearPotion"},{"floor":10,"key":"Regen Potion"},{"floor":18,"key":"SteroidPotion"},{"floor":25,"key":"Explosive Potion"},{"floor":33,"key":"ColorlessPotion"},{"floor":40,"key":"Strength Potion"}],"is_trial":false,"path_per_floor":["M","?","$","?","?","E","R","$","T","E","M","M","E","?","R","B",null,"M","?","?","?","M","R","M","M","T","R","M","E","$","M","R","B",null,"M","?","?","M","?","E","M","E"],"character_chosen":"THE_SILENT","items_purchased":["Footwork","Dagger Spray","Accuracy","Blade Dance","Noxious Fumes","Anchor"],"campfire_rested":2,"item_purchase_floors":[3,8,30,30,30,30],"current_hp_per_floor":[59,48,48,41,46,46,46,46,46,46,46,46,36,41,41,13,60,45,24,14,14,14,14,13,1,1,38,28,26,26,20,57,35,66,66,66,66,38,38,36,35,0,0],"gold":250,"neow_bonus":"THREE_ENEMY_KILL","is_daily":false,"chose_seed":false,"campfire_upgraded":3,"win_rate":0.0,"timestamp":1612025563,"path_taken":["M","?","$","?","?","E","R","$","T","E","M","?","E","?","R","BOSS","M","?","?","?","M","R","M","M","T","R","M","E","$","M","R","BOSS","M","?","?","M","?","E","?","E"],"items_purchased_type":["Card","Card","Card","Card","Card","Relic"],"build_version":"2020-12-22","purchased_purges":1,"victory":false,"max_hp_per_floor":[66,66,66,66,71,71,71,71,71,71,71,71,71,76,76,76,76,76,76,76,76,76,76,76,76,76,76,76,76,76,76,76,76,76,76,76,76,76,76,76,76,76,76],"card_choices":[{"not_picked":["Underhanded Strike","Backflip","Prepared"],"picked":"SKIP","floor":1},{"not_picked":["Bouncing Flask","Deflect"],"picked":"Quick Slash","floor":6},{"not_picked":["Prepared","Reflex","Distraction"],"picked":"SKIP","floor":10},{"not_picked":["Slice","Prepared"],"picked":"Leg Sweep","floor":11},{"not_picked":["Skewer","All Out Attack","Catalyst"],"picked":"SKIP","floor":12},{"not_picked":["Bane","Cloak And Dagger"],"picked":"A Thousand Cuts","floor":13},{"not_picked":["Unload","Corpse Explosion"],"picked":"Envenom","floor":16},{"not_picked":["Expertise","Quick Slash"],"picked":"Cloak And Dagger","floor":18},{"not_picked":["Flying Knee","Cloak And Dagger"],"picked":"PiercingWail","floor":22},{"not_picked":["Choke+1","All Out Attack+1"],"picked":"Adrenaline","floor":24},{"not_picked":["Poisoned Stab","Dagger Spray+1"],"picked":"Deadly Poison+1","floor":25},{"not_picked":["Outmaneuver+1","Flying Knee","PiercingWail"],"picked":"SKIP","floor":28},{"not_picked":["Deadly Poison","Grand Finale"],"picked":"Backflip","floor":29},{"not_picked":["Slice","Prepared"],"picked":"Reflex+1","floor":31},{"not_picked":["A Thousand Cuts","Tools of the Trade"],"picked":"After Image","floor":33},{"not_picked":["Acrobatics","Slice","PiercingWail+1"],"picked":"SKIP","floor":35},{"not_picked":["Sucker Punch","Outmaneuver"],"picked":"Accuracy","floor":37},{"not_picked":["Eviscerate","Dagger Throw"],"picked":"Crippling Poison","floor":38},{"not_picked":["Prepared","Unload"],"picked":"Noxious Fumes","floor":40},{"not_picked":["Setup","Slice","Quick Slash+1"],"picked":"SKIP","floor":41}],"player_experience":906215,"relics_obtained":[{"floor":6,"key":"Happy Flower"},{"floor":9,"key":"Mummified Hand"},{"floor":10,"key":"The Courier"},{"floor":13,"key":"The Specimen"},{"floor":19,"key":"Enchiridion"},{"floor":20,"key":"Red Mask"},{"floor":26,"key":"Regal Pillow"},{"floor":29,"key":"Kunai"},{"floor":37,"key":"Tingsha"},{"floor":40,"key":"Art of War"}],"event_choices":[{"damage_healed":0,"gold_gain":75,"player_choice":"Gather Gold","damage_taken":11,"max_hp_gain":0,"max_hp_loss":0,"event_name":"World of Goop","floor":2,"gold_loss":0},{"cards_removed":["Strike_G"],"damage_healed":0,"gold_gain":0,"player_choice":"Card Removal","damage_taken":7,"max_hp_gain":0,"max_hp_loss":0,"event_name":"Golden Wing","floor":4,"gold_loss":0},{"damage_healed":0,"gold_gain":0,"player_choice":"Bought 2 Potions","damage_taken":0,"max_hp_gain":0,"max_hp_loss":0,"event_name":"The Woman in Blue","floor":5,"gold_loss":0},{"damage_healed":0,"gold_gain":0,"player_choice":"Donut","damage_taken":0,"max_hp_gain":5,"max_hp_loss":0,"event_name":"Big Fish","floor":14,"gold_loss":0},{"damage_healed":0,"gold_gain":0,"player_choice":"Obtained Book","damage_taken":21,"max_hp_gain":0,"max_hp_loss":0,"event_name":"Cursed Tome","floor":19,"gold_loss":0},{"damage_healed":0,"gold_gain":0,"player_choice":"Fought Bandits","damage_taken":0,"max_hp_gain":0,"max_hp_loss":0,"event_name":"Masked Bandits","floor":20,"gold_loss":0},{"damage_healed":0,"gold_gain":0,"player_choice":"Ignored","damage_taken":0,"max_hp_gain":0,"max_hp_loss":0,"event_name":"Vampires","floor":21,"gold_loss":0},{"cards_removed":["Strike_G"],"damage_healed":0,"gold_gain":0,"player_choice":"Removed Attack","damage_taken":0,"max_hp_gain":0,"max_hp_loss":0,"event_name":"Falling","floor":36,"gold_loss":0},{"damage_healed":0,"gold_gain":0,"player_choice":"Fight","damage_taken":0,"max_hp_gain":0,"max_hp_loss":0,"event_name":"MindBloom","floor":37,"gold_loss":0},{"damage_healed":0,"gold_gain":0,"player_choice":"1 cards matched","damage_taken":0,"max_hp_gain":0,"max_hp_loss":0,"event_name":"Match and Keep!","floor":39,"gold_loss":0,"cards_obtained":["Backflip"]}],"is_beta":false,"boss_relics":[{"not_picked":["Tiny House","Ring of the Serpent"],"picked":"Runic Pyramid"},{"not_picked":["Snecko Eye","Velvet Choker"],"picked":"Cursed Key"}],"items_purged_floors":[3],"is_endless":false,"potions_floor_spawned":[10,12,18,25,33,37,40],"killed_by":"Reptomancer","ascension_level":20}}