{"host":"opg65mucj6ra7dr1","time":1612024790,"event":{"mods":["BaseMod","DeckTracker","Keyboard Shortcuts","Minty Spire (QoL Compilation)","Permanent Neow","Quick Restart","everything is the same but u backflip on backflip"],"gold_per_floor":[18,38,38,113,113,113,130,130,178,178,222,6,39,39,39,39,39],"floor_reached":16,"language":"KOR","playtime":570,"items_purged":[],"score":159,"play_id":"07ec8af1-10ec-42ad-ab1d-7dfaeb91b74a","local_time":"20210131013950","is_ascension_mode":true,"campfire_choices":[{"data":"Neutralize","floor":6.0,"key":"SMITH"},{"floor":10.0,"key":"REST"},{"floor":15,"key":"REST"}],"circlet_count":0,"master_deck":["AscendersBane","Strike_G","Strike_G","Strike_G","Defend_G","Defend_G","Defend_G","Defend_G","Defend_G","Survivor","Neutralize+1","Crippling Poison+1","Dodge and Roll","Dodge and Roll","Well Laid Plans","Footwork","Bouncing Flask"],"relics":["Ring of the Snake","Golden Idol","Omamori","Nunchaku","PreservedInsect","Molten Egg 2"],"acts_visited":["Exordium"],"potions_floor_usage":[13,16],"damage_taken":[{"damage":0.0,"enemies":"Small Slimes","floor":1.0,"turns":5.0},{"damage":1.0,"enemies":"2 Louse","floor":2.0,"turns":4.0},{"damage":1.0,"enemies":"Cultist","floor":7.0,"turns":5.0},{"damage":40.0,"enemies":"3 Sentries","floor":11.0,"turns":21.0},{"damage":18,"enemies":"Gremlin Nob","floor":13,"turns":6},{"damage":22,"enemies":"Slime Boss","floor":16,"turns":16}],"seed_played":"-2976926345987343274","potions_obtained":[{"floor":2.0,"key":"EssenceOfSteel"},{"floor":11.0,"key":"SpeedPotion"}],"is_trial":false,"path_per_floor":["M","M","?","?","?","R","M","?","T","R","E","$","E","?","R","B"],"character_chosen":"THE_SILENT","items_purchased":["PreservedInsect","Footwork"],"campfire_rested":2,"item_purchase_floors":[12,12],"current_hp_per_floor":[63,62,67,56,56,56,55,37,37,59,19,19,1,1,23,1,1],"gold":39,"neow_bonus":"REMOVE_TWO","is_daily":false,"chose_seed":false,"campfire_upgraded":1,"win_rate":0.0,"timestamp":1612024790,"path_taken":["M","M","?","?","?","R","?","?","T","R","E","?","E","?","R","BOSS"],"items_purchased_type":["Relic","Card"],"build_version":"2020-12-22","purchased_purges":0,"victory":false,"max_hp_per_floor":[70,70,75,75,75,75,75,75,75,75,75,75,75,75,75,75,75],"card_choices":[{"not_picked":["Quick Slash","Deflect"],"picked":"Crippling Poison","floor":1.0},{"not_picked":["Cloak And Dagger","Slice"],"picked":"Dodge and Roll","floor":2.0},{"not_picked":["Outmaneuver","Concentrate"],"picked":"Dodge and Roll","floor":7.0},{"not_picked":["Infinite Blades","Flying Knee"],"picked":"Well Laid Plans","floor":11.0},{"not_picked":["Choke+1","Underhanded Strike+1"],"picked":"Bouncing Flask","floor":13}],"player_experience":161270,"relics_obtained":[{"floor":9.0,"key":"Omamori"},{"floor":11.0,"key":"Nunchaku"},{"floor":13,"key":"Molten Egg 2"}],"event_choices":[{"damage_healed":0.0,"max_hp_gain":5.0,"max_hp_loss":0.0,"gold_gain":0.0,"event_name":"Big Fish","player_choice":"Donut","floor":3.0,"gold_loss":0.0,"damage_taken":0.0},{"damage_healed":0.0,"max_hp_gain":0.0,"max_hp_loss":0.0,"gold_gain":75.0,"event_name":"World of Goop","player_choice":"Gather Gold","floor":4.0,"gold_loss":0.0,"damage_taken":11.0},{"damage_healed":0.0,"max_hp_gain":0.0,"max_hp_loss":0.0,"gold_gain":0.0,"event_name":"Upgrade Shrine","player_choice":"Upgraded","floor":5.0,"gold_loss":0.0,"damage_taken":0.0,"cards_upgraded":["Crippling Poison"]},{"damage_healed":0.0,"max_hp_gain":0.0,"max_hp_loss":0.0,"gold_gain":0.0,"event_name":"Golden Idol","player_choice":"Take Damage","floor":8.0,"gold_loss":0.0,"damage_taken":18.0,"relics_obtained":["Golden Idol"]},{"damage_healed":0,"gold_gain":0,"player_choice":"Ignored","damage_taken":0,"max_hp_gain":0,"max_hp_loss":0,"event_name":"Shining Light","floor":14,"gold_loss":0}],"is_beta":false,"boss_relics":[],"items_purged_floors":[],"is_endless":false,"potions_floor_spawned":[2,11],"killed_by":"Slime Boss","ascension_level":10}}