{"host":"x5w9zppki4gdwvc7","time":1612042446,"event":{"mods":["AchievementEnabler","BaseMod","Colored Powertips","DeckTracker","Minty Spire (QoL Compilation)","Relic Sorter","SuperFastMode"],"gold_per_floor":[119,119,119,119,133,133,167,187,237,255,215,215,9,43,43,174,174,187,187,201,221,121,159,159,194,194,194,217,235,255,271,271,392,392,407,407,423,423,423,423,423],"floor_reached":40,"language":"ENG","playtime":4013,"items_purged":["Strike_R","Injury"],"score":495,"play_id":"7b0f29c4-a5a1-4f81-b6dc-3e4bc1d95273","local_time":"20210130223406","is_ascension_mode":true,"campfire_choices":[{"data":"Pommel Strike","floor":6,"key":"SMITH"},{"data":"Flame Barrier","floor":12,"key":"SMITH"},{"data":"Shrug It Off","floor":15,"key":"SMITH"},{"data":"Ghostly Armor","floor":24,"key":"SMITH"},{"data":"Defend_R","floor":27,"key":"PURGE"},{"data":"Strike_R","floor":32,"key":"PURGE"}],"circlet_count":0,"master_deck":["Strike_R","Strike_R","Defend_R+1","Defend_R+1","Bash","Pommel Strike+1","Ghostly Armor+1","Flame Barrier+1","Feel No Pain","True Grit","Shrug It Off+1","Shrug It Off+1","Shrug It Off","Warcry+1","Shockwave+1"],"relics":["Burning Blood","Potion Belt","Golden Idol","Lantern","PreservedInsect","Odd Mushroom","Busted Crown","Happy Flower","Peace Pipe","Thread and Needle","Oddly Smooth Stone"],"acts_visited":["Exordium","TheCity","TheBeyond"],"potions_floor_usage":[14,14,16,16,16,21,33,33,33,33,40],"damage_taken":[{"damage":4,"enemies":"2 Louse","floor":1,"turns":4},{"damage":6,"enemies":"Jaw Worm","floor":5,"turns":4},{"damage":37,"enemies":"Lagavulin","floor":7,"turns":8},{"damage":0,"enemies":"Small Slimes","floor":8,"turns":3},{"damage":12,"enemies":"Exordium Thugs","floor":10,"turns":7},{"damage":45,"enemies":"The Mushroom Lair","floor":14,"turns":9},{"damage":54,"enemies":"Slime Boss","floor":16,"turns":31},{"damage":6,"enemies":"Shell Parasite","floor":18,"turns":9},{"damage":0,"enemies":"Chosen","floor":20,"turns":8},{"damage":7,"enemies":"Centurion and Healer","floor":21,"turns":13},{"damage":15,"enemies":"Book of Stabbing","floor":23,"turns":8},{"damage":18,"enemies":"Slavers","floor":25,"turns":11},{"damage":0,"enemies":"Cultist and Chosen","floor":29,"turns":11},{"damage":0,"enemies":"Shelled Parasite and Fungi","floor":30,"turns":8},{"damage":6,"enemies":"3 Cultists","floor":31,"turns":8},{"damage":74,"enemies":"Automaton","floor":33,"turns":23},{"damage":8,"enemies":"3 Shapes","floor":35,"turns":5},{"damage":0,"enemies":"3 Darklings","floor":37,"turns":13},{"damage":104,"enemies":"Reptomancer","floor":40,"turns":17}],"seed_played":"7574610100000721999","potions_obtained":[{"floor":8,"key":"EssenceOfSteel"},{"floor":10,"key":"Regen Potion"},{"floor":11,"key":"Regen Potion"},{"floor":11,"key":"SmokeBomb"},{"floor":11,"key":"SkillPotion"},{"floor":14,"key":"SkillPotion"},{"floor":18,"key":"Explosive Potion"},{"floor":23,"key":"ColorlessPotion"},{"floor":29,"key":"SteroidPotion"},{"floor":31,"key":"LiquidBronze"},{"floor":33,"key":"Fruit Juice"},{"floor":35,"key":"ColorlessPotion"}],"is_trial":false,"path_per_floor":["M","?","?","?","M","R","E","M","T","M","?","R","$","?","R","B",null,"M","?","M","M","$","E","R","E","T","R","T","M","M","M","R","B",null,"M","?","M","?","?","E"],"character_chosen":"IRONCLAD","items_purchased":["Feel No Pain","True Grit"],"campfire_rested":0,"item_purchase_floors":[13,13],"current_hp_per_floor":[80,64,57,57,57,57,26,40,40,34,34,34,34,59,59,11,80,80,80,80,79,79,70,70,58,58,58,58,72,79,80,80,21,85,83,95,95,95,95,0,0],"gold":423,"neow_bonus":"RANDOM_COMMON_RELIC","is_daily":false,"chose_seed":false,"campfire_upgraded":4,"win_rate":0.0,"timestamp":1612042446,"path_taken":["M","?","?","?","?","R","E","M","T","M","?","R","?","?","R","BOSS","M","?","?","M","?","E","R","E","T","R","?","M","?","?","R","BOSS","M","?","?","?","?","E"],"items_purchased_type":["Card","Card"],"build_version":"2020-12-22","purchased_purges":2,"victory":false,"max_hp_per_floor":[80,80,80,80,80,80,80,80,80,80,80,80,80,80,80,80,80,80,80,80,80,80,80,80,80,80,80,80,80,80,80,80,85,85,85,95,95,95,95,95,95],"card_choices":[{"not_picked":["Cleave","Twin Strike","Warcry"],"picked":"SKIP","floor":1},{"not_picked":["True Grit","Iron Wave"],"picked":"Pommel Strike","floor":5},{"not_picked":["Perfected Strike","Clothesline"],"picked":"Reaper","floor":7},{"not_picked":["Uppercut","Pummel"],"picked":"Ghostly Armor","floor":8},{"not_picked":["Bloodletting","Rampage"],"picked":"Flame Barrier","floor":10},{"not_picked":["Thunderclap","Feel No Pain"],"picked":"Shrug It Off","floor":14},{"not_picked":[],"picked":"Shrug It Off+1","floor":18},{"not_picked":["Twin Strike"],"picked":"SKIP","floor":20},{"not_picked":["Headbutt"],"picked":"SKIP","floor":21},{"not_picked":["Headbutt"],"picked":"SKIP","floor":23},{"not_picked":[],"picked":"Shrug It Off","floor":25},{"not_picked":["Heavy Blade"],"picked":"SKIP","floor":29},{"not_picked":[],"picked":"Warcry+1","floor":30},{"not_picked":[],"picked":"Shockwave","floor":31},{"not_picked":["Spot Weakness"],"picked":"SKIP","floor":35},{"not_picked":["Searing Blow"],"picked":"SKIP","floor":37}],"player_experience":296377,"relics_obtained":[{"floor":7,"key":"Lantern"},{"floor":9,"key":"PreservedInsect"},{"floor":14,"key":"Odd Mushroom"},{"floor":23,"key":"Happy Flower"},{"floor":25,"key":"Peace Pipe"},{"floor":26,"key":"Thread and Needle"},{"floor":28,"key":"Oddly Smooth Stone"}],"event_choices":[{"damage_healed":0,"gold_gain":0,"player_choice":"Entered Light","damage_taken":16,"max_hp_gain":0,"max_hp_loss":0,"event_name":"Shining Light","floor":2,"gold_loss":0,"cards_upgraded":["Defend_R","Defend_R"]},{"cards_removed":["Strike_R"],"damage_healed":0,"gold_gain":0,"player_choice":"Card Removal","damage_taken":7,"max_hp_gain":0,"max_hp_loss":0,"event_name":"Golden Wing","floor":3,"gold_loss":0},{"damage_healed":0,"gold_gain":0,"player_choice":"Take Wound","damage_taken":0,"relics_obtained":["Golden Idol"],"max_hp_gain":0,"max_hp_loss":0,"event_name":"Golden Idol","floor":4,"gold_loss":0,"cards_obtained":["Injury"]},{"damage_healed":0,"gold_gain":0,"player_choice":"Bought 3 Potions","damage_taken":0,"max_hp_gain":0,"max_hp_loss":0,"event_name":"The Woman in Blue","floor":11,"gold_loss":0},{"damage_healed":0,"gold_gain":0,"player_choice":"Fought Mushrooms","damage_taken":0,"max_hp_gain":0,"max_hp_loss":0,"event_name":"Mushrooms","floor":14,"gold_loss":0},{"cards_removed":["Defend_R"],"damage_healed":0,"gold_gain":0,"player_choice":"Purged","damage_taken":0,"max_hp_gain":0,"max_hp_loss":0,"event_name":"Purifier","floor":19,"gold_loss":0},{"cards_removed":["Reaper"],"damage_healed":2,"gold_gain":0,"player_choice":"Offered Rare","damage_taken":0,"max_hp_gain":10,"max_hp_loss":0,"event_name":"Bonfire Elementals","floor":36,"gold_loss":0},{"damage_healed":0,"gold_gain":0,"player_choice":"Ignored","damage_taken":0,"max_hp_gain":0,"max_hp_loss":0,"event_name":"The Moai Head","floor":38,"gold_loss":0},{"damage_healed":0,"gold_gain":0,"player_choice":"Forge","damage_taken":0,"max_hp_gain":0,"max_hp_loss":0,"event_name":"Accursed Blacksmith","floor":39,"gold_loss":0,"cards_upgraded":["Shockwave"]}],"is_beta":false,"boss_relics":[{"not_picked":["Sozu","Runic Pyramid"],"picked":"Busted Crown"},{"not_picked":["SlaversCollar","Philosopher\u0027s Stone","Coffee Dripper"]}],"items_purged_floors":[13,22],"is_endless":false,"potions_floor_spawned":[8,10,14,18,23,29,31,33,35],"killed_by":"Reptomancer","ascension_level":1}}