{"host":"amvb77pwe2wp6zyc","time":1612010958,"event":{"mods":["2.2 Compatiblity","AchievementEnabler","AlwaysNeverKeys","BaseMod","BetterRewards","Downfall","GifTheSpireLib","Minty Spire (QoL Compilation)","Permanent Neow","Quick Restart","Relic Filter","Shop Mod","StSLib","SuperFastMode","Trackpad"],"gold_per_floor":[99,99,199,209,359,390,390,390,390,390],"floor_reached":8,"language":"DEU","playtime":244,"items_purged":[],"score":52,"play_id":"8192de57-8bac-4121-a882-5fa86c1fe2df","local_time":"20210130134918","is_ascension_mode":false,"campfire_choices":[{"floor":1.0,"key":"DIG"}],"circlet_count":0,"master_deck":["bronze:Strike","bronze:Strike","bronze:Strike","bronze:Strike","bronze:Defend","bronze:Defend","bronze:Defend","bronze:Defend","bronze:Replicate"],"relics":["bronze:BronzeCore","Shovel","Unceasing Top","Empty Cage","trackpad:BottledShadow"],"acts_visited":["Exordium"],"potions_floor_usage":[],"damage_taken":[{"damage":2,"enemies":"Cultist","floor":4,"turns":5},{"damage":51,"enemies":"Gremlin Nob","floor":6,"turns":6},{"damage":35,"enemies":"Lagavulin","floor":8,"turns":7}],"seed_played":"-259774104639308412","potions_obtained":[],"is_trial":false,"path_per_floor":["R","?","?","M","?","E","T","E"],"character_chosen":"THE_AUTOMATON","items_purchased":[],"campfire_rested":0,"item_purchase_floors":[],"current_hp_per_floor":[70,75,75,73,73,22,22,0,0,0],"gold":390,"neow_bonus":"RANDOM_COMMON_RELIC","is_daily":false,"chose_seed":false,"campfire_upgraded":0,"win_rate":0.0,"timestamp":1612010958,"path_taken":["R","?","?","?","?","E","T","E"],"items_purchased_type":[],"build_version":"2020-12-22","purchased_purges":0,"victory":false,"max_hp_per_floor":[70,75,75,75,75,75,75,75,75,75],"card_choices":[{"not_picked":["bronze:Shield","bronze:OilSpill","bronze:Deprecate"],"picked":"SKIP","floor":4},{"not_picked":["bronze:ItsAFeature","bronze:AlphaBuild","bronze:DelayedGuard"],"picked":"SKIP","floor":6},{"not_picked":["bronze:ItsAFeature","bronze:AlphaBuild","bronze:DelayedGuard"],"picked":"SKIP","floor":6}],"player_experience":258061,"relics_obtained":[{"floor":1.0,"key":"Unceasing Top"},{"floor":6,"key":"Empty Cage"},{"floor":7,"key":"trackpad:BottledShadow"}],"event_choices":[{"damage_healed":0.0,"max_hp_gain":5.0,"max_hp_loss":0.0,"gold_gain":0.0,"event_name":"Big Fish","player_choice":"Donut","floor":2.0,"gold_loss":0.0,"damage_taken":0.0}],"is_beta":false,"boss_relics":[],"items_purged_floors":[],"is_endless":false,"potions_floor_spawned":[],"killed_by":"Lagavulin","ascension_level":0}}