{"host":"6a9c3xws62y7efyw","time":1612043502,"event":{"mods":["BaseMod","Colored Map","Minty Spire (QoL Compilation)","Relic Stats","StSLib"],"gold_per_floor":[116,127,127,127,141,141,157,70,94,94,107,137,137,180,180,270,270,284,284,298,322,13,13,46,46,101,101,101],"floor_reached":27,"language":"ENG","playtime":1328,"items_purged":["Setup"],"score":482,"play_id":"011d5b92-c6a0-477c-a5e0-1d6d24d10a53","local_time":"20210130135142","is_ascension_mode":true,"campfire_choices":[{"data":"Skewer","floor":6.0,"key":"SMITH"},{"data":"Dagger Spray","floor":10.0,"key":"SMITH"},{"data":"Reflex","floor":15.0,"key":"SMITH"},{"floor":23.0,"key":"REST"},{"floor":25.0,"key":"REST"}],"circlet_count":0,"master_deck":["AscendersBane","Survivor","Neutralize","Poisoned Stab","Cloak And Dagger","Expertise","Skewer+1","Glass Knife+1","Quick Slash","Dagger Spray+1","Expertise+1","Calculated Gamble","Sucker Punch","Leg Sweep","Leg Sweep","Dagger Throw","Reflex+1","Riddle With Holes","Underhanded Strike","Cloak And Dagger","Wraith Form v2","Blade Dance","Reflex+1","Glass Knife","Crippling Poison","Prepared","Prepared","Unload","PiercingWail","Crippling Poison","Blade Dance"],"relics":["Pandora\u0027s Box","Vajra","Dream Catcher","Golden Idol","Prayer Wheel","Black Star","Smiling Mask","StrikeDummy","Akabeko"],"acts_visited":["Exordium","TheCity"],"potions_floor_usage":[],"damage_taken":[{"damage":9.0,"enemies":"Jaw Worm","floor":1.0,"turns":2.0},{"damage":0.0,"enemies":"2 Louse","floor":2.0,"turns":2.0},{"damage":0.0,"enemies":"Cultist","floor":5.0,"turns":2.0},{"damage":0.0,"enemies":"3 Louse","floor":7.0,"turns":3.0},{"damage":4.0,"enemies":"Exordium Wildlife","floor":11.0,"turns":4.0},{"damage":8.0,"enemies":"Lagavulin","floor":12.0,"turns":5.0},{"damage":10.0,"enemies":"3 Sentries","floor":14.0,"turns":4.0},{"damage":8.0,"enemies":"Slime Boss","floor":16.0,"turns":6.0},{"damage":12.0,"enemies":"2 Thieves","floor":18.0,"turns":4.0},{"damage":0.0,"enemies":"Spheric Guardian","floor":20.0,"turns":3.0},{"damage":22.0,"enemies":"Snake Plant","floor":21.0,"turns":4.0},{"damage":29.0,"enemies":"Slavers","floor":24.0,"turns":7.0},{"damage":27,"enemies":"Book of Stabbing","floor":27,"turns":5}],"seed_played":"502161794726744742","potions_obtained":[{"floor":2.0,"key":"SpeedPotion"},{"floor":7.0,"key":"DistilledChaos"},{"floor":11.0,"key":"SteroidPotion"},{"floor":14.0,"key":"ColorlessPotion"},{"floor":20.0,"key":"SkillPotion"}],"is_trial":false,"path_per_floor":["M","M","?","?","M","R","M","$","T","R","M","E","?","E","R","B",null,"M","?","M","M","$","R","E","R","T","E"],"character_chosen":"THE_SILENT","items_purchased":["Reflex","Unload","Poison Potion"],"campfire_rested":2,"item_purchase_floors":[8,22,22],"current_hp_per_floor":[50,50,30,66,66,66,66,66,66,66,62,54,54,44,44,36,54,42,42,42,20,20,38,9,27,27,0,0],"gold":101,"neow_bonus":"BOSS_RELIC","is_daily":false,"chose_seed":false,"campfire_upgraded":3,"win_rate":0.0,"timestamp":1612043502,"path_taken":["M","M","?","?","M","R","?","$","T","R","M","E","?","E","R","BOSS","M","?","M","M","$","R","E","R","T","E"],"items_purchased_type":["Card","Card","Potion"],"build_version":"2020-12-22","purchased_purges":1,"victory":false,"max_hp_per_floor":[66,66,66,66,66,66,66,66,66,66,66,66,60,60,60,60,60,60,60,60,60,60,60,60,60,60,60,60],"relic_stats":{"Dream Catcher":2,"counters":[13,51],"Golden Idol":45,"Pandora\u0027s Box":["Poisoned Stab","Cloak And Dagger","Expertise","Skewer","Glass Knife","Quick Slash","Dagger Spray","Expertise","Calculated Gamble","Setup"],"Prayer Wheel":3,"Black Star":1,"Smiling Mask":0,"obtain_stats":[{"Dream Catcher":12,"Golden Idol":13,"Vajra":9,"Pandora\u0027s Box":0,"Prayer Wheel":14,"Black Star":17,"Smiling Mask":24,"StrikeDummy":24,"Akabeko":26,"Ring of the Snake":0},{"Dream Catcher":6,"Golden Idol":6,"Vajra":4,"Pandora\u0027s Box":0,"Prayer Wheel":7,"Black Star":8,"Smiling Mask":12,"StrikeDummy":12,"Akabeko":12,"Ring of the Snake":0},{"Dream Catcher":18,"Golden Idol":18,"Vajra":9,"Pandora\u0027s Box":0,"Prayer Wheel":22,"Black Star":28,"Smiling Mask":46,"StrikeDummy":46,"Akabeko":46,"Ring of the Snake":0}]},"card_choices":[{"not_picked":["Outmaneuver","Heel Hook"],"picked":"Sucker Punch","floor":1.0},{"not_picked":["All Out Attack","PiercingWail"],"picked":"Leg Sweep","floor":2.0},{"not_picked":["Dodge and Roll","Endless Agony"],"picked":"Leg Sweep","floor":5.0},{"not_picked":["Quick Slash","Deflect"],"picked":"Dagger Throw","floor":7.0},{"not_picked":["Underhanded Strike","All Out Attack"],"picked":"Riddle With Holes","floor":11.0},{"not_picked":["Calculated Gamble","Choke"],"picked":"Underhanded Strike","floor":12.0},{"not_picked":["Grand Finale","Outmaneuver"],"picked":"Cloak And Dagger","floor":14.0},{"not_picked":["Venomology","Tools of the Trade"],"picked":"Wraith Form v2","floor":16.0},{"not_picked":["Underhanded Strike","Prepared"],"picked":"Blade Dance","floor":18.0},{"not_picked":["Blur","Expertise"],"picked":"Reflex+1","floor":18.0},{"not_picked":["Backstab","PiercingWail+1"],"picked":"Crippling Poison","floor":20.0},{"not_picked":["PiercingWail","Setup"],"picked":"Prepared","floor":20.0},{"not_picked":["Backflip","Flying Knee"],"picked":"Prepared","floor":21.0},{"not_picked":["Poisoned Stab","Quick Slash","Deadly Poison"],"picked":"SKIP","floor":21.0},{"not_picked":["Endless Agony","Setup"],"picked":"PiercingWail","floor":23.0},{"not_picked":["Die Die Die","Prepared"],"picked":"Crippling Poison","floor":24.0},{"not_picked":["Expertise","Poisoned Stab"],"picked":"Blade Dance","floor":25.0}],"player_experience":1446190,"relics_obtained":[{"floor":9.0,"key":"Vajra"},{"floor":12.0,"key":"Dream Catcher"},{"floor":14.0,"key":"Prayer Wheel"},{"floor":24.0,"key":"Smiling Mask"},{"floor":24.0,"key":"StrikeDummy"},{"floor":26.0,"key":"Akabeko"}],"event_choices":[{"damage_healed":0.0,"max_hp_gain":0.0,"max_hp_loss":0.0,"gold_gain":0.0,"event_name":"Shining Light","player_choice":"Entered Light","floor":3.0,"gold_loss":0.0,"damage_taken":20.0,"cards_upgraded":["Expertise","Glass Knife"]},{"damage_healed":36.0,"max_hp_gain":0.0,"max_hp_loss":0.0,"gold_gain":0.0,"event_name":"Wheel of Change","player_choice":"Full Heal","floor":4.0,"gold_loss":0.0,"damage_taken":0.0},{"damage_healed":0.0,"max_hp_gain":0.0,"max_hp_loss":6.0,"gold_gain":0.0,"event_name":"Golden Idol","player_choice":"Lose Max HP","floor":13.0,"gold_loss":0.0,"damage_taken":0.0,"relics_obtained":["Golden Idol"]},{"damage_healed":0.0,"max_hp_gain":0.0,"max_hp_loss":0.0,"gold_gain":0.0,"event_name":"Match and Keep!","player_choice":"1 cards matched","floor":19.0,"gold_loss":0.0,"damage_taken":0.0,"cards_obtained":["Glass Knife"]}],"is_beta":false,"boss_relics":[{"not_picked":["WristBlade","Runic Pyramid"],"picked":"Black Star"}],"items_purged_floors":[22],"is_endless":false,"potions_floor_spawned":[2,7,11,14,20],"killed_by":"Book of Stabbing","ascension_level":20}}