{"host":"1c52r9kaxdyo25eq","time":1612003830,"event":{"mods":["AchievementEnabler","BaseMod","DeckTracker","Minty Spire (QoL Compilation)","Rare Cards Sparkle","SuperFastMode","everything is the same but u backflip on backflip"],"gold_per_floor":[111,111,137,164,191,253,276,318,354,392,404,13,13,36,36,36,36],"floor_reached":16,"language":"KOR","playtime":426,"items_purged":["Strike_R"],"score":189,"play_id":"332d61b3-41b0-4af7-96b7-68cd0fb264e1","local_time":"20210130195030","is_ascension_mode":true,"campfire_choices":[{"floor":11.0,"key":"REST"},{"data":"Inflame","floor":15,"key":"SMITH"}],"circlet_count":0,"master_deck":["AscendersBane","Strike_R+1","Strike_R","Strike_R","Strike_R","Defend_R","Defend_R","Defend_R","Defend_R","Bash","Dark Embrace","Body Slam","Whirlwind+1","Flex","Inflame+1","Feel No Pain"],"relics":["Burning Blood","MawBank","Odd Mushroom","Whetstone","Toy Ornithopter","Bag of Preparation","Golden Idol"],"acts_visited":["Exordium"],"potions_floor_usage":[],"damage_taken":[{"damage":5.0,"enemies":"2 Louse","floor":1.0,"turns":3.0},{"damage":2.0,"enemies":"Cultist","floor":3.0,"turns":4.0},{"damage":10.0,"enemies":"Small Slimes","floor":4.0,"turns":3.0},{"damage":17.0,"enemies":"Looter","floor":5.0,"turns":3.0},{"damage":18.0,"enemies":"2 Fungi Beasts","floor":7.0,"turns":4.0},{"damage":30.0,"enemies":"The Mushroom Lair","floor":8.0,"turns":4.0},{"damage":25.0,"enemies":"3 Sentries","floor":10.0,"turns":4.0},{"damage":18.0,"enemies":"Exordium Thugs","floor":14.0,"turns":4.0},{"damage":63,"enemies":"Hexaghost","floor":16,"turns":11}],"seed_played":"9086792282861675046","potions_obtained":[{"floor":1.0,"key":"SteroidPotion"},{"floor":4.0,"key":"Strength Potion"},{"floor":5.0,"key":"FairyPotion"},{"floor":8.0,"key":"Strength Potion"}],"is_trial":false,"path_per_floor":["M","?","M","M","M","?","M","?","T","E","R","$","?","M","R","B"],"character_chosen":"IRONCLAD","items_purchased":["Feel No Pain","Bag of Preparation","FairyPotion"],"campfire_rested":1,"item_purchase_floors":[12,12,12],"current_hp_per_floor":[76,76,80,76,65,65,53,29,29,10,34,34,34,22,22,5,5],"gold":36,"neow_bonus":"TEN_PERCENT_HP_BONUS","is_daily":false,"chose_seed":false,"campfire_upgraded":1,"win_rate":0.0,"timestamp":1612003830,"path_taken":["M","?","?","M","M","?","?","?","T","E","R","$","?","M","R","BOSS"],"items_purchased_type":["Card","Relic","Potion"],"build_version":"2020-12-22","purchased_purges":1,"victory":false,"max_hp_per_floor":[82,82,82,82,82,82,82,82,82,82,82,82,74,74,74,74,74],"card_choices":[{"not_picked":["Wild Strike","Spot Weakness"],"picked":"Sever Soul","floor":1.0},{"not_picked":["Flex","Searing Blow","Havoc"],"picked":"SKIP","floor":3.0},{"not_picked":["Rupture","Pommel Strike"],"picked":"Dark Embrace","floor":4.0},{"not_picked":["Wild Strike","Entrench"],"picked":"Body Slam","floor":5.0},{"not_picked":["Clash","Searing Blow"],"picked":"Whirlwind","floor":7.0},{"not_picked":["Double Tap","Rupture"],"picked":"Flex","floor":8.0},{"not_picked":["Perfected Strike","Iron Wave"],"picked":"Inflame","floor":10.0},{"not_picked":["Thunderclap","Body Slam","Headbutt"],"picked":"SKIP","floor":14.0}],"player_experience":632485,"relics_obtained":[{"floor":8.0,"key":"Odd Mushroom"},{"floor":9.0,"key":"Whetstone"},{"floor":10.0,"key":"Toy Ornithopter"}],"event_choices":[{"cards_removed":["Sever Soul"],"damage_healed":0.0,"max_hp_gain":0.0,"max_hp_loss":0.0,"gold_gain":0.0,"event_name":"WeMeetAgain","player_choice":"Gave Card","floor":2.0,"gold_loss":0.0,"damage_taken":0.0,"relics_obtained":["MawBank"]},{"damage_healed":0.0,"max_hp_gain":0.0,"max_hp_loss":0.0,"gold_gain":50.0,"event_name":"Golden Shrine","player_choice":"Pray","floor":6.0,"gold_loss":0.0,"damage_taken":0.0},{"damage_healed":0.0,"max_hp_gain":0.0,"max_hp_loss":0.0,"gold_gain":0.0,"event_name":"Mushrooms","player_choice":"Fought Mushrooms","floor":8.0,"gold_loss":0.0,"damage_taken":0.0},{"damage_healed":0.0,"max_hp_gain":0.0,"max_hp_loss":8.0,"gold_gain":0.0,"event_name":"Golden Idol","player_choice":"Lose Max HP","floor":13.0,"gold_loss":0.0,"damage_taken":0.0,"relics_obtained":["Golden Idol"]}],"is_beta":false,"boss_relics":[],"items_purged_floors":[12],"is_endless":false,"potions_floor_spawned":[1,4,5,8],"killed_by":"Hexaghost","ascension_level":17}}