{"host":"9slw7l0ws16384qq","time":1612044667,"event":{"mods":["A Penny For Your Troubles","BaseMod","Colored Map","Downfall","Evolution","Hubris","Minty Spire (QoL Compilation)","Replay The Spire","StS++","StSLib"],"gold_per_floor":[99,110,110,59,79,79,79,96,96,107,107,107,107,107,127,127,127,127],"floor_reached":16,"language":"FRA","playtime":582,"items_purged":[],"score":90,"play_id":"ddf5c880-9bf5-44f5-ad0b-6b251295644a","local_time":"20210130231107","is_ascension_mode":false,"campfire_choices":[{"data":"Guardian:Defend_Guardian","floor":1.0,"key":"PURGE"},{"floor":6.0,"key":"RECALL"},{"data":"Guardian:ExploitGems","floor":9.0,"key":"SMITH"}],"circlet_count":0,"master_deck":["Guardian:Reroute","Guardian:Reroute","Guardian:Reroute","Guardian:Strike_Guardian","Guardian:Defend_Guardian","Guardian:Defend_Guardian","Guardian:Defend_Guardian","Guardian:CurlUp","Guardian:TwinSlam","Guardian:ExploitGems+1"],"relics":["Guardian:ModeShifter","EVO:Axolotl","ReplayTheSpireMod:Shallot","hubris:Towel","Bag of Marbles"],"acts_visited":["Exordium"],"potions_floor_usage":[16],"damage_taken":[{"damage":0.0,"enemies":"Small Slimes","floor":2.0,"turns":3.0},{"damage":2.0,"enemies":"downfall:FleeingMerchant","floor":4.0,"turns":4.0},{"damage":0.0,"enemies":"Cultist","floor":5.0,"turns":3.0},{"damage":0.0,"enemies":"2 Louse","floor":8.0,"turns":2.0},{"damage":5.0,"enemies":"Large Slime","floor":10.0,"turns":5.0},{"damage":0,"enemies":"Exordium Wildlife","floor":15,"turns":3},{"damage":51,"enemies":"WA_ARCHETYPE_RETAIN","floor":16,"turns":10}],"seed_played":"-8344390661857450753","potions_obtained":[{"floor":5.0,"key":"Elixir"},{"floor":10.0,"key":"Swift Potion"}],"is_trial":false,"path_per_floor":["R_BF","M","?","$","M","R","T","M","R","M","?","?","?","T","M","B"],"character_chosen":"GUARDIAN","items_purchased":["Guardian:Gem_Fragmented"],"campfire_rested":0,"item_purchase_floors":[4],"current_hp_per_floor":[56,56,56,54,54,54,54,54,54,49,49,49,49,49,49,0,0,0],"gold":127,"neow_bonus":"THREE_RARE_CARDS","is_daily":false,"chose_seed":false,"campfire_upgraded":1,"win_rate":0.0,"timestamp":1612044667,"path_taken":["R_BF","M","?","$","M","R","T","?","R","?","?","?","?","?","M","BOSS"],"items_purchased_type":["Card"],"build_version":"2020-12-22","purchased_purges":0,"victory":false,"max_hp_per_floor":[80,80,80,80,80,80,80,80,80,80,80,80,80,80,80,80,80,80],"card_choices":[{"not_picked":["Guardian:FierceBash","Guardian:RevengeProtocol"],"picked":"Guardian:ExploitGems","floor":0.0},{"not_picked":["Guardian:Gem_Green","Guardian:VentSteam"],"picked":"Guardian:Gem_Cyan","floor":2.0},{"not_picked":["Guardian:SpikerProtocol","Guardian:Suspension","Guardian:GatlingBeam"],"picked":"SKIP","floor":4.0},{"not_picked":["Guardian:Suspension","Guardian:ChargeCore","Guardian:Gem_Green"],"picked":"SKIP","floor":5.0},{"not_picked":["Guardian:ShieldCharger","Guardian:PrismaticBarrier","Guardian:Gem_Green"],"picked":"SKIP","floor":8.0},{"not_picked":["Guardian:SpikerProtocol","Guardian:Gem_Yellow","Guardian:Incinerate"],"picked":"SKIP","floor":10.0},{"not_picked":["Guardian:PiercingHide","Guardian:PrismaticBarrier","Guardian:Gem_Green"],"picked":"SKIP","floor":15}],"player_experience":1555051,"relics_obtained":[{"floor":7.0,"key":"ReplayTheSpireMod:Shallot"},{"floor":14,"key":"Bag of Marbles"}],"event_choices":[{"damage_healed":0.0,"max_hp_gain":0.0,"max_hp_loss":0.0,"gold_gain":0.0,"event_name":"NoteForYourself","player_choice":"Ignored","floor":3.0,"gold_loss":0.0,"damage_taken":0.0}],"is_beta":false,"boss_relics":[],"items_purged_floors":[],"is_endless":false,"potions_floor_spawned":[5,10],"killed_by":"WA_ARCHETYPE_RETAIN","ascension_level":0}}