{"host":"o5lch9xvacbb0fa4","time":1612019508,"event":{"mods":["AchievementEnabler","Act Like it!","Aspiration","Bard","BaseMod","Better Altar","Better Match","Better Note","Better Sensory Stone","Better Skull","Better Third Choice","Better Vampires","BetterRewards","CCEM","Colored Map","Conspire","Downfall","GifTheSpireLib","Googly Eyes","GungeonMod","Halation","Hermit","Highlight Path","Hubris","Infinite Spire","Jedi Mod","Jorbs\u0027s Wanderer Trilogy","Marisa????????","Marked Mod","Mimic Mod","Minty Spire (QoL Compilation)","Permanent Neow","Relic Filter","Relic Sorter","Relic Stats","Replay The Spire","Shade Mod","Shop Mod","Small Relic Pack","StSLib","Stuff the Spire","The Blackbeard","The Runesmith","Unceasing Turn Reminder","everything is the same but u backflip on backflip","slay the spire mod where everything is the same but ironclad has a cowboy hat"],"gold_per_floor":[114,131,131,146,146,146,159,187,237,257,273,273,305,358,358,455,555,566,566,584,293,343,343,343,343,391,391,421,449,484,484,484,586,586,602,505,505,505,505,522,522,555,591,605,605,654,654,667,667,667,667,667,459,459,459],"floor_reached":54,"playtime":2670,"items_purged":["Strike_P"],"score":904,"play_id":"e1f877e4-a785-44f3-8c52-34a1c04e5e94","local_time":"20210130231148","is_ascension_mode":false,"campfire_choices":[{"data":"LikeWater","floor":6,"key":"SMITH"},{"data":"ForeignInfluence","floor":12,"key":"SMITH"},{"data":"Alpha","floor":15,"key":"SMITH"},{"data":"Omniscience","floor":25,"key":"SMITH"},{"data":"Vigilance","floor":27,"key":"SMITH"},{"data":"SignatureMove","floor":32,"key":"SMITH"},{"data":"Vault","floor":41,"key":"SMITH"},{"floor":45,"key":"REST"},{"floor":47,"key":"REST"},{"floor":49,"key":"RECALL"},{"data":"DevaForm","floor":52,"key":"SMITH"}],"circlet_count":0,"master_deck":["Strike_P","Strike_P","Defend_P","Defend_P","Defend_P","Defend_P","Eruption","Vigilance+1","Alpha+1","JustLucky","LikeWater+1","EmptyFist","ForeignInfluence+1","ThirdEye+1","Protect+1","Alpha","TalkToTheHand+1","SignatureMove+1","Omniscience+1","Sanctity","Pray","Vault+1","Hallucinations","infinitespire:Starlight","Replay:SS_fish_2","DevaForm+1","blackbeard:Cutlass","Nirvana+1","Replay:SS_forest_2+1","ThirdEye+1","Evaluate+1","ThirdEye+1","Alpha","expansioncontent:DecasProtection","LikeWater","FearNoEvil"],"relics":["PureWater","halation:PinkSoulGem","WingedGreaves","StuffTheSpire:Experiment12","DemoMod:WhiteGuonStone","Replay:Baseball","Replay:Wanted Poster","jedi:firstaidkit","Juzu Bracelet","Tiny House","Bronze Scales","aspiration:HiddenCompartment","CCEMRelics:JestersCrown","aspiration:Lifesprig","ReplayTheSpireMod:SealedPack","Torii","infinitespire:Golems Mask"],"acts_visited":["Exordium","TheCity","TheBeyond","TheEnding"],"potions_floor_usage":[16,28,28,30,35,42,43,50,54],"damage_taken":[{"damage":4,"enemies":"conspire:RoseBush","floor":1,"turns":3},{"damage":9,"enemies":"Cultist","floor":2,"turns":5},{"damage":6,"enemies":"2 Louse","floor":4,"turns":3},{"damage":2,"enemies":"Blue Slaver","floor":7,"turns":5},{"damage":8,"enemies":"3 Sentries","floor":8,"turns":5},{"damage":4,"enemies":"conspire:2 RoseBushes","floor":10,"turns":4},{"damage":5,"enemies":"Looter","floor":11,"turns":4},{"damage":0,"enemies":"Lagavulin","floor":13,"turns":5},{"damage":17,"enemies":"Fading Forest","floor":16,"turns":11},{"damage":5,"enemies":"Spheric Guardian","floor":18,"turns":5},{"damage":1,"enemies":"3 Byrds","floor":20,"turns":4},{"damage":0,"enemies":"conspire:SneckoGhost","floor":28,"turns":5},{"damage":11,"enemies":"Replay:Snechameleon","floor":29,"turns":5},{"damage":20,"enemies":"Slavers","floor":30,"turns":4},{"damage":0,"enemies":"Collector","floor":33,"turns":7},{"damage":19,"enemies":"3 Darklings","floor":35,"turns":5},{"damage":0,"enemies":"3 Shapes","floor":40,"turns":8},{"damage":0,"enemies":"Nemesis","floor":42,"turns":5},{"damage":0,"enemies":"Transient","floor":43,"turns":6},{"damage":68,"enemies":"Transient","floor":44,"turns":5},{"damage":34,"enemies":"2 Orb Walkers","floor":46,"turns":5},{"damage":18,"enemies":"Maw","floor":48,"turns":7},{"damage":58,"enemies":"Donu and Deca","floor":50,"turns":10},{"damage":87,"enemies":"Shield and Spear","floor":54,"turns":3}],"seed_played":"-896356347477280392","potions_obtained":[{"floor":1,"key":"GamblersBrew"},{"floor":2,"key":"sneckomod:MuddlingPotion"},{"floor":10,"key":"jedi:StrikingPotion"},{"floor":18,"key":"infinitespire:BlackPotion"},{"floor":22,"key":"BottledMiracle"},{"floor":29,"key":"DemoMod:LeadSkinPotion"},{"floor":42,"key":"Energy Potion"},{"floor":46,"key":"Weak Potion"}],"is_trial":false,"path_per_floor":["M","M","?","M","?","R","M","E","T","M","M","R","E","T","R","B",null,"M","?","M","$","AVR","R","?","R","T","R","E","E","E","?","R","B",null,"M","$","?","?","?","M","R","E","MIM","M","R","?","R","M","R","B",null,"R","$","E"],"character_chosen":"WATCHER","items_purchased":["jedi:firstaidkit","Replay:SS_forest_2","expansioncontent:DecasProtection","LikeWater","FearNoEvil"],"campfire_rested":2,"item_purchase_floors":[21,36,53,53,53],"current_hp_per_floor":[68,59,72,66,66,66,64,56,56,52,47,47,47,47,47,40,72,67,67,66,66,71,71,71,71,71,71,71,74,63,63,63,63,77,77,77,77,57,57,73,73,73,73,31,54,30,53,48,48,42,77,77,77,0,0],"gold":459,"neow_bonus":"ONE_RANDOM_RARE_CARD","is_daily":false,"chose_seed":false,"campfire_upgraded":8,"win_rate":0.0,"timestamp":1612019508,"path_taken":["M","M","?","?","?","R","M","E","T","M","M","R","E","?","R","BOSS","M","?","M","$","AVR","R","?","R","T","R","E","E","E","?","R","BOSS","M","$","?","?","?","M","R","E","MIM","M","R","?","R","M","R","BOSS","R","$","E"],"items_purchased_type":["Relic","Card","Card","Card","Card"],"build_version":"2020-12-13","purchased_purges":1,"victory":false,"max_hp_per_floor":[72,72,72,72,72,72,72,72,72,72,72,72,72,72,72,72,72,72,72,72,72,77,77,77,77,77,77,77,77,77,77,77,77,77,77,77,77,77,73,73,73,73,73,77,77,77,77,77,77,77,77,77,77,77,77],"relic_stats":{"Torii":12,"counters":[114,497],"Bronze Scales":[190],"Juzu Bracelet":2,"obtain_stats":[{"Tiny House":22,"DemoMod:GlassGuonStoneRelic":1,"Bottled Tornado":19,"aspiration:BardSkillbook":17,"Boot":0,"jedi:shrinkray":0,"relicPack:OneForAll":2,"Replay:Wanted Poster":17,"Replay:Ringing Soul":26,"Centennial Puzzle":7,"infinitespire:SolderingIron":0,"jedi:firstaidkit":21,"Replay:Bronze Core":17,"Prayer Wheel":12,"infinitespire:Golems Mask":46,"Replay:Bottled Flurry":7,"hubris:Teleporter":14,"hubris:HollowSoul":0,"ReplayTheSpireMod:SealedPack":34,"aspiration:HiddenCompartment":28,"WarpedTongs":19,"infinitespire:EvilPickle":33,"conspire:GiftBox":4,"Replay:Baseball":14,"jedi:hotpepper":17,"CCEMRelics:FestiveHat":0,"Bronze Scales":26,"Molten Egg 2":7,"StuffTheSpire:DarkSteelAnvil":14,"aspiration:SilentSkillbook":34,"CultistMask":13,"conspire:BottledYoYo":9,"hubris:TenFootPole":13,"Grinning Jar":20,"CatCart":38,"Lantern":0,"aspiration:Lifesprig":30,"Torii":42,"SacredBark":25,"Bag of Preparation":8,"jedi:command_boss":25,"Incense Burner":26,"Juzu Bracelet":22,"relicPack:DarknessArmor":0,"Replay:Mystery Machine":5,"DemoMod:WhiteGuonStone":13,"PrismaticShard":24,"Ancient Tea Set":8,"conspire:TopHat":6,"Pet Ghost":9,"StuffTheSpire:Experiment12":9,"Chameleon Ring":9,"hubris:Backtick":17,"infinitespire:Bottled Soul":11,"StuffTheSpire:HeavyRock":6,"halation:Toothbrush":9,"WingedGreaves":8,"halation:LettersToHer":0,"Cracked Core":7,"CCEMRelics:JestersCrown":6,"Ring of the Snake":0,"StuffTheSpire:TintedRock":11,"Damaru":14,"StuffTheSpire:Expresso":36,"jedi:crownofsimplicity":0,"CCEMRelics:SpiritsEdge":9,"jedi:fakemustache":0,"jedi:ominousloannote":0,"halation:EternalFortune":3,"Durian":22,"Snack Pack":11,"Bottled Lightning":9,"PureWater":6,"jedi:arcanewood":12,"ReplayTheSpireMod:Lightbulb":9,"halation:PinkSoulGem":4},{"Tiny House":101,"DemoMod:GlassGuonStoneRelic":1,"Bottled Tornado":63,"aspiration:BardSkillbook":74,"Boot":29,"jedi:shrinkray":29,"relicPack:OneForAll":1,"Replay:Wanted Poster":99,"Replay:Ringing Soul":11,"Centennial Puzzle":57,"infinitespire:SolderingIron":14,"jedi:firstaidkit":101,"Replay:Bronze Core":39,"Prayer Wheel":22,"infinitespire:Golems Mask":111,"Replay:Bottled Flurry":71,"hubris:Teleporter":73,"hubris:HollowSoul":52,"ReplayTheSpireMod:SealedPack":105,"aspiration:HiddenCompartment":102,"WarpedTongs":40,"infinitespire:EvilPickle":47,"conspire:GiftBox":25,"Replay:Baseball":98,"jedi:hotpepper":8,"CCEMRelics:FestiveHat":66,"Bronze Scales":101,"Molten Egg 2":3,"StuffTheSpire:DarkSteelAnvil":28,"aspiration:SilentSkillbook":47,"CultistMask":72,"conspire:BottledYoYo":35,"hubris:TenFootPole":60,"Grinning Jar":9,"CatCart":50,"Lantern":0,"aspiration:Lifesprig":104,"Torii":108,"SacredBark":43,"Bag of Preparation":26,"jedi:command_boss":43,"Incense Burner":43,"Juzu Bracelet":101,"relicPack:DarknessArmor":29,"Replay:Mystery Machine":17,"DemoMod:WhiteGuonStone":98,"PrismaticShard":10,"Ancient Tea Set":19,"conspire:TopHat":85,"Pet Ghost":87,"StuffTheSpire:Experiment12":95,"Chameleon Ring":26,"hubris:Backtick":62,"infinitespire:Bottled Soul":59,"StuffTheSpire:HeavyRock":34,"halation:Toothbrush":71,"WingedGreaves":95,"halation:LettersToHer":14,"Cracked Core":18,"CCEMRelics:JestersCrown":17,"Ring of the Snake":0,"StuffTheSpire:TintedRock":21,"Damaru":38,"StuffTheSpire:Expresso":49,"jedi:crownofsimplicity":29,"CCEMRelics:SpiritsEdge":4,"jedi:fakemustache":14,"jedi:ominousloannote":29,"halation:EternalFortune":16,"Durian":42,"Snack Pack":89,"Bottled Lightning":58,"PureWater":34,"jedi:arcanewood":6,"ReplayTheSpireMod:Lightbulb":19,"halation:PinkSoulGem":83},{"Tiny House":422,"DemoMod:GlassGuonStoneRelic":2,"Bottled Tornado":263,"aspiration:BardSkillbook":313,"Boot":139,"jedi:shrinkray":139,"relicPack:OneForAll":2,"Replay:Wanted Poster":413,"Replay:Ringing Soul":52,"Centennial Puzzle":244,"infinitespire:SolderingIron":65,"jedi:firstaidkit":422,"Replay:Bronze Core":172,"Prayer Wheel":106,"infinitespire:Golems Mask":477,"Replay:Bottled Flurry":298,"hubris:Teleporter":305,"hubris:HollowSoul":226,"ReplayTheSpireMod:SealedPack":443,"aspiration:HiddenCompartment":427,"WarpedTongs":174,"infinitespire:EvilPickle":206,"conspire:GiftBox":114,"Replay:Baseball":402,"jedi:hotpepper":41,"CCEMRelics:FestiveHat":278,"Bronze Scales":422,"Molten Egg 2":10,"StuffTheSpire:DarkSteelAnvil":125,"aspiration:SilentSkillbook":206,"CultistMask":301,"conspire:BottledYoYo":156,"hubris:TenFootPole":254,"Grinning Jar":45,"CatCart":220,"Lantern":0,"aspiration:Lifesprig":436,"Torii":461,"SacredBark":188,"Bag of Preparation":117,"jedi:command_boss":188,"Incense Burner":188,"Juzu Bracelet":422,"relicPack:DarknessArmor":139,"Replay:Mystery Machine":82,"DemoMod:WhiteGuonStone":402,"PrismaticShard":46,"Ancient Tea Set":96,"conspire:TopHat":354,"Pet Ghost":361,"StuffTheSpire:Experiment12":389,"Chameleon Ring":117,"hubris:Backtick":260,"infinitespire:Bottled Soul":252,"StuffTheSpire:HeavyRock":153,"halation:Toothbrush":298,"WingedGreaves":389,"halation:LettersToHer":65,"Cracked Core":83,"CCEMRelics:JestersCrown":82,"Ring of the Snake":0,"StuffTheSpire:TintedRock":105,"Damaru":166,"StuffTheSpire:Expresso":214,"jedi:crownofsimplicity":139,"CCEMRelics:SpiritsEdge":18,"jedi:fakemustache":65,"jedi:ominousloannote":139,"halation:EternalFortune":75,"Durian":181,"Snack Pack":367,"Bottled Lightning":247,"PureWater":150,"jedi:arcanewood":24,"ReplayTheSpireMod:Lightbulb":96,"halation:PinkSoulGem":344}]},"card_choices":[{"not_picked":["ClearTheMind","PathToVictory"],"picked":"Sanctity","floor":1},{"not_picked":["MarkedMod:GentlePulse","SashWhip"],"picked":"JustLucky","floor":2},{"not_picked":["Protect","Meditate"],"picked":"LikeWater","floor":4},{"not_picked":["Fasting2","Omniscience"],"picked":"EmptyFist","floor":7},{"not_picked":["EmptyBody","FollowUp"],"picked":"ForeignInfluence","floor":8},{"not_picked":["FollowUp","Crescendo"],"picked":"ThirdEye","floor":10},{"not_picked":["Indignation","WindmillStrike","Prostrate"],"picked":"SKIP","floor":11},{"not_picked":["EmptyBody","WindmillStrike"],"picked":"Protect","floor":13},{"not_picked":["MarkedMod:SlowDance","LessonLearned"],"picked":"Alpha","floor":16},{"not_picked":["MarkedMod:GentlePulse+1","Halt","WreathOfFlame"],"picked":"SKIP","floor":18},{"not_picked":["FlyingSleeves","EmptyMind","SandsOfTime"],"picked":"SKIP","floor":20},{"not_picked":["Establishment","PathToVictory"],"picked":"SignatureMove","floor":22},{"not_picked":["MarkedMod:Acupuncture","Swivel"],"picked":"Sanctity","floor":28},{"not_picked":["MentalFortress","Vengeance"],"picked":"Pray","floor":29},{"not_picked":["BowlingBash","Replay:LoomingThreat","Indignation"],"picked":"SKIP","floor":30},{"not_picked":["Establishment","Judgement"],"picked":"Vault","floor":33},{"not_picked":["ReplayTheSpireMod:??????????????????????","hubris:Fate"],"picked":"infinitespire:Starlight","floor":34},{"not_picked":["Replay:Parry","ReplayTheSpireMod:Uncanny Aura"],"picked":"Replay:SS_fish_2","floor":34},{"not_picked":["Replay:AllIn","DeusExMachina"],"picked":"DevaForm","floor":34},{"not_picked":["hermit:Covet","champ:Taunt"],"picked":"blackbeard:Cutlass","floor":34},{"not_picked":["Consecrate+1","Replay:BluntJabs"],"picked":"Nirvana+1","floor":35},{"not_picked":["LessonLearned","SandsOfTime","Replay:Vibes"],"picked":"SKIP","floor":40},{"not_picked":["CrushJoints+1","WreathOfFlame"],"picked":"ThirdEye+1","floor":42},{"not_picked":["Conclude","Collect"],"picked":"Evaluate+1","floor":43},{"not_picked":["FollowUp+1","PathToVictory+1"],"picked":"ThirdEye+1","floor":44},{"not_picked":["ThirdEye","Replay:BluntJabs+1"],"picked":"Alpha","floor":46},{"not_picked":["BowlingBash+1","BattleHymn+1","MarkedMod:OneThousandNeedles+1"],"picked":"SKIP","floor":48}],"player_experience":24250,"relics_obtained":[{"floor":8,"key":"WingedGreaves"},{"floor":9,"key":"StuffTheSpire:Experiment12"},{"floor":13,"key":"DemoMod:WhiteGuonStone"},{"floor":14,"key":"Replay:Baseball"},{"floor":26,"key":"Bronze Scales"},{"floor":28,"key":"aspiration:HiddenCompartment"},{"floor":29,"key":"CCEMRelics:JestersCrown"},{"floor":30,"key":"aspiration:Lifesprig"},{"floor":42,"key":"Torii"},{"floor":46,"key":"infinitespire:Golems Mask"}],"event_choices":[{"cards_removed":["Sanctity"],"damage_healed":13,"gold_gain":0,"player_choice":"Offered Uncommon","damage_taken":0,"max_hp_gain":0,"max_hp_loss":0,"event_name":"Bonfire Elementals","floor":3,"gold_loss":0},{"cards_removed":["Alpha"],"damage_healed":0,"gold_gain":0,"player_choice":"Take \u0026 Give","damage_taken":0,"max_hp_gain":0,"max_hp_loss":0,"event_name":"betterNote:BetterNote","floor":19,"gold_loss":0,"cards_obtained":["TalkToTheHand"]},{"damage_healed":0,"gold_gain":0,"cards_transformed":["Strike_P"],"player_choice":"Transformed","damage_taken":0,"max_hp_gain":0,"max_hp_loss":0,"event_name":"Transmorgrifier","floor":24,"gold_loss":0,"cards_obtained":["Omniscience"]},{"damage_healed":0,"gold_gain":0,"player_choice":"Upgraded","damage_taken":0,"max_hp_gain":0,"max_hp_loss":0,"event_name":"Upgrade Shrine","floor":31,"gold_loss":0,"cards_upgraded":["ThirdEye"]},{"damage_healed":0,"gold_gain":0,"player_choice":"Max HP","damage_taken":0,"max_hp_gain":0,"max_hp_loss":4,"event_name":"Winding Halls","floor":39,"gold_loss":0},{"damage_healed":0,"gold_gain":0,"player_choice":"Fight","damage_taken":0,"max_hp_gain":0,"max_hp_loss":0,"event_name":"Mysterious Sphere","floor":46,"gold_loss":0}],"is_beta":false,"boss_relics":[{"not_picked":["Replay:Drink Me","hubris:HollowSoul"],"picked":"Replay:Wanted Poster"},{"not_picked":["aspiration:FutureDiary","Busted Crown"],"picked":"ReplayTheSpireMod:SealedPack"}],"items_purged_floors":[22],"is_endless":false,"potions_floor_spawned":[1,2,10,18,29,42,46],"killed_by":"Shield and Spear","ascension_level":0}}