{"host":"farxtl2u8hmkbdo2","time":1612046451,"event":{"mods":["A Magickal Journey","BaseMod","Better Altar","Better Note","Better Sensory Stone","Better Skull","Better Third Choice","Challenge The Spire","Colored Map","Colored Powertips","Current Relic Mod","Energized Spire","Fox Events","Gremlin Mod","Hermit","Hubris","Mimic Mod","Minty Spire (QoL Compilation)","Quick Restart","READ ME - Guardian Mod","READ ME - Snecko Mod","Rare Cards Sparkle","StSLib","The Bladedancer","The Bug Knight","The Cursed","The Disciple","The Hierophant","The Marked","The Necromancer","The Runesmith","Transform Curses"],"gold_per_floor":[119,98,118,133,150,182,0,0,35,64,64,64,99,116,116,116,116],"floor_reached":16,"language":"SPA","playtime":1253,"items_purged":[],"score":134,"play_id":"305fb4e8-c346-4c02-899b-5e9dd9a5122f","local_time":"20210130194051","is_ascension_mode":true,"campfire_choices":[{"data":"Enlightenment","floor":8.0,"key":"SMITH"},{"data":"TheCursedMod:OutForBlood","floor":11.0,"key":"SMITH"},{"floor":15,"key":"REST"}],"circlet_count":0,"master_deck":["TheCursedMod:Strike_TheCursed","TheCursedMod:Strike_TheCursed","TheCursedMod:Strike_TheCursed","TheCursedMod:Strike_TheCursed","TheCursedMod:Defend_TheCursed","TheCursedMod:Defend_TheCursed","TheCursedMod:Defend_TheCursed","TheCursedMod:Defend_TheCursed","TheCursedMod:CursedWand","TheCursedMod:CleanUpWorkshop","TheCursedMod:Dregs","TheCursedMod:Obscuration","TheCursedMod:CursedShiv","TheCursedMod:ParallelWorld","TheCursedMod:WearCloak","TheCursedMod:SoulReap","Enlightenment+1","TheCursedMod:CircleOfWindfury","TheCursedMod:OutForBlood+1","TheCursedMod:ReleasedStrength","TheCursedMod:SpitefulPray"],"relics":["TheCursedMod:BlackMagic101","betterThird:SlimedRelic","Blood Vial","Lantern","Pen Nib","Omamori"],"acts_visited":["Exordium"],"potions_floor_usage":[],"damage_taken":[{"damage":0.0,"enemies":"2 Louse","floor":1.0,"turns":3.0},{"damage":0.0,"enemies":"Small Slimes","floor":3.0,"turns":3.0},{"damage":11.0,"enemies":"Jaw Worm","floor":4.0,"turns":5.0},{"damage":3.0,"enemies":"Blue Slaver","floor":5.0,"turns":4.0},{"damage":11.0,"enemies":"Gremlin Nob","floor":6.0,"turns":4.0},{"damage":12.0,"enemies":"3 Louse","floor":9.0,"turns":16.0},{"damage":61.0,"enemies":"Lagavulin","floor":10.0,"turns":17.0},{"damage":0.0,"enemies":"3 Louse","floor":12.0,"turns":1.0},{"damage":26.0,"enemies":"3 Sentries","floor":13.0,"turns":12.0},{"damage":15,"enemies":"Red Slaver","floor":14,"turns":6},{"damage":55,"enemies":"Slime Boss","floor":16,"turns":10}],"seed_played":"-6727724747703539053","potions_obtained":[{"floor":4.0,"key":"Ancient Potion"},{"floor":5.0,"key":"FearPotion"},{"floor":6.0,"key":"FairyPotion"},{"floor":10.0,"key":"SmokeBomb"}],"is_trial":false,"path_per_floor":["M","?","M","M","M","E","?","R","MIM","E","R","M","E","M","R","B"],"character_chosen":"THE_CURSED","items_purchased":[],"campfire_rested":1,"item_purchase_floors":[],"current_hp_per_floor":[82,71,71,60,57,46,52,52,47,26,26,33,19,16,42,0,0],"gold":116,"neow_bonus":"TEN_PERCENT_HP_BONUS","is_daily":false,"chose_seed":false,"campfire_upgraded":2,"win_rate":0.0,"timestamp":1612046451,"path_taken":["M","?","M","M","M","E","?","R","MIM","E","R","M","E","M","R","BOSS"],"items_purchased_type":[],"build_version":"2020-12-22","purchased_purges":0,"victory":false,"max_hp_per_floor":[82,82,82,82,82,82,88,88,88,88,88,88,88,88,88,88,88],"card_choices":[{"not_picked":["TheCursedMod:Torture","TheCursedMod:TacticalStrike"],"picked":"TheCursedMod:Obscuration","floor":1.0},{"not_picked":["TheCursedMod:CursedMace","TheCursedMod:Mangle"],"picked":"TheCursedMod:CursedShiv","floor":3.0},{"not_picked":["TheCursedMod:Torture","TheCursedMod:CursedMace"],"picked":"TheCursedMod:ParallelWorld","floor":4.0},{"not_picked":["TheCursedMod:CursedShiv","TheCursedMod:VitalStrike"],"picked":"TheCursedMod:WearCloak","floor":5.0},{"not_picked":["TheCursedMod:TacticalStrike","TheCursedMod:FleshFromBone"],"picked":"TheCursedMod:SoulReap","floor":6.0},{"not_picked":["TheCursedMod:PrepareRite","TheCursedMod:CursedBlade"],"picked":"TheCursedMod:CircleOfWindfury","floor":9.0},{"not_picked":["TheCursedMod:Wield","TheCursedMod:TacticalStrike"],"picked":"TheCursedMod:OutForBlood","floor":10.0},{"not_picked":["TheCursedMod:EmpowerCircles","TheCursedMod:CursedArmor"],"picked":"TheCursedMod:ReleasedStrength","floor":13.0},{"not_picked":["TheCursedMod:SaltUponWound","TheCursedMod:Stigma"],"picked":"TheCursedMod:SpitefulPray","floor":14}],"player_experience":1985069,"relics_obtained":[{"floor":6.0,"key":"Blood Vial"},{"floor":9.0,"key":"Lantern"},{"floor":10.0,"key":"Pen Nib"},{"floor":13.0,"key":"Omamori"}],"event_choices":[{"damage_healed":0.0,"max_hp_gain":0.0,"max_hp_loss":0.0,"gold_gain":0.0,"event_name":"betterThird:BetterGoop","player_choice":"Slimed","floor":2.0,"gold_loss":21.0,"damage_taken":11.0},{"damage_healed":0.0,"max_hp_gain":0.0,"max_hp_loss":0.0,"gold_gain":0.0,"event_name":"betterThird:BetterSerpent","player_choice":"RENOUNCE","floor":7.0,"gold_loss":182.0,"damage_taken":182.0,"cards_obtained":["Enlightenment"]}],"is_beta":false,"boss_relics":[],"items_purged_floors":[],"is_endless":false,"potions_floor_spawned":[4,5,6,10],"killed_by":"Slime Boss","ascension_level":2}}