{"host":"v0mw6c8s9jqyt2m0","time":1612017914,"event":{"mods":["Astrologer","BaseMod","Hermit","Marisa????????","Minty Spire (QoL Compilation)","StSLib","The Cursed","The Disciple","The Gatherer","The Hierophant","The Servant 0.9.4"],"gold_per_floor":[117,127,139,156,167,200,200,216,289,189,207,220,237,257,257,352,352,334,334,352,366,383,383,383],"floor_reached":23,"language":"ENG","playtime":2336,"items_purged":["Strike_S"],"score":203,"play_id":"53ef4781-b07e-462a-b46c-10025764ab37","local_time":"20210130154514","is_ascension_mode":false,"campfire_choices":[{"data":"SurpressingFire","floor":7,"key":"SMITH"},{"floor":15,"key":"REST"}],"circlet_count":0,"master_deck":["Strike_S","Strike_S","Strike_S","Defend_S","Defend_S","Defend_S","Defend_S","KidneyShot","Exchange","Advance","SilverBlades","Moonlight","SurpressingFire+1","Moonlight","BottledTime","Starlight","BottledTime","SurpressingFire","Misdirection","Foresight","FlawlessForm","CurseOfTheBell","Rearm","Decay","Ricochet+1","Starlight","GearUp+1"],"relics":["Uniform","Boot","Calling Bell","Regal Pillow","InkBottle","StoneCalendar"],"acts_visited":["Exordium","TheCity"],"potions_floor_usage":[6,6,16,16,18,20,21],"damage_taken":[{"damage":0,"enemies":"Cultist","floor":1,"turns":4},{"damage":1,"enemies":"2 Louse","floor":2,"turns":3},{"damage":0,"enemies":"Small Slimes","floor":3,"turns":3},{"damage":14,"enemies":"3 Louse","floor":4,"turns":3},{"damage":11,"enemies":"Red Slaver","floor":5,"turns":3},{"damage":10,"enemies":"Gremlin Nob","floor":6,"turns":4},{"damage":1,"enemies":"Looter","floor":8,"turns":3},{"damage":0,"enemies":"Blue Slaver","floor":11,"turns":3},{"damage":2,"enemies":"3 Louse","floor":12,"turns":3},{"damage":7,"enemies":"Exordium Wildlife","floor":13,"turns":3},{"damage":11,"enemies":"Looter","floor":14,"turns":3},{"damage":1,"enemies":"Slime Boss","floor":16,"turns":9},{"damage":27,"enemies":"2 Thieves","floor":18,"turns":4},{"damage":5,"enemies":"Chosen","floor":20,"turns":5},{"damage":0,"enemies":"Snecko","floor":21,"turns":5},{"damage":7,"enemies":"Chosen and Byrds","floor":22,"turns":7},{"damage":39,"enemies":"Slavers","floor":23,"turns":4}],"seed_played":"3632894706916685334","potions_obtained":[{"floor":2,"key":"Energy Potion"},{"floor":4,"key":"FearPotion"},{"floor":5,"key":"Swift Potion"},{"floor":12,"key":"Explosive Potion"},{"floor":13,"key":"Energy Potion"},{"floor":14,"key":"Explosive Potion"},{"floor":18,"key":"AttackPotion"},{"floor":20,"key":"GamblersBrew"}],"is_trial":false,"path_per_floor":["M","M","M","M","M","E","R","M","T","$","M","M","M","M","R","B",null,"M","?","M","M","M","E"],"character_chosen":"THE_SERVANT","items_purchased":["BottledTime"],"campfire_rested":1,"item_purchase_floors":[10],"current_hp_per_floor":[71,70,70,56,45,35,35,34,34,34,34,32,25,14,35,34,71,44,44,39,39,32,0,0],"gold":383,"neow_bonus":"TEN_PERCENT_HP_BONUS","is_daily":false,"chose_seed":false,"campfire_upgraded":1,"win_rate":0.0,"timestamp":1612017914,"path_taken":["M","M","M","M","?","E","R","?","T","$","M","M","M","M","R","BOSS","M","?","M","M","M","E"],"items_purchased_type":["Card"],"build_version":"2020-12-22","purchased_purges":1,"victory":false,"max_hp_per_floor":[71,71,71,71,71,71,71,71,71,71,71,71,71,71,71,71,71,71,71,71,71,71,71,71],"card_choices":[{"not_picked":["Alleviate","Barrier"],"picked":"Advance","floor":1},{"not_picked":["TimeWarp","WasteNot"],"picked":"SilverBlades","floor":2},{"not_picked":["Hightail","ShatteredReality"],"picked":"Moonlight","floor":3},{"not_picked":["Gouge","Luminosity"],"picked":"SurpressingFire","floor":4},{"not_picked":["FanOfKnives","Replace"],"picked":"Moonlight","floor":5},{"not_picked":["Comet","KillingDoll"],"picked":"BottledTime","floor":6},{"not_picked":["MoonPhase","TimeWarp"],"picked":"Starlight","floor":8},{"not_picked":["InstantArmor","Revamp"],"picked":"SurpressingFire","floor":11},{"not_picked":["Revamp","ReturningBlade"],"picked":"Misdirection","floor":12},{"not_picked":["Starlight","Moonlight"],"picked":"Foresight","floor":13},{"not_picked":["Replace","Alleviate","Read"],"picked":"SKIP","floor":14},{"not_picked":["Solidify","PendulumOfEternity"],"picked":"FlawlessForm","floor":16},{"not_picked":["Gouge","Replace"],"picked":"Rearm","floor":18},{"not_picked":["BottledTime","LightFlow"],"picked":"Ricochet+1","floor":20},{"not_picked":["Rewind","Unruled"],"picked":"Starlight","floor":21},{"not_picked":["RealityMarble","Comet+1"],"picked":"GearUp+1","floor":22}],"player_experience":125860,"relics_obtained":[{"floor":6,"key":"Boot"},{"floor":17,"key":"Regal Pillow"},{"floor":17,"key":"InkBottle"},{"floor":17,"key":"StoneCalendar"}],"event_choices":[{"damage_healed":0,"gold_gain":0,"player_choice":"Cursed","damage_taken":0,"max_hp_gain":0,"max_hp_loss":0,"event_name":"Wheel of Change","floor":19,"gold_loss":0,"cards_obtained":["Decay"]}],"is_beta":false,"boss_relics":[{"not_picked":["SacredBark","Empty Cage"],"picked":"Calling Bell"}],"items_purged_floors":[10],"is_endless":false,"potions_floor_spawned":[2,4,5,12,13,14,18,20],"killed_by":"Slavers","ascension_level":0}}