{"host":"bxn2em57qlx5u4i0","time":1612012005,"event":{"mods":["BaseMod","Colored Map","Colored Powertips","Highlight Path","Minty Spire (QoL Compilation)","Random Character Button","Relic Sorter","Relic Stats","StSLib","SuperFastMode"],"gold_per_floor":[19,19,29,44,16,48,48,79,102,102,102],"floor_reached":10,"language":"ENG","playtime":304,"items_purged":[],"score":152,"play_id":"09de38d3-f03a-4fb9-a225-249851802bb9","local_time":"20210130080645","is_ascension_mode":true,"campfire_choices":[{"floor":7,"key":"REST"}],"circlet_count":0,"master_deck":["AscendersBane","Strike_G","Strike_G","Strike_G","Strike_G","Defend_G","Defend_G","Defend_G","Defend_G","Survivor","Neutralize","Burst","PiercingWail","Crippling Poison+1","Poisoned Stab","Escape Plan","Backflip","Venomology","Escape Plan"],"relics":["Ring of the Snake","Strawberry","Smiling Mask","Boot"],"acts_visited":["Exordium"],"potions_floor_usage":[6,6,10,10,10],"damage_taken":[{"damage":0,"enemies":"Small Slimes","floor":1,"turns":6},{"damage":0,"enemies":"2 Louse","floor":3,"turns":2},{"damage":7,"enemies":"Jaw Worm","floor":4,"turns":4},{"damage":31,"enemies":"Lagavulin","floor":6,"turns":12},{"damage":33,"enemies":"3 Sentries","floor":8,"turns":9},{"damage":35,"enemies":"Gremlin Nob","floor":10,"turns":4}],"seed_played":"7929346172937748878","potions_obtained":[{"floor":3,"key":"LiquidBronze"},{"floor":4,"key":"Block Potion"}],"is_trial":false,"path_per_floor":["M","?","M","M","$","E","R","E","T","E"],"character_chosen":"THE_SILENT","items_purchased":["Backflip"],"campfire_rested":1,"item_purchase_floors":[5],"current_hp_per_floor":[59,59,59,52,52,28,49,16,16,0,0],"gold":102,"neow_bonus":"TRANSFORM_TWO_CARDS","is_daily":false,"chose_seed":false,"campfire_upgraded":0,"win_rate":0.0,"timestamp":1612012005,"path_taken":["M","?","M","M","$","E","R","E","T","E"],"items_purchased_type":["Card"],"build_version":"2020-12-22","purchased_purges":0,"victory":false,"max_hp_per_floor":[66,66,66,66,66,73,73,73,73,73,73],"relic_stats":{"counters":[6,37],"Smiling Mask":0,"Boot":[4],"obtain_stats":[{"Strawberry":6,"Smiling Mask":8,"Boot":9,"Ring of the Snake":0},{"Strawberry":4,"Smiling Mask":5,"Boot":5,"Ring of the Snake":0},{"Strawberry":24,"Smiling Mask":33,"Boot":33,"Ring of the Snake":0}],"Ring of the Snake":[12]},"card_choices":[{"not_picked":["Poisoned Stab","PiercingWail"],"picked":"Crippling Poison","floor":1},{"not_picked":["Slice","Well Laid Plans"],"picked":"Poisoned Stab","floor":3},{"not_picked":["Sucker Punch","Slice"],"picked":"Escape Plan","floor":4},{"not_picked":["Eviscerate","Flying Knee"],"picked":"Venomology","floor":6},{"not_picked":["Bane","Flying Knee"],"picked":"Escape Plan","floor":8}],"player_experience":2970562,"relics_obtained":[{"floor":6,"key":"Strawberry"},{"floor":8,"key":"Smiling Mask"},{"floor":9,"key":"Boot"}],"event_choices":[{"damage_healed":0,"gold_gain":0,"player_choice":"Grow","damage_taken":0,"max_hp_gain":0,"max_hp_loss":0,"event_name":"Living Wall","floor":2,"gold_loss":0,"cards_upgraded":["Crippling Poison"]}],"is_beta":false,"boss_relics":[],"items_purged_floors":[],"is_endless":false,"potions_floor_spawned":[3,4],"killed_by":"Gremlin Nob","ascension_level":20}}