{"host":"dlqyscxstsnu98l1","time":1612037238,"event":{"mods":["AchievementEnabler","BaseMod","Bestiary","Colored Map","Colored Powertips","Conspire","Downfall","GifTheSpireLib","Highlight Path","Minty Spire (QoL Compilation)","Random Character Button","Replay The Spire","SacredBarkPlus","StSLib","everything is the same but u backflip on backflip"],"gold_per_floor":[367,380,394,126,141,141,171,184,238,251,251,277,99,116,116,213,213,232,242,242,242,242],"floor_reached":21,"language":"ENG","playtime":7202,"items_purged":["Slimebound:Defend_Slimebound","bronze:Defend"],"score":212,"play_id":"5ba5f22b-fb59-46c9-a33b-60b964c725da","local_time":"20210130140718","is_ascension_mode":true,"campfire_choices":[{"data":"Pray","floor":6,"key":"SMITH"},{"floor":11,"key":"REST"},{"floor":15,"key":"REST"}],"circlet_count":0,"master_deck":["Strike_P","Strike_P","Strike_P","Strike_P","Defend_P","Defend_P","Defend_P","Defend_P","Eruption","Vigilance","CutThroughFate","Sanctity","Pray+1","EmptyFist","Evaluate","TalkToTheHand","Pray","Evaluate","Conclude","DevaForm","Pray","Prostrate+1","Necronomicurse"],"relics":["HolyWater","Replay:Baseball","Blue Doll","Question Card","Necronomicon"],"acts_visited":["Exordium","TheCity"],"potions_floor_usage":[7,12,12,14,16,21],"damage_taken":[{"damage":8,"enemies":"Jaw Worm","floor":1,"turns":6},{"damage":3,"enemies":"2 Louse","floor":2,"turns":3},{"damage":3,"enemies":"Small Slimes","floor":3,"turns":5},{"damage":12,"enemies":"Red Slaver","floor":5,"turns":6},{"damage":36,"enemies":"Lagavulin","floor":7,"turns":9},{"damage":0,"enemies":"2 Fungi Beasts","floor":8,"turns":4},{"damage":1,"enemies":"Blue Slaver","floor":10,"turns":3},{"damage":23,"enemies":"3 Sentries","floor":12,"turns":7},{"damage":1,"enemies":"Red Slaver","floor":14,"turns":8},{"damage":3,"enemies":"Hexaghost","floor":16,"turns":10},{"damage":13,"enemies":"Spheric Guardian","floor":18,"turns":4},{"damage":7,"enemies":"conspire:FuzzyDice","floor":19,"turns":5},{"damage":37,"enemies":"Masked Bandits","floor":21,"turns":3}],"seed_played":"6156223277408025286","potions_obtained":[{"floor":3,"key":"Strength Potion"},{"floor":7,"key":"DuplicationPotion"},{"floor":10,"key":"SteroidPotion"},{"floor":14,"key":"Dexterity Potion"},{"floor":19,"key":"AttackPotion"}],"is_trial":false,"path_per_floor":["M","M","M","$","M","R","E","M","T","M","R","E","$","M","R","B",null,"M","M","?","?"],"character_chosen":"WATCHER","items_purchased":["Replay:Baseball","EmptyFist","EssenceOfSteel"],"campfire_rested":2,"item_purchase_floors":[4,4,13],"current_hp_per_floor":[64,61,58,58,46,46,10,10,10,9,30,7,7,6,27,24,72,59,52,36,0,0],"gold":242,"neow_bonus":"TWO_FIFTY_GOLD","is_daily":false,"chose_seed":false,"campfire_upgraded":1,"win_rate":0.0,"timestamp":1612037238,"path_taken":["M","M","M","$","M","R","E","M","T","M","R","E","$","M","R","BOSS","M","M","?","?"],"items_purchased_type":["Relic","Card","Potion"],"build_version":"2020-12-22","purchased_purges":2,"victory":false,"max_hp_per_floor":[72,72,72,72,72,72,72,72,72,72,72,72,72,72,72,72,72,72,72,72,72,72],"card_choices":[{"not_picked":["LikeWater","Evaluate"],"picked":"CutThroughFate","floor":1},{"not_picked":["FlurryOfBlows","SashWhip"],"picked":"Sanctity","floor":2},{"not_picked":["Judgement","EmptyBody"],"picked":"Pray","floor":3},{"not_picked":["Wireheading","SashWhip"],"picked":"Evaluate","floor":5},{"not_picked":["Replay:ManipulateFuture","Evaluate"],"picked":"TalkToTheHand","floor":7},{"not_picked":["EmptyFist","Crescendo","SpiritShield"],"picked":"SKIP","floor":8},{"not_picked":["SashWhip","FollowUp"],"picked":"Pray","floor":10},{"not_picked":["Tantrum","Replay:BluntJabs"],"picked":"Evaluate","floor":12},{"not_picked":["JustLucky","Consecrate","ThirdEye"],"picked":"Conclude","floor":14},{"not_picked":["Judgement","Wish","Omniscience"],"picked":"DevaForm","floor":16},{"not_picked":["FearNoEvil","ForeignInfluence","EmptyBody+1"],"picked":"Pray","floor":18},{"not_picked":["BowlingBash+1","CutThroughFate","Worship"],"picked":"Prostrate+1","floor":19}],"player_experience":135474,"relics_obtained":[{"floor":7,"key":"Blue Doll"},{"floor":12,"key":"Question Card"},{"floor":20,"key":"Necronomicon"}],"event_choices":[{"damage_healed":0,"gold_gain":0,"player_choice":"Obtained Book","damage_taken":16,"max_hp_gain":0,"max_hp_loss":0,"event_name":"Cursed Tome","floor":20,"gold_loss":0},{"damage_healed":0,"gold_gain":0,"player_choice":"Fought Bandits","damage_taken":0,"max_hp_gain":0,"max_hp_loss":0,"event_name":"Masked Bandits","floor":21,"gold_loss":0}],"is_beta":false,"boss_relics":[{"not_picked":["Painkiller Herb","Replay:Ancient Bell"],"picked":"HolyWater"}],"items_purged_floors":[4,13],"is_endless":false,"potions_floor_spawned":[3,7,10,14,19],"killed_by":"Masked Bandits","ascension_level":2}}