{"host":"v0mw6c8s9jqyt2m0","time":1612038301,"event":{"mods":["Astrologer","BaseMod","Hermit","Marisa????????","Minty Spire (QoL Compilation)","StSLib","The Bug Knight","The Cursed","The Disciple","The Gatherer","The Hierophant","The Mystic","The Necromancer","The Servant 0.9.4","TheBandit"],"gold_per_floor":[115,135,25,25,38,38,69,87,136,136,101,113,138,153,153,254,254,273,283,302,302,9,9,9],"floor_reached":23,"language":"ENG","playtime":2321,"items_purged":[],"score":203,"play_id":"51d3d184-6316-485e-b701-e84f1af48400","local_time":"20210130212501","is_ascension_mode":false,"campfire_choices":[{"data":"Spectral_Walk","floor":6,"key":"SMITH"},{"data":"Summon_Death_Knight","floor":15,"key":"SMITH"}],"circlet_count":0,"master_deck":["Strike_W+1","Strike_W+1","Strike_W","Strike_W","Defend_W","Defend_W","Defend_W","Defend_W","Negative_Energy_Arrows","Bone_Wall","Summon_Lich","Blood_Curse+1","Spectral_Walk+1","Summon_Lich","Negative_Energy_Shield","Uncharnel","Summon_Death_Knight+1","Negative_Energy_Shield","Skeleton_Dragon","Bone_Shift","Spectral_Armor","Bone_Armory"],"relics":["Vampire_Amulet","NeowsBlessing","Gremlin Horn","Juzu Bracelet","Philosopher\u0027s Stone","Torii"],"acts_visited":["Exordium","TheCity"],"potions_floor_usage":[13,16,16,20],"damage_taken":[{"damage":0,"enemies":"Jaw Worm","floor":1,"turns":1},{"damage":0,"enemies":"Small Slimes","floor":2,"turns":1},{"damage":0,"enemies":"Cultist","floor":5,"turns":1},{"damage":7,"enemies":"Lagavulin","floor":7,"turns":10},{"damage":15,"enemies":"Exordium Thugs","floor":8,"turns":5},{"damage":5,"enemies":"Lots of Slimes","floor":12,"turns":3},{"damage":10,"enemies":"3 Sentries","floor":13,"turns":5},{"damage":1,"enemies":"3 Louse","floor":14,"turns":4},{"damage":7,"enemies":"Hexaghost","floor":16,"turns":8},{"damage":5,"enemies":"Chosen","floor":18,"turns":6},{"damage":35,"enemies":"3 Byrds","floor":19,"turns":5},{"damage":12,"enemies":"Centurion and Healer","floor":20,"turns":10},{"damage":43,"enemies":"Slavers","floor":23,"turns":3}],"seed_played":"-7053320073543491335","potions_obtained":[{"floor":1,"key":"Dexterity Potion"},{"floor":8,"key":"Fire Potion"},{"floor":13,"key":"ColorlessPotion"},{"floor":19,"key":"LiquidMemories"},{"floor":20,"key":"SteroidPotion"}],"is_trial":false,"path_per_floor":["M","M","$","?","M","R","E","M","T","?","?","M","E","M","R","B",null,"M","M","M","?","$","E"],"character_chosen":"NECROMANCER","items_purchased":["Spectral_Walk","Summon_Lich","Torii"],"campfire_rested":0,"item_purchase_floors":[3,3,22],"current_hp_per_floor":[75,75,75,75,75,75,70,59,59,44,62,67,63,68,68,63,75,72,43,35,35,35,0,0],"gold":9,"neow_bonus":"THREE_ENEMY_KILL","is_daily":false,"chose_seed":false,"campfire_upgraded":2,"win_rate":0.0,"timestamp":1612038301,"path_taken":["M","M","$","?","M","R","E","M","T","?","?","M","E","M","R","BOSS","M","M","M","?","$","E"],"items_purchased_type":["Card","Card","Relic"],"build_version":"2020-12-22","purchased_purges":0,"victory":false,"max_hp_per_floor":[75,75,75,75,75,75,75,75,75,75,75,75,75,75,75,75,75,75,75,75,75,75,75,75],"card_choices":[{"not_picked":["Consume_Illness","Blood_for_Blood"],"picked":"Summon_Lich","floor":1},{"not_picked":["Spectral_Armor","Uncharnel"],"picked":"Blood_Curse","floor":2},{"not_picked":["Toxic_Smoke_Screen","Death_Coil"],"picked":"Negative_Energy_Shield","floor":5},{"not_picked":["Finger_Of_Death","Chill_Blood"],"picked":"Uncharnel","floor":7},{"not_picked":["Slay_Living","Bones_to_Steel","Pandemic"],"picked":"SKIP","floor":8},{"not_picked":["Shade_Step","Consume_Illness","Death_Coil"],"picked":"SKIP","floor":12},{"not_picked":["Negative_Energy_Burst","Finger_Of_Death"],"picked":"Summon_Death_Knight","floor":13},{"not_picked":["Scare","Shackles_Of_Pain"],"picked":"Negative_Energy_Shield","floor":14},{"not_picked":["Cloudkill","Blood_Wake"],"picked":"Skeleton_Dragon","floor":16},{"not_picked":["Stop_Heart","Death_March_Dance"],"picked":"Bone_Shift","floor":18},{"not_picked":["Bone_Spikes","Scare+1","Negative_Energy_Mist"],"picked":"SKIP","floor":19},{"not_picked":["Scare+1","Bone_Bullets"],"picked":"Spectral_Armor","floor":20}],"player_experience":136155,"relics_obtained":[{"floor":7,"key":"Gremlin Horn"},{"floor":13,"key":"Juzu Bracelet"}],"event_choices":[{"damage_healed":0,"gold_gain":0,"player_choice":"Grow","damage_taken":0,"max_hp_gain":0,"max_hp_loss":0,"event_name":"Living Wall","floor":4,"gold_loss":0,"cards_upgraded":["Blood_Curse"]},{"damage_healed":0,"gold_gain":0,"player_choice":"Entered Light","damage_taken":15,"max_hp_gain":0,"max_hp_loss":0,"event_name":"Shining Light","floor":10,"gold_loss":0,"cards_upgraded":["Strike_W","Strike_W"]},{"damage_healed":18,"gold_gain":0,"player_choice":"Healed","damage_taken":0,"max_hp_gain":0,"max_hp_loss":0,"event_name":"The Cleric","floor":11,"gold_loss":35},{"damage_healed":0,"gold_gain":0,"player_choice":"Read","damage_taken":0,"max_hp_gain":0,"max_hp_loss":0,"event_name":"The Library","floor":21,"gold_loss":0,"cards_obtained":["Bone_Armory"]}],"is_beta":false,"boss_relics":[{"not_picked":["Coffee Dripper","Sozu"],"picked":"Philosopher\u0027s Stone"}],"items_purged_floors":[],"is_endless":false,"potions_floor_spawned":[1,8,13,19,20],"killed_by":"Slavers","ascension_level":0}}