{"host":"fxrgx7wt2cpkbhka","time":1612006975,"event":{"mods":["AchievementEnabler","BaseMod","Colored Powertips","Minty Spire (QoL Compilation)","Permanent Neow","Quick Restart","Slay-I","StSLib","Waifu the Spire"],"gold_per_floor":[111,111,111,125,125,157,167,178,178,194,194,226,236,236,236,236,236],"floor_reached":16,"language":"ENG","playtime":427,"items_purged":[],"score":226,"play_id":"3bc24593-29fa-456e-b016-cc933335d241","local_time":"20210130034255","is_ascension_mode":true,"campfire_choices":[{"data":"Metallicize","floor":11,"key":"SMITH"},{"data":"Uppercut","floor":15,"key":"SMITH"}],"circlet_count":0,"master_deck":["AscendersBane","Strike_R","Strike_R","Strike_R","Strike_R","Strike_R","Defend_R","Defend_R","Defend_R","Defend_R","Bash","Flex","Metallicize+1","Uppercut+1"],"relics":["Burning Blood","NeowsBlessing","Darkstone Periapt","Bag of Marbles","Blue Candle","Singing Bowl"],"acts_visited":["Exordium"],"potions_floor_usage":[16,16],"damage_taken":[{"damage":0,"enemies":"Jaw Worm","floor":1,"turns":1},{"damage":0,"enemies":"Small Slimes","floor":4,"turns":1},{"damage":0,"enemies":"Lagavulin","floor":6,"turns":1},{"damage":3,"enemies":"Cultist","floor":7,"turns":3},{"damage":28,"enemies":"Exordium Wildlife","floor":8,"turns":5},{"damage":7,"enemies":"Red Slaver","floor":10,"turns":4},{"damage":30,"enemies":"3 Sentries","floor":12,"turns":10},{"damage":13,"enemies":"Blue Slaver","floor":13,"turns":3},{"damage":50,"enemies":"Hexaghost","floor":16,"turns":12}],"seed_played":"-5458642536582233010","potions_obtained":[{"floor":4,"key":"ElixirPotion"},{"floor":8,"key":"Regen Potion"},{"floor":10,"key":"Block Potion"}],"is_trial":false,"path_per_floor":["M","?","?","M","?","E","M","M","T","M","R","E","M","?","R","B"],"character_chosen":"IRONCLAD","items_purchased":[],"campfire_rested":0,"item_purchase_floors":[],"current_hp_per_floor":[78,83,83,85,82,85,85,63,63,62,62,38,33,33,33,0,0],"gold":236,"neow_bonus":"THREE_ENEMY_KILL","is_daily":false,"chose_seed":false,"campfire_upgraded":2,"win_rate":0.0,"timestamp":1612006975,"path_taken":["M","?","?","?","?","E","M","M","T","M","R","E","M","?","R","BOSS"],"items_purchased_type":[],"build_version":"2020-12-22","purchased_purges":0,"victory":false,"max_hp_per_floor":[80,85,85,85,85,85,85,85,85,85,85,85,87,87,87,87,87],"card_choices":[{"not_picked":["Perfected Strike","Havoc","Clothesline"],"picked":"SKIP","floor":1},{"not_picked":["Armaments","Rupture"],"picked":"Flex","floor":4},{"not_picked":["Hemokinesis","Disarm"],"picked":"Metallicize","floor":6},{"not_picked":["Infernal Blade","Carnage","Warcry"],"picked":"SKIP","floor":7},{"not_picked":["Wild Strike","Seeing Red","Heavy Blade"],"picked":"SKIP","floor":8},{"not_picked":["Cleave","Berserk","Anger"],"picked":"SKIP","floor":10},{"not_picked":["Havoc","Searing Blow"],"picked":"Uppercut","floor":12},{"not_picked":["Headbutt","Second Wind","Hemokinesis"],"picked":"Singing Bowl","floor":13}],"player_experience":735169,"relics_obtained":[{"floor":6,"key":"Bag of Marbles"},{"floor":9,"key":"Blue Candle"},{"floor":12,"key":"Singing Bowl"}],"event_choices":[{"damage_healed":0,"gold_gain":0,"player_choice":"Donut","damage_taken":0,"max_hp_gain":5,"max_hp_loss":0,"event_name":"Big Fish","floor":2,"gold_loss":0},{"damage_healed":0,"gold_gain":0,"player_choice":"Ignored","damage_taken":0,"max_hp_gain":0,"max_hp_loss":0,"event_name":"Golden Wing","floor":3,"gold_loss":0},{"damage_healed":0,"gold_gain":0,"player_choice":"Success","damage_taken":3,"relics_obtained":["Darkstone Periapt"],"max_hp_gain":0,"max_hp_loss":0,"event_name":"Scrap Ooze","floor":5,"gold_loss":0},{"damage_healed":0,"gold_gain":0,"player_choice":"Leave","damage_taken":0,"max_hp_gain":0,"max_hp_loss":0,"event_name":"The Cleric","floor":14,"gold_loss":0}],"is_beta":false,"boss_relics":[],"items_purged_floors":[],"is_endless":false,"potions_floor_spawned":[4,8,10],"killed_by":"Hexaghost","ascension_level":13}}