{"host":"ekyl8r8j8fco3zlk","time":1612029085,"event":{"mods":["ATMod(∞¢Ë™Mod)","Act Like it!","Arknights The Spire","BaseMod","CapriCore","Decade(Õı–°√˜)","Dota2Spire","Downfall","Friendly Minions","Gensokyo","Lobotomy","LobotomyExtend","Marisa£®ÏF”Í°°ƒß¿Ì…≥£©","Minty Spire (QoL Compilation)","READ ME - Guardian Mod","Rare Cards Sparkle","Reimu£®≤©¿ˆ¡È√Œ£©","StSLib","The Alterego","The Immortal","The Jungle","TheWitcher","Waifu the Spire","WarShipGirlsR/’ΩΩ¢…Ÿ≈ÆR mod","Yakumo Yukari mod","°æ“≈ŒÔø®≈∆°øREMEMod"],"gold_per_floor":[117,117,137,154,154,181,181,146,191,208,208,208,234,245,245,344,344,356,385,395,495,507,507,537,537,613,640,659,676,676,147,147,250,250,269,281,127,142,192,226,243,243,269,297,317,317,317,33,33,33,33],"floor_reached":52,"language":"ZHS","playtime":2116,"items_purged":["ats:Defend","ats:Strike S"],"score":785,"play_id":"9486e668-3b42-40f5-a619-5da37b16ffb3","local_time":"20210131015125","is_ascension_mode":false,"campfire_choices":[{"data":"ats:Part Time Job","floor":7,"key":"SMITH"},{"data":"ats:Flexible Camouflage","floor":11,"key":"SMITH"},{"data":"ats:Closed Bolt Burst Fire","floor":15,"key":"SMITH"},{"data":"ats:Sashimi Platter","floor":23,"key":"SMITH"},{"data":"ats:True Silver Slash","floor":25,"key":"SMITH"},{"data":"ats:Fractured Body","floor":30,"key":"SMITH"},{"data":"ats:Armor Crushing Shot","floor":32,"key":"SMITH"},{"data":"ats:Song Of Battle","floor":42,"key":"SMITH"},{"data":"ats:Blood Oath","floor":46,"key":"SMITH"},{"data":"ats:Healing Strengthening","floor":49,"key":"SMITH"}],"circlet_count":0,"master_deck":["ats:Strike C","ats:Strike G","ats:Strike V","ats:Armor Crushing Shot+1","ats:Defend","ats:Defend+1","ats:Emotion Absorption","ats:Closed Bolt Burst Fire+1","ats:Blood Oath+1","ats:Part Time Job+1","ats:Flexible Camouflage+1","ats:Cat Scratch","ats:Closed Bolt Burst Fire+1","ats:Fractured Body+1","ats:Shell Defense+1","ats:True Silver Slash+1","ats:Thermite Blade","ats:Assault Order+1","ats:Sashimi Platter+1","ats:Phantom+1","ats:Chain Hook+1","ats:Apocalypse+1","ats:Encircling Forest+1","ats:Leaping Hammer","ats:Shadow Assault","ats:Collapsing Strike+1","ats:Hammer On+1","ats:Overload","ats:Thorns+1","ats:Literary Storm+1","ats:Song Of Battle+1","ats:Healing Strengthening+1"],"relics":["ats:Sanity Plus","AT_ATBox","REME_ComplimentaryCards","LetterFromLob","ats:Originium","Vajra","Dota2Spire:ArcaneBoots","HornCleat","Red Mask","Gremlin Horn","SnafuTest:CatRelic","ats:Hidden Killer","ats:Assault","War Paint","Dota2Spire:Bloodstone","ats:Rhine Circuitry","Dead Branch","AT_ArchangelStaff","Dota2Spire:BladeMail","Omamori","ClockworkSouvenir"],"acts_visited":["Exordium","TheCity","TheBeyond"],"potions_floor_usage":[6,16,18,19,19,22,33,38,38,50],"damage_taken":[{"damage":6,"enemies":"2 Louse","floor":1,"turns":3},{"damage":0,"enemies":"2 Louse","floor":2,"turns":9},{"damage":0,"enemies":"Small Slimes","floor":3,"turns":2},{"damage":6,"enemies":"Cultist","floor":4,"turns":3},{"damage":21,"enemies":"3 Sentries","floor":6,"turns":8},{"damage":12,"enemies":"Blue Slaver","floor":10,"turns":2},{"damage":36,"enemies":"Lagavulin","floor":13,"turns":4},{"damage":1,"enemies":"3 Louse","floor":14,"turns":3},{"damage":56,"enemies":"Hexaghost","floor":16,"turns":10},{"damage":0,"enemies":"Shell Parasite","floor":18,"turns":3},{"damage":18,"enemies":"Masked Bandits","floor":19,"turns":3},{"damage":22,"enemies":"2 Thieves","floor":20,"turns":4},{"damage":24,"enemies":"Shelled Parasite and Fungi","floor":22,"turns":6},{"damage":33,"enemies":"Slavers","floor":24,"turns":6},{"damage":5,"enemies":"Gremlin Leader","floor":27,"turns":4},{"damage":16,"enemies":"Snake Plant","floor":28,"turns":4},{"damage":0,"enemies":"Sentry and Sphere","floor":29,"turns":3},{"damage":54,"enemies":"Automaton","floor":33,"turns":10},{"damage":1,"enemies":"3 Darklings","floor":35,"turns":3},{"damage":11,"enemies":"Orb Walker","floor":36,"turns":2},{"damage":9,"enemies":"Jaw Worm Horde","floor":38,"turns":2},{"damage":0,"enemies":"Mind Bloom Boss Battle","floor":39,"turns":3},{"damage":70,"enemies":"Nemesis","floor":40,"turns":7},{"damage":2,"enemies":"3 Darklings","floor":41,"turns":3},{"damage":28,"enemies":"Reptomancer","floor":44,"turns":4},{"damage":33,"enemies":"Spire Growth","floor":45,"turns":4},{"damage":169,"enemies":"Time Eater","floor":50,"turns":12}],"seed_played":"-2869467295488141343","potions_obtained":[{"floor":4,"key":"Strength Potion"},{"floor":6,"key":"Dexterity Potion"},{"floor":13,"key":"DistilledChaos"},{"floor":14,"key":"LiquidBronze"},{"floor":16,"key":"Fire Potion"},{"floor":20,"key":"BlessingOfTheForge"},{"floor":29,"key":"Explosive Potion"},{"floor":33,"key":"SkillPotion"},{"floor":35,"key":"champ:CounterPotion"},{"floor":39,"key":"PowerPotion"},{"floor":41,"key":"GrandPatriotsElixir:ReiMu"}],"is_trial":false,"path_per_floor":["M","?","M","M","M","E","R","?","T","M","R","?","E","M","R","B",null,"M","?","M","?","M","R","E","R","T","E","M","M","R","$","R","B",null,"M","M","$","M","?","E","M","R","T","E","M","R","?","$","R","B",null,null],"character_chosen":"DOCTOR_CLASS","items_purchased":["ats:Hidden Killer","ats:Assault","War Paint","ats:Rhine Circuitry","ClockworkSouvenir","ats:Healing Strengthening"],"campfire_rested":0,"item_purchase_floors":[31,31,31,37,48,48],"current_hp_per_floor":[73,73,73,70,70,64,64,79,79,70,70,70,43,47,47,19,79,79,65,48,48,54,54,61,61,61,69,63,70,70,70,70,59,79,78,67,67,79,79,24,47,47,47,48,44,44,44,44,44,50,50],"gold":33,"neow_bonus":"TEN_PERCENT_HP_BONUS","is_daily":false,"chose_seed":false,"campfire_upgraded":10,"win_rate":0.0,"timestamp":1612029085,"path_taken":["M","?","M","M","M","E","R","?","T","M","R","?","E","M","R","BOSS","M","?","M","?","M","R","E","R","T","E","M","?","R","$","R","BOSS","M","M","$","M","?","E","M","R","T","E","M","R","?","$","R","BOSS"],"items_purchased_type":["Relic","Relic","Relic","Relic","Relic","Card"],"build_version":"2020-12-22","purchased_purges":2,"victory":true,"max_hp_per_floor":[79,79,79,79,79,79,79,79,79,79,79,79,79,79,79,79,79,79,79,79,79,79,79,79,79,79,79,79,79,79,79,79,79,79,79,79,79,79,79,79,79,79,79,79,79,79,79,79,79,79,79],"card_choices":[{"not_picked":["ats:Soul Absorption","ats:Revitalization"],"picked":"ats:Closed Bolt Burst Fire","floor":1},{"not_picked":["ats:Revitalization","ats:Charging Defense"],"picked":"ats:Blood Oath","floor":3},{"not_picked":["ats:Assault Order","ats:Poison Spread"],"picked":"ats:Part Time Job","floor":4},{"not_picked":["ats:Cat Scratch","ats:Rapid Magazine"],"picked":"ats:Flexible Camouflage","floor":6},{"not_picked":["ats:Poison Spread","ats:Hammer On"],"picked":"ats:Cat Scratch","floor":10},{"not_picked":["ats:Revitalization","ats:Cat Scratch"],"picked":"ats:Fractured Body","floor":13},{"not_picked":["ats:Revitalization","ats:Magnetic Hammer"],"picked":"ats:Shell Defense","floor":14},{"not_picked":["ats:Nebulous Foxfire","ats:Calcification"],"picked":"ats:True Silver Slash","floor":16},{"not_picked":["ats:Powerful Strike","ats:Apocalypse"],"picked":"ats:Thermite Blade","floor":18},{"not_picked":["ats:Curse Doll","ats:Blood Oath+1"],"picked":"ats:Assault Order+1","floor":19},{"not_picked":["ats:Revitalization","ats:Guard Mode+1"],"picked":"ats:Sashimi Platter","floor":20},{"not_picked":["ats:Absolute Focus","ats:Thermite Blade+1"],"picked":"ats:Phantom+1","floor":22},{"not_picked":["ats:Support Order","ats:Overload"],"picked":"ats:Chain Hook+1","floor":24},{"not_picked":["ats:Blood Oath+1","ats:Roar Of Ursus"],"picked":"ats:Apocalypse+1","floor":27},{"not_picked":["ats:Soul Absorption","ats:Closed Bolt Burst Fire"],"picked":"ats:Encircling Forest+1","floor":28},{"not_picked":["ats:Shell Defense","ats:Assault Order"],"picked":"ats:Leaping Hammer","floor":29},{"not_picked":["ats:Dogmatic Field","ats:Durian"],"picked":"ats:Shadow Assault","floor":33},{"not_picked":["ats:Soul Absorption","ats:Flexible Camouflage+1"],"picked":"ats:Collapsing Strike+1","floor":35},{"not_picked":["ats:Closed Bolt Burst Fire","ats:Cat Scratch+1"],"picked":"ats:Hammer On+1","floor":36},{"not_picked":["ats:Part Time Job+1","ats:Healing Drone"],"picked":"ats:Overload","floor":38},{"not_picked":["ats:Guard Mode+1","ats:Absolute Focus"],"picked":"ats:Thorns+1","floor":39},{"not_picked":["ats:Fractured Body","ats:Chain Hook+1"],"picked":"ats:Literary Storm+1","floor":40},{"not_picked":["ats:Revitalization","ats:Hammer On+1"],"picked":"ats:Song Of Battle","floor":41},{"not_picked":["ats:Volcano","ats:Wolf Pack","ats:Ignite+1"],"picked":"SKIP","floor":44},{"not_picked":["ats:Closed Bolt Burst Fire+1","ats:Blood Oath+1","ats:Poison Spread+1"],"picked":"SKIP","floor":45}],"player_experience":742279,"relics_obtained":[{"floor":1,"key":"LetterFromLob"},{"floor":6,"key":"ats:Originium"},{"floor":6,"key":"Vajra"},{"floor":9,"key":"Dota2Spire:ArcaneBoots"},{"floor":13,"key":"ats:Originium"},{"floor":13,"key":"HornCleat"},{"floor":19,"key":"Red Mask"},{"floor":24,"key":"ats:Originium"},{"floor":24,"key":"Gremlin Horn"},{"floor":26,"key":"SnafuTest:CatRelic"},{"floor":27,"key":"ats:Originium"},{"floor":39,"key":"Dead Branch"},{"floor":40,"key":"ats:Originium"},{"floor":40,"key":"AT_ArchangelStaff"},{"floor":43,"key":"Dota2Spire:BladeMail"},{"floor":44,"key":"Omamori"}],"event_choices":[{"damage_healed":19,"gold_gain":0,"player_choice":"Healed","damage_taken":0,"max_hp_gain":0,"max_hp_loss":0,"event_name":"The Cleric","floor":8,"gold_loss":35},{"damage_healed":0,"gold_gain":0,"player_choice":"Fought Bandits","damage_taken":0,"max_hp_gain":0,"max_hp_loss":0,"event_name":"Masked Bandits","floor":19,"gold_loss":0},{"damage_healed":0,"gold_gain":100,"player_choice":"Pray","damage_taken":0,"max_hp_gain":0,"max_hp_loss":0,"event_name":"Golden Shrine","floor":21,"gold_loss":0},{"damage_healed":0,"gold_gain":0,"player_choice":"Fight","damage_taken":0,"max_hp_gain":0,"max_hp_loss":0,"event_name":"MindBloom","floor":39,"gold_loss":0},{"cards_removed":["ats:Defend"],"damage_healed":0,"gold_gain":0,"player_choice":"Removed Skill","damage_taken":0,"max_hp_gain":0,"max_hp_loss":0,"event_name":"Falling","floor":47,"gold_loss":0}],"is_beta":false,"boss_relics":[{"not_picked":["Calling Bell","SlaversCollar"],"picked":"ats:Sanity Plus"},{"not_picked":["Philosopher\u0027s Stone","Runic Pyramid"],"picked":"Dota2Spire:Bloodstone"}],"items_purged_floors":[31,48],"is_endless":false,"potions_floor_spawned":[4,6,13,14,16,20,29,33,35,39,41],"ascension_level":0}}