{"host":"c6u7e77myxvw4d0m","time":1612001069,"event":{"mods":["AchievementEnabler","BaseMod","Bestiary","Colored Map","Colored Powertips","Minty Spire (QoL Compilation)","Rare Cards Sparkle","Relic Stats","everything is the same but u backflip on backflip"],"gold_per_floor":[116,127,142,142,162,162,189,189,189,189,203,119,119,148,148,148,148],"floor_reached":16,"language":"ENG","playtime":1874,"items_purged":[],"score":250,"play_id":"5f21481d-1715-48ba-a54d-4e5a6fee5084","local_time":"20210130120429","is_ascension_mode":true,"campfire_choices":[{"data":"Inflame","floor":6,"key":"SMITH"},{"data":"Heavy Blade","floor":8,"key":"SMITH"},{"data":"Cleave","floor":10,"key":"SMITH"},{"data":"Berserk","floor":13,"key":"SMITH"},{"data":"Flame Barrier","floor":15,"key":"SMITH"}],"circlet_count":0,"master_deck":["AscendersBane","Bash","Burning Pact","Infernal Blade","Combust","Heavy Blade+1","Ghostly Armor","Reckless Charge","Wild Strike","Intimidate","Inflame+1","Wild Strike","Impervious","Cleave+1","Thunderclap","Flame Barrier+1","Berserk+1","Headbutt"],"relics":["Pandora\u0027s Box","Anchor","Nunchaku","Sundial"],"acts_visited":["Exordium"],"potions_floor_usage":[7],"damage_taken":[{"damage":4,"enemies":"Jaw Worm","floor":1,"turns":2},{"damage":0,"enemies":"Cultist","floor":2,"turns":3},{"damage":7,"enemies":"Small Slimes","floor":3,"turns":3},{"damage":2,"enemies":"Looter","floor":5,"turns":3},{"damage":10,"enemies":"Lagavulin","floor":7,"turns":3},{"damage":0,"enemies":"Lots of Slimes","floor":11,"turns":3},{"damage":3,"enemies":"3 Sentries","floor":14,"turns":4},{"damage":42,"enemies":"The Guardian","floor":16,"turns":5}],"seed_played":"9035714761713450933","potions_obtained":[{"floor":1,"key":"Energy Potion"},{"floor":5,"key":"Fire Potion"},{"floor":7,"key":"Dexterity Potion"}],"is_trial":false,"path_per_floor":["M","M","M","?","M","R","E","R","T","R","M","$","R","E","R","B"],"character_chosen":"IRONCLAD","items_purchased":["Berserk"],"campfire_rested":0,"item_purchase_floors":[12],"current_hp_per_floor":[64,64,57,57,55,55,45,45,45,45,45,45,45,42,42,0,0],"gold":148,"neow_bonus":"BOSS_RELIC","is_daily":false,"chose_seed":false,"campfire_upgraded":5,"win_rate":0.0,"timestamp":1612001069,"path_taken":["M","M","M","?","?","R","E","R","T","R","M","$","R","E","R","BOSS"],"items_purchased_type":["Card"],"build_version":"2020-12-22","purchased_purges":0,"victory":false,"max_hp_per_floor":[75,75,75,75,75,75,75,75,75,75,75,75,75,75,75,75,75],"relic_stats":{"Nunchaku":[1],"counters":[8,26],"Sundial":[0],"Pandora\u0027s Box":["Bloodletting","Burning Pact","Infernal Blade","Combust","Heavy Blade","Ghostly Armor","Reckless Charge","Wild Strike","Intimidate"],"obtain_stats":[{"Anchor":7,"Nunchaku":9,"Sundial":14,"Pandora\u0027s Box":0,"Burning Blood":0},{"Anchor":5,"Nunchaku":5,"Sundial":7,"Pandora\u0027s Box":0,"Burning Blood":0},{"Anchor":14,"Nunchaku":14,"Sundial":21,"Pandora\u0027s Box":0,"Burning Blood":0}]},"card_choices":[{"not_picked":["Flex","Havoc","Perfected Strike"],"picked":"SKIP","floor":1},{"not_picked":["Dual Wield","Seeing Red"],"picked":"Inflame","floor":2},{"not_picked":["Burning Pact","Body Slam"],"picked":"Wild Strike","floor":3},{"not_picked":["Entrench","Disarm"],"picked":"Cleave","floor":5},{"not_picked":["Havoc","Intimidate"],"picked":"Thunderclap","floor":7},{"not_picked":["Dark Embrace","Sever Soul"],"picked":"Flame Barrier","floor":11},{"not_picked":["Second Wind","Havoc"],"picked":"Headbutt","floor":14}],"player_experience":562074,"relics_obtained":[{"floor":7,"key":"Anchor"},{"floor":9,"key":"Nunchaku"},{"floor":14,"key":"Sundial"}],"event_choices":[{"damage_healed":0,"gold_gain":0,"cards_transformed":["Bloodletting"],"player_choice":"Transformed","damage_taken":0,"max_hp_gain":0,"max_hp_loss":0,"event_name":"Transmorgrifier","floor":4,"gold_loss":0,"cards_obtained":["Impervious"]}],"is_beta":false,"boss_relics":[],"items_purged_floors":[],"is_endless":false,"potions_floor_spawned":[1,5,7,11],"killed_by":"The Guardian","ascension_level":17}}