{"host":"y76clbnovzmw9ubx","time":1612024521,"event":{"mods":["AchievementEnabler","BaseMod","Minty Spire (QoL Compilation)","Permanent Neow","Relic Stats"],"gold_per_floor":[111,121,133,147,82,117,117,82,82,114,130,163,7,21,21,21,21],"floor_reached":16,"language":"ENG","playtime":1231,"items_purged":["Strike_G"],"score":294,"play_id":"19503685-351d-4a59-9257-f8d8cf0b79d2","local_time":"20210130113521","is_ascension_mode":true,"campfire_choices":[{"floor":7,"key":"REST"},{"floor":15,"key":"REST"}],"circlet_count":0,"master_deck":["AscendersBane","Strike_G","Strike_G","Strike_G","Strike_G","Defend_G","Defend_G","Defend_G","Defend_G","Defend_G","Survivor","Neutralize+1","Deflect","Dagger Spray+1","Poisoned Stab","Envenom","Cloak And Dagger","Noxious Fumes"],"relics":["Ring of the Snake","Whetstone","Ninja Scroll","Du-Vu Doll","Omamori"],"acts_visited":["Exordium"],"potions_floor_usage":[4,6,6,12,12,14],"damage_taken":[{"damage":5,"enemies":"Small Slimes","floor":1,"turns":7},{"damage":1,"enemies":"Jaw Worm","floor":2,"turns":7},{"damage":0,"enemies":"2 Louse","floor":3,"turns":2},{"damage":17,"enemies":"Exordium Wildlife","floor":4,"turns":8},{"damage":32,"enemies":"Lagavulin","floor":6,"turns":10},{"damage":28,"enemies":"3 Sentries","floor":10,"turns":9},{"damage":0,"enemies":"Looter","floor":11,"turns":2},{"damage":0,"enemies":"Lagavulin","floor":12,"turns":4},{"damage":0,"enemies":"Gremlin Gang","floor":14,"turns":2},{"damage":33,"enemies":"The Guardian","floor":16,"turns":7}],"seed_played":"7102394221455227603","potions_obtained":[{"floor":0,"key":"SkillPotion"},{"floor":0,"key":"SkillPotion"},{"floor":1,"key":"DuplicationPotion"},{"floor":4,"key":"FearPotion"},{"floor":10,"key":"Strength Potion"},{"floor":11,"key":"ColorlessPotion"}],"is_trial":false,"path_per_floor":["M","M","M","M","?","E","R","?","T","E","M","E","$","M","R","B"],"character_chosen":"THE_SILENT","items_purchased":["CunningPotion"],"campfire_rested":2,"item_purchase_floors":[13],"current_hp_per_floor":[54,53,53,36,36,4,23,39,39,11,11,11,11,11,30,0,0],"gold":21,"neow_bonus":"THREE_SMALL_POTIONS","is_daily":false,"chose_seed":false,"campfire_upgraded":0,"win_rate":0.0,"timestamp":1612024521,"path_taken":["M","M","M","M","?","E","R","?","T","E","M","E","?","M","R","BOSS"],"items_purchased_type":["Potion"],"build_version":"2020-12-22","purchased_purges":1,"victory":false,"max_hp_per_floor":[66,66,66,66,66,66,66,66,66,66,66,66,66,66,66,66,66],"relic_stats":{"counters":[10,58],"Whetstone":["Neutralize","Dagger Spray"],"obtain_stats":[{"Du-Vu Doll":10,"Ninja Scroll":9,"Omamori":12,"Whetstone":6,"Ring of the Snake":0},{"Du-Vu Doll":6,"Ninja Scroll":5,"Omamori":8,"Whetstone":5,"Ring of the Snake":0},{"Du-Vu Doll":43,"Ninja Scroll":34,"Omamori":49,"Whetstone":34,"Ring of the Snake":0}],"Ring of the Snake":[20]},"card_choices":[{"not_picked":["Bane","Flying Knee"],"picked":"Deflect","floor":1},{"not_picked":["Grand Finale","Bane"],"picked":"Dagger Spray","floor":2},{"not_picked":["Well Laid Plans","Poisoned Stab","Outmaneuver"],"picked":"SKIP","floor":3},{"not_picked":["Well Laid Plans","Outmaneuver"],"picked":"Poisoned Stab","floor":3},{"not_picked":["Tactician","Outmaneuver","Bane"],"picked":"SKIP","floor":4},{"not_picked":["Flying Knee","Endless Agony"],"picked":"Envenom","floor":6},{"not_picked":["Dash","Tools of the Trade"],"picked":"Cloak And Dagger","floor":10},{"not_picked":["Outmaneuver","Bouncing Flask","Flying Knee"],"picked":"SKIP","floor":11},{"not_picked":["Prepared","Expertise"],"picked":"Noxious Fumes","floor":12},{"not_picked":["Concentrate","Acrobatics","Flying Knee"],"picked":"SKIP","floor":14}],"player_experience":3153382,"relics_obtained":[{"floor":6,"key":"Whetstone"},{"floor":9,"key":"Ninja Scroll"},{"floor":10,"key":"Du-Vu Doll"},{"floor":12,"key":"Omamori"}],"event_choices":[{"damage_healed":0,"gold_gain":0,"player_choice":"Left Gold","damage_taken":0,"max_hp_gain":0,"max_hp_loss":0,"event_name":"World of Goop","floor":5,"gold_loss":65},{"damage_healed":16,"gold_gain":0,"player_choice":"Healed","damage_taken":0,"max_hp_gain":0,"max_hp_loss":0,"event_name":"The Cleric","floor":8,"gold_loss":35}],"is_beta":false,"boss_relics":[],"items_purged_floors":[13],"is_endless":false,"potions_floor_spawned":[1,4,10,11],"killed_by":"The Guardian","ascension_level":20}}