{"host":"6kyqgln1ip325a4v","time":1612039993,"event":{"mods":["BaseMod","Minty Spire (QoL Compilation)"],"gold_per_floor":[118,193,213,388,398,398,426,439,439,450,467,467,467,495,495,593,593,604,624,574,588,44,44,44],"floor_reached":23,"language":"ENG","playtime":831,"items_purged":["Strike_R"],"score":228,"play_id":"7801acbe-69e1-497b-b9c1-6b8a4e5ef4ab","local_time":"20210130155313","is_ascension_mode":false,"campfire_choices":[{"data":"Infernal Blade","floor":6,"key":"SMITH"},{"data":"Shockwave","floor":13,"key":"SMITH"},{"floor":15,"key":"REST"}],"circlet_count":0,"master_deck":["Strike_R","Strike_R","Strike_R","Strike_R","Defend_R","Defend_R","Defend_R","Defend_R","Bash","Clothesline","Spot Weakness","Doubt","Infernal Blade+1","Thunderclap","Bludgeon","Shockwave+1","Limit Break","Feed","Metallicize","Inflame","Limit Break"],"relics":["Black Blood","Pear","Kunai","Strawberry","DollysMirror","Mercury Hourglass"],"acts_visited":["Exordium","TheCity"],"potions_floor_usage":[5,14,16,19],"damage_taken":[{"damage":5,"enemies":"2 Louse","floor":1,"turns":3},{"damage":3,"enemies":"Jaw Worm","floor":3,"turns":4},{"damage":2,"enemies":"Small Slimes","floor":5,"turns":3},{"damage":27,"enemies":"Gremlin Nob","floor":7,"turns":4},{"damage":8,"enemies":"Exordium Wildlife","floor":8,"turns":6},{"damage":12,"enemies":"3 Louse","floor":10,"turns":3},{"damage":12,"enemies":"Blue Slaver","floor":11,"turns":2},{"damage":18,"enemies":"3 Sentries","floor":14,"turns":3},{"damage":84,"enemies":"Hexaghost","floor":16,"turns":11},{"damage":26,"enemies":"Spheric Guardian","floor":18,"turns":5},{"damage":34,"enemies":"Shell Parasite","floor":19,"turns":6},{"damage":46,"enemies":"Shelled Parasite and Fungi","floor":21,"turns":7},{"damage":41,"enemies":"Book of Stabbing","floor":23,"turns":5}],"seed_played":"-3906990454232925279","potions_obtained":[{"floor":3,"key":"PowerPotion"},{"floor":8,"key":"PowerPotion"},{"floor":11,"key":"Weak Potion"},{"floor":18,"key":"EssenceOfSteel"}],"is_trial":false,"path_per_floor":["M","?","M","?","M","R","E","M","T","M","M","T","R","E","R","B",null,"M","M","?","M","$","E"],"character_chosen":"IRONCLAD","items_purchased":["Inflame","DollysMirror","Mercury Hourglass"],"campfire_rested":1,"item_purchase_floors":[22,22,22],"current_hp_per_floor":[88,77,80,80,84,84,73,71,71,65,59,59,59,54,85,7,105,91,72,72,38,38,0,0],"gold":44,"neow_bonus":"TEN_PERCENT_HP_BONUS","is_daily":false,"chose_seed":false,"campfire_upgraded":2,"win_rate":0.0,"timestamp":1612039993,"path_taken":["M","?","M","?","M","R","E","M","T","M","M","?","R","E","R","BOSS","M","M","?","M","$","E"],"items_purchased_type":["Card","Relic","Relic"],"build_version":"2020-12-22","purchased_purges":1,"victory":false,"max_hp_per_floor":[88,88,88,88,88,88,98,98,98,98,98,98,98,105,105,105,105,105,108,108,108,108,108,108],"card_choices":[{"not_picked":["Warcry","Clash"],"picked":"Clothesline","floor":1},{"not_picked":["Searing Blow","Flex"],"picked":"Spot Weakness","floor":3},{"not_picked":["Heavy Blade","Rampage"],"picked":"Infernal Blade","floor":5},{"not_picked":["Heavy Blade","Clash"],"picked":"Thunderclap","floor":7},{"not_picked":["Warcry","Feel No Pain","Rupture"],"picked":"SKIP","floor":8},{"not_picked":["Twin Strike","Pummel"],"picked":"Bludgeon","floor":10},{"not_picked":["Burning Pact","Wild Strike"],"picked":"Shockwave","floor":11},{"not_picked":["Disarm","Sentinel"],"picked":"Limit Break","floor":14},{"not_picked":["Demon Form","Juggernaut"],"picked":"Feed","floor":16},{"not_picked":["Thunderclap","Hemokinesis+1","Iron Wave"],"picked":"SKIP","floor":18},{"not_picked":["Carnage","Second Wind","Evolve+1"],"picked":"SKIP","floor":19},{"not_picked":["True Grit","Dual Wield"],"picked":"Metallicize","floor":21}],"player_experience":156160,"relics_obtained":[{"floor":7,"key":"Pear"},{"floor":12,"key":"Kunai"},{"floor":14,"key":"Strawberry"}],"event_choices":[{"damage_healed":0,"gold_gain":75,"player_choice":"Gather Gold","damage_taken":11,"max_hp_gain":0,"max_hp_loss":0,"event_name":"World of Goop","floor":2,"gold_loss":0},{"damage_healed":0,"gold_gain":175,"player_choice":"AGREE","damage_taken":0,"max_hp_gain":0,"max_hp_loss":0,"event_name":"Liars Game","floor":4,"gold_loss":0,"cards_obtained":["Doubt"]},{"damage_healed":0,"gold_gain":0,"player_choice":"Bet on Murderer","damage_taken":0,"max_hp_gain":0,"max_hp_loss":0,"event_name":"The Joust","floor":20,"gold_loss":50}],"is_beta":false,"boss_relics":[{"not_picked":["Empty Cage","Snecko Eye"],"picked":"Black Blood"}],"items_purged_floors":[22],"is_endless":false,"potions_floor_spawned":[3,8,11,18],"killed_by":"Book of Stabbing","ascension_level":0}}