{"host":"1tl36azeqm6yhdgj","time":1612006357,"event":{"mods":["AchievementEnabler","BaseMod","Minty Spire (QoL Compilation)","StSLib","The IronCluck","everything is the same but u backflip on backflip"],"gold_per_floor":[115,38,56,206,218,218,218,218,218,233,261,275,294,324,324,324,324],"floor_reached":16,"language":"ENG","playtime":390,"items_purged":[],"score":224,"play_id":"5859c2c8-b07c-4990-9166-08eeccf93229","local_time":"20210130063237","is_ascension_mode":true,"campfire_choices":[{"data":"Infernal Blade","floor":6.0,"key":"SMITH"},{"data":"Inflame","floor":8.0,"key":"SMITH"},{"floor":15.0,"key":"REST"}],"circlet_count":0,"master_deck":["AscendersBane","Strike_R","Strike_R","Strike_R","Strike_R","Strike_R","Defend_R","Defend_R","Defend_R","Defend_R","Bash","Pommel Strike","Inflame+1","Infernal Blade+1","Doubt","Anger","Regret","Feel No Pain","Flex","Demon Form","Seeing Red"],"relics":["Burning Blood","NeowsBlessing","Eternal Feather","Lantern","Matryoshka","Akabeko"],"acts_visited":["Exordium"],"potions_floor_usage":[16],"damage_taken":[{"damage":0.0,"enemies":"2 Louse","floor":1.0,"turns":1.0},{"damage":0.0,"enemies":"Small Slimes","floor":3.0,"turns":1.0},{"damage":0.0,"enemies":"Jaw Worm","floor":5.0,"turns":1.0},{"damage":9.0,"enemies":"Red Slaver","floor":10.0,"turns":2.0},{"damage":39.0,"enemies":"Lagavulin","floor":11.0,"turns":7.0},{"damage":12.0,"enemies":"Blue Slaver","floor":12.0,"turns":4.0},{"damage":6.0,"enemies":"Looter","floor":13.0,"turns":3.0},{"damage":30.0,"enemies":"3 Sentries","floor":14.0,"turns":8.0},{"damage":45,"enemies":"Slime Boss","floor":16,"turns":5}],"seed_played":"8354865112590133429","potions_obtained":[{"floor":1.0,"key":"Block Potion"},{"floor":10.0,"key":"HeartOfIron"},{"floor":11.0,"key":"SkillPotion"},{"floor":14.0,"key":"Energy Potion"}],"is_trial":false,"path_per_floor":["M","$","M","?","M","R","?","R","T","M","E","M","M","E","R","B"],"character_chosen":"IRONCLAD","items_purchased":["Inflame"],"campfire_rested":1,"item_purchase_floors":[2],"current_hp_per_floor":[74,74,75,75,75,75,75,75,75,72,39,33,33,9,43,0,0],"gold":324,"neow_bonus":"THREE_ENEMY_KILL","is_daily":false,"chose_seed":false,"campfire_upgraded":2,"win_rate":0.0,"timestamp":1612006357,"path_taken":["M","$","M","?","M","R","?","R","T","M","E","M","M","E","R","BOSS"],"items_purchased_type":["Card"],"build_version":"2020-12-22","purchased_purges":0,"victory":false,"max_hp_per_floor":[75,75,75,75,75,75,75,75,75,75,75,75,75,75,75,75,75],"card_choices":[{"not_picked":["Battle Trance","Headbutt"],"picked":"Pommel Strike","floor":1.0},{"not_picked":["Combust","Anger"],"picked":"Infernal Blade","floor":3.0},{"not_picked":["Body Slam","Dual Wield"],"picked":"Anger","floor":5.0},{"not_picked":["Warcry","Rupture"],"picked":"Feel No Pain","floor":10.0},{"not_picked":["Clothesline","Iron Wave","Body Slam"],"picked":"SKIP","floor":11.0},{"not_picked":["Metallicize","Pummel"],"picked":"Flex","floor":12.0},{"not_picked":["Pommel Strike","Body Slam"],"picked":"Demon Form","floor":13.0},{"not_picked":["Twin Strike","Brutality"],"picked":"Seeing Red","floor":14.0}],"player_experience":2109959,"relics_obtained":[{"floor":9.0,"key":"Lantern"},{"floor":11.0,"key":"Matryoshka"},{"floor":14.0,"key":"Akabeko"}],"event_choices":[{"damage_healed":0.0,"max_hp_gain":0.0,"max_hp_loss":0.0,"gold_gain":150.0,"event_name":"Liars Game","player_choice":"AGREE","floor":4.0,"gold_loss":0.0,"damage_taken":0.0,"cards_obtained":["Doubt"]},{"damage_healed":0.0,"max_hp_gain":0.0,"max_hp_loss":0.0,"gold_gain":0.0,"event_name":"Big Fish","player_choice":"Box","floor":7.0,"gold_loss":0.0,"damage_taken":0.0,"relics_obtained":["Eternal Feather"],"cards_obtained":["Regret"]}],"is_beta":false,"boss_relics":[],"items_purged_floors":[],"is_endless":false,"potions_floor_spawned":[1,10,11,14],"killed_by":"Slime Boss","ascension_level":20}}