{"host":"51f0ad793vly1w6u","time":1612010691,"event":{"mods":["BaseMod","Colored Map","DeckTracker","Minty Spire (QoL Compilation)","Replay The Spire","StSLib","SuperFastMode"],"gold_per_floor":[118,138,189,189,189,218,218,218,268,296,296,316,316,336,336,447,447,470,470,502,378,378,378,134,165,238,257,257,284,25,56,56,168,168,194,262,137,137,162,162,216,244,244,283,295,307,366,405,417,439,451,463,216,249,251],"floor_reached":56,"language":"KOR","playtime":1656,"items_purged":["Regret","Strike_R+1","Strike_R+1","Strike_R+1"],"score":1088,"play_id":"a0593c8b-26c4-423a-b382-277b2d8c4ecb","local_time":"20210130214451","is_ascension_mode":true,"campfire_choices":[{"data":"Uppercut","floor":7.0,"key":"SMITH"},{"floor":8.0,"key":"REST"},{"data":"Flame Barrier","floor":13.0,"key":"SMITH"},{"data":"Ghostly Armor","floor":15.0,"key":"SMITH"},{"data":"Body Slam","floor":23.0,"key":"SMITH"},{"data":"Shrug It Off","floor":32.0,"key":"SMITH"},{"data":"Exhume","floor":40,"key":"SMITH"},{"data":"Defend_R","floor":46,"key":"SMITH"},{"data":"Defend_R","floor":49,"key":"SMITH"},{"data":"Reaper","floor":52,"key":"SMITH"}],"circlet_count":0,"master_deck":["Defend_R+1","Defend_R+1","Defend_R+1","Bash+1","Uppercut+1","Flame Barrier+1","Cleave+1","Run Through+1","Second Wind+1","Ghostly Armor+1","Reaper+1","Spot Weakness+1","Body Slam+1","Shrug It Off+1","ReplayReversal+1","Reaper","Power Through+1","Exhume+1","Abandon+1","Flame Barrier+1","Pommel Strike+1","Dark Embrace","Defy Death+1","Battle Trance","Battle Trance","ReplayTheSpireMod:Corrosion Curse+1"],"relics":["Burning Blood","WingedGreaves","Replay:Bottled Eggs","Pantograph","Replay:Accelerometer","War Paint","Whetstone","Replay:Bandana","Empty Cage","Ring of Fury","Ring of Misfortune","Art of War","Oddly Smooth Stone","Pocketwatch","Replay:Ringing Soul","Replay:WaspNest","Velvet Choker","BranchBurnRelic","Durian","MawBank","Blue Doll","BargainBundle","Unceasing Top"],"acts_visited":["Exordium","TheCity","TheBeyond","TheEnding"],"potions_floor_usage":[36,47,50,50,55,55,55,55,55],"damage_taken":[{"damage":5.0,"enemies":"2 Louse","floor":1.0,"turns":3.0},{"damage":5.0,"enemies":"Jaw Worm","floor":2.0,"turns":3.0},{"damage":22.0,"enemies":"3 Sentries","floor":6.0,"turns":5.0},{"damage":14.0,"enemies":"Lagavulin","floor":10.0,"turns":7.0},{"damage":0.0,"enemies":"Small Slimes","floor":12.0,"turns":2.0},{"damage":7.0,"enemies":"Looter","floor":14.0,"turns":3.0},{"damage":24.0,"enemies":"The Guardian","floor":16.0,"turns":12.0},{"damage":3.0,"enemies":"Spheric Guardian","floor":18.0,"turns":4.0},{"damage":0.0,"enemies":"3 Byrds","floor":20.0,"turns":4.0},{"damage":6.0,"enemies":"Replay:Snechameleon","floor":25.0,"turns":5.0},{"damage":17.0,"enemies":"Sentry and Sphere","floor":27.0,"turns":4.0},{"damage":2.0,"enemies":"Cultist and Chosen","floor":29.0,"turns":5.0},{"damage":0.0,"enemies":"3 Cultists","floor":31.0,"turns":4.0},{"damage":10.0,"enemies":"Champ","floor":33.0,"turns":9.0},{"damage":0,"enemies":"3 Shapes","floor":35,"turns":3},{"damage":17,"enemies":"2 Orb Walkers","floor":36,"turns":4},{"damage":13,"enemies":"3 Darklings","floor":39,"turns":4},{"damage":0,"enemies":"Mind Bloom Boss Battle","floor":41,"turns":7},{"damage":0,"enemies":"Sphere and 2 Shapes","floor":42,"turns":5},{"damage":0,"enemies":"Maw","floor":44,"turns":6},{"damage":28,"enemies":"R_Hoarder","floor":47,"turns":7},{"damage":16,"enemies":"Jaw Worm Horde","floor":48,"turns":4},{"damage":39,"enemies":"Replay:Hell Engine","floor":50,"turns":10},{"damage":28,"enemies":"Shield and Spear","floor":54,"turns":8},{"damage":8,"enemies":"The Heart","floor":55,"turns":15}],"seed_played":"-6452802499803552477","potions_obtained":[{"floor":1.0,"key":"SpeedPotion"},{"floor":3.0,"key":"SteroidPotion"},{"floor":6.0,"key":"Swift Potion"},{"floor":14.0,"key":"LifebloodPotion"},{"floor":20.0,"key":"EssenceOfSteel"},{"floor":27.0,"key":"Milkshake"},{"floor":31.0,"key":"ColorlessPotion"},{"floor":35,"key":"DistilledChaos"},{"floor":36,"key":"Explosive Potion"},{"floor":42,"key":"EntropicBrew"},{"floor":44,"key":"GamblersBrew"},{"floor":48,"key":"Explosive Potion"}],"is_trial":false,"path_per_floor":["M","M","?","?","T","E","R","R","T","E","?","M","R","M","R","B",null,"M","?","M","$","?","R","$","E","T","M","?","M","$","M","R","B",null,"M","?","$","?","M","R","?","M","T","M","$","R","E","M","R","B",null,"R","$","E","B",null],"character_chosen":"IRONCLAD","items_purchased":["Shrug It Off","Oddly Smooth Stone","Replay:WaspNest","BargainBundle","Dark Embrace","Defy Death+1","SpeedPotion","Milkshake","Battle Trance"],"campfire_rested":1,"item_purchase_floors":[21,24,30,53,53,53,53,53,53],"current_hp_per_floor":[57,58,38,38,38,22,22,46,46,38,20,26,26,25,25,32,80,80,80,80,80,80,80,80,80,80,72,75,82,82,86,86,85,89,92,84,84,84,90,90,95,98,98,98,98,98,97,98,98,92,98,98,101,93,102],"gold":251,"neow_bonus":"ONE_RARE_RELIC","is_daily":false,"chose_seed":false,"campfire_upgraded":9,"win_rate":0.0,"timestamp":1612010691,"path_taken":["M","M","?","?","?","E","R","R","T","E","?","M","R","M","R","BOSS","M","?","M","$","?","R","?","E","T","M","?","?","$","?","R","BOSS","M","?","$","?","M","R","?","?","T","M","$","R","E","M","R","BOSS","R","$","E","BOSS"],"items_purchased_type":["Card","Relic","Relic","Relic","Card","Card","Potion","Potion","Card"],"build_version":"2020-12-22","purchased_purges":4,"victory":true,"max_hp_per_floor":[80,80,80,80,80,80,80,80,80,80,80,80,80,80,80,80,80,80,80,80,80,80,80,80,80,80,80,83,86,86,86,86,89,89,92,95,95,90,90,90,95,98,98,98,98,98,98,98,98,98,98,98,101,104,104],"card_choices":[{"not_picked":["Warcry","Anger"],"picked":"Uppercut","floor":1.0},{"not_picked":["Replay:Undeath\u0027s Touch","Shrug It Off"],"picked":"Flame Barrier","floor":2.0},{"not_picked":["Pommel Strike","Anger"],"picked":"Cleave","floor":3.0},{"not_picked":["Hemokinesis","ReplayTheSpireMod:Strike From Hell"],"picked":"Second Wind","floor":6.0},{"not_picked":["Clothesline","Pummel","Heavy Blade"],"picked":"SKIP","floor":10.0},{"not_picked":["Rage","Heavy Blade"],"picked":"Ghostly Armor","floor":12.0},{"not_picked":["Heavy Blade","Clash","Cleave"],"picked":"SKIP","floor":14.0},{"not_picked":["Hemogenesis","Exhume"],"picked":"Reaper","floor":16.0},{"not_picked":["Cleave","Thunderclap"],"picked":"Spot Weakness+1","floor":18.0},{"not_picked":["Thunderclap","Heavy Blade"],"picked":"Body Slam","floor":20.0},{"not_picked":["Anger","Body Slam"],"picked":"ReplayReversal+1","floor":25.0},{"not_picked":["Havoc","Run Through+1","Pummel"],"picked":"SKIP","floor":27.0},{"not_picked":["Wild Strike+1","Cleave"],"picked":"Power Through+1","floor":29.0},{"not_picked":["Combust+1","Bloodletting","Fire Breathing"],"picked":"SKIP","floor":31.0},{"not_picked":["Brutality","Fiend Fire"],"picked":"Exhume","floor":33.0},{"not_picked":["Sword Boomerang+1","Havoc+1"],"picked":"Abandon+1","floor":35},{"not_picked":["Warcry+1","Armaments+1"],"picked":"Flame Barrier+1","floor":36},{"not_picked":["Sword Boomerang+1","Headbutt+1","Run Through"],"picked":"SKIP","floor":39},{"not_picked":["Perfected Strike","Iron Wave"],"picked":"Pommel Strike+1","floor":42},{"not_picked":["Rampage+1","Armaments","ReplayTheSpireMod:Limb From Limb+1"],"picked":"SKIP","floor":44},{"not_picked":["Clothesline+1","Cleave","Twin Strike"],"picked":"SKIP","floor":47},{"not_picked":["Flex+1","Metallicize","Havoc+1"],"picked":"SKIP","floor":48},{"not_picked":["ReplayReversal+1","Iron Wave+1"],"picked":"ReplayTheSpireMod:Corrosion Curse+1","floor":54}],"player_experience":1426656,"relics_obtained":[{"floor":3.0,"key":"Replay:Bottled Eggs"},{"floor":5.0,"key":"Pantograph"},{"floor":6.0,"key":"Replay:Accelerometer"},{"floor":9.0,"key":"War Paint"},{"floor":10.0,"key":"Whetstone"},{"floor":19.0,"key":"Ring of Fury"},{"floor":19.0,"key":"Ring of Misfortune"},{"floor":25.0,"key":"Pocketwatch"},{"floor":26.0,"key":"Replay:Ringing Soul"},{"floor":36,"key":"Dead Branch"},{"floor":41,"key":"Durian"},{"floor":43,"key":"MawBank"},{"floor":47,"key":"Blue Doll"},{"floor":54,"key":"Unceasing Top"}],"event_choices":[{"damage_healed":0.0,"max_hp_gain":0.0,"max_hp_loss":0.0,"gold_gain":0.0,"event_name":"Scrap Ooze","player_choice":"Success","floor":11.0,"gold_loss":0.0,"damage_taken":18.0,"relics_obtained":["Replay:Bandana"]},{"damage_healed":0.0,"max_hp_gain":0.0,"max_hp_loss":0.0,"gold_gain":0.0,"event_name":"Duplicator","player_choice":"Copied","floor":28.0,"gold_loss":0.0,"damage_taken":0.0,"cards_obtained":["Reaper"]},{"damage_healed":0,"gold_gain":0,"player_choice":"Fight","damage_taken":0,"max_hp_gain":0,"max_hp_loss":0,"event_name":"Mysterious Sphere","floor":36,"gold_loss":0},{"damage_healed":0,"gold_gain":0,"player_choice":"Max HP","damage_taken":0,"max_hp_gain":0,"max_hp_loss":5,"event_name":"Winding Halls","floor":38,"gold_loss":0},{"damage_healed":0,"gold_gain":0,"player_choice":"Fight","damage_taken":0,"max_hp_gain":0,"max_hp_loss":0,"event_name":"MindBloom","floor":41,"gold_loss":0}],"is_beta":false,"boss_relics":[{"not_picked":["Electric Blood","Replay:Wanted Poster"],"picked":"Empty Cage"},{"not_picked":["Honey Jar","Astrolabe"],"picked":"Velvet Choker"}],"items_purged_floors":[21,24,37,53],"is_endless":false,"potions_floor_spawned":[1,6,14,20,27,31,35,36,42,44,48,54],"ascension_level":1}}