{"host":"na09lpbrez4gbfiz","time":1612045615,"event":{"mods":["Act Like it!","BaseMod","BetterRewards","Colored Map","Colored Powertips","DeckTracker","Googly Eyes","Highlight Path","Minty Spire (QoL Compilation)","Quick Restart","Spicy Shops","StSLib","SuperFastMode","Synergy Search"],"gold_per_floor":[113,125,125,125,136,136,101,29,29,29,42,107,107,122,122,196,196,208,133,148,164,164,164,196,196,222,132,132,148,0,28,28,101,101,114,141,41,41,51,51,51,51,76,89,89,89,99,126,126,126,126],"floor_reached":50,"language":"ENG","playtime":874,"items_purged":["Pain","Strike_R"],"score":928,"play_id":"49b56cc5-f5b2-4262-b6c8-234c5f81aa3a","local_time":"20210130232655","is_ascension_mode":true,"campfire_choices":[{"data":"Bash","floor":6.0,"key":"SMITH"},{"data":"Carnage","floor":13.0,"key":"SMITH"},{"floor":15.0,"key":"REST"},{"floor":23.0,"key":"REST"},{"data":"Demon Form","floor":25.0,"key":"SMITH"},{"data":"Whirlwind","floor":28.0,"key":"SMITH"},{"floor":32.0,"key":"REST"},{"data":"Power Through","floor":40.0,"key":"SMITH"},{"data":"Feel No Pain","floor":42.0,"key":"SMITH"},{"floor":46.0,"key":"REST"},{"floor":49,"key":"REST"}],"circlet_count":0,"master_deck":["AscendersBane","Strike_R+1","Defend_R","Defend_R","Defend_R","Defend_R","Bash+1","Feel No Pain+1","Sever Soul","Carnage+1","Demon Form+1","Power Through+1","Whirlwind+1","Sword Boomerang","Evolve"],"relics":["Runic Dome","Paper Frog","Mercury Hourglass","WarpedTongs","SlaversCollar","Mango","Vajra","Brimstone","Potion Belt","Mark of Pain","Dream Catcher","Bag of Preparation","Bottled Lightning"],"acts_visited":["Exordium","TheCity","TheBeyond"],"potions_floor_usage":[47,50,50],"damage_taken":[{"damage":12.0,"enemies":"Jaw Worm","floor":1.0,"turns":3.0},{"damage":0.0,"enemies":"Cultist","floor":2.0,"turns":2.0},{"damage":18.0,"enemies":"Small Slimes","floor":5.0,"turns":5.0},{"damage":20.0,"enemies":"Gremlin Gang","floor":11.0,"turns":2.0},{"damage":9.0,"enemies":"3 Louse","floor":14.0,"turns":2.0},{"damage":0.0,"enemies":"Slime Boss","floor":16.0,"turns":2.0},{"damage":7.0,"enemies":"Spheric Guardian","floor":18.0,"turns":3.0},{"damage":7.0,"enemies":"Chosen","floor":20.0,"turns":3.0},{"damage":30.0,"enemies":"Sentry and Sphere","floor":21.0,"turns":6.0},{"damage":11.0,"enemies":"Book of Stabbing","floor":24.0,"turns":2.0},{"damage":20.0,"enemies":"Centurion and Healer","floor":29.0,"turns":3.0},{"damage":8.0,"enemies":"Slavers","floor":31.0,"turns":2.0},{"damage":23.0,"enemies":"Automaton","floor":33.0,"turns":6.0},{"damage":17.0,"enemies":"3 Shapes","floor":35.0,"turns":1.0},{"damage":2.0,"enemies":"Orb Walker","floor":39.0,"turns":2.0},{"damage":18.0,"enemies":"3 Darklings","floor":44.0,"turns":3.0},{"damage":1,"enemies":"Maw","floor":47,"turns":4},{"damage":33,"enemies":"Nemesis","floor":48,"turns":5},{"damage":66,"enemies":"Time Eater","floor":50,"turns":4}],"seed_played":"-4118300525794005687","potions_obtained":[{"floor":1.0,"key":"AttackPotion"},{"floor":11.0,"key":"Dexterity Potion"},{"floor":14.0,"key":"BloodPotion"},{"floor":16.0,"key":"CultistPotion"},{"floor":24.0,"key":"Regen Potion"},{"floor":29.0,"key":"Strength Potion"},{"floor":35.0,"key":"ElixirPotion"},{"floor":48,"key":"SpeedPotion"}],"is_trial":false,"path_per_floor":["M","M","?","?","M","R","?","$","T","?","M","?","R","M","R","B",null,"M","$","M","M","?","R","E","R","T","?","R","M","$","E","R","B",null,"M","T","$","$","M","R","?","R","T","M","?","R","M","E","R","B"],"character_chosen":"IRONCLAD","items_purchased":["Carnage","Brimstone"],"campfire_rested":5,"item_purchase_floors":[8,30],"current_hp_per_floor":[56,56,56,56,38,38,56,56,56,56,36,36,36,27,49,49,69,62,62,55,25,25,47,50,50,50,50,50,47,47,39,65,57,81,64,64,64,64,62,62,62,62,62,44,44,70,69,36,62,0,0],"gold":126,"neow_bonus":"BOSS_RELIC","is_daily":false,"chose_seed":false,"campfire_upgraded":6,"win_rate":0.0,"timestamp":1612045615,"path_taken":["M","M","?","?","?","R","?","$","T","?","?","?","R","M","R","BOSS","M","$","M","M","?","R","E","R","T","?","R","M","$","E","R","BOSS","M","?","?","$","M","R","?","R","T","?","?","R","M","E","R","BOSS"],"items_purchased_type":["Card","Relic"],"build_version":"2020-12-22","purchased_purges":2,"victory":false,"max_hp_per_floor":[75,75,75,75,75,75,75,75,75,75,75,75,75,75,75,75,75,75,75,75,75,75,75,89,89,89,89,89,89,89,89,89,89,89,89,89,89,89,89,89,89,89,89,89,89,89,89,89,89,89,89],"card_choices":[{"not_picked":["Power Through","Warcry","Pommel Strike"],"picked":"SKIP","floor":1.0},{"not_picked":["Sword Boomerang","Power Through","Havoc"],"picked":"SKIP","floor":2.0},{"not_picked":["Uppercut","Body Slam"],"picked":"Sever Soul","floor":5.0},{"not_picked":["Power Through","Warcry","Thunderclap"],"picked":"SKIP","floor":11.0},{"not_picked":["Wild Strike","Perfected Strike","Thunderclap"],"picked":"SKIP","floor":14.0},{"not_picked":["Feed","Berserk"],"picked":"Demon Form","floor":16.0},{"not_picked":["Hemokinesis","Power Through","Warcry"],"picked":"SKIP","floor":18.0},{"not_picked":["Hemokinesis","Warcry"],"picked":"Power Through","floor":18.0},{"not_picked":["Iron Wave","Bloodletting","Rupture"],"picked":"SKIP","floor":20.0},{"not_picked":["Perfected Strike","Infernal Blade"],"picked":"Whirlwind","floor":21.0},{"not_picked":["Rage","Body Slam","Infernal Blade"],"picked":"SKIP","floor":24.0},{"not_picked":["Double Tap","Havoc+1","Second Wind"],"picked":"SKIP","floor":29.0},{"not_picked":["Anger","Whirlwind","Inflame"],"picked":"SKIP","floor":31.0},{"not_picked":["Power Through","Twin Strike","Anger"],"picked":"SKIP","floor":35.0},{"not_picked":["Twin Strike","Flex","Clash"],"picked":"SKIP","floor":39.0},{"not_picked":["Rupture","Seeing Red","Havoc"],"picked":"SKIP","floor":44.0},{"not_picked":["Berserk","Havoc+1"],"picked":"Sword Boomerang","floor":47},{"not_picked":["Clothesline","Havoc"],"picked":"Evolve","floor":48}],"player_experience":215108,"relics_obtained":[{"floor":9.0,"key":"Mercury Hourglass"},{"floor":24.0,"key":"Mango"},{"floor":26.0,"key":"Vajra"},{"floor":31.0,"key":"Potion Belt"},{"floor":36.0,"key":"Dream Catcher"},{"floor":43.0,"key":"Bag of Preparation"},{"floor":48,"key":"Bottled Lightning"}],"event_choices":[{"damage_healed":0.0,"max_hp_gain":0.0,"max_hp_loss":0.0,"gold_gain":0.0,"event_name":"Big Fish","player_choice":"Box","floor":3.0,"gold_loss":0.0,"damage_taken":0.0,"relics_obtained":["Paper Frog"],"cards_obtained":["Regret"]},{"damage_healed":0.0,"max_hp_gain":0.0,"max_hp_loss":0.0,"gold_gain":0.0,"cards_transformed":["Strike_R"],"event_name":"Transmorgrifier","player_choice":"Transformed","floor":4.0,"gold_loss":0.0,"damage_taken":0.0,"cards_obtained":["Feel No Pain"]},{"damage_healed":18.0,"max_hp_gain":0.0,"max_hp_loss":0.0,"gold_gain":0.0,"event_name":"The Cleric","player_choice":"Healed","floor":7.0,"gold_loss":35.0,"damage_taken":0.0},{"damage_healed":0.0,"max_hp_gain":0.0,"max_hp_loss":0.0,"gold_gain":0.0,"event_name":"Accursed Blacksmith","player_choice":"Rummage","floor":10.0,"gold_loss":0.0,"damage_taken":0.0,"relics_obtained":["WarpedTongs"],"cards_obtained":["Pain"]},{"damage_healed":0.0,"max_hp_gain":0.0,"max_hp_loss":0.0,"gold_gain":65.0,"event_name":"Golden Wing","player_choice":"Gained Gold","floor":12.0,"gold_loss":0.0,"damage_taken":0.0},{"cards_removed":["Regret"],"damage_healed":0.0,"max_hp_gain":0.0,"max_hp_loss":0.0,"gold_gain":0.0,"event_name":"Back to Basics","player_choice":"Elegance","floor":22.0,"gold_loss":0.0,"damage_taken":0.0},{"cards_removed":["Strike_R"],"damage_healed":0.0,"max_hp_gain":0.0,"max_hp_loss":0.0,"gold_gain":0.0,"event_name":"Designer","player_choice":"Upgrade and Remove","floor":27.0,"gold_loss":90.0,"damage_taken":0.0,"cards_upgraded":["Strike_R"]},{"cards_removed":["Strike_R"],"damage_healed":0.0,"max_hp_gain":0.0,"max_hp_loss":0.0,"gold_gain":0.0,"event_name":"Bonfire Elementals","player_choice":"Offered Basic","floor":41.0,"gold_loss":0.0,"damage_taken":0.0},{"damage_healed":0.0,"max_hp_gain":0.0,"max_hp_loss":0.0,"gold_gain":0.0,"event_name":"Mysterious Sphere","player_choice":"Ignored","floor":45.0,"gold_loss":0.0,"damage_taken":0.0}],"is_beta":false,"boss_relics":[{"not_picked":["Coffee Dripper","Calling Bell"],"picked":"SlaversCollar"},{"not_picked":["Runic Pyramid","Snecko Eye"],"picked":"Mark of Pain"}],"items_purged_floors":[19,37],"is_endless":false,"potions_floor_spawned":[1,11,14,16,21,24,29,35,48],"killed_by":"Time Eater","ascension_level":14}}