{"host":"k2x36244ucab5lxq","time":1612047859,"event":{"mods":["2.2 Compatiblity","AchievementEnabler","Act Like it!","Aspiration","BaseMod","Beaked The Cultist","Better Altar","Better Match","Better Note","Better Sensory Stone","Better Skull","Better Third Choice","Better Vampires","BetterRewards","Block Reminder","CatGirl Mod","Clockwork Mod","Colored Map","Conspire","Curses Come First","Downfall","Energized Spire","Gensokyo","GungeonMod","Halation","Hermit","Hubris","Infinite Spire","Jedi Mod","JesterMod","Jorbs\u0027s Wanderer Trilogy","Marisa????????","Marked Mod","Mimic Mod","Minty Spire (QoL Compilation)","Pale of the Ancients","Random Character Button","Rare Cards Sparkle","Relic Sorter","Relic Stats","SCP261 Mod","Shop Mod","StSLib","The Administrix","The Alterego","The Blackbeard","The Bladedancer","The Construct","The Cursed","The Disciple","The Problem Sleuth","The Sage","The Servant 0.9.4","The Showman","Transform Curses","Unceasing Turn Reminder","egg","everything is the same but u backflip on backflip","slay the spire mod where everything is the same but ironclad has a cowboy hat","thorton"],"gold_per_floor":[99,110,110,110,16,41,41,54,54,54,70,98,112,141,156,258,258,158,178,193,95,108,120,188,88,188,88,188,206,206,224,234,339,339,339,357,378,390,138,155,155,155,181,192,209,209,209,209],"floor_reached":46,"language":"ENG","playtime":2745,"items_purged":["hubris:Disease"],"score":576,"play_id":"87990042-089f-47d8-85a4-b21ec9cfed1a","local_time":"20210130180419","is_ascension_mode":true,"campfire_choices":[{"data":"jedi:forcepull","floor":1,"key":"SMITH"},{"data":"Footwork","floor":10,"key":"SMITH"},{"floor":18,"key":"RECALL"},{"data":"bronze:AlphaBuild","floor":25,"key":"SMITH"},{"data":"bronze:Goto","floor":27,"key":"SMITH"},{"floor":30,"key":"REST"},{"data":"bronze:DonuBeam","floor":35,"key":"SMITH"},{"floor":42,"key":"REST"}],"circlet_count":0,"master_deck":["bronze:Strike","bronze:Strike","bronze:Strike","bronze:Strike","bronze:Defend","bronze:Defend","bronze:Defend","bronze:Defend","bronze:Replicate","bronze:Goto+1","jedi:forcepull+1","bronze:Backtrace","Footwork+1","bronze:Terminator","bronze:InfiniteBeams","bronze:Separator","bronze:InfiniteLoop","bronze:Overheat","bronze:ClassDefault+1","bronze:Branch","bronze:AlphaBuild+1","bronze:BugBarrage","bronze:GetLatest+1","bronze:Fortify+1","bronze:Optimize+1","bronze:DonuBeam+1","bronze:DecaBeam","bronze:Terminator+1","bronze:BugBarrage+1","bronze:ShipIt","bronze:BronzeOrb","blademaster:WrongfulFootwork","bronze:Repulsor+1"],"relics":["bronze:BronzeCore","bronze:SilverBullet","aspiration:SeaSaltIceCream","Eternal Feather","Frozen Egg 2","energizedSpire:CursedPentagram","downfall:HeartBlessingGreen","MerchantsRug","downfall:HeartBlessingRed","construct:BoolHorns","conspire:Flyswatter","downfall:HeartBlessingBlue","halation:ForbiddenBikini","Bottled Tornado","infinitespire:BottledMercury","halation:Toothbrush","Potion Belt"],"acts_visited":["Exordium","TheCity","TheBeyond"],"potions_floor_usage":[12,13,14,16,21,23,26,29,33,36,40,46],"damage_taken":[{"damage":2,"enemies":"Small Slimes","floor":2,"turns":3},{"damage":0,"enemies":"downfall:FleeingMerchant","floor":5,"turns":4},{"damage":10,"enemies":"3 Sentries","floor":6,"turns":5},{"damage":4,"enemies":"2 Louse","floor":8,"turns":2},{"damage":0,"enemies":"Cultist","floor":11,"turns":1},{"damage":0,"enemies":"Lagavulin","floor":12,"turns":4},{"damage":0,"enemies":"conspire:2 RoseBushes","floor":13,"turns":4},{"damage":15,"enemies":"Gremlin Nob","floor":14,"turns":3},{"damage":5,"enemies":"Exordium Wildlife","floor":15,"turns":3},{"damage":18,"enemies":"WA_ARCHETYPE_RETAIN","floor":16,"turns":5},{"damage":1,"enemies":"Spheric Guardian","floor":19,"turns":3},{"damage":4,"enemies":"Chosen","floor":20,"turns":2},{"damage":0,"enemies":"downfall:FleeingMerchant","floor":21,"turns":4},{"damage":13,"enemies":"Centurion and Healer","floor":22,"turns":3},{"damage":0,"enemies":"Sentry and Sphere","floor":23,"turns":3},{"damage":0,"enemies":"DF_ARCHETYPE_STREAMLINE","floor":26,"turns":6},{"damage":50,"enemies":"DF_ARCHETYPE_STREAMLINE","floor":28,"turns":9},{"damage":14,"enemies":"Shelled Parasite and Fungi","floor":29,"turns":5},{"damage":0,"enemies":"conspire:HollyBat","floor":31,"turns":10},{"damage":3,"enemies":"Cultist and Chosen","floor":32,"turns":3},{"damage":46,"enemies":"SI_MIRROR_ARCHETYPE","floor":33,"turns":8},{"damage":0,"enemies":"3 Darklings","floor":36,"turns":2},{"damage":3,"enemies":"Orb Walker","floor":37,"turns":3},{"damage":0,"enemies":"3 Darklings","floor":38,"turns":2},{"damage":19,"enemies":"downfall:FleeingMerchant","floor":39,"turns":4},{"damage":49,"enemies":"Writhing Mass","floor":40,"turns":5},{"damage":5,"enemies":"Nemesis","floor":43,"turns":5},{"damage":0,"enemies":"Transient","floor":44,"turns":5},{"damage":46,"enemies":"3 Darklings","floor":45,"turns":5},{"damage":11,"enemies":"beaked:SuperParasite","floor":46,"turns":1}],"seed_played":"-6458632940727448936","potions_obtained":[{"floor":2,"key":"Dexterity Potion"},{"floor":6,"key":"Block Potion"},{"floor":9,"key":"CultistPotion"},{"floor":13,"key":"jedi:tentaclejuice"},{"floor":14,"key":"Guardian:BlockOnCardUsePotion"},{"floor":16,"key":"jedi:StrikingPotion"},{"floor":19,"key":"Dexterity Potion"},{"floor":22,"key":"DistilledChaos"},{"floor":26,"key":"SCP261:DewritoBlazePotion"},{"floor":29,"key":"jedi:StrikingPotion"},{"floor":33,"key":"SCP261:BarrettColaPotion"},{"floor":37,"key":"DemoMod:LeadSkinPotion"},{"floor":45,"key":"sagemod:Wine"}],"is_trial":false,"path_per_floor":["R","M","?","?","$","E","T","M","?","R","M","E","M","E","M","B",null,"R","M","M","$","M","M","T","R","?","R","?","M","R","M","M","B",null,"R","M","M","M","$","M","T","R","E","M","M","E"],"character_chosen":"THE_AUTOMATON","items_purchased":["bronze:InfiniteBeams","MerchantsRug","Bottled Tornado","infinitespire:BottledMercury"],"campfire_rested":2,"item_purchase_floors":[5,21,39,39],"current_hp_per_floor":[70,68,68,47,47,37,44,40,40,40,40,40,40,25,20,2,77,77,76,72,74,61,61,61,73,73,87,37,23,64,64,61,15,87,87,87,84,84,65,16,16,60,55,55,9,0,0,0],"gold":209,"neow_bonus":"RANDOM_COLORLESS","is_daily":false,"chose_seed":false,"campfire_upgraded":5,"win_rate":0.0,"timestamp":1612047859,"path_taken":["R","M","?","?","$","E","T","M","?","R","M","E","M","E","M","BOSS","R","M","M","$","M","M","T","R","?","R","?","M","R","M","M","BOSS","R","M","M","M","$","M","T","R","E","M","M","E"],"items_purchased_type":["Card","Relic","Relic","Relic"],"build_version":"2020-12-22","purchased_purges":1,"victory":false,"max_hp_per_floor":[70,70,70,70,70,70,77,77,77,77,77,77,77,77,77,77,77,77,77,77,77,77,77,77,77,77,87,87,87,87,87,87,87,87,87,87,87,87,87,87,87,87,87,87,87,87,87,87],"relic_stats":{"counters":[30,122],"Eternal Feather":49,"obtain_stats":[{"construct:BoolHorns":26,"Potion Belt":43,"MerchantsRug":21,"infinitespire:BottledMercury":39,"bronze:BronzeCore":0,"downfall:HeartBlessingRed":25,"Eternal Feather":12,"downfall:HeartBlessingGreen":18,"halation:ForbiddenBikini":34,"DemoMod:GlassGuonStoneRelic":2,"aspiration:SeaSaltIceCream":7,"Frozen Egg 2":14,"Bottled Tornado":39,"aspiration:HiddenCompartment":6,"energizedSpire:CursedPentagram":17,"downfall:HeartBlessingBlue":27,"Strawberry":7,"halation:Toothbrush":41,"bronze:SilverBullet":4,"conspire:Flyswatter":26},{"construct:BoolHorns":16,"Potion Belt":27,"MerchantsRug":13,"infinitespire:BottledMercury":25,"bronze:BronzeCore":0,"downfall:HeartBlessingRed":15,"Eternal Feather":6,"downfall:HeartBlessingGreen":10,"halation:ForbiddenBikini":21,"DemoMod:GlassGuonStoneRelic":1,"aspiration:SeaSaltIceCream":3,"Frozen Egg 2":8,"Bottled Tornado":25,"aspiration:HiddenCompartment":3,"energizedSpire:CursedPentagram":10,"downfall:HeartBlessingBlue":16,"Strawberry":3,"halation:Toothbrush":26,"bronze:SilverBullet":1,"conspire:Flyswatter":16},{"construct:BoolHorns":55,"Potion Belt":111,"MerchantsRug":43,"infinitespire:BottledMercury":101,"bronze:BronzeCore":0,"downfall:HeartBlessingRed":49,"Eternal Feather":19,"downfall:HeartBlessingGreen":34,"halation:ForbiddenBikini":90,"DemoMod:GlassGuonStoneRelic":3,"aspiration:SeaSaltIceCream":12,"Frozen Egg 2":26,"Bottled Tornado":101,"aspiration:HiddenCompartment":12,"energizedSpire:CursedPentagram":34,"downfall:HeartBlessingBlue":55,"Strawberry":12,"halation:Toothbrush":106,"bronze:SilverBullet":3,"conspire:Flyswatter":55}]},"card_choices":[{"not_picked":["Madness","sagemod:Refine"],"picked":"jedi:forcepull","floor":0},{"not_picked":["bronze:Frontload","bronze:Deprecate"],"picked":"bronze:Backtrace","floor":2},{"not_picked":["bronze:WildBeam","bronze:BugBarrage"],"picked":"bronze:Terminator","floor":5},{"not_picked":["bronze:Invalidate","bronze:NullPointer","bronze:InfiniteBeams"],"picked":"SKIP","floor":6},{"not_picked":["bronze:BugBarrage","bronze:WhirlingStrike"],"picked":"bronze:Separator","floor":8},{"not_picked":["bronze:BugBarrage","bronze:MaxOutput","bronze:OilSpill"],"picked":"SKIP","floor":11},{"not_picked":["bronze:Constructor","bronze:Frontload"],"picked":"bronze:InfiniteLoop","floor":12},{"not_picked":["bronze:Invalidate","bronze:Backtrace"],"picked":"bronze:Overheat","floor":13},{"not_picked":["bronze:Shield","bronze:ForceShield"],"picked":"bronze:ClassDefault+1","floor":14},{"not_picked":["bronze:BronzeOrb","bronze:Overheat"],"picked":"bronze:Branch","floor":15},{"not_picked":["bronze:FindAndReplace","bronze:Assembly"],"picked":"bronze:AlphaBuild","floor":16},{"not_picked":["bronze:ChildClass","bronze:Overload+1"],"picked":"bronze:BugBarrage","floor":19},{"not_picked":["bronze:Invalidate","bronze:Iterate"],"picked":"bronze:GetLatest+1","floor":20},{"not_picked":["bronze:Overload","bronze:Shield+1","bronze:DelayedSlice"],"picked":"SKIP","floor":21},{"not_picked":["bronze:Invalidate","bronze:WhirlingStrike","bronze:BugBarrage"],"picked":"SKIP","floor":22},{"not_picked":["bronze:Shield","bronze:CutThrough+1"],"picked":"bronze:Fortify+1","floor":23},{"not_picked":["bronze:Iterate+1","bronze:ForLoop"],"picked":"bronze:Optimize+1","floor":26},{"not_picked":[],"picked":"bronze:DonuBeam","floor":28},{"not_picked":[],"picked":"bronze:DecaBeam","floor":28},{"not_picked":["bronze:Deprecate","bronze:Backtrace+1"],"picked":"bronze:Terminator+1","floor":29},{"not_picked":["bronze:Boost","bronze:NullPointer","bronze:SpaghettiCode"],"picked":"SKIP","floor":31},{"not_picked":["bronze:Return","bronze:BronzeArmor","bronze:DelayedSlice"],"picked":"SKIP","floor":32},{"not_picked":["bronze:Turbo+1","bronze:Allocate"],"picked":"bronze:BugBarrage+1","floor":36},{"not_picked":["bronze:Deprecate+1","bronze:DelayedSlice+1","bronze:Separator"],"picked":"SKIP","floor":37},{"not_picked":["bronze:Return+1","bronze:Fortify"],"picked":"bronze:ShipIt","floor":38},{"not_picked":["bronze:Deprecate","bronze:RecursiveStrike","bronze:Overheat+1"],"picked":"SKIP","floor":39},{"not_picked":["bronze:DigitalCarnage+1","bronze:BugBarrage+1","bronze:Format"],"picked":"SKIP","floor":40},{"not_picked":["bronze:Boost","bronze:Turbo"],"picked":"bronze:BronzeOrb","floor":43},{"not_picked":["bronze:WhirlingStrike+1","bronze:DelayedGuard+1","bronze:Overheat+1"],"picked":"SKIP","floor":44},{"not_picked":["bronze:OilSpill","bronze:Backtrace"],"picked":"bronze:Repulsor+1","floor":45}],"player_experience":585564,"relics_obtained":[{"floor":6,"key":"aspiration:HiddenCompartment"},{"floor":7,"key":"aspiration:SeaSaltIceCream"},{"floor":12,"key":"Eternal Feather"},{"floor":14,"key":"Frozen Egg 2"},{"floor":26,"key":"construct:BoolHorns"},{"floor":26,"key":"conspire:Flyswatter"},{"floor":41,"key":"halation:Toothbrush"},{"floor":43,"key":"Potion Belt"}],"event_choices":[{"damage_healed":0,"gold_gain":0,"player_choice":"Got Potions","damage_taken":0,"max_hp_gain":0,"max_hp_loss":0,"event_name":"Lab","floor":9,"gold_loss":0}],"is_beta":false,"boss_relics":[{"not_picked":["Runic Pyramid","hubris:ScarierMask"],"picked":"energizedSpire:CursedPentagram"},{"not_picked":["sagemod:Falmels_Amulet","aspiration:FutureDiary"],"picked":"halation:ForbiddenBikini"}],"items_purged_floors":[39],"is_endless":false,"potions_floor_spawned":[2,6,11,13,14,16,19,22,26,29,33,37,45],"killed_by":"beaked:SuperParasite","ascension_level":1}}