{"host":"kgfs5ebhusfk1t4t","time":1612019390,"event":{"mods":["BaseMod","Colored Map","DeckTracker","Highlight Path","KOR Keyword Fix","Keyboard Shortcuts","Minty Spire (QoL Compilation)","Permanent Neow","Quick Restart","StSLib","SuperFastMode","everything is the same but u backflip on backflip"],"gold_per_floor":[20,31,31,31,31,31,46,67,67,86,51,51,51,87,87,217,217,230,230,254,19,37,37,37],"floor_reached":23,"language":"KOR","playtime":797,"items_purged":[],"score":228,"play_id":"b456aaaf-ebd6-4fca-b404-a583171b6ede","local_time":"20210131000950","is_ascension_mode":true,"campfire_choices":[{"data":"Dagger Spray","floor":6,"key":"SMITH"},{"data":"Noxious Fumes","floor":15,"key":"SMITH"}],"circlet_count":0,"master_deck":["Strike_G","Strike_G","Strike_G","Strike_G","Defend_G","Defend_G","Defend_G","Defend_G","Survivor","Neutralize","Dagger Spray+1","Dash","Bane","Deadly Poison","Backflip","Noxious Fumes+1","PiercingWail+1","Corpse Explosion+1","Backflip+1","Underhanded Strike+1","Accuracy","Escape Plan+1"],"relics":["Ring of the Snake","Golden Idol","Spirit Poop","Mummified Hand","Matryoshka","Vajra","Bottled Tornado","Fusion Hammer","War Paint"],"acts_visited":["Exordium","TheCity"],"potions_floor_usage":[16,22],"damage_taken":[{"damage":0,"enemies":"Jaw Worm","floor":1,"turns":5},{"damage":0,"enemies":"2 Louse","floor":2,"turns":2},{"damage":0,"enemies":"Cultist","floor":7,"turns":3},{"damage":7,"enemies":"Exordium Thugs","floor":8,"turns":4},{"damage":0,"enemies":"Blue Slaver","floor":10,"turns":4},{"damage":25,"enemies":"3 Sentries","floor":14,"turns":6},{"damage":12,"enemies":"Hexaghost","floor":16,"turns":8},{"damage":13,"enemies":"Shell Parasite","floor":18,"turns":5},{"damage":11,"enemies":"2 Thieves","floor":20,"turns":4},{"damage":13,"enemies":"Snecko","floor":22,"turns":4},{"damage":19,"enemies":"Book of Stabbing","floor":23,"turns":4}],"seed_played":"-53773218202245993","potions_obtained":[{"floor":1,"key":"GamblersBrew"},{"floor":7,"key":"AttackPotion"},{"floor":10,"key":"Poison Potion"},{"floor":16,"key":"SpeedPotion"}],"is_trial":false,"path_per_floor":["M","M","?","$","?","R","M","M","T","M","$","T","?","E","R","B",null,"M","?","M","$","M","E"],"character_chosen":"THE_SILENT","items_purchased":["Noxious Fumes","Accuracy","War Paint"],"campfire_rested":0,"item_purchase_floors":[11,21,21],"current_hp_per_floor":[70,70,70,70,70,70,70,63,63,63,63,63,63,38,38,26,70,57,57,46,46,33,14,14],"gold":37,"neow_bonus":"REMOVE_TWO","is_daily":false,"chose_seed":false,"campfire_upgraded":2,"win_rate":0.0,"timestamp":1612019390,"path_taken":["M","M","?","$","?","R","M","M","T","?","?","?","?","E","R","BOSS","M","?","M","$","?","E"],"items_purchased_type":["Card","Card","Relic"],"build_version":"2020-12-22","purchased_purges":0,"victory":false,"max_hp_per_floor":[70,70,70,70,70,70,70,70,70,70,70,70,70,70,70,70,70,70,70,70,70,70,70,70],"card_choices":[{"not_picked":["Backstab","Quick Slash"],"picked":"Dagger Spray","floor":1},{"not_picked":["Quick Slash","Acrobatics"],"picked":"Dash","floor":2},{"not_picked":["Deadly Poison","Endless Agony"],"picked":"Bane","floor":7},{"not_picked":["Outmaneuver","Footwork"],"picked":"Deadly Poison","floor":8},{"not_picked":["Unload","Sucker Punch"],"picked":"Backflip","floor":10},{"not_picked":["Endless Agony","Bane"],"picked":"PiercingWail","floor":14},{"not_picked":["Die Die Die","Wraith Form v2"],"picked":"Corpse Explosion","floor":16},{"not_picked":["Skewer","Prepared"],"picked":"Backflip+1","floor":18},{"not_picked":["Expertise","Outmaneuver"],"picked":"Underhanded Strike+1","floor":20},{"not_picked":["Underhanded Strike","PiercingWail"],"picked":"Escape Plan+1","floor":22}],"player_experience":165808,"relics_obtained":[{"floor":9,"key":"Mummified Hand"},{"floor":12,"key":"Matryoshka"},{"floor":14,"key":"Bottled Tornado"}],"event_choices":[{"damage_healed":0,"gold_gain":0,"player_choice":"Take Wound","damage_taken":0,"relics_obtained":["Golden Idol"],"max_hp_gain":0,"max_hp_loss":0,"event_name":"Golden Idol","floor":3,"gold_loss":0,"cards_obtained":["Injury"]},{"cards_removed":["Injury"],"damage_healed":0,"gold_gain":0,"player_choice":"Offered Curse","damage_taken":0,"relics_obtained":["Spirit Poop"],"max_hp_gain":0,"max_hp_loss":0,"event_name":"Bonfire Elementals","floor":5,"gold_loss":0},{"damage_healed":0,"gold_gain":0,"player_choice":"Box","damage_taken":0,"relics_obtained":["Vajra"],"max_hp_gain":0,"max_hp_loss":0,"event_name":"Big Fish","floor":13,"gold_loss":0,"cards_obtained":["Regret"]},{"cards_removed":["Regret"],"damage_healed":0,"gold_gain":0,"player_choice":"Purged","damage_taken":0,"max_hp_gain":0,"max_hp_loss":0,"event_name":"Purifier","floor":19,"gold_loss":0}],"is_beta":false,"boss_relics":[{"not_picked":["Pandora\u0027s Box","Empty Cage"],"picked":"Fusion Hammer"}],"items_purged_floors":[],"is_endless":false,"potions_floor_spawned":[1,7,10,16],"killed_by":"Book of Stabbing","ascension_level":4}}