{"host":"thn8o1tmql8xszd5","time":1612024154,"event":{"mods":["2.2 Compatiblity","AchievementEnabler","BaseMod","Bestiary","Colored Map","DeckTracker","Downfall","Highlight Path","Minty Spire (QoL Compilation)","Permanent Neow","Quick Restart","Random Character Button","Relic Sorter","Relic Stats","StSLib","The Blue Laboratory"],"gold_per_floor":[99,152,602,452,467,467,492,508,508,520,41,68,85,117,132,230,230,230,247,262,362,372,372,454,188,204,204,231,244,244,274,284,388,388,388,407,253,253,253,269,344,344,344,379,479,493,493,508,522,522],"floor_reached":51,"language":"ENG","playtime":43150,"items_purged":["downfall:Icky","downfall:Icky","hexamod:SpectralAdrenaline+1"],"score":865,"play_id":"34fe23b6-c20e-43b3-93fe-4e84906c0824","local_time":"20210130112914","is_ascension_mode":true,"campfire_choices":[{"data":"hexamod:Sear","floor":1,"key":"SMITH"},{"data":"hexamod:NightmareGuise","floor":6,"key":"SMITH"},{"data":"hexamod:FastForward","floor":9,"key":"SMITH"},{"data":"hexamod:TimeWarp","floor":18,"key":"SMITH"},{"data":"hexamod:GhostOfSpireFuture","floor":23,"key":"SMITH"},{"data":"hexamod:HeatShield","floor":27,"key":"SMITH"},{"data":"hexamod:HexaLevel","floor":35,"key":"SMITH"},{"data":"hexamod:GhostflameBarrier","floor":42,"key":"SMITH"},{"data":"hexamod:ChargedBarrage","floor":47,"key":"SMITH"}],"circlet_count":0,"master_deck":["hexamod:Sear+1","hexamod:Float","hexamod:FastForward+1","hexamod:NightmareGuise+1","hexamod:FastForward","hexamod:GhostflameBarrier+1","hexamod:TimeWarp+1","hexamod:FastForward","hexamod:PhantomCloak","hexamod:ChargedBarrage+1","hexamod:GhostOfSpireFuture+1","hexamod:ChargedBarrage","hexamod:HexaLevel+1","hexamod:Hexaguard+1","hexamod:HeatShield+1","hexamod:GhostLash","Bite","Bite","Bite","Bite","Bite","hexamod:PhantomCloak","hexamod:ParanormalForm","hexamod:NightmareStrike+1","hexamod:BacktrackSmack+1","hexamod:HeatCrush+1","hexamod:FastForward+1","hexamod:FlamesFromBeyond+1","Parasite"],"relics":["hexamod:SpiritBrand","Ancient Tea Set","Guardian:PocketSentry","HornCleat","Guardian:GemstoneGun","StrikeDummy","hexamod:IceCube","downfall:GremlinWheel","Shuriken","Guardian:BottledAnomaly","Art of War","Thread and Needle","Astrolabe","Pear","Frozen Egg 2","Oddly Smooth Stone"],"acts_visited":["Exordium","TheCity","TheBeyond"],"potions_floor_usage":[11,14,14,32,33,44,50,50,50,50,50],"damage_taken":[{"damage":4,"enemies":"Cultist","floor":5,"turns":4},{"damage":0,"enemies":"Jaw Worm","floor":8,"turns":3},{"damage":0,"enemies":"Small Slimes","floor":10,"turns":4},{"damage":0,"enemies":"downfall:FleeingMerchant","floor":11,"turns":4},{"damage":5,"enemies":"3 Sentries","floor":12,"turns":6},{"damage":5,"enemies":"Exordium Thugs","floor":13,"turns":3},{"damage":10,"enemies":"Gremlin Nob","floor":14,"turns":5},{"damage":4,"enemies":"Red Slaver","floor":15,"turns":2},{"damage":21,"enemies":"DF_ARCHETYPE_STREAMLINE","floor":16,"turns":8},{"damage":0,"enemies":"Chosen","floor":19,"turns":3},{"damage":0,"enemies":"Spheric Guardian","floor":20,"turns":6},{"damage":13,"enemies":"Spheric Guardian","floor":21,"turns":4},{"damage":19,"enemies":"Snecko","floor":22,"turns":5},{"damage":0,"enemies":"downfall:FleeingMerchant","floor":25,"turns":4},{"damage":0,"enemies":"Chosen and Byrds","floor":26,"turns":4},{"damage":9,"enemies":"Slavers","floor":28,"turns":7},{"damage":5,"enemies":"Snake Plant","floor":29,"turns":4},{"damage":19,"enemies":"Gremlin Leader","floor":31,"turns":8},{"damage":0,"enemies":"Shelled Parasite and Fungi","floor":32,"turns":4},{"damage":19,"enemies":"IC_MUSHROOM_ARCHETYPE","floor":33,"turns":8},{"damage":4,"enemies":"3 Darklings","floor":36,"turns":5},{"damage":0,"enemies":"downfall:FleeingMerchant","floor":37,"turns":4},{"damage":6,"enemies":"Orb Walker","floor":40,"turns":2},{"damage":1,"enemies":"Nemesis","floor":44,"turns":5},{"damage":1,"enemies":"Transient","floor":46,"turns":5},{"damage":0,"enemies":"Writhing Mass","floor":48,"turns":4},{"damage":0,"enemies":"Spire Growth","floor":49,"turns":3},{"damage":49,"enemies":"SI_POISON_ARCHETYPE","floor":50,"turns":9}],"seed_played":"-5833098563444126239","potions_obtained":[{"floor":8,"key":"blueLaboratory:StoneskinPotion"},{"floor":13,"key":"blueLaboratory:PolymorphPotion"},{"floor":14,"key":"FearPotion"},{"floor":21,"key":"sneckomod:MuddlingPotion"},{"floor":22,"key":"blueLaboratory:PyrophylliteBrew"},{"floor":29,"key":"hexamod:SoulburnPotion"},{"floor":32,"key":"blueLaboratory:LouseDecoction"},{"floor":46,"key":"blueLaboratory:HummingbirdPotion"},{"floor":48,"key":"blueLaboratory:HorrorPotion"}],"is_trial":false,"path_per_floor":["R","T","?","?","M","R","T","M","R","M","$","E","M","E","M","B",null,"R","M","M","?","M","R","T","$","M","R","E","M","?","E","M","B",null,"R","M","$","?","?","M","T","R","?","E","?","M","R","M","M","B",null],"character_chosen":"THE_SPIRIT","items_purchased":["Fruit Juice","HornCleat","hexamod:FastForward","Guardian:BottledAnomaly","Pear","EntropicBrew"],"campfire_rested":0,"item_purchase_floors":[11,11,11,25,37,37],"current_hp_per_floor":[70,70,70,80,76,76,76,76,76,76,81,76,71,61,57,36,85,85,85,85,72,53,53,53,53,53,53,44,39,39,36,44,43,59,59,57,69,69,69,63,63,63,63,69,69,69,69,69,69,30],"gold":522,"neow_bonus":"TRANSFORM_CARD","is_daily":false,"chose_seed":false,"campfire_upgraded":9,"win_rate":0.0,"timestamp":1612024154,"path_taken":["R","?","?","?","M","R","T","?","R","M","$","E","M","E","M","BOSS","R","M","M","?","?","R","T","$","M","R","E","M","?","E","M","BOSS","R","M","$","?","?","M","T","R","?","E","?","?","R","?","M","BOSS"],"items_purchased_type":["Potion","Relic","Card","Relic","Relic","Potion"],"build_version":"2020-12-22","purchased_purges":3,"victory":true,"max_hp_per_floor":[70,70,70,80,80,80,80,80,80,80,85,85,85,85,85,85,85,85,85,85,85,85,85,85,85,85,85,85,85,59,59,59,59,59,59,59,69,69,69,69,69,69,69,69,69,69,69,69,69,69],"relic_stats":{"counters":[28,133],"Shuriken":[18],"Astrolabe":["hexamod:SpectralAdrenaline","hexamod:NightmareStrike","hexamod:BacktrackSmack"],"Art of War":[6],"obtain_stats":[{"Pear":37,"Guardian:GemstoneGun":12,"Astrolabe":34,"Oddly Smooth Stone":44,"Thread and Needle":31,"Guardian:PocketSentry":7,"Frozen Egg 2":41,"Ancient Tea Set":2,"HornCleat":11,"downfall:GremlinWheel":21,"Shuriken":24,"Art of War":28,"Guardian:BottledAnomaly":25,"StrikeDummy":14,"hexamod:SpiritBrand":0,"hexamod:IceCube":17},{"Pear":22,"Guardian:GemstoneGun":5,"Astrolabe":20,"Oddly Smooth Stone":24,"Thread and Needle":18,"Guardian:PocketSentry":1,"Frozen Egg 2":23,"Ancient Tea Set":0,"HornCleat":4,"downfall:GremlinWheel":12,"Shuriken":13,"Art of War":16,"Guardian:BottledAnomaly":14,"StrikeDummy":7,"hexamod:SpiritBrand":0,"hexamod:IceCube":9},{"Pear":105,"Guardian:GemstoneGun":21,"Astrolabe":96,"Oddly Smooth Stone":112,"Thread and Needle":84,"Guardian:PocketSentry":4,"Frozen Egg 2":107,"Ancient Tea Set":0,"HornCleat":15,"downfall:GremlinWheel":52,"Shuriken":57,"Art of War":72,"Guardian:BottledAnomaly":61,"StrikeDummy":29,"hexamod:SpiritBrand":0,"hexamod:IceCube":39}]},"card_choices":[{"not_picked":["hexamod:InspiringFlames","hexamod:ShieldOfDarkness"],"picked":"hexamod:NightmareGuise","floor":5},{"not_picked":["hexamod:SpectersWail","hexamod:GhostLash"],"picked":"hexamod:FastForward","floor":8},{"not_picked":["hexamod:Hexaguard","hexamod:InspiringFlames"],"picked":"hexamod:GhostflameBarrier","floor":10},{"not_picked":["hexamod:HeatMetal","hexamod:Firestarter"],"picked":"hexamod:TimeWarp","floor":11},{"not_picked":["hexamod:SecondSeal","hexamod:ThermalTransfer"],"picked":"hexamod:PhantomCloak","floor":12},{"not_picked":["hexamod:SecondSeal","hexamod:SpectralAdrenaline"],"picked":"hexamod:ChargedBarrage","floor":13},{"not_picked":["hexamod:CatchUp","hexamod:SpectralAdrenaline"],"picked":"hexamod:GhostOfSpireFuture","floor":14},{"not_picked":["hexamod:AdvancingGuard","hexamod:RainOfEmbers"],"picked":"hexamod:ChargedBarrage","floor":15},{"not_picked":["hexamod:UnleashSpirits","hexamod:GhostflameInferno"],"picked":"hexamod:HexaLevel","floor":16},{"not_picked":["hexamod:SpectersWail","hexamod:CatchUp+1","hexamod:FlamesFromBeyond+1"],"picked":"SKIP","floor":19},{"not_picked":["hexamod:SwordOfDarkness","hexamod:CatchUp","hexamod:ThermalTransfer"],"picked":"SKIP","floor":20},{"not_picked":["hexamod:SuperheatedStrike","hexamod:SpectralSpark"],"picked":"hexamod:Hexaguard+1","floor":22},{"not_picked":["hexamod:NecessarySacrifice","hexamod:EtherealExpedition","hexamod:ChargedBarrage+1"],"picked":"SKIP","floor":25},{"not_picked":["hexamod:NightmareStrike+1","hexamod:HauntingEcho"],"picked":"hexamod:HeatShield","floor":26},{"not_picked":["hexamod:RecurringNightmare","hexamod:Rewind"],"picked":"hexamod:GhostLash","floor":28},{"not_picked":["hexamod:FirstSeal","hexamod:ThermalTransfer","hexamod:PhantomCloak"],"picked":"SKIP","floor":29},{"not_picked":["hexamod:FlamesFromBeyond+1","hexamod:ThirdSeal"],"picked":"hexamod:PhantomCloak","floor":31},{"not_picked":["hexamod:PowerFromBeyond+1","hexamod:SkipABeat+1","hexamod:SecondSeal"],"picked":"SKIP","floor":32},{"not_picked":["hexamod:PowerFromBeyond+1","hexamod:SkipABeat+1","hexamod:SecondSeal"],"picked":"SKIP","floor":32},{"not_picked":["hexamod:FifthSeal","hexamod:ForkedFlame"],"picked":"hexamod:ParanormalForm","floor":33},{"not_picked":["hexamod:HauntingEcho","hexamod:BacktrackSmack"],"picked":"hexamod:HeatCrush+1","floor":36},{"not_picked":["hexamod:HeatMetal","hexamod:SpectralAdrenaline+1"],"picked":"hexamod:FastForward+1","floor":37},{"not_picked":["hexamod:NightmareGuise+1","hexamod:BacktrackSmack","hexamod:Again+1"],"picked":"SKIP","floor":40},{"not_picked":["hexamod:BacktrackSmack","hexamod:Firestarter","hexamod:FlameSwitch"],"picked":"SKIP","floor":44},{"not_picked":["hexamod:NightmareStrike","hexamod:Again+1"],"picked":"hexamod:FlamesFromBeyond+1","floor":46},{"not_picked":["hexamod:SpectralSpark","hexamod:ShieldOfDarkness","hexamod:AdvancingGuard"],"picked":"SKIP","floor":48},{"not_picked":["hexamod:RainOfEmbers+1","hexamod:HauntingEcho+1","hexamod:NightmareGuise"],"picked":"SKIP","floor":49}],"player_experience":784386,"relics_obtained":[{"floor":2,"key":"Ancient Tea Set"},{"floor":7,"key":"Guardian:PocketSentry"},{"floor":12,"key":"Guardian:GemstoneGun"},{"floor":14,"key":"StrikeDummy"},{"floor":21,"key":"downfall:GremlinWheel"},{"floor":24,"key":"Shuriken"},{"floor":28,"key":"Art of War"},{"floor":31,"key":"Thread and Needle"},{"floor":41,"key":"Frozen Egg 2"},{"floor":44,"key":"Oddly Smooth Stone"}],"event_choices":[{"damage_healed":0,"gold_gain":0,"player_choice":"Became a vampire","damage_taken":0,"max_hp_gain":0,"max_hp_loss":26,"event_name":"Vampires","floor":30,"gold_loss":0,"cards_obtained":["Bite","Bite","Bite","Bite","Bite"]},{"cards_removed":["downfall:Icky"],"damage_healed":0,"gold_gain":0,"player_choice":"Card Removal","damage_taken":0,"max_hp_gain":0,"max_hp_loss":0,"event_name":"Wheel of Change","floor":35,"gold_loss":0}],"is_beta":false,"boss_relics":[{"not_picked":["Fusion Hammer","Calling Bell"],"picked":"hexamod:IceCube"},{"not_picked":["Sozu","bronze:MakeshiftBattery"],"picked":"Astrolabe"}],"items_purged_floors":[11,25,37],"is_endless":false,"potions_floor_spawned":[8,13,14,21,22,29,31,32,46,48,49],"ascension_level":1}}