{"host":"19r1ww88x2tc73i0","time":1612013090,"event":{"mods":["BaseMod","BetterRewards","Colored Map","Minty Spire (QoL Compilation)","Relic Stats","StSLib","SuperFastMode","slay the spire mod where everything is the same but ironclad has a cowboy hat"],"gold_per_floor":[16,29,44,44,56,56,83,99,99,19,19,36,36,61,61,135,135,148,38,50,68,84,84,110,56,110,141,152,186,201,221,221,292,292,308,72,126,126,126,126,155,155,155,155,155,155,174,222,222,222,222,222,222,0,31,31,31],"floor_reached":56,"language":"ENG","playtime":3156,"items_purged":["Clash"],"score":2150,"play_id":"aa7eb98d-bfb6-48e9-b4fe-6d9dbeacda85","local_time":"25640130202450","is_ascension_mode":true,"campfire_choices":[{"data":"Feed","floor":6.0,"key":"SMITH"},{"data":"Flex","floor":11.0,"key":"SMITH"},{"data":"Double Tap","floor":13.0,"key":"SMITH"},{"data":"Demon Form","floor":15.0,"key":"SMITH"},{"data":"Corruption","floor":23.0,"key":"SMITH"},{"floor":32.0,"key":"REST"},{"floor":40.0,"key":"REST"},{"floor":42.0,"key":"REST"},{"floor":49.0,"key":"RECALL"},{"floor":53.0,"key":"REST"}],"circlet_count":0,"master_deck":["AscendersBane","Bash","Feed+1","Dropkick","Flame Barrier","Headbutt","Second Wind","Anger","Flex+1","Double Tap+1","Demon Form+1","Fiend Fire","Shockwave","Offering","Power Through","Rupture","Offering","Corruption+1","Bloodletting","Disarm","Sword Boomerang+1","Second Wind","Barricade","Shrug It Off","Dark Embrace","Feel No Pain","Impervious","Cleave+1","Finesse","Flame Barrier+1","Uppercut+1","Shrug It Off+1"],"relics":["Burning Blood","Toy Ornithopter","Kunai","MealTicket","Pandora\u0027s Box","Sundial","Vajra","Potion Belt","Omamori","Lizard Tail","Fusion Hammer","Toolbox","FossilizedHelix","Regal Pillow","Ginger","Medical Kit","Nunchaku"],"acts_visited":["Exordium","TheCity","TheBeyond","TheEnding"],"potions_floor_usage":[55,56],"damage_taken":[{"damage":7.0,"enemies":"Jaw Worm","floor":1.0,"turns":3.0},{"damage":0.0,"enemies":"Cultist","floor":2.0,"turns":3.0},{"damage":12.0,"enemies":"2 Louse","floor":3.0,"turns":3.0},{"damage":33.0,"enemies":"Lots of Slimes","floor":5.0,"turns":6.0},{"damage":30.0,"enemies":"Lagavulin","floor":7.0,"turns":9.0},{"damage":0.0,"enemies":"Looter","floor":8.0,"turns":3.0},{"damage":9.0,"enemies":"Blue Slaver","floor":12.0,"turns":4.0},{"damage":13.0,"enemies":"3 Sentries","floor":14.0,"turns":8.0},{"damage":48.0,"enemies":"The Guardian","floor":16.0,"turns":10.0},{"damage":12.0,"enemies":"3 Byrds","floor":18.0,"turns":4.0},{"damage":22.0,"enemies":"Chosen","floor":20.0,"turns":4.0},{"damage":24.0,"enemies":"Shelled Parasite and Fungi","floor":21.0,"turns":3.0},{"damage":10.0,"enemies":"Centurion and Healer","floor":22.0,"turns":4.0},{"damage":44.0,"enemies":"Gremlin Leader","floor":24.0,"turns":6.0},{"damage":49.0,"enemies":"Slavers","floor":27.0,"turns":5.0},{"damage":14.0,"enemies":"Cultist and Chosen","floor":28.0,"turns":5.0},{"damage":17.0,"enemies":"Book of Stabbing","floor":29.0,"turns":5.0},{"damage":11.0,"enemies":"Snake Plant","floor":30.0,"turns":4.0},{"damage":6.0,"enemies":"Snecko","floor":31.0,"turns":2.0},{"damage":18.0,"enemies":"Automaton","floor":33.0,"turns":6.0},{"damage":20.0,"enemies":"3 Shapes","floor":35.0,"turns":6.0},{"damage":96.0,"enemies":"2 Orb Walkers","floor":37.0,"turns":6.0},{"damage":9.0,"enemies":"Nemesis","floor":41.0,"turns":3.0},{"damage":0.0,"enemies":"Orb Walker","floor":47.0,"turns":4.0},{"damage":77.0,"enemies":"Reptomancer","floor":48.0,"turns":6.0},{"damage":24.0,"enemies":"Time Eater","floor":50.0,"turns":6.0},{"damage":40.0,"enemies":"Donu and Deca","floor":51.0,"turns":8.0},{"damage":70,"enemies":"Shield and Spear","floor":55,"turns":6},{"damage":146,"enemies":"The Heart","floor":56,"turns":8}],"seed_played":"-2922308473870566791","potions_obtained":[{"floor":1.0,"key":"DuplicationPotion"},{"floor":2.0,"key":"Fire Potion"},{"floor":7.0,"key":"Explosive Potion"},{"floor":20.0,"key":"HeartOfIron"},{"floor":22.0,"key":"FairyPotion"},{"floor":27.0,"key":"Strength Potion"},{"floor":29.0,"key":"ColorlessPotion"},{"floor":33.0,"key":"LiquidMemories"},{"floor":35.0,"key":"BloodPotion"},{"floor":41.0,"key":"ColorlessPotion"},{"floor":48.0,"key":"PowerPotion"}],"is_trial":false,"path_per_floor":["M","M","M","?","M","R","E","M","T","$","R","M","R","E","R","B",null,"M","?","M","M","M","R","E","$","T","E","M","E","M","M","R","B",null,"M","$","?","?","?","R","E","R","T","?","$","$","M","E","R","B","B",null,"R","$","E","B"],"character_chosen":"IRONCLAD","items_purchased":["Anger","Flex","Shrug It Off","Toolbox","Medical Kit","AttackPotion"],"campfire_rested":4,"item_purchase_floors":[10,10,25,36,54,54],"current_hp_per_floor":[70,79,76,84,60,60,40,50,50,50,50,51,51,53,53,11,80,78,78,62,49,49,49,11,26,26,31,23,12,7,12,46,43,100,90,105,20,20,20,56,57,110,110,110,125,127,127,61,61,43,43,109,131,131,71,0,0],"gold":31,"neow_bonus":"THREE_RARE_CARDS","is_daily":false,"chose_seed":false,"campfire_upgraded":5,"win_rate":0.0,"timestamp":1612013090,"path_taken":["M","M","M","?","M","R","E","M","T","$","R","?","R","E","R","BOSS","M","?","M","M","M","R","E","$","T","E","M","E","?","M","R","BOSS","M","$","?","?","?","R","E","R","T","?","?","$","?","E","R","BOSS","BOSS","R","$","E","BOSS"],"items_purchased_type":["Card","Card","Card","Relic","Relic","Potion"],"build_version":"2020-12-22","purchased_purges":1,"victory":false,"max_hp_per_floor":[78,81,84,84,87,87,91,95,95,95,95,99,99,103,103,103,103,107,107,107,107,111,111,111,111,111,115,115,115,115,115,115,119,119,123,123,123,123,123,123,127,127,127,127,127,127,127,127,127,127,131,131,131,131,135,135,135],"relic_stats":{"Regal Pillow":15,"counters":[29,150],"Ginger":[2],"Medical Kit":[11],"Burning Blood":162,"Lizard Tail":67,"Nunchaku":[0],"Sundial":[14],"MealTicket":47,"Pandora\u0027s Box":["Shockwave","Offering","Power Through","Clash","Rupture","Offering","Corruption","Bloodletting","Disarm"],"Kunai":[38],"obtain_stats":[{"Potion Belt":26,"Regal Pillow":41,"Vajra":24,"Omamori":27,"Ginger":48,"Medical Kit":54,"Burning Blood":0,"Lizard Tail":29,"Nunchaku":55,"Sundial":19,"Toolbox":36,"MealTicket":14,"Pandora\u0027s Box":17,"Fusion Hammer":34,"Kunai":9,"Toy Ornithopter":7,"FossilizedHelix":37},{"Potion Belt":14,"Regal Pillow":23,"Vajra":14,"Omamori":15,"Ginger":25,"Medical Kit":27,"Burning Blood":0,"Lizard Tail":17,"Nunchaku":28,"Sundial":10,"Toolbox":21,"MealTicket":8,"Pandora\u0027s Box":9,"Fusion Hammer":20,"Kunai":6,"Toy Ornithopter":5,"FossilizedHelix":22},{"Potion Belt":70,"Regal Pillow":112,"Vajra":70,"Omamori":75,"Ginger":122,"Medical Kit":136,"Burning Blood":0,"Lizard Tail":85,"Nunchaku":142,"Sundial":53,"Toolbox":103,"MealTicket":39,"Pandora\u0027s Box":49,"Fusion Hammer":97,"Kunai":27,"Toy Ornithopter":24,"FossilizedHelix":109}],"Toy Ornithopter":40},"card_choices":[{"not_picked":["Demon Form","Offering"],"picked":"Feed","floor":0.0},{"not_picked":["Sever Soul","Rupture"],"picked":"Dropkick","floor":1.0},{"not_picked":["Sever Soul","Iron Wave"],"picked":"Flame Barrier","floor":2.0},{"not_picked":["Wild Strike","Burning Pact","Havoc"],"picked":"SKIP","floor":3.0},{"not_picked":["Warcry","Infernal Blade"],"picked":"Headbutt","floor":5.0},{"not_picked":["Perfected Strike","Armaments","Headbutt"],"picked":"SKIP","floor":7.0},{"not_picked":["Clash","Wild Strike"],"picked":"Second Wind","floor":8.0},{"not_picked":["Anger","Twin Strike"],"picked":"Double Tap","floor":12.0},{"not_picked":["Body Slam","Shrug It Off"],"picked":"Demon Form","floor":14.0},{"not_picked":["Barricade","Demon Form"],"picked":"Fiend Fire","floor":16.0},{"not_picked":["Carnage","Headbutt","Body Slam"],"picked":"SKIP","floor":18.0},{"not_picked":["Carnage","Headbutt","Body Slam"],"picked":"SKIP","floor":18.0},{"not_picked":["Sentinel","Rupture"],"picked":"Sword Boomerang+1","floor":20.0},{"not_picked":["True Grit","Perfected Strike"],"picked":"Sword Boomerang+1","floor":21.0},{"not_picked":["Armaments","Wild Strike"],"picked":"Second Wind","floor":22.0},{"not_picked":["Reckless Charge","Shockwave"],"picked":"Barricade","floor":24.0},{"not_picked":["Flex","Headbutt","Heavy Blade"],"picked":"SKIP","floor":27.0},{"not_picked":["Disarm","Blood for Blood"],"picked":"Dark Embrace","floor":28.0},{"not_picked":["Juggernaut","Headbutt","Warcry"],"picked":"SKIP","floor":29.0},{"not_picked":["Havoc","Cleave","Headbutt"],"picked":"SKIP","floor":30.0},{"not_picked":["Warcry+1","Sword Boomerang"],"picked":"Feel No Pain","floor":31.0},{"not_picked":["Corruption","Juggernaut"],"picked":"Impervious","floor":33.0},{"not_picked":["Perfected Strike+1","Clash"],"picked":"Cleave+1","floor":35.0},{"not_picked":["Trip","Jack Of All Trades"],"picked":"Finesse","floor":38.0},{"not_picked":["Thunderclap","Armaments","Flex+1"],"picked":"SKIP","floor":41.0},{"not_picked":["Clash+1","Bludgeon"],"picked":"Flame Barrier+1","floor":47.0},{"not_picked":["True Grit","Sever Soul+1"],"picked":"Uppercut+1","floor":48.0},{"not_picked":["Warcry","Uppercut"],"picked":"Shrug It Off+1","floor":55}],"player_experience":970169,"relics_obtained":[{"floor":7.0,"key":"Toy Ornithopter"},{"floor":9.0,"key":"Kunai"},{"floor":14.0,"key":"MealTicket"},{"floor":24.0,"key":"Vajra"},{"floor":26.0,"key":"Potion Belt"},{"floor":27.0,"key":"Omamori"},{"floor":29.0,"key":"Lizard Tail"},{"floor":37.0,"key":"FossilizedHelix"},{"floor":41.0,"key":"Regal Pillow"},{"floor":48.0,"key":"Ginger"},{"floor":55,"key":"Nunchaku"}],"event_choices":[{"damage_healed":8.0,"max_hp_gain":0.0,"max_hp_loss":0.0,"gold_gain":0.0,"event_name":"Wheel of Change","player_choice":"Full Heal","floor":4.0,"gold_loss":0.0,"damage_taken":0.0},{"damage_healed":0.0,"max_hp_gain":0.0,"max_hp_loss":0.0,"gold_gain":0.0,"event_name":"WeMeetAgain","player_choice":"Paid Gold","floor":19.0,"gold_loss":110.0,"damage_taken":0.0,"relics_obtained":["Sundial"]},{"damage_healed":0.0,"max_hp_gain":0.0,"max_hp_loss":0.0,"gold_gain":0.0,"event_name":"Mysterious Sphere","player_choice":"Fight","floor":37.0,"gold_loss":0.0,"damage_taken":0.0},{"damage_healed":0.0,"max_hp_gain":0.0,"max_hp_loss":0.0,"gold_gain":0.0,"event_name":"SensoryStone","player_choice":"Memory 1","floor":38.0,"gold_loss":0.0,"damage_taken":0.0},{"damage_healed":0.0,"max_hp_gain":0.0,"max_hp_loss":0.0,"gold_gain":0.0,"event_name":"Tomb of Lord Red Mask","player_choice":"Ignored","floor":39.0,"gold_loss":0.0,"damage_taken":0.0},{"cards_removed":["Sword Boomerang"],"damage_healed":0.0,"max_hp_gain":0.0,"max_hp_loss":0.0,"gold_gain":0.0,"event_name":"Falling","player_choice":"Removed Attack","floor":44.0,"gold_loss":0.0,"damage_taken":0.0}],"is_beta":false,"boss_relics":[{"not_picked":["Busted Crown","Black Blood"],"picked":"Pandora\u0027s Box"},{"not_picked":["Runic Pyramid","Coffee Dripper"],"picked":"Fusion Hammer"}],"items_purged_floors":[36],"is_endless":false,"potions_floor_spawned":[1,2,3,7,20,22,27,29,33,35,41,48],"killed_by":"The Heart","ascension_level":20}}