{"host":"9oysz4knkucnjyyz","time":1612033433,"event":{"mods":["100% Spire Juice","2.2 Compatiblity","A Penny For Your Troubles","Act Like it!","BaseMod","Better Altar","Better Match","Better Note","Better Sensory Stone","Better Skull","Better Third Choice","BetterRewards","Displayed Cursed Tome","Downfall","Friendly Minions","Googly Eyes","GungeonMod","Hallownest","Hermit","Lobotomy","LobotomyExtend","Minty Spire (QoL Compilation)","Reliquary","Spicy Shops","Spire Arcade","Spire Birthday Party","StSLib","The Bug Knight","Wide Potions","everything is the same but u backflip on backflip","slay the spire mod where everything is the same but ironclad has a cowboy hat"],"gold_per_floor":[369,383,394,405,422,452,452,471,521,521,521],"floor_reached":10,"language":"ENG","playtime":300,"items_purged":[],"score":144,"play_id":"e7feea08-3f8f-4eaa-bf82-88057826f452","local_time":"20210130140353","is_ascension_mode":true,"campfire_choices":[],"circlet_count":0,"master_deck":["AscendersBane","SpecialBullet","SpecialBullet","SpecialBullet","SpecialBullet","SpecialBullet","SpecialBullet","SpecialBullet","SpecialBullet","InformationCode","SecurityCode","DisciplinaryCode","Scorched","OSAHOGD","Freischutz","WristCuter","OldLady","MHz","Adoration"],"relics":["CogitoBucket","RabbitCall","LetterFromLob","Singing Bowl","reliquary:Knoch"],"acts_visited":["Exordium"],"potions_floor_usage":[8],"damage_taken":[{"damage":6,"enemies":"Cultist","floor":1,"turns":3},{"damage":13,"enemies":"2 Louse","floor":2,"turns":2},{"damage":11,"enemies":"Small Slimes","floor":3,"turns":3},{"damage":8,"enemies":"Blue Slaver","floor":4,"turns":2},{"damage":0,"enemies":"2 Fungi Beasts","floor":5,"turns":1},{"damage":7,"enemies":"Gremlin Nob","floor":6,"turns":3},{"damage":38,"enemies":"Looter","floor":8,"turns":8},{"damage":30,"enemies":"3 Sentries","floor":10,"turns":3}],"seed_played":"-5728378182773807559","potions_obtained":[{"floor":3,"key":"ColorlessPotion"},{"floor":5,"key":"SpeedPotion"},{"floor":8,"key":"Dexterity Potion"}],"is_trial":false,"path_per_floor":["M","M","M","M","M","E","R","M","T","E"],"character_chosen":"Angela","items_purchased":[],"campfire_rested":0,"item_purchase_floors":[],"current_hp_per_floor":[63,58,55,55,63,65,65,39,39,19,19],"gold":521,"neow_bonus":"TWO_FIFTY_GOLD","is_daily":false,"chose_seed":false,"campfire_upgraded":0,"win_rate":0.0,"timestamp":1612033433,"path_taken":["M","M","?","M","M","E","R","?","T","E"],"items_purchased_type":[],"build_version":"2020-12-22","purchased_purges":0,"victory":false,"max_hp_per_floor":[63,63,63,63,63,65,65,69,69,69,69],"card_choices":[{"not_picked":["CrumblingArmor","FairyFestival"],"picked":"Scorched","floor":1},{"not_picked":["FrostShard","Beak"],"picked":"SKIP","floor":1},{"not_picked":["ShyLook","MHz"],"picked":"OSAHOGD","floor":2},{"not_picked":["TodaysExpression","Wingbeat"],"picked":"SKIP","floor":2},{"not_picked":["Gaze","Hypocrisy"],"picked":"SKIP","floor":3},{"not_picked":["LittleHelper","BeautyBeast"],"picked":"Freischutz","floor":4},{"not_picked":["GrinderMk4"],"picked":"WristCuter","floor":4},{"not_picked":["SpiderBud","Wellcheers"],"picked":"OldLady","floor":5},{"not_picked":["BlueScar","SomewhereSpear"],"picked":"SKIP","floor":5},{"not_picked":["Reverberation","Noise"],"picked":"Singing Bowl","floor":6},{"not_picked":["BeautyBeast","SingingMachine"],"picked":"MHz","floor":8},{"not_picked":["Tough"],"picked":"Adoration","floor":8}],"player_experience":372127,"relics_obtained":[{"floor":1,"key":"LetterFromLob"},{"floor":6,"key":"Singing Bowl"},{"floor":9,"key":"reliquary:Knoch"}],"event_choices":[],"is_beta":false,"boss_relics":[],"items_purged_floors":[],"is_endless":false,"potions_floor_spawned":[3,4,5,8],"killed_by":"3 Sentries","ascension_level":20}}