{"host":"3azvxbhvx7nk2p5g","time":1612019292,"event":{"mods":["BaseMod","Koishi","Minty Spire (QoL Compilation)","StSLib"],"gold_per_floor":[210,210,64,74,74,74,93,109,109,121,21,196,196,2,2,106,106,125,125,125,21,21,21,36,36,36,36,53,71,83,100,100,198,198,210,226,237,251,271,271,284,96,96,128,138,158,169,63,63,63],"floor_reached":51,"language":"ZHS","playtime":3533,"items_purged":["Koishi:BasicStrike","Koishi:BasicStrike","Doubt","Koishi:BasicDefend","Koishi:BasicDefend"],"score":700,"play_id":"99e3b998-4884-440c-af4a-5f2e91492833","local_time":"20210130230812","is_ascension_mode":false,"campfire_choices":[{"data":"Koishi:HeartAttack","floor":6.0,"key":"SMITH"},{"data":"Koishi:Prune","floor":15.0,"key":"SMITH"},{"data":"Koishi:Ego","floor":23.0,"key":"SMITH"},{"data":"Koishi:MassHysteria","floor":25.0,"key":"SMITH"},{"data":"Koishi:UnconsciousUrges","floor":32.0,"key":"SMITH"},{"data":"Koishi:GhostParty","floor":40.0,"key":"SMITH"},{"data":"Koishi:GhostParty","floor":49,"key":"SMITH"}],"circlet_count":0,"master_deck":["Koishi:BasicDefend","Koishi:Provoke","Koishi:HauntingSlash","Koishi:RorschachInDanmaku","Koishi:HeartfeltFancy","Koishi:HeartAttack+1","Koishi:UnconsciousUprising","Koishi:SprinkleStarAndHeart","Koishi:SubterraneanRose","Koishi:MassHysteria+1","Koishi:ReflexRadar","Koishi:Prune+1","Koishi:Ego+1","Koishi:GhostParty","Koishi:HeartAttack","Koishi:UnconsciousUrges+1","Koishi:PredatoryInstincts+1","Koishi:GhostParty+1","Koishi:SubconsciousSweep","Koishi:Prune","Koishi:GhostParty+1","Koishi:FadingMemory","Koishi:SubterraneanRose+1","Koishi:Prune","Koishi:PredatoryInstincts+1","Koishi:SubconsciousSweep+1","Koishi:Untouchable+1","Koishi:GhostParty+1","Koishi:DNAsFlaw","Koishi:GhostParty+1","Koishi:FreudianInstinct+1","Koishi:GeneticsOfTheUnconscious","Koishi:LastRemote+1","Koishi:UnconsciousUrges","Koishi:LastRemote+1","Koishi:RuptureMind+1","Koishi:HeartAttack+1","Koishi:SubconsciousSweep+1","Koishi:YoukaiPolygraph+1","Koishi:TremblingHands+1"],"relics":["Koishi:ImaginaryFriend","Prayer Wheel","Membership Card","Black Star","Dream Catcher","SlaversCollar","Koishi:BloodstainedWhiteRose","Molten Egg 2","Koishi:EchoesOfADeadGirl","Letter Opener"],"acts_visited":["Exordium","TheCity","TheBeyond"],"potions_floor_usage":[46,47,50,50],"damage_taken":[{"damage":4.0,"enemies":"Jaw Worm","floor":1.0,"turns":6.0},{"damage":0.0,"enemies":"Cultist","floor":4.0,"turns":3.0},{"damage":0.0,"enemies":"2 Louse","floor":7.0,"turns":3.0},{"damage":0.0,"enemies":"2 Fungi Beasts","floor":8.0,"turns":4.0},{"damage":0.0,"enemies":"Exordium Wildlife","floor":10.0,"turns":4.0},{"damage":4.0,"enemies":"The Guardian","floor":16.0,"turns":8.0},{"damage":0.0,"enemies":"3 Byrds","floor":18.0,"turns":2.0},{"damage":6.0,"enemies":"Chosen","floor":24.0,"turns":4.0},{"damage":0.0,"enemies":"Centurion and Healer","floor":28.0,"turns":5.0},{"damage":3.0,"enemies":"Snake Plant","floor":29.0,"turns":5.0},{"damage":10.0,"enemies":"Chosen and Byrds","floor":30.0,"turns":8.0},{"damage":0.0,"enemies":"Centurion and Healer","floor":31.0,"turns":7.0},{"damage":4.0,"enemies":"Automaton","floor":33.0,"turns":11.0},{"damage":4.0,"enemies":"3 Darklings","floor":35.0,"turns":5.0},{"damage":6.0,"enemies":"3 Shapes","floor":36.0,"turns":6.0},{"damage":21.0,"enemies":"Writhing Mass","floor":37.0,"turns":5.0},{"damage":18.0,"enemies":"Sphere and 2 Shapes","floor":38.0,"turns":5.0},{"damage":16.0,"enemies":"Transient","floor":39.0,"turns":5.0},{"damage":0.0,"enemies":"3 Darklings","floor":41.0,"turns":7.0},{"damage":2.0,"enemies":"Giant Head","floor":44.0,"turns":8.0},{"damage":16,"enemies":"4 Shapes","floor":45,"turns":4},{"damage":10,"enemies":"Transient","floor":46,"turns":5},{"damage":19,"enemies":"Jaw Worm Horde","floor":47,"turns":3},{"damage":1,"enemies":"Time Eater","floor":50,"turns":10}],"seed_played":"-4164144136778648764","potions_obtained":[{"floor":1.0,"key":"DuplicationPotion"},{"floor":16.0,"key":"Swift Potion"},{"floor":28.0,"key":"SkillPotion"},{"floor":30.0,"key":"Regen Potion"},{"floor":41.0,"key":"EntropicBrew"},{"floor":47,"key":"DistilledChaos"}],"is_trial":false,"path_per_floor":["M","?","$","M","?","R","M","M","T","M","$","?","?","$","R","B",null,"M","?","?","$","?","R","M","R","T","?","M","M","M","M","R","B",null,"M","M","M","M","M","R","M","$","T","E","M","M","M","$","R","B",null],"character_chosen":"KOISHI","items_purchased":["Koishi:HeartAttack","Membership Card","Koishi:ReflexRadar","Koishi:Prune","Koishi:UnconsciousUrges","Koishi:UnconsciousUrges","Koishi:BloodstainedWhiteRose","Koishi:TremblingHands+1"],"campfire_rested":0,"item_purchase_floors":[3,14,14,14,21,42,42,48],"current_hp_per_floor":[59,59,59,60,60,60,60,60,60,60,60,60,60,60,60,56,60,60,60,50,50,50,50,44,44,44,38,44,49,53,65,65,65,65,65,65,56,62,58,58,65,65,65,65,52,59,65,65,65,64],"gold":63,"neow_bonus":"HUNDRED_GOLD","is_daily":false,"chose_seed":false,"campfire_upgraded":7,"win_rate":0.0,"timestamp":1612019292,"path_taken":["M","?","$","M","?","R","M","M","T","?","$","?","?","$","R","BOSS","M","?","?","$","?","R","?","R","T","?","M","M","M","M","R","BOSS","M","M","M","M","M","R","M","$","T","E","M","M","M","$","R","BOSS"],"items_purchased_type":["Card","Relic","Card","Card","Card","Card","Relic","Card"],"build_version":"2020-12-22","purchased_purges":5,"victory":true,"max_hp_per_floor":[60,60,60,60,60,60,60,60,60,60,60,60,60,60,60,60,60,60,60,65,65,65,65,65,65,65,65,65,65,65,65,65,65,65,65,65,65,65,65,65,65,65,65,65,65,65,65,65,65,65],"card_choices":[{"not_picked":["Koishi:ReflexRadar","Koishi:StingingMind"],"picked":"Koishi:RorschachInDanmaku","floor":1.0},{"not_picked":["Koishi:ParalyzingFear","Koishi:GeneticsOfTheUnconscious"],"picked":"Koishi:UnconsciousUprising","floor":4.0},{"not_picked":["Koishi:FleetingPhantom","Koishi:Vanish"],"picked":"Koishi:SprinkleStarAndHeart","floor":7.0},{"not_picked":["Koishi:PhantomStrike","Koishi:PhantomBarrier","Koishi:DreadfulBlow"],"picked":"SKIP","floor":8.0},{"not_picked":["Koishi:Jaunt","Koishi:RacingHeart"],"picked":"Koishi:SubterraneanRose","floor":10.0},{"not_picked":["Koishi:Whimsy","Koishi:SubterraneanRose"],"picked":"Koishi:MassHysteria","floor":10.0},{"not_picked":["Koishi:SilentAndRestless","Koishi:SuperEgo"],"picked":"Koishi:Ego","floor":16.0},{"not_picked":["Koishi:PhantomStrike","Koishi:SubconsciousSweep"],"picked":"Koishi:GhostParty","floor":18.0},{"not_picked":["Koishi:Jaunt","Koishi:UnconsciousUprising"],"picked":"Koishi:HeartAttack","floor":18.0},{"not_picked":["Koishi:SpiritedAway","Koishi:RacingHeart"],"picked":"Koishi:PredatoryInstincts+1","floor":24.0},{"not_picked":["Koishi:MassHysteria+1","Koishi:CatchAndRose"],"picked":"Koishi:GhostParty","floor":24.0},{"not_picked":["Koishi:ReflexRadar","Koishi:Jaunt","Koishi:FormlessExistence"],"picked":"SKIP","floor":28.0},{"not_picked":["Koishi:CatchAndRose+1","Koishi:Catatonia","Koishi:JumpScare"],"picked":"SKIP","floor":28.0},{"not_picked":["Koishi:StingingMind+1","Koishi:FidgetySnatcher+1"],"picked":"Koishi:SubconsciousSweep","floor":29.0},{"not_picked":["Koishi:StingingMind","Koishi:ConfinedInnocent","Koishi:CatchAndRose"],"picked":"SKIP","floor":29.0},{"not_picked":["Koishi:BloodcurdlingScream","Koishi:SubterraneanRose"],"picked":"Koishi:Prune","floor":30.0},{"not_picked":["Koishi:UnansweredLove","Koishi:Catatonia","Koishi:Whimsy"],"picked":"SKIP","floor":30.0},{"not_picked":["Koishi:PhantomStrike","Koishi:RacingHeart"],"picked":"Koishi:GhostParty+1","floor":31.0},{"not_picked":["Koishi:PhantomBarrier+1","Koishi:JumpScare","Koishi:DanmakuParanoia"],"picked":"SKIP","floor":31.0},{"not_picked":["Koishi:Heartbroken","Koishi:TerrifyingSpectre"],"picked":"Koishi:FadingMemory","floor":33.0},{"not_picked":["Koishi:BloodcurdlingScream+1","Koishi:Whimsy+1"],"picked":"Koishi:SubterraneanRose+1","floor":35.0},{"not_picked":["Koishi:PhilosophyOfTheDespised","Koishi:SubterraneanRose"],"picked":"Koishi:Prune","floor":35.0},{"not_picked":["Koishi:SpiritedAway","Koishi:DanmakuParanoia+1"],"picked":"Koishi:PredatoryInstincts+1","floor":36.0},{"not_picked":["Koishi:RollingInRichesHeart","Koishi:JumpScare+1","Koishi:StrangeCloudFist"],"picked":"SKIP","floor":36.0},{"not_picked":["Koishi:SpiritedAway+1","Koishi:FreudianInstinct+1"],"picked":"Koishi:SubconsciousSweep+1","floor":37.0},{"not_picked":["Koishi:FourthEye+1","Koishi:TremblingHands"],"picked":"Koishi:Untouchable+1","floor":37.0},{"not_picked":["Koishi:RacingHeart+1","Koishi:SpiritedAway"],"picked":"Koishi:GhostParty","floor":38.0},{"not_picked":["Koishi:PhantomStrike","Koishi:FormlessExistence"],"picked":"Koishi:DNAsFlaw","floor":38.0},{"not_picked":["Koishi:TraumaticStroke","Koishi:SubconsciousSweep"],"picked":"Koishi:GhostParty+1","floor":39.0},{"not_picked":["Koishi:BramblyRoseGarden+1","Koishi:Prune"],"picked":"Koishi:FreudianInstinct+1","floor":39.0},{"not_picked":["Koishi:BloodcurdlingScream","Koishi:BramblyRoseGarden"],"picked":"Koishi:GeneticsOfTheUnconscious","floor":41.0},{"not_picked":["Koishi:YoukaiPolygraph+1","Koishi:Catatonia"],"picked":"Koishi:LastRemote+1","floor":41.0},{"not_picked":["Koishi:UnansweredLove","Koishi:UnconsciousUprising+1"],"picked":"Koishi:LastRemote+1","floor":44.0},{"not_picked":["Koishi:FleetingPhantom+1","Koishi:IdleWhim"],"picked":"Koishi:RuptureMind+1","floor":45},{"not_picked":["Koishi:TraumaticStroke+1","Koishi:StingingMind+1","Koishi:SubterraneanRose+1"],"picked":"SKIP","floor":45},{"not_picked":["Koishi:DanmakuParanoia","Koishi:JumpScare"],"picked":"Koishi:HeartAttack+1","floor":46},{"not_picked":["Koishi:UnansweredLove","Koishi:DanmakuParanoia+1","Koishi:DNAsFlaw+1"],"picked":"SKIP","floor":46},{"not_picked":["Koishi:StingingMind+1","Koishi:UnconsciousUprising"],"picked":"Koishi:SubconsciousSweep+1","floor":47},{"not_picked":["Koishi:HeartfeltFancy","Koishi:UnansweredLove"],"picked":"Koishi:YoukaiPolygraph+1","floor":47}],"player_experience":58523,"relics_obtained":[{"floor":9.0,"key":"Prayer Wheel"},{"floor":26.0,"key":"Dream Catcher"},{"floor":43.0,"key":"Molten Egg 2"},{"floor":44.0,"key":"Koishi:EchoesOfADeadGirl"},{"floor":44.0,"key":"Letter Opener"}],"event_choices":[{"damage_healed":0.0,"max_hp_gain":0.0,"max_hp_loss":0.0,"gold_gain":0.0,"cards_transformed":["Koishi:BasicStrike"],"event_name":"Living Wall","player_choice":"Change","floor":2.0,"gold_loss":0.0,"damage_taken":0.0,"cards_obtained":["Koishi:HeartfeltFancy"]},{"cards_removed":["Koishi:BasicStrike"],"damage_healed":0.0,"max_hp_gain":0.0,"max_hp_loss":0.0,"gold_gain":0.0,"event_name":"Bonfire Elementals","player_choice":"Offered Basic","floor":5.0,"gold_loss":0.0,"damage_taken":0.0},{"damage_healed":0.0,"max_hp_gain":0.0,"max_hp_loss":0.0,"gold_gain":175.0,"event_name":"Liars Game","player_choice":"AGREE","floor":12.0,"gold_loss":0.0,"damage_taken":0.0,"cards_obtained":["Doubt"]},{"damage_healed":0.0,"max_hp_gain":0.0,"max_hp_loss":0.0,"gold_gain":0.0,"event_name":"Dead Adventurer","player_choice":"Searched \u00270\u0027 times","floor":13.0,"gold_loss":0.0,"damage_taken":0.0},{"damage_healed":0.0,"max_hp_gain":0.0,"max_hp_loss":0.0,"gold_gain":0.0,"event_name":"Vampires","player_choice":"Ignored","floor":19.0,"gold_loss":0.0,"damage_taken":0.0},{"damage_healed":0.0,"max_hp_gain":5.0,"max_hp_loss":0.0,"gold_gain":0.0,"event_name":"Forgotten Altar","player_choice":"Shed Blood","floor":20.0,"gold_loss":0.0,"damage_taken":15.0},{"cards_removed":["Koishi:BasicDefend"],"damage_healed":0.0,"max_hp_gain":0.0,"max_hp_loss":0.0,"gold_gain":0.0,"event_name":"Purifier","player_choice":"Purged","floor":22.0,"gold_loss":0.0,"damage_taken":0.0},{"damage_healed":0.0,"max_hp_gain":0.0,"max_hp_loss":0.0,"gold_gain":0.0,"event_name":"Knowing Skull","player_choice":"","floor":27.0,"potions_obtained":[],"gold_loss":0.0,"damage_taken":6.0,"cards_obtained":[]}],"is_beta":false,"boss_relics":[{"not_picked":["Busted Crown","SacredBark"],"picked":"Black Star"},{"not_picked":["Coffee Dripper","Snecko Eye"],"picked":"SlaversCollar"}],"items_purged_floors":[3,11,21,42,48],"is_endless":false,"potions_floor_spawned":[1,16,28,29,30,31,35,37,39,41,47],"ascension_level":0}}