{"host":"mhr97lg0mj90r8b2","time":1612004947,"event":{"mods":["BaseMod","Minty Spire (QoL Compilation)","Quick Restart","StSLib"],"gold_per_floor":[117,131,141,155,170,200,226,238,250,279,45,72,72,87,87,182,182,202,222,222,242,242,242,257,182,182,2,21,49,65,82,82,184,184,203,203,216,228,244,274,290,321,321,337,13,47,0,28,28,28],"floor_reached":51,"language":"ZHS","playtime":3147,"items_purged":["Strike_G","Strike_G"],"score":925,"play_id":"489a83a7-dbc2-462e-9f57-15916faff0ce","local_time":"20210130190907","is_ascension_mode":true,"campfire_choices":[{"data":"Infinite Blades","floor":13,"key":"SMITH"},{"data":"Backflip","floor":15,"key":"SMITH"},{"data":"After Image","floor":23,"key":"SMITH"},{"floor":32,"key":"REST"},{"data":"Apotheosis","floor":49,"key":"SMITH"}],"circlet_count":0,"master_deck":["Defend_G","Defend_G","Defend_G","Defend_G","Defend_G","Survivor","Neutralize","Underhanded Strike","Backflip+1","Infinite Blades+1","Accuracy","Blade Dance","Cloak And Dagger","Accuracy","Blade Dance","Backstab","After Image+1","Necronomicurse","Accuracy","Blur","Apotheosis+1","After Image","Backstab","A Thousand Cuts","Escape Plan+1","Finisher+1","After Image","Well Laid Plans","Infinite Blades+1","Prepared"],"relics":["Black Star","MawBank","Bag of Preparation","Mummified Hand","Sling","Bronze Scales","Pocketwatch","Empty Cage","Necronomicon","Thread and Needle","Shuriken","Anchor","SlaversCollar","Omamori","Happy Flower","Ninja Scroll","Oddly Smooth Stone","Eternal Feather","TwistedFunnel","Dream Catcher","Frozen Egg 2","The Specimen","Juzu Bracelet"],"acts_visited":["Exordium","TheCity","TheBeyond"],"potions_floor_usage":[50],"damage_taken":[{"damage":5,"enemies":"Small Slimes","floor":1,"turns":6},{"damage":1,"enemies":"Jaw Worm","floor":2,"turns":5},{"damage":2,"enemies":"Cultist","floor":3,"turns":4},{"damage":0,"enemies":"Exordium Wildlife","floor":4,"turns":3},{"damage":7,"enemies":"Gremlin Gang","floor":5,"turns":7},{"damage":11,"enemies":"Lagavulin","floor":6,"turns":6},{"damage":3,"enemies":"Red Slaver","floor":7,"turns":3},{"damage":6,"enemies":"3 Louse","floor":10,"turns":3},{"damage":4,"enemies":"3 Sentries","floor":12,"turns":4},{"damage":0,"enemies":"Large Slime","floor":14,"turns":3},{"damage":10,"enemies":"The Guardian","floor":16,"turns":9},{"damage":0,"enemies":"Spheric Guardian","floor":18,"turns":3},{"damage":0,"enemies":"Chosen","floor":19,"turns":4},{"damage":8,"enemies":"Snecko","floor":21,"turns":5},{"damage":0,"enemies":"3 Cultists","floor":24,"turns":3},{"damage":0,"enemies":"Shelled Parasite and Fungi","floor":28,"turns":4},{"damage":0,"enemies":"Gremlin Leader","floor":29,"turns":3},{"damage":0,"enemies":"Centurion and Healer","floor":30,"turns":2},{"damage":6,"enemies":"3 Cultists","floor":31,"turns":4},{"damage":13,"enemies":"Collector","floor":33,"turns":7},{"damage":1,"enemies":"3 Darklings","floor":35,"turns":5},{"damage":0,"enemies":"3 Shapes","floor":37,"turns":5},{"damage":1,"enemies":"Sphere and 2 Shapes","floor":38,"turns":4},{"damage":12,"enemies":"Jaw Worm Horde","floor":39,"turns":3},{"damage":0,"enemies":"Giant Head","floor":40,"turns":5},{"damage":0,"enemies":"Transient","floor":41,"turns":5},{"damage":13,"enemies":"Reptomancer","floor":42,"turns":5},{"damage":4,"enemies":"4 Shapes","floor":44,"turns":4},{"damage":0,"enemies":"Nemesis","floor":46,"turns":5},{"damage":0,"enemies":"Giant Head","floor":48,"turns":4},{"damage":7,"enemies":"Time Eater","floor":50,"turns":8}],"seed_played":"-3471407751664884381","potions_obtained":[{"floor":2,"key":"Ancient Potion"},{"floor":5,"key":"Weak Potion"},{"floor":6,"key":"SteroidPotion"},{"floor":10,"key":"DistilledChaos"},{"floor":16,"key":"PowerPotion"},{"floor":21,"key":"CunningPotion"},{"floor":31,"key":"GhostInAJar"}],"is_trial":false,"path_per_floor":["M","M","M","M","M","E","M","?","T","M","$","E","R","M","R","B",null,"M","M","?","M","?","R","M","?","T","$","M","E","M","M","R","B",null,"M","?","M","M","M","E","M","E","T","M","$","E","$","E","R","B",null],"character_chosen":"THE_SILENT","items_purchased":["Blade Dance","Sling","Apotheosis","Well Laid Plans","TwistedFunnel","Prepared"],"campfire_rested":1,"item_purchase_floors":[11,11,27,45,45,47],"current_hp_per_floor":[65,64,62,62,55,44,41,64,64,58,58,54,54,54,54,44,70,70,70,54,46,46,46,46,46,46,46,46,46,46,40,61,48,70,69,69,69,68,56,56,56,43,43,39,39,39,39,39,57,50],"gold":28,"neow_bonus":"BOSS_RELIC","is_daily":false,"chose_seed":false,"campfire_upgraded":4,"win_rate":0.0,"timestamp":1612004947,"path_taken":["M","M","M","M","M","E","M","?","T","M","$","E","R","M","R","BOSS","M","M","?","M","?","R","M","?","T","$","M","E","M","M","R","BOSS","M","?","M","M","M","E","M","E","T","M","?","E","?","E","R","BOSS"],"items_purchased_type":["Card","Relic","Card","Card","Relic","Card"],"build_version":"2020-12-22","purchased_purges":2,"victory":true,"max_hp_per_floor":[70,70,70,70,70,70,70,70,70,70,70,70,70,70,70,70,70,70,70,70,70,70,70,70,70,70,70,70,70,70,70,70,70,70,70,70,70,70,70,70,70,70,70,70,70,70,70,70,70,70],"card_choices":[{"not_picked":["Quick Slash","Dodge and Roll"],"picked":"Underhanded Strike","floor":1},{"not_picked":["Flying Knee","Prepared"],"picked":"Backflip","floor":2},{"not_picked":["Bouncing Flask","Masterful Stab"],"picked":"Infinite Blades","floor":3},{"not_picked":["PiercingWail","Slice"],"picked":"Accuracy","floor":4},{"not_picked":["Acrobatics","PiercingWail"],"picked":"Blade Dance","floor":5},{"not_picked":["Deflect","Sucker Punch","Heel Hook"],"picked":"SKIP","floor":6},{"not_picked":["Bane","Quick Slash"],"picked":"Cloak And Dagger","floor":7},{"not_picked":["Dash","Adrenaline"],"picked":"Accuracy","floor":10},{"not_picked":["Dash","Blade Dance","Caltrops"],"picked":"SKIP","floor":12},{"not_picked":["Bane","Endless Agony"],"picked":"Backstab","floor":14},{"not_picked":["Corpse Explosion","Envenom"],"picked":"After Image","floor":16},{"not_picked":["Sucker Punch","Outmaneuver","Dagger Throw"],"picked":"SKIP","floor":18},{"not_picked":["Quick Slash","Crippling Poison","Flying Knee"],"picked":"SKIP","floor":19},{"not_picked":["Cloak And Dagger+1","Deflect"],"picked":"Accuracy","floor":21},{"not_picked":["Dagger Throw","Predator"],"picked":"Blur","floor":24},{"not_picked":["Doppelganger","Terror","Riddle With Holes+1"],"picked":"SKIP","floor":28},{"not_picked":["Acrobatics","Underhanded Strike"],"picked":"After Image","floor":29},{"not_picked":["Terror","Tactician","Noxious Fumes"],"picked":"SKIP","floor":30},{"not_picked":["Deadly Poison","Blade Dance"],"picked":"Backstab","floor":31},{"not_picked":["Die Die Die","Corpse Explosion"],"picked":"A Thousand Cuts","floor":33},{"not_picked":["Backflip","Flying Knee","Bouncing Flask+1"],"picked":"SKIP","floor":35},{"not_picked":["Dagger Throw+1","PiercingWail","Flying Knee+1"],"picked":"SKIP","floor":37},{"not_picked":["Flying Knee","Predator+1"],"picked":"Escape Plan+1","floor":38},{"not_picked":["Deadly Poison+1","Flying Knee+1","Dagger Throw+1"],"picked":"SKIP","floor":39},{"not_picked":["Dash","Prepared"],"picked":"Finisher+1","floor":40},{"not_picked":["Expertise+1","Outmaneuver+1"],"picked":"After Image","floor":41},{"not_picked":["Masterful Stab+1","Backflip","Leg Sweep"],"picked":"SKIP","floor":42},{"not_picked":["Eviscerate+1","Endless Agony","Well Laid Plans"],"picked":"SKIP","floor":44},{"not_picked":["Sucker Punch","PiercingWail"],"picked":"Infinite Blades+1","floor":46},{"not_picked":["Deadly Poison","Sucker Punch","Heel Hook+1"],"picked":"SKIP","floor":48}],"player_experience":108823,"relics_obtained":[{"floor":6,"key":"MawBank"},{"floor":6,"key":"Bag of Preparation"},{"floor":9,"key":"Mummified Hand"},{"floor":12,"key":"Bronze Scales"},{"floor":12,"key":"Pocketwatch"},{"floor":20,"key":"Necronomicon"},{"floor":26,"key":"Thread and Needle"},{"floor":29,"key":"Shuriken"},{"floor":29,"key":"Anchor"},{"floor":40,"key":"Omamori"},{"floor":40,"key":"Happy Flower"},{"floor":42,"key":"Ninja Scroll"},{"floor":42,"key":"Oddly Smooth Stone"},{"floor":43,"key":"Eternal Feather"},{"floor":46,"key":"Dream Catcher"},{"floor":46,"key":"Frozen Egg 2"},{"floor":48,"key":"The Specimen"},{"floor":48,"key":"Juzu Bracelet"}],"event_choices":[{"damage_healed":23,"gold_gain":0,"player_choice":"Banana","damage_taken":0,"max_hp_gain":0,"max_hp_loss":0,"event_name":"Big Fish","floor":8,"gold_loss":0},{"damage_healed":0,"gold_gain":0,"player_choice":"Obtained Book","damage_taken":16,"max_hp_gain":0,"max_hp_loss":0,"event_name":"Cursed Tome","floor":20,"gold_loss":0},{"damage_healed":0,"gold_gain":0,"player_choice":"Ignored","damage_taken":0,"max_hp_gain":0,"max_hp_loss":0,"event_name":"Ghosts","floor":22,"gold_loss":0},{"cards_removed":["Strike_G"],"damage_healed":0,"gold_gain":0,"player_choice":"Gave Gold","damage_taken":0,"max_hp_gain":0,"max_hp_loss":0,"event_name":"Beggar","floor":25,"gold_loss":75},{"damage_healed":0,"gold_gain":0,"player_choice":"Got Potions","damage_taken":0,"max_hp_gain":0,"max_hp_loss":0,"event_name":"Lab","floor":36,"gold_loss":0}],"is_beta":false,"boss_relics":[{"not_picked":["Philosopher\u0027s Stone","Ectoplasm"],"picked":"Empty Cage"},{"not_picked":["Cursed Key","Tiny House"],"picked":"SlaversCollar"}],"items_purged_floors":[11,45],"is_endless":false,"potions_floor_spawned":[2,5,6,10,12,16,21,28,31,33,38,41,42,46],"ascension_level":1}}