{"host":"89iuq2p5kwriuwfq","time":1612041068,"event":{"mods":["BaseMod","Curses Come First","Minty Spire (QoL Compilation)","Permanent Neow","StSLib"],"gold_per_floor":[113,123,135,148,168,168,193,193,193,193,193],"floor_reached":10,"language":"ENG","playtime":798,"items_purged":[],"score":102,"play_id":"d98d4800-f04f-47d2-9601-3dbbdd75c73a","local_time":"20210130211108","is_ascension_mode":true,"campfire_choices":[{"data":"Uppercut","floor":6,"key":"SMITH"}],"circlet_count":0,"master_deck":["Strike_R","Strike_R","Strike_R","Strike_R","Defend_R","Defend_R","Defend_R","Bash","Shrug It Off","Uppercut+1","Burning Pact","Iron Wave","Battle Trance","Feed"],"relics":["Burning Blood","Paper Frog","Golden Idol","Ornamental Fan"],"acts_visited":["Exordium"],"potions_floor_usage":[7,10],"damage_taken":[{"damage":5.0,"enemies":"Cultist","floor":1.0,"turns":5.0},{"damage":8.0,"enemies":"2 Louse","floor":2.0,"turns":3.0},{"damage":2.0,"enemies":"Small Slimes","floor":3.0,"turns":4.0},{"damage":3.0,"enemies":"3 Louse","floor":4.0,"turns":4.0},{"damage":2,"enemies":"2 Fungi Beasts","floor":5,"turns":5},{"damage":20,"enemies":"3 Sentries","floor":7,"turns":9},{"damage":31,"enemies":"Lagavulin","floor":10,"turns":6}],"seed_played":"4679161058062847203","potions_obtained":[{"floor":1.0,"key":"DuplicationPotion"},{"floor":7,"key":"ColorlessPotion"}],"is_trial":false,"path_per_floor":["M","M","M","M","M","R","E","?","T","E"],"character_chosen":"IRONCLAD","items_purchased":[],"campfire_rested":0,"item_purchase_floors":[],"current_hp_per_floor":[52,50,54,57,61,61,47,27,27,0,0],"gold":193,"neow_bonus":"REMOVE_TWO","is_daily":false,"chose_seed":false,"campfire_upgraded":1,"win_rate":0.0,"timestamp":1612041068,"path_taken":["M","M","M","?","M","R","E","?","T","E"],"items_purchased_type":[],"build_version":"2020-12-22","purchased_purges":0,"victory":false,"max_hp_per_floor":[80,80,80,80,80,80,80,80,80,80,80],"card_choices":[{"not_picked":["Body Slam","Wild Strike"],"picked":"Shrug It Off","floor":1.0},{"not_picked":["Iron Wave","Sword Boomerang"],"picked":"Uppercut","floor":2.0},{"not_picked":["Clash","Seeing Red"],"picked":"Burning Pact","floor":3.0},{"not_picked":["Body Slam","Heavy Blade"],"picked":"Iron Wave","floor":4.0},{"not_picked":["Pummel","Dual Wield"],"picked":"Battle Trance","floor":5},{"not_picked":["Double Tap","Headbutt"],"picked":"Feed","floor":7}],"player_experience":605449,"relics_obtained":[{"floor":7,"key":"Paper Frog"},{"floor":9,"key":"Ornamental Fan"}],"event_choices":[{"damage_healed":0,"gold_gain":0,"player_choice":"Take Damage","damage_taken":20,"relics_obtained":["Golden Idol"],"max_hp_gain":0,"max_hp_loss":0,"event_name":"Golden Idol","floor":8,"gold_loss":0}],"is_beta":false,"boss_relics":[],"items_purged_floors":[],"is_endless":false,"potions_floor_spawned":[1,7],"killed_by":"Lagavulin","ascension_level":9}}