{"host":"h1qktzcccqnez8tx","time":1612007045,"event":{"mods":["AchievementEnabler","BaseMod","Bestiary","Better Note","Block Reminder","Colored Map","Colored Powertips","Curses Come First","Downfall","Highlight Path","Infinite Spire","Minty Spire (QoL Compilation)","Permanent Neow","Quick Restart","Relic Stats","Replay The Spire","Say the Spire","StSLib","UnlockEverythingMod"],"gold_per_floor":[17,17,17,17,17,17,46,46,46,46,73,2,18,32,32,150,150,160,259,259,303,303,303,359,359,385,401,401,435,445,23,23,120,120,138,91,104,116,116,151,151,183,236,271,285,301,316,316,316,316,316,316],"floor_reached":50,"language":"ENG","playtime":3750,"items_purged":["downfall:Aged","hexamod:Strike"],"score":707,"play_id":"9303bd5a-e16c-4704-ba7f-0b8a8c8edf40","local_time":"20210130124405","is_ascension_mode":true,"campfire_choices":[{"data":"hexamod:Sear","floor":6,"key":"SMITH"},{"data":"hexamod:Hexaguard","floor":10,"key":"SMITH"},{"data":"hexamod:BurningTouch","floor":15,"key":"SMITH"},{"data":"hexamod:BurningTouch","floor":23,"key":"SMITH"},{"data":"hexamod:RetreatToShadows","floor":28,"key":"SMITH"},{"floor":32,"key":"REST"},{"data":"hexamod:BurningTouch","floor":41,"key":"SMITH"},{"floor":49,"key":"REST"}],"circlet_count":0,"master_deck":["hexamod:Strike","hexamod:Defend","hexamod:Defend+1","hexamod:Defend","hexamod:Defend+1","hexamod:Sear+1","hexamod:Float","hexamod:Hexaguard+1","ReplayTheSpireMod:Echoes of Time","hexamod:SoulSteal","hexamod:RetreatToShadows+1","hexamod:SpectralSpark+1","hexamod:BurningTouch+1","hexamod:BurningTouch+1","hexamod:SearingWound+1","hexamod:HeatCrush+1","hexamod:BacktrackSmack+1","hexamod:Again+1","hexamod:FirstSeal","hexamod:ThirdSeal","hexamod:Hexaguard+1","hexamod:FlamesFromBeyond+1","hexamod:Again+1","hexamod:SpectersWail+1","hexamod:PhantomFireball+1","hexamod:RecurringNightmare+1","hexamod:RecurringNightmare+1","hexamod:TimeOfNeed+1","hexamod:SixthSeal","AbeCurse","hexamod:HeatShield+1","hexamod:BurningTouch+1","hexamod:BurningTouch+1","hexamod:Hexaguard+1","hexamod:ExtraCrispy+1","hexamod:RetreatToShadows","hexamod:SuperheatedStrike","hexamod:FlamesFromBeyond","hexamod:RadiantFlame+1","hexamod:RetreatToShadows"],"relics":["hexamod:SpiritBrand","Meat on the Bone","Ring of Hypnosis","ReplayTheSpireMod:Ring of Collecting","Ring of Fury","Kunai","Anchor","ReplayTheSpireMod:Ring of Challenge","Golden Egg","Blue Doll","Astrolabe","Replay:Lucky Slots","Bag of Preparation","hexamod:MatchstickCase","Toy Ornithopter","Gambling Chip","Abe\u0027s Treasure","Bag of Marbles","Pantograph","Slimebound:StickyStick","Akabeko","ReplayTheSpireMod:Ninjato"],"acts_visited":["Exordium","TheCity","TheBeyond"],"potions_floor_usage":[29,33,44,44,50,50],"damage_taken":[{"damage":1,"enemies":"Jaw Worm","floor":1,"turns":4},{"damage":9,"enemies":"3 Sentries","floor":7,"turns":8},{"damage":13,"enemies":"Lagavulin","floor":11,"turns":7},{"damage":0,"enemies":"2 Louse","floor":13,"turns":3},{"damage":11,"enemies":"Small Slimes","floor":14,"turns":4},{"damage":9,"enemies":"Slime Boss","floor":16,"turns":7},{"damage":0,"enemies":"Chosen","floor":18,"turns":3},{"damage":15,"enemies":"Spheric Guardian","floor":21,"turns":5},{"damage":30,"enemies":"Book of Stabbing","floor":24,"turns":4},{"damage":3,"enemies":"Snake Plant","floor":27,"turns":3},{"damage":35,"enemies":"Slavers","floor":29,"turns":3},{"damage":27,"enemies":"Snecko","floor":30,"turns":5},{"damage":29,"enemies":"Collector","floor":33,"turns":6},{"damage":32,"enemies":"3 Darklings","floor":35,"turns":3},{"damage":0,"enemies":"3 Shapes","floor":37,"turns":3},{"damage":3,"enemies":"3 Darklings","floor":38,"turns":3},{"damage":8,"enemies":"R_Hoarder","floor":40,"turns":7},{"damage":0,"enemies":"Reptomancer","floor":42,"turns":3},{"damage":51,"enemies":"Giant Head","floor":44,"turns":9},{"damage":22,"enemies":"Jaw Worm Horde","floor":45,"turns":3},{"damage":7,"enemies":"Writhing Mass","floor":46,"turns":2},{"damage":17,"enemies":"Spire Growth","floor":47,"turns":4},{"damage":116,"enemies":"Time Eater","floor":50,"turns":10}],"seed_played":"-8495091073811311170","potions_obtained":[{"floor":1,"key":"Venom Potion"},{"floor":11,"key":"bronze:BurnAndBuffPotion"},{"floor":30,"key":"CultistPotion"},{"floor":38,"key":"FearPotion"},{"floor":40,"key":"Block Potion"},{"floor":44,"key":"FearPotion"},{"floor":46,"key":"SkillPotion"}],"is_trial":false,"path_per_floor":["M","?","?","?","T","R","E","?","T","R","E","$","M","M","R","B",null,"M","?","AVR","M","?","R","E","?","T","M","R","E","M","$","R","B",null,"M","$","M","M","?","E","R","E","T","E","M","M","M","T","R","B"],"character_chosen":"THE_SPIRIT","items_purchased":["hexamod:SpectralSpark","AttackPotion","hexamod:RecurringNightmare","Gambling Chip","hexamod:BurningTouch"],"campfire_rested":2,"item_purchase_floors":[12,12,31,31,36],"current_hp_per_floor":[83,83,62,62,62,62,53,53,53,53,52,52,52,53,53,44,84,84,84,84,69,62,62,51,51,51,55,55,39,31,31,56,51,84,52,52,52,49,49,48,48,55,55,26,23,35,30,30,54,0,0,0],"gold":316,"neow_bonus":"TWENTY_PERCENT_HP_BONUS","is_daily":false,"chose_seed":false,"campfire_upgraded":6,"win_rate":0.0,"timestamp":1612007045,"path_taken":["M","?","?","?","?","R","E","?","T","R","E","$","M","?","R","BOSS","M","?","AVR","M","?","R","E","?","T","M","R","E","M","?","R","BOSS","M","$","M","M","?","E","R","E","T","E","M","M","M","?","R","BOSS"],"items_purchased_type":["Card","Potion","Card","Relic","Card"],"build_version":"2020-12-22","purchased_purges":2,"victory":false,"max_hp_per_floor":[84,84,84,84,84,84,84,84,84,84,84,84,84,84,84,84,84,84,84,84,84,84,84,84,84,84,84,84,84,84,84,84,84,84,84,84,84,84,80,80,80,80,80,80,80,80,80,80,80,80,80,80],"relic_stats":{"counters":[23,109],"Astrolabe":["downfall:Aged","hexamod:HeatCrush","hexamod:BacktrackSmack"],"Gambling Chip":[30],"Pantograph":25,"Bag of Preparation":[28],"Kunai":[1],"obtain_stats":[{"Golden Egg":9,"ReplayTheSpireMod:Ninjato":48,"Ring of Hypnosis":4,"Astrolabe":17,"Blue Doll":11,"Bag of Preparation":24,"Akabeko":44,"hexamod:MatchstickCase":26,"Anchor":7,"Slimebound:StickyStick":43,"ReplayTheSpireMod:Ring of Collecting":4,"Gambling Chip":31,"Pantograph":42,"Ring of Fury":5,"Replay:Lucky Slots":20,"Bag of Marbles":40,"Kunai":5,"ReplayTheSpireMod:Ring of Challenge":9,"hexamod:SpiritBrand":0,"Toy Ornithopter":29,"Abe\u0027s Treasure":34,"Meat on the Bone":2},{"Golden Egg":2,"ReplayTheSpireMod:Ninjato":22,"Ring of Hypnosis":1,"Astrolabe":6,"Blue Doll":3,"Bag of Preparation":9,"Akabeko":19,"hexamod:MatchstickCase":9,"Anchor":2,"Slimebound:StickyStick":18,"ReplayTheSpireMod:Ring of Collecting":1,"Gambling Chip":12,"Pantograph":18,"Ring of Fury":1,"Replay:Lucky Slots":7,"Bag of Marbles":17,"Kunai":1,"ReplayTheSpireMod:Ring of Challenge":2,"hexamod:SpiritBrand":0,"Toy Ornithopter":11,"Abe\u0027s Treasure":13,"Meat on the Bone":1},{"Golden Egg":12,"ReplayTheSpireMod:Ninjato":99,"Ring of Hypnosis":4,"Astrolabe":33,"Blue Doll":19,"Bag of Preparation":45,"Akabeko":90,"hexamod:MatchstickCase":45,"Anchor":12,"Slimebound:StickyStick":81,"ReplayTheSpireMod:Ring of Collecting":4,"Gambling Chip":56,"Pantograph":81,"Ring of Fury":4,"Replay:Lucky Slots":36,"Bag of Marbles":78,"Kunai":4,"ReplayTheSpireMod:Ring of Challenge":12,"hexamod:SpiritBrand":0,"Toy Ornithopter":51,"Abe\u0027s Treasure":62,"Meat on the Bone":4}],"Toy Ornithopter":21,"Meat on the Bone":120},"card_choices":[{"not_picked":["hexamod:CatchUp","hexamod:ShieldOfDarkness"],"picked":"hexamod:Hexaguard","floor":1},{"not_picked":["ReplayTheSpireMod:Chaos Vortex","ReplayTheSpireMod:Haul"],"picked":"ReplayTheSpireMod:Echoes of Time","floor":3},{"not_picked":["hexamod:PowerFromBeyond","hexamod:GhostLash"],"picked":"hexamod:SoulSteal","floor":7},{"not_picked":["hexamod:FastForward","hexamod:GhostLash"],"picked":"hexamod:RetreatToShadows","floor":11},{"not_picked":["hexamod:Rewind","hexamod:ShieldOfDarkness"],"picked":"hexamod:BurningTouch","floor":13},{"not_picked":["hexamod:InspiringFlames","hexamod:VolcanoVisage"],"picked":"hexamod:BurningTouch","floor":14},{"not_picked":["hexamod:TimeWarp","hexamod:Toasty"],"picked":"hexamod:SearingWound","floor":16},{"not_picked":["hexamod:GhostOfSpirePast+1","hexamod:GhostShield"],"picked":"hexamod:Again+1","floor":18},{"not_picked":["hexamod:SecondSeal","hexamod:SoulSteal"],"picked":"hexamod:BurningTouch","floor":21},{"not_picked":["hexamod:NecessarySacrifice","hexamod:HeatMetal"],"picked":"hexamod:Hexaguard+1","floor":24},{"not_picked":["hexamod:FifthSeal","hexamod:CatchUp"],"picked":"hexamod:FlamesFromBeyond","floor":24},{"not_picked":["hexamod:FastForward","hexamod:Hexaguard"],"picked":"hexamod:Again","floor":27},{"not_picked":["hexamod:ThermalTransfer","hexamod:EtherealExpedition+1","hexamod:HeatMetal"],"picked":"SKIP","floor":27},{"not_picked":["hexamod:ThermalTransfer","hexamod:EtherealExpedition+1","hexamod:HeatMetal"],"picked":"SKIP","floor":27},{"not_picked":["hexamod:GhostLash","hexamod:HeatCrush"],"picked":"hexamod:SpectersWail+1","floor":29},{"not_picked":["hexamod:BacktrackSmack+1","hexamod:Rewind"],"picked":"hexamod:PhantomFireball+1","floor":30},{"not_picked":["hexamod:NightmareGuise","hexamod:GhostLash+1","hexamod:InspiringFlames"],"picked":"SKIP","floor":30},{"not_picked":["hexamod:GiftsFromTheDead","hexamod:UnleashSpirits"],"picked":"hexamod:TimeOfNeed","floor":33},{"not_picked":["hexamod:GhostOfSpirePresent","hexamod:HexaLevel"],"picked":"hexamod:SixthSeal","floor":33},{"not_picked":["hexamod:RecurringNightmare+1","hexamod:PhantomCloak+1"],"picked":"hexamod:HeatShield+1","floor":35},{"not_picked":["hexamod:RecurringNightmare+1","hexamod:InspiringFlames+1","hexamod:SpectersWail"],"picked":"SKIP","floor":35},{"not_picked":["hexamod:Rewind","hexamod:HeatCrush","hexamod:ChargedBarrage"],"picked":"SKIP","floor":37},{"not_picked":["hexamod:FastForward+1","hexamod:NightmareStrike"],"picked":"hexamod:BurningTouch","floor":38},{"not_picked":["hexamod:ShieldOfDarkness","hexamod:GhostOfSpireFuture","hexamod:GhostShield+1"],"picked":"SKIP","floor":38},{"not_picked":["hexamod:GhostflameBarrier","hexamod:HeatShield"],"picked":"hexamod:Hexaguard+1","floor":40},{"not_picked":["hexamod:HeatMetal+1","hexamod:ShieldOfDarkness"],"picked":"hexamod:ExtraCrispy","floor":40},{"not_picked":["hexamod:SpectersWail+1","hexamod:ThermalTransfer"],"picked":"hexamod:RetreatToShadows","floor":42},{"not_picked":["hexamod:HeatCrush+1","hexamod:GhostShield+1","hexamod:ParanormalForm"],"picked":"SKIP","floor":42},{"not_picked":["hexamod:GhostflameInferno","hexamod:HauntingEcho"],"picked":"hexamod:SuperheatedStrike","floor":44},{"not_picked":["hexamod:BacktrackSmack+1","hexamod:NightmareStrike+1","hexamod:SpectralAdrenaline"],"picked":"SKIP","floor":44},{"not_picked":["hexamod:InspiringFlames","hexamod:FourthSeal","hexamod:BacktrackSmack+1"],"picked":"SKIP","floor":45},{"not_picked":["hexamod:WildfireWeapon","hexamod:ThermalTransfer"],"picked":"hexamod:FlamesFromBeyond","floor":46},{"not_picked":["hexamod:DynamicBlow","hexamod:GhostLash+1"],"picked":"hexamod:RadiantFlame+1","floor":47},{"not_picked":["hexamod:Firestarter","hexamod:StepThrough+1"],"picked":"hexamod:RetreatToShadows","floor":47}],"player_experience":268557,"relics_obtained":[{"floor":2,"key":"Meat on the Bone"},{"floor":4,"key":"Ring of Hypnosis"},{"floor":4,"key":"ReplayTheSpireMod:Ring of Collecting"},{"floor":5,"key":"Ring of Fury"},{"floor":5,"key":"Kunai"},{"floor":7,"key":"Anchor"},{"floor":9,"key":"ReplayTheSpireMod:Ring of Challenge"},{"floor":9,"key":"Golden Egg"},{"floor":11,"key":"Blue Doll"},{"floor":24,"key":"Bag of Preparation"},{"floor":26,"key":"hexamod:MatchstickCase"},{"floor":29,"key":"Toy Ornithopter"},{"floor":40,"key":"Bag of Marbles"},{"floor":42,"key":"Pantograph"},{"floor":43,"key":"Slimebound:StickyStick"},{"floor":44,"key":"Akabeko"},{"floor":48,"key":"ReplayTheSpireMod:Ninjato"}],"event_choices":[{"damage_healed":0,"gold_gain":0,"player_choice":"Ignored","damage_taken":0,"max_hp_gain":0,"max_hp_loss":0,"event_name":"Liars Game","floor":8,"gold_loss":0},{"damage_healed":0,"gold_gain":99,"player_choice":"Stole From Cult","damage_taken":0,"max_hp_gain":0,"max_hp_loss":0,"event_name":"Nest","floor":19,"gold_loss":0},{"damage_healed":0,"gold_gain":0,"player_choice":"Max HP","damage_taken":0,"max_hp_gain":0,"max_hp_loss":4,"event_name":"Winding Halls","floor":39,"gold_loss":0}],"is_beta":false,"boss_relics":[{"not_picked":["SlaversCollar","Calling Bell"],"picked":"Astrolabe"},{"not_picked":["hexamod:UnbrokenSoul","Ring of Chaos"],"picked":"Abe\u0027s Treasure"}],"items_purged_floors":[20,31],"is_endless":false,"potions_floor_spawned":[1,11,14,18,27,30,38,42,44,46],"killed_by":"Time Eater","ascension_level":1}}