{"host":"sav7uxregyirlf69","time":1612021733,"event":{"mods":["AchievementEnabler","BaseMod","Colored Map","DeckTracker","Keyboard Shortcuts","Minty Spire (QoL Compilation)","READ ME - Guardian Mod","StSLib","SuperFastMode"],"gold_per_floor":[114,114,127,143,163,163,174,204,227,302,334,102,102,113,113,185,185,203,203,223,223,18,18,33,33,33,33,33,53,71,88,88,88,88],"floor_reached":33,"language":"KOR","playtime":623,"items_purged":["Strike_G","Defend_G"],"score":518,"play_id":"cefda241-b3e6-4d2c-aa80-a7f0ec1b90be","local_time":"20210131004853","is_ascension_mode":true,"campfire_choices":[{"data":"Terror","floor":6,"key":"SMITH"},{"data":"Blade Dance","floor":15,"key":"SMITH"},{"data":"Finisher","floor":23,"key":"SMITH"},{"data":"Accuracy","floor":28,"key":"SMITH"},{"data":"Neutralize","floor":32,"key":"SMITH"}],"circlet_count":0,"master_deck":["AscendersBane","Strike_G","Strike_G","Defend_G","Defend_G","Defend_G","Defend_G","Survivor","Neutralize+1","Terror+1","Backstab","Bouncing Flask","Dagger Throw","Blade Dance+1","PiercingWail","Finisher+1","Cloak And Dagger","Caltrops","Accuracy+1","Escape Plan","Well Laid Plans"],"relics":["Ring of the Snake","Vajra","Eternal Feather","Bronze Scales","Potion Belt","PreservedInsect","Coffee Dripper","Art of War","Happy Flower"],"acts_visited":["Exordium","TheCity"],"potions_floor_usage":[11,29,30,31,33],"damage_taken":[{"damage":1,"enemies":"Small Slimes","floor":1,"turns":4},{"damage":4,"enemies":"2 Louse","floor":3,"turns":3},{"damage":6,"enemies":"Jaw Worm","floor":4,"turns":5},{"damage":7,"enemies":"Exordium Wildlife","floor":5,"turns":4},{"damage":3,"enemies":"Blue Slaver","floor":7,"turns":4},{"damage":6,"enemies":"Gremlin Nob","floor":8,"turns":3},{"damage":14,"enemies":"Lagavulin","floor":11,"turns":3},{"damage":3,"enemies":"Exordium Thugs","floor":14,"turns":3},{"damage":8,"enemies":"Hexaghost","floor":16,"turns":7},{"damage":3,"enemies":"2 Thieves","floor":18,"turns":3},{"damage":10,"enemies":"Spheric Guardian","floor":20,"turns":4},{"damage":10,"enemies":"Centurion and Healer","floor":24,"turns":5},{"damage":0,"enemies":"Chosen and Byrds","floor":29,"turns":3},{"damage":15,"enemies":"Sentry and Sphere","floor":30,"turns":6},{"damage":10,"enemies":"Centurion and Healer","floor":31,"turns":5},{"damage":52,"enemies":"Champ","floor":33,"turns":7}],"seed_played":"6922057008834458058","potions_obtained":[{"floor":3,"key":"LiquidBronze"},{"floor":4,"key":"Dexterity Potion"},{"floor":7,"key":"DuplicationPotion"},{"floor":18,"key":"Fire Potion"},{"floor":24,"key":"Weak Potion"},{"floor":29,"key":"CultistPotion"},{"floor":30,"key":"Regen Potion"}],"is_trial":false,"path_per_floor":["M","?","M","M","M","R","M","E","T","?","E","$","?","M","R","B",null,"M","?","M","?","$","R","M","$","T","T","R","M","M","M","R","B"],"character_chosen":"THE_SILENT","items_purchased":["PreservedInsect","GhostInAJar"],"campfire_rested":0,"item_purchase_floors":[12,22],"current_hp_per_floor":[58,63,59,53,46,46,43,37,37,26,12,12,12,9,18,10,56,53,53,43,23,23,32,22,22,22,22,34,34,19,24,36,0,0],"gold":88,"neow_bonus":"RANDOM_COMMON_RELIC","is_daily":false,"chose_seed":false,"campfire_upgraded":5,"win_rate":0.0,"timestamp":1612021733,"path_taken":["M","?","M","M","M","R","M","E","T","?","E","$","?","M","R","BOSS","M","?","M","?","$","R","M","?","T","?","R","?","?","M","R","BOSS"],"items_purchased_type":["Relic","Potion"],"build_version":"2020-12-22","purchased_purges":2,"victory":false,"max_hp_per_floor":[66,71,71,71,71,71,71,71,71,71,71,71,71,71,71,71,71,71,71,71,76,76,76,76,76,76,76,76,76,76,76,76,76,76],"card_choices":[{"not_picked":["Sucker Punch","Flying Knee"],"picked":"Terror","floor":1},{"not_picked":["Eviscerate","Dagger Spray"],"picked":"Backstab","floor":3},{"not_picked":["Setup","Well Laid Plans"],"picked":"Bouncing Flask","floor":4},{"not_picked":["Footwork","Slice"],"picked":"Dagger Throw","floor":5},{"not_picked":["Poisoned Stab","Leg Sweep"],"picked":"Blade Dance","floor":7},{"not_picked":["Deflect","Infinite Blades"],"picked":"PiercingWail","floor":8},{"not_picked":["Prepared","Poisoned Stab"],"picked":"Finisher","floor":11},{"not_picked":["Backstab","Sucker Punch","Masterful Stab"],"picked":"SKIP","floor":14},{"not_picked":["Acrobatics","Flying Knee","PiercingWail"],"picked":"SKIP","floor":18},{"not_picked":["Flying Knee+1","Infinite Blades"],"picked":"Accuracy","floor":20},{"not_picked":["Endless Agony+1","Acrobatics+1"],"picked":"Escape Plan","floor":24},{"not_picked":["Prepared","Distraction","Poisoned Stab"],"picked":"SKIP","floor":29},{"not_picked":["Deadly Poison","Acrobatics","Endless Agony"],"picked":"SKIP","floor":30},{"not_picked":["Distraction","Finisher"],"picked":"Well Laid Plans","floor":31}],"player_experience":1438406,"relics_obtained":[{"floor":8,"key":"Eternal Feather"},{"floor":9,"key":"Bronze Scales"},{"floor":11,"key":"Potion Belt"},{"floor":26,"key":"Art of War"},{"floor":27,"key":"Happy Flower"}],"event_choices":[{"damage_healed":0,"gold_gain":0,"player_choice":"Donut","damage_taken":0,"max_hp_gain":5,"max_hp_loss":0,"event_name":"Big Fish","floor":2,"gold_loss":0},{"damage_healed":0,"gold_gain":75,"player_choice":"Gather Gold","damage_taken":11,"max_hp_gain":0,"max_hp_loss":0,"event_name":"World of Goop","floor":10,"gold_loss":0},{"damage_healed":0,"gold_gain":0,"player_choice":"Ignored","damage_taken":0,"max_hp_gain":0,"max_hp_loss":0,"event_name":"Liars Game","floor":13,"gold_loss":0},{"damage_healed":0,"gold_gain":0,"cards_transformed":["Strike_G","Strike_G"],"player_choice":"Became Test Subject","damage_taken":0,"max_hp_gain":0,"max_hp_loss":0,"event_name":"Drug Dealer","floor":19,"gold_loss":0,"cards_obtained":["Cloak And Dagger","Caltrops"]},{"damage_healed":0,"gold_gain":0,"player_choice":"Shed Blood","damage_taken":25,"max_hp_gain":5,"max_hp_loss":0,"event_name":"Forgotten Altar","floor":21,"gold_loss":0}],"is_beta":false,"boss_relics":[{"not_picked":["Runic Pyramid","WristBlade"],"picked":"Coffee Dripper"}],"items_purged_floors":[12,22],"is_endless":false,"potions_floor_spawned":[3,4,5,7,18,24,29,30],"killed_by":"Champ","ascension_level":20}}