{"host":"15ff3ltgpietarej","time":1612044470,"event":{"mods":["BaseMod","Bestiary","Downfall","Highlight Path","Minty Spire (QoL Compilation)","Relic Stats","StSLib"],"gold_per_floor":[99,109,128,141,141,168,168,168,343,343,375,59,89,89,100,202,202,102,119,119,139,152,186,186,186,17,32,67,84,117,117,133,229,229,229,246,246,259,259,290,290,290,368,382,282,211,111,125,143,143,143,172,3,3,3,3,3,3],"floor_reached":56,"language":"ENG","playtime":4281,"items_purged":["downfall:Malfunctioning","Guardian:Strike_Guardian+1"],"score":1324,"play_id":"f9eda086-ec59-4ab7-afab-c1ef59738910","local_time":"20210130230750","is_ascension_mode":true,"campfire_choices":[{"data":"Guardian:SphericShield","floor":1.0,"key":"SMITH"},{"data":"Guardian:BaubleBeam","floor":8.0,"key":"SMITH"},{"floor":10.0,"key":"REST"},{"data":"Guardian:RevengeProtocol","floor":18.0,"key":"SMITH"},{"data":"Doubt","floor":25.0,"key":"PURGE"},{"data":"Guardian:Strike_Guardian","floor":35.0,"key":"PURGE"},{"floor":45.0,"key":"RECALL"},{"data":"Guardian:BodySlam","floor":47.0,"key":"SMITH"},{"data":"Guardian:BodySlam","floor":54.0,"key":"SMITH"}],"circlet_count":0,"master_deck":["Guardian:Strike_Guardian+1","Guardian:Defend_Guardian","Guardian:Defend_Guardian","Guardian:Defend_Guardian","Guardian:Defend_Guardian","Guardian:CurlUp","Guardian:TwinSlam+1","Guardian:SphericShield+1","Guardian:PrimingBeam+1","Guardian:EvasiveProtocol+1","Guardian:BaubleBeam+1","Guardian:PrismaticBeam","Guardian:Orbwalk+1","Guardian:Harden","Guardian:ArmoredProtocol","Guardian:RevengeProtocol+1","Guardian:Recover","Guardian:BodySlam+1","Guardian:RollAttack","Guardian:BodySlam+1","Guardian:BronzeArmor+1","Guardian:BodySlam+1","Guardian:BodySlam+1","Guardian:PiercingHide+1"],"relics":["Guardian:ModeShifterPlus","Peace Pipe","Guardian:SackOfGems","CaptainsWheel","Guardian:BottledAnomaly","Whetstone","downfall:HeartBlessingGreen","Toxic Egg 2","HornCleat","Guardian:BottledStasis","Regal Pillow","Red Mask","Sozu","Bottled Tornado","Eternal Feather","hexamod:BolsterEngine","downfall:HeartBlessingBlue","downfall:HeartBlessingRed","Orichalcum","Strange Spoon"],"acts_visited":["Exordium","TheCity","TheBeyond","TheEnding"],"potions_floor_usage":[],"damage_taken":[{"damage":0.0,"enemies":"2 Louse","floor":2.0,"turns":4.0},{"damage":0.0,"enemies":"Jaw Worm","floor":3.0,"turns":6.0},{"damage":0.0,"enemies":"Cultist","floor":4.0,"turns":6.0},{"damage":25.0,"enemies":"3 Sentries","floor":6.0,"turns":13.0},{"damage":18.0,"enemies":"Gremlin Nob","floor":11.0,"turns":5.0},{"damage":10.0,"enemies":"downfall:FleeingMerchant","floor":12.0,"turns":4.0},{"damage":14.0,"enemies":"Lagavulin","floor":13.0,"turns":6.0},{"damage":7.0,"enemies":"2 Fungi Beasts","floor":15.0,"turns":3.0},{"damage":17.0,"enemies":"SI_SHIV_ARCHETYPE","floor":16.0,"turns":6.0},{"damage":0.0,"enemies":"Chosen","floor":19.0,"turns":7.0},{"damage":0.0,"enemies":"3 Byrds","floor":21.0,"turns":3.0},{"damage":6.0,"enemies":"Snake Plant","floor":22.0,"turns":6.0},{"damage":19.0,"enemies":"Slavers","floor":23.0,"turns":7.0},{"damage":0.0,"enemies":"downfall:FleeingMerchant","floor":26.0,"turns":4.0},{"damage":0.0,"enemies":"Sentry and Sphere","floor":27.0,"turns":3.0},{"damage":0.0,"enemies":"Gremlin Leader","floor":28.0,"turns":6.0},{"damage":0.0,"enemies":"Cultist and Chosen","floor":29.0,"turns":4.0},{"damage":0.0,"enemies":"Masked Bandits","floor":30.0,"turns":4.0},{"damage":0.0,"enemies":"3 Cultists","floor":32.0,"turns":4.0},{"damage":0.0,"enemies":"WA_ARCHETYPE_CALM","floor":33.0,"turns":3.0},{"damage":3.0,"enemies":"3 Darklings","floor":36.0,"turns":4.0},{"damage":0.0,"enemies":"Orb Walker","floor":38.0,"turns":2.0},{"damage":0.0,"enemies":"Giant Head","floor":40.0,"turns":4.0},{"damage":0.0,"enemies":"downfall:FleeingMerchant","floor":43.0,"turns":3.0},{"damage":0.0,"enemies":"3 Darklings","floor":44.0,"turns":3.0},{"damage":0.0,"enemies":"Jaw Worm Horde","floor":48.0,"turns":3.0},{"damage":0.0,"enemies":"4 Shapes","floor":49.0,"turns":4.0},{"damage":0.0,"enemies":"IC_BLOCK_ARCHETYPE","floor":50.0,"turns":4.0},{"damage":0.0,"enemies":"downfall:CharBossMerchant","floor":52.0,"turns":3.0},{"damage":36.0,"enemies":"downfall:NeowBoss","floor":55.0,"turns":13.0},{"damage":55,"enemies":"downfall:NeowBossFinal","floor":56,"turns":9}],"seed_played":"7016297527668673907","potions_obtained":[{"floor":3.0,"key":"Block Potion"},{"floor":11.0,"key":"FearPotion"},{"floor":13.0,"key":"FearPotion"},{"floor":15.0,"key":"SneckoOil"},{"floor":19.0,"key":"Swift Potion"},{"floor":23.0,"key":"Energy Potion"},{"floor":27.0,"key":"Dexterity Potion"},{"floor":33.0,"key":"hexamod:SoulburnPotion"}],"is_trial":false,"path_per_floor":["R","M","M","M","?","E","T","R","?","R","E","$","E","?","M","B",null,"R","M","?","M","M","E","T","R","$","M","E","M","?","?","M","B",null,"R","M","T","M","?","E","T","?","$","M","R","$","R","M","M","B",null,"E","$","R","B","B"],"character_chosen":"GUARDIAN","items_purchased":["Guardian:BottledAnomaly","Guardian:GuardianWhirl","Guardian:BottledStasis","hexamod:BolsterEngine","Guardian:BodySlam","Guardian:PiercingHide+1","Strange Spoon"],"campfire_rested":1,"item_purchase_floors":[12,12,26,43,46,53,53],"current_hp_per_floor":[72,72,72,72,72,47,47,47,47,71,53,43,29,29,22,5,61,61,61,80,80,74,55,55,55,55,55,55,55,55,55,55,55,74,74,71,71,71,71,71,71,71,71,71,90,90,90,90,90,90,90,90,90,90,54,0,0,0],"gold":3,"neow_bonus":"ONE_RANDOM_RARE_CARD","is_daily":false,"chose_seed":false,"campfire_upgraded":5,"win_rate":0.0,"timestamp":1612044470,"path_taken":["R","M","M","M","?","E","T","R","?","R","E","$","E","?","M","BOSS","R","M","?","?","M","E","T","R","$","M","E","M","?","?","M","BOSS","R","M","?","M","?","E","T","?","$","M","R","$","R","M","M","BOSS","E","$","R","BOSS","BOSS"],"items_purchased_type":["Relic","Card","Relic","Relic","Card","Card","Relic"],"build_version":"2020-12-22","purchased_purges":2,"victory":false,"max_hp_per_floor":[80,80,80,80,80,80,80,80,80,80,80,80,80,80,80,80,80,80,80,80,80,80,80,80,80,80,80,80,80,80,80,80,80,80,80,80,80,80,80,80,80,80,80,80,90,90,90,90,90,90,90,90,90,90,90,90,90,90],"relic_stats":{"Peace Pipe":2,"Sozu":3,"Strange Spoon":[12],"Regal Pillow":0,"counters":[31,156],"Eternal Feather":9,"Whetstone":["Guardian:PrimingBeam","Guardian:Strike_Guardian"],"Orichalcum":[12],"obtain_stats":[{"Guardian:BottledStasis":26,"Regal Pillow":28,"Guardian:ModeShifterPlus":17,"downfall:HeartBlessingRed":47,"Guardian:ModeShifter":0,"Guardian:SackOfGems":7,"downfall:HeartBlessingGreen":18,"Eternal Feather":40,"Whetstone":13,"Bottled Tornado":37,"Orichalcum":52,"Peace Pipe":6,"Sozu":34,"Strange Spoon":53,"CaptainsWheel":11,"HornCleat":24,"downfall:HeartBlessingBlue":45,"Red Mask":30,"Guardian:BottledAnomaly":12,"Toxic Egg 2":23,"hexamod:BolsterEngine":43},{"Guardian:BottledStasis":14,"Regal Pillow":16,"Guardian:ModeShifterPlus":9,"downfall:HeartBlessingRed":25,"Guardian:ModeShifter":0,"Guardian:SackOfGems":4,"downfall:HeartBlessingGreen":9,"Eternal Feather":23,"Whetstone":7,"Bottled Tornado":21,"Orichalcum":29,"Peace Pipe":4,"Sozu":20,"Strange Spoon":29,"CaptainsWheel":5,"HornCleat":13,"downfall:HeartBlessingBlue":25,"Red Mask":18,"Guardian:BottledAnomaly":6,"Toxic Egg 2":13,"hexamod:BolsterEngine":24},{"Guardian:BottledStasis":80,"Regal Pillow":89,"Guardian:ModeShifterPlus":53,"downfall:HeartBlessingRed":120,"Guardian:ModeShifter":0,"Guardian:SackOfGems":29,"downfall:HeartBlessingGreen":53,"Eternal Feather":114,"Whetstone":44,"Bottled Tornado":108,"Orichalcum":134,"Peace Pipe":29,"Sozu":104,"Strange Spoon":134,"CaptainsWheel":34,"HornCleat":76,"downfall:HeartBlessingBlue":120,"Red Mask":97,"Guardian:BottledAnomaly":38,"Toxic Egg 2":76,"hexamod:BolsterEngine":117}]},"card_choices":[{"not_picked":["Guardian:ShieldCharger","Guardian:Recover"],"picked":"Guardian:Gem_Green","floor":2.0},{"not_picked":["Guardian:GatlingBeam","Guardian:Gem_Cyan"],"picked":"Guardian:PrimingBeam","floor":3.0},{"not_picked":["Guardian:ChargeCore","Guardian:Reroute"],"picked":"Guardian:EvasiveProtocol","floor":4.0},{"not_picked":["Guardian:WalkerClaw","Guardian:TemporalShield"],"picked":"Guardian:BaubleBeam","floor":6.0},{"not_picked":["Guardian:Gem_White","Guardian:Planning"],"picked":"Guardian:PrismaticBeam","floor":11.0},{"not_picked":["Guardian:DonusPower","Guardian:Gem_Red"],"picked":"Guardian:Orbwalk","floor":12.0},{"not_picked":["Guardian:EvasiveProtocol","Guardian:RefractedBeam"],"picked":"Guardian:Harden","floor":13.0},{"not_picked":["Guardian:RefractedBeam","Guardian:Reroute"],"picked":"Guardian:ArmoredProtocol","floor":15.0},{"not_picked":["Guardian:TimeSifter","Guardian:FierceBash"],"picked":"Guardian:RevengeProtocol","floor":16.0},{"not_picked":["Guardian:Gem_Cyan","Guardian:Recover"],"picked":"Guardian:Gem_Yellow","floor":19.0},{"not_picked":["Guardian:Gem_Lightblue","Guardian:Gem_Crimson"],"picked":"Guardian:Recover","floor":21.0},{"not_picked":["Guardian:WalkerClaw","Guardian:VentSteam"],"picked":"Guardian:BodySlam+1","floor":22.0},{"not_picked":["Guardian:ExploitGems+1","Guardian:Recover+1"],"picked":"Guardian:RollAttack","floor":23.0},{"not_picked":["Guardian:WalkerClaw+1","Guardian:Reroute","Guardian:Repulse"],"picked":"SKIP","floor":26.0},{"not_picked":["Guardian:SentryBeam","Guardian:FuturePlans","Guardian:RefractedBeam+1"],"picked":"SKIP","floor":27.0},{"not_picked":["Guardian:SentryBeam","Guardian:FuturePlans","Guardian:RefractedBeam+1"],"picked":"SKIP","floor":27.0},{"not_picked":["Guardian:Reroute","Guardian:Gem_Red","Guardian:PolyBeam"],"picked":"SKIP","floor":28.0},{"not_picked":["Guardian:RefractedBeam","Guardian:CrystalBeam","Guardian:DonusPower+1"],"picked":"SKIP","floor":29.0},{"not_picked":["Guardian:Gem_Lightblue","Guardian:VentSteam+1"],"picked":"Guardian:BronzeArmor+1","floor":32.0},{"not_picked":["Guardian:TimeSifter","Guardian:StasisStrike"],"picked":"Guardian:Gem_Synthetic","floor":33.0},{"not_picked":["Guardian:VentSteam+1","Guardian:Gem_Cyan"],"picked":"Guardian:Gem_Crimson","floor":36.0},{"not_picked":["Guardian:Orbwalk","Guardian:PrismaticBeam"],"picked":"Guardian:BodySlam","floor":38.0},{"not_picked":["Guardian:PrismaticBeam","Guardian:FuturePlans","Guardian:Gem_Purple"],"picked":"SKIP","floor":40.0},{"not_picked":["Guardian:ChargeUp+1","Guardian:MultiBeam+1","Guardian:DecasProtection+1"],"picked":"SKIP","floor":44.0},{"not_picked":["Guardian:WalkerClaw+1","Guardian:Gem_Lightblue","Guardian:VentSteam+1"],"picked":"SKIP","floor":48.0},{"not_picked":["Guardian:BronzeOrb+1","Guardian:Harden+1","Guardian:WalkerClaw"],"picked":"SKIP","floor":49.0},{"not_picked":["Guardian:Gem_Lightblue","Guardian:TemporalShield+1","Guardian:Planning+1"],"picked":"SKIP","floor":52.0}],"player_experience":448553,"relics_obtained":[{"floor":6.0,"key":"Peace Pipe"},{"floor":7.0,"key":"Guardian:SackOfGems"},{"floor":11.0,"key":"CaptainsWheel"},{"floor":13.0,"key":"Whetstone"},{"floor":23.0,"key":"Toxic Egg 2"},{"floor":24.0,"key":"HornCleat"},{"floor":28.0,"key":"Regal Pillow"},{"floor":30.0,"key":"Red Mask"},{"floor":37.0,"key":"Bottled Tornado"},{"floor":40.0,"key":"Eternal Feather"},{"floor":52.0,"key":"Orichalcum"}],"event_choices":[{"damage_healed":0.0,"max_hp_gain":0.0,"max_hp_loss":0.0,"gold_gain":0.0,"event_name":"Living Wall","player_choice":"Grow","floor":14.0,"gold_loss":0.0,"damage_taken":0.0,"cards_upgraded":["Guardian:Orbwalk"]},{"cards_removed":["Guardian:GuardianWhirl"],"damage_healed":19.0,"max_hp_gain":0.0,"max_hp_loss":0.0,"gold_gain":0.0,"event_name":"Bonfire Elementals","player_choice":"Offered Uncommon","floor":20.0,"gold_loss":0.0,"damage_taken":0.0},{"damage_healed":0.0,"max_hp_gain":0.0,"max_hp_loss":0.0,"gold_gain":0.0,"event_name":"Masked Bandits","player_choice":"Fought Bandits","floor":30.0,"gold_loss":0.0,"damage_taken":0.0}],"is_beta":false,"boss_relics":[{"not_picked":["Pandora\u0027s Box","Calling Bell"],"picked":"Guardian:ModeShifterPlus"},{"not_picked":["Runic Dome","SacredBark"],"picked":"Sozu"}],"items_purged_floors":[12,43],"is_endless":false,"potions_floor_spawned":[3,11,13,15,19,23,27,29,32,33,38,48,52],"killed_by":"downfall:NeowBossFinal","ascension_level":8}}