{"host":"ggdx0grr3y27g9rj","time":1612035307,"event":{"mods":["Act Like it!","BaseMod","Dio Mod","Duelist Mod","GifTheSpireLib","Hermit","Hero for Fun","Highlight Path","Minty Spire (QoL Compilation)","StSLib","The Bug Knight","The Kombatant","The Servant 0.9.4","The Wild Card"],"gold_per_floor":[12,12,32,50,63,80,115,133,186,219,114,134,147,162,162,259,259,272,282,295,305,305,340,340,353,378,397,410,410,430,463,463,565,565,576,592,608,608,533,563,563,581,652,752,782,782,795,808,808,808,808,808,24,54,54],"floor_reached":56,"language":"ENG","playtime":1004,"items_purged":["Defend_Y+1"],"score":1725,"play_id":"41a224ac-5c87-4fcc-9b29-a951054f4a28","local_time":"20210130203507","is_ascension_mode":false,"campfire_choices":[{"floor":15,"key":"RECALL"},{"floor":24,"key":"REST"},{"data":"Defend_Y","floor":29,"key":"SMITH"},{"data":"Defend_Y","floor":32,"key":"SMITH"},{"data":"Hip_Strike","floor":46,"key":"SMITH"},{"data":"Wear_Disguise","floor":49,"key":"SMITH"},{"floor":52,"key":"REST"}],"circlet_count":0,"master_deck":["Strike_Y","Strike_Y","Strike_Y","Strike_Y","Strike_Y","Defend_Y","Defend_Y","Defend_Y+1","Slap","Slap","Normal_Punch","Consecutive_Normal_Punch","Hip_Strike+1","Ignore","Do_Nothing","Wear_Disguise+1","Ignore","Toss_Stone","Oh","Toss_Stone+1","Wear_Disguise+1","Oh+1","Consecutive_Normal_Punch+1","Do_Nothing","Ignore","Slap","Wear_Disguise","Serious_Punch","Serious_Punch","Toss_Stone","Consecutive_Normal_Punch","Dramatic Entrance"],"relics":["Cape","Calipers","Dream Catcher","Astrolabe","Kunai","MealTicket","Vajra","Black Star","Matryoshka","Bottled Flame","Orichalcum","Question Card","Potion Belt","Pantograph","HollowMod:LifeEnderRelic","Frozen Eye","White Beast Statue","Bottled Tornado","Torii"],"acts_visited":["Exordium","TheCity","TheBeyond","TheEnding"],"potions_floor_usage":[12,42],"damage_taken":[{"damage":0,"enemies":"Jaw Worm","floor":1,"turns":1},{"damage":0,"enemies":"Cultist","floor":3,"turns":1},{"damage":0,"enemies":"2 Louse","floor":4,"turns":1},{"damage":0,"enemies":"Large Slime","floor":5,"turns":1},{"damage":0,"enemies":"Looter","floor":6,"turns":1},{"damage":0,"enemies":"Lagavulin","floor":7,"turns":1},{"damage":0,"enemies":"3 Louse","floor":8,"turns":2},{"damage":0,"enemies":"3 Sentries","floor":10,"turns":1},{"damage":0,"enemies":"Lots of Slimes","floor":12,"turns":3},{"damage":0,"enemies":"Exordium Thugs","floor":13,"turns":2},{"damage":0,"enemies":"Large Slime","floor":14,"turns":1},{"damage":0,"enemies":"The Guardian","floor":16,"turns":1},{"damage":0,"enemies":"Chosen","floor":18,"turns":1},{"damage":0,"enemies":"3 Byrds","floor":19,"turns":2},{"damage":0,"enemies":"Cultist and Chosen","floor":20,"turns":2},{"damage":0,"enemies":"Chosen and Byrds","floor":21,"turns":1},{"damage":0,"enemies":"theDuelist:KaibaA2","floor":23,"turns":1},{"damage":0,"enemies":"3 Cultists","floor":25,"turns":2},{"damage":0,"enemies":"Snake Plant","floor":27,"turns":1},{"damage":0,"enemies":"Cultist and Chosen","floor":28,"turns":1},{"damage":0,"enemies":"Chosen and Byrds","floor":30,"turns":1},{"damage":0,"enemies":"Gremlin Leader","floor":31,"turns":1},{"damage":0,"enemies":"Automaton","floor":33,"turns":1},{"damage":0,"enemies":"3 Darklings","floor":35,"turns":1},{"damage":0,"enemies":"Orb Walker","floor":36,"turns":1},{"damage":0,"enemies":"Jaw Worm Horde","floor":37,"turns":1},{"damage":0,"enemies":"3 Darklings","floor":38,"turns":2},{"damage":0,"enemies":"Nemesis","floor":40,"turns":1},{"damage":0,"enemies":"Sphere and 2 Shapes","floor":41,"turns":2},{"damage":0,"enemies":"Jaw Worm Horde","floor":42,"turns":1},{"damage":0,"enemies":"Reptomancer","floor":45,"turns":1},{"damage":0,"enemies":"Maw","floor":47,"turns":1},{"damage":0,"enemies":"Sphere and 2 Shapes","floor":48,"turns":2},{"damage":0,"enemies":"Donu and Deca","floor":50,"turns":1},{"damage":0,"enemies":"Shield and Spear","floor":54,"turns":1},{"damage":0,"enemies":"The Heart","floor":55,"turns":3}],"seed_played":"-7645856614327202364","potions_obtained":[{"floor":3,"key":"FairyPotion"},{"floor":5,"key":"Explosive Potion"},{"floor":10,"key":"DuplicationPotion"},{"floor":13,"key":"DistilledChaos"}],"is_trial":false,"path_per_floor":["M","?","M","M","M","M","E","M","T","E","$","M","M","M","R","B",null,"M","M","M","M","?","E","R","M","T","M","M","R","M","E","R","B",null,"M","M","M","M","$","E","M","M","T","?","E","R","M","M","R","B",null,"R","$","E","B",null],"character_chosen":"OPM","items_purchased":["Wear_Disguise","Do_Nothing","Consecutive_Normal_Punch","Dramatic Entrance","HollowMod:LifeEnderRelic","Frozen Eye","White Beast Statue"],"campfire_rested":2,"item_purchase_floors":[11,11,53,53,53,53,53],"current_hp_per_floor":[1098,1098,1098,1098,1098,1098,1098,1098,1098,1098,1098,1098,1098,1098,1098,1098,1098,1098,1098,1098,1098,1098,1098,1098,1098,1098,1098,1098,1098,1098,1098,1098,1098,1098,1098,1098,1098,1098,1098,1098,1098,1098,1098,1098,1098,1098,1098,1098,1098,1098,1098,1098,1098,1098,1098],"gold":54,"neow_bonus":"TEN_PERCENT_HP_BONUS","is_daily":false,"chose_seed":false,"campfire_upgraded":4,"win_rate":0.0,"timestamp":1612035307,"path_taken":["M","?","M","M","M","M","E","M","T","E","$","M","M","M","R","BOSS","M","M","?","M","?","E","R","M","T","M","M","R","M","E","R","BOSS","M","M","M","M","$","E","M","M","T","?","E","R","M","?","R","BOSS","R","$","E","BOSS"],"items_purchased_type":["Card","Card","Card","Card","Relic","Relic","Relic"],"build_version":"2020-12-22","purchased_purges":1,"victory":true,"max_hp_per_floor":[1098,1098,1098,1098,1098,1098,1098,1098,1098,1098,1098,1098,1098,1098,1098,1098,1098,1098,1098,1098,1098,1098,1098,1098,1098,1098,1098,1098,1098,1098,1098,1098,1098,1098,1098,1098,1098,1098,1098,1098,1098,1098,1098,1098,1098,1098,1098,1098,1098,1098,1098,1098,1098,1098,1098],"card_choices":[{"not_picked":["Ignore","Hop"],"picked":"Yawn","floor":1},{"not_picked":["Side_Hop","Yawn"],"picked":"Slap","floor":3},{"not_picked":["Do_Nothing","Hop"],"picked":"Slap","floor":4},{"not_picked":["Yawn","Ignore"],"picked":"Normal_Punch","floor":5},{"not_picked":["Serious_Side_Hops","Do_Nothing"],"picked":"Consecutive_Normal_Punch","floor":6},{"not_picked":["Ignore","Do_Nothing"],"picked":"Hip_Strike","floor":7},{"not_picked":["Wear_Disguise","Hop"],"picked":"Ignore","floor":8},{"not_picked":["Slap","Toss_Stone"],"picked":"Do_Nothing","floor":10},{"not_picked":["Side_Hop","Hop"],"picked":"Slap","floor":12},{"not_picked":["Side_Hop","Hop"],"picked":"Ignore","floor":13},{"not_picked":["Normal_Punch","Side_Hop"],"picked":"Toss_Stone","floor":14},{"not_picked":["Hip_Strike","Serious_Side_Hops"],"picked":"Oh","floor":16},{"not_picked":["Hop+1","Slap"],"picked":"Consecutive_Normal_Punch+1","floor":18},{"not_picked":["Wear_Disguise","Yawn+1"],"picked":"Do_Nothing","floor":19},{"not_picked":["Yawn","Oh"],"picked":"Ignore","floor":20},{"not_picked":["Side_Hop","Hop"],"picked":"Slap","floor":21},{"not_picked":["Hop","Side_Hop+1"],"picked":"Wear_Disguise","floor":23},{"not_picked":["Hop","Side_Hop"],"picked":"Serious_Punch","floor":24},{"not_picked":["Hop","Ignore","Slap"],"picked":"SKIP","floor":25},{"not_picked":["Normal_Punch","Side_Hop","Ignore"],"picked":"SKIP","floor":27},{"not_picked":["Slap","Oh","Yawn+1"],"picked":"SKIP","floor":28},{"not_picked":["Hop+1","Side_Hop","Consecutive_Normal_Punch"],"picked":"SKIP","floor":30},{"not_picked":["Normal_Punch","Hop","Ignore"],"picked":"SKIP","floor":31},{"not_picked":["Hip_Strike","Terrifying_Presence"],"picked":"Serious_Punch","floor":33},{"not_picked":["Do_Nothing+1","Normal_Punch"],"picked":"Toss_Stone","floor":35},{"not_picked":["Hop","Toss_Stone+1","Wear_Disguise+1"],"picked":"SKIP","floor":36},{"not_picked":["Side_Hop+1","Wear_Disguise","Slap+1"],"picked":"SKIP","floor":37},{"not_picked":["Slap","Yawn","Wear_Disguise"],"picked":"SKIP","floor":38},{"not_picked":["Consecutive_Normal_Punch+1","Yawn","Wear_Disguise+1"],"picked":"SKIP","floor":40},{"not_picked":["Yawn+1","Ignore","Hop+1"],"picked":"SKIP","floor":41},{"not_picked":["Normal_Punch+1","Wear_Disguise+1","Do_Nothing+1"],"picked":"SKIP","floor":42},{"not_picked":["Hop+1","Ignore+1","Serious_Punch","Slap"],"picked":"SKIP","floor":45},{"not_picked":["Side_Hop","Ignore","Slap","Toss_Stone"],"picked":"SKIP","floor":47},{"not_picked":["Hop+1","Hip_Strike","Ignore+1","Side_Hop"],"picked":"SKIP","floor":48},{"not_picked":["Yawn+1","Serious_Punch","Side_Hop+1","Ignore+1"],"picked":"SKIP","floor":54}],"player_experience":117844,"relics_obtained":[{"floor":7,"key":"Calipers"},{"floor":10,"key":"Dream Catcher"},{"floor":23,"key":"Kunai"},{"floor":26,"key":"MealTicket"},{"floor":31,"key":"Vajra"},{"floor":40,"key":"Matryoshka"},{"floor":40,"key":"Bottled Flame"},{"floor":43,"key":"Orichalcum"},{"floor":43,"key":"Question Card"},{"floor":45,"key":"Potion Belt"},{"floor":45,"key":"Pantograph"},{"floor":54,"key":"Bottled Tornado"},{"floor":54,"key":"Torii"}],"event_choices":[{"cards_removed":["Defend_Y"],"damage_healed":0,"gold_gain":0,"player_choice":"Offered Basic","damage_taken":0,"max_hp_gain":0,"max_hp_loss":0,"event_name":"Bonfire Elementals","floor":2,"gold_loss":0},{"damage_healed":0,"gold_gain":0,"player_choice":"Got Potions","damage_taken":0,"max_hp_gain":0,"max_hp_loss":0,"event_name":"Lab","floor":22,"gold_loss":0},{"damage_healed":0,"gold_gain":100,"player_choice":"Pray","damage_taken":0,"max_hp_gain":0,"max_hp_loss":0,"event_name":"Golden Shrine","floor":44,"gold_loss":0}],"is_beta":false,"boss_relics":[{"not_picked":["Snecko Eye","Calling Bell"],"picked":"Astrolabe"},{"not_picked":["Tiny House","Sozu"],"picked":"Black Star"}],"items_purged_floors":[39],"is_endless":false,"potions_floor_spawned":[3,5,10,13,14,16,18,20,23,25,33,35,36,37,41,47,54],"ascension_level":0}}