{"host":"2se5dq1do2gp0x9k","time":1612048354,"event":{"mods":["AchievementEnabler","BaseMod","Block Reminder","Colored Map","Colored Powertips","Minty Spire (QoL Compilation)","Relic Stats","StSLib","SuperFastMode"],"gold_per_floor":[109,119,119,119,135,179,8,8,8,8,23,23,43,86,86,86,86],"floor_reached":16,"language":"ENG","playtime":543,"items_purged":[],"score":220,"play_id":"dda3e29a-c47c-4f21-aeec-5261a22317b3","local_time":"20210130151234","is_ascension_mode":true,"campfire_choices":[{"data":"Streamline","floor":8,"key":"SMITH"},{"data":"Coolheaded","floor":10,"key":"SMITH"},{"data":"Cold Snap","floor":12,"key":"SMITH"},{"data":"Cold Snap","floor":15,"key":"SMITH"}],"circlet_count":0,"master_deck":["AscendersBane","Strike_B","Strike_B","Strike_B","Strike_B","Defend_B","Defend_B","Defend_B","Defend_B","Zap","Dualcast","Streamline+1","FTL","Coolheaded+1","Cold Snap+1","Genetic Algorithm","Cold Snap+1","Chill"],"relics":["Cracked Core","Smiling Mask","Golden Idol","Symbiotic Virus","Calipers","ClockworkSouvenir","Happy Flower","Vajra"],"acts_visited":[],"potions_floor_usage":[6,14,16,16],"damage_taken":[{"damage":1,"enemies":"Cultist","floor":1,"turns":3},{"damage":7,"enemies":"Jaw Worm","floor":2,"turns":2},{"damage":7,"enemies":"Small Slimes","floor":5,"turns":3},{"damage":17,"enemies":"Lagavulin","floor":6,"turns":5},{"damage":10,"enemies":"Gremlin Gang","floor":11,"turns":3},{"damage":4,"enemies":"2 Fungi Beasts","floor":13,"turns":3},{"damage":8,"enemies":"3 Sentries","floor":14,"turns":5},{"damage":13,"enemies":"Hexaghost","floor":16,"turns":7}],"seed_played":"-8567829950002674596","potions_obtained":[{"floor":2,"key":"FocusPotion"},{"floor":11,"key":"BlessingOfTheForge"},{"floor":13,"key":"EssenceOfSteel"},{"floor":14,"key":"Swift Potion"}],"is_trial":false,"path_per_floor":["M","M","?","T","M","E","$","R","T","R","M","R","M","E","R","B"],"character_chosen":"DEFECT","items_purchased":["ClockworkSouvenir"],"campfire_rested":0,"item_purchase_floors":[7],"current_hp_per_floor":[63,56,56,56,49,32,32,32,32,32,22,22,18,10,10,0,0],"gold":86,"neow_bonus":"RANDOM_COMMON_RELIC","is_daily":false,"chose_seed":false,"campfire_upgraded":4,"win_rate":0.0,"timestamp":1612048354,"path_taken":["M","M","?","?","M","E","$","R","T","R","M","R","?","E","R","BOSS"],"items_purchased_type":["Relic"],"build_version":"2020-12-22","purchased_purges":0,"victory":false,"max_hp_per_floor":[71,71,64,64,64,64,64,64,64,64,64,64,64,64,64,64,64],"relic_stats":{"Happy Flower":[6],"counters":[8,31],"Golden Idol":28,"Smiling Mask":0,"obtain_stats":[{"Calipers":6,"Happy Flower":9,"Golden Idol":3,"Vajra":14,"Cracked Core":0,"Smiling Mask":0,"Symbiotic Virus":4,"ClockworkSouvenir":7},{"Calipers":4,"Happy Flower":4,"Golden Idol":2,"Vajra":7,"Cracked Core":0,"Smiling Mask":0,"Symbiotic Virus":2,"ClockworkSouvenir":4},{"Calipers":13,"Happy Flower":13,"Golden Idol":5,"Vajra":24,"Cracked Core":0,"Smiling Mask":0,"Symbiotic Virus":5,"ClockworkSouvenir":13}]},"card_choices":[{"not_picked":["Consume","Sweeping Beam"],"picked":"Streamline","floor":1},{"not_picked":["Leap","Fusion"],"picked":"FTL","floor":2},{"not_picked":["Barrage","Turbo"],"picked":"Coolheaded","floor":5},{"not_picked":["Turbo","Amplify"],"picked":"Cold Snap","floor":6},{"not_picked":["Leap","Go for the Eyes"],"picked":"Genetic Algorithm","floor":11},{"not_picked":["Gash","Blizzard"],"picked":"Cold Snap","floor":13},{"not_picked":["Sweeping Beam","All For One"],"picked":"Chill","floor":14}],"player_experience":3996502,"relics_obtained":[{"floor":4,"key":"Symbiotic Virus"},{"floor":6,"key":"Calipers"},{"floor":9,"key":"Happy Flower"},{"floor":14,"key":"Vajra"}],"event_choices":[{"damage_healed":0,"gold_gain":0,"player_choice":"Lose Max HP","damage_taken":0,"relics_obtained":["Golden Idol"],"max_hp_gain":0,"max_hp_loss":7,"event_name":"Golden Idol","floor":3,"gold_loss":0}],"is_beta":false,"boss_relics":[],"items_purged_floors":[],"is_endless":false,"potions_floor_spawned":[2,11,13,14],"killed_by":"Hexaghost","ascension_level":20}}