{"host":"k2mw1od0xoi9pcfj","time":1612020712,"event":{"mods":["AchievementEnabler","Act Like it!","Aspiration","BaseMod","Beaked The Cultist","Downfall","Energized Spire","Highlight Path","Minty Spire (QoL Compilation)","Permanent Neow","Relic Stats","Reliquary","Replay The Spire","Retaliation","StSLib","The Death Knight"],"gold_per_floor":[109,119,119,119,135,162,162,175,175,205,220,235,235,248,248,353,353,353],"floor_reached":17,"language":"ENG","playtime":838,"items_purged":[],"score":169,"play_id":"bc216741-2b97-4af6-9b70-31f0f30e4702","local_time":"20210130093152","is_ascension_mode":false,"campfire_choices":[{"data":"DeathKnight:Hysteria","floor":7,"key":"SMITH"},{"floor":15,"key":"RECALL"}],"circlet_count":0,"master_deck":["DeathKnight:Strike_DeathKnight","DeathKnight:Strike_DeathKnight","DeathKnight:Strike_DeathKnight","DeathKnight:Strike_DeathKnight","DeathKnight:Strike_DeathKnight+1","DeathKnight:Defend_DeathKnight","DeathKnight:Defend_DeathKnight","DeathKnight:Defend_DeathKnight","DeathKnight:Defend_DeathKnight","DeathKnight:Defend_DeathKnight","DeathKnight:RuneTap+1","DeathKnight:RuneStrike","DeathKnight:Hysteria+1","Injury","DeathKnight:DarkSuccor","DeathKnight:DreadStrike","DeathKnight:IcyTouch","DeathKnight:FrosPresence+1","DeathKnight:BludPresence+1","DeathKnight:Hysteria+1","DeathKnight:PlagueStrike","DeathKnight:UnholyExperiment"],"relics":["DeathKnight:BrokenRuneblade","aspiration:Nostalgia","Sizzling Blood","Frozen Egg 2","Blood Vial","Shovel","aspiration:Lifesprig","energizedSpire:CursedPentagram"],"acts_visited":["Exordium","TheCity"],"potions_floor_usage":[10],"damage_taken":[{"damage":6,"enemies":"Cultist","floor":1,"turns":4},{"damage":5,"enemies":"Jaw Worm","floor":2,"turns":5},{"damage":6,"enemies":"Small Slimes","floor":5,"turns":4},{"damage":19,"enemies":"3 Sentries","floor":6,"turns":10},{"damage":12,"enemies":"2 Fungi Beasts","floor":8,"turns":5},{"damage":18,"enemies":"Gremlin Nob","floor":10,"turns":5},{"damage":12,"enemies":"Blue Slaver","floor":11,"turns":5},{"damage":11,"enemies":"Large Slime","floor":12,"turns":9},{"damage":5,"enemies":"3 Louse","floor":14,"turns":6},{"damage":24,"enemies":"Hexaghost","floor":16,"turns":10}],"seed_played":"7162878859607114530","potions_obtained":[{"floor":5,"key":"LiquidMemories"},{"floor":10,"key":"Venom Potion"},{"floor":11,"key":"hexamod:SoulburnPotion"},{"floor":12,"key":"SpeedPotion"}],"is_trial":false,"path_per_floor":["M","M","?","?","M","E","R","M","T","E","M","M","?","M","R","B",null],"character_chosen":"DEATH_KNIGHT","items_purchased":[],"campfire_rested":0,"item_purchase_floors":[],"current_hp_per_floor":[77,76,76,60,58,43,43,37,37,25,19,14,40,41,41,23,79,79],"gold":353,"neow_bonus":"NOSTALGIA","is_daily":false,"chose_seed":false,"campfire_upgraded":1,"win_rate":0.0,"timestamp":1612020712,"path_taken":["M","?","?","?","?","E","R","M","T","E","?","M","?","M","R","BOSS"],"items_purchased_type":[],"build_version":"2020-12-22","purchased_purges":0,"victory":false,"max_hp_per_floor":[79,79,79,79,79,79,79,79,79,79,79,79,79,79,79,79,79,79],"relic_stats":{"Blood Vial":12,"Shovel":0,"counters":[10,63],"obtain_stats":[{"Blood Vial":6,"aspiration:Lifesprig":10,"Shovel":9,"energizedSpire:CursedPentagram":17,"aspiration:Nostalgia":0,"Sizzling Blood":0,"Frozen Egg 2":3,"DeathKnight:BrokenRuneblade":0},{"Blood Vial":4,"aspiration:Lifesprig":6,"Shovel":5,"energizedSpire:CursedPentagram":10,"aspiration:Nostalgia":0,"Sizzling Blood":0,"Frozen Egg 2":2,"DeathKnight:BrokenRuneblade":0},{"Blood Vial":23,"aspiration:Lifesprig":33,"Shovel":28,"energizedSpire:CursedPentagram":63,"aspiration:Nostalgia":0,"Sizzling Blood":0,"Frozen Egg 2":9,"DeathKnight:BrokenRuneblade":0}]},"card_choices":[{"not_picked":["DeathKnight:RuneShock","DeathKnight:BladedArmor"],"picked":"DeathKnight:Hysteria","floor":1},{"not_picked":["DeathKnight:BoneShield","DeathKnight:BloodTap","DeathKnight:BloodStrike"],"picked":"SKIP","floor":2},{"not_picked":["DeathKnight:UnholyPresence+1","DeathKnight:BoneSpear"],"picked":"DeathKnight:DarkSuccor","floor":5},{"not_picked":["DeathKnight:FesteringStrike","DeathKnight:BloodPact+1"],"picked":"DeathKnight:DreadStrike","floor":6},{"not_picked":["DeathKnight:BoneSpear","DeathKnight:UnholyAssault"],"picked":"DeathKnight:IcyTouch","floor":8},{"not_picked":["DeathKnight:DreadStrike","DeathKnight:UnholyAssault"],"picked":"DeathKnight:FrosPresence+1","floor":10},{"not_picked":["DeathKnight:RaiseAlly","DeathKnight:UnholyPresence+1"],"picked":"DeathKnight:BludPresence+1","floor":11},{"not_picked":["DeathKnight:Outbreak","DeathKnight:ShatteringStrikes"],"picked":"DeathKnight:Hysteria+1","floor":12},{"not_picked":["DeathKnight:Lichborne","DeathKnight:BladedArmor+1"],"picked":"DeathKnight:PlagueStrike","floor":14},{"not_picked":["DeathKnight:Outbreak","DeathKnight:Simulacrum"],"picked":"DeathKnight:UnholyExperiment","floor":16}],"player_experience":733540,"relics_obtained":[{"floor":6,"key":"Blood Vial"},{"floor":9,"key":"Shovel"},{"floor":10,"key":"aspiration:Lifesprig"}],"event_choices":[{"damage_healed":0,"gold_gain":0,"player_choice":"Entered Light","damage_taken":16,"max_hp_gain":0,"max_hp_loss":0,"event_name":"Shining Light","floor":4,"gold_loss":0,"cards_upgraded":["DeathKnight:RuneTap","DeathKnight:Strike_DeathKnight"]},{"damage_healed":26,"gold_gain":0,"player_choice":"Banana","damage_taken":0,"max_hp_gain":0,"max_hp_loss":0,"event_name":"Big Fish","floor":13,"gold_loss":0}],"is_beta":false,"boss_relics":[{"not_picked":["Tiny House","beaked:MawFillet"],"picked":"energizedSpire:CursedPentagram"}],"items_purged_floors":[],"is_endless":false,"potions_floor_spawned":[5,10,11,12],"ascension_level":0}}