{"host":"9qk11wtevf51xvhl","time":1612024949,"event":{"mods":["BaseMod","Minty Spire (QoL Compilation)"],"gold_per_floor":[118,118,118,135,135,167,13,24,24,35,0,29,29,0,0,0,0],"floor_reached":16,"language":"ENG","playtime":902,"items_purged":[],"score":157,"play_id":"011fad00-3a4e-47cc-93f8-a72ac7f53745","local_time":"20210130174229","is_ascension_mode":true,"campfire_choices":[{"floor":13,"key":"REST"},{"data":"Backflip","floor":15,"key":"SMITH"}],"circlet_count":0,"master_deck":["Strike_G","Strike_G","Strike_G","Strike_G","Defend_G+1","Defend_G","Defend_G","Defend_G","Defend_G","Survivor+1","Neutralize","Flying Knee","Dodge and Roll","Poisoned Stab","A Thousand Cuts","Backflip+1","Deadly Poison"],"relics":["Ring of the Snake","Bag of Preparation","Paper Crane","Nunchaku","Vajra","Question Card","WingedGreaves"],"acts_visited":["Exordium"],"potions_floor_usage":[10],"damage_taken":[{"damage":4,"enemies":"Small Slimes","floor":1,"turns":5},{"damage":0,"enemies":"Jaw Worm","floor":4,"turns":4},{"damage":21,"enemies":"3 Sentries","floor":6,"turns":12},{"damage":1,"enemies":"2 Louse","floor":8,"turns":3},{"damage":4,"enemies":"Large Slime","floor":10,"turns":6},{"damage":14,"enemies":"Lagavulin","floor":12,"turns":7},{"damage":30,"enemies":"Slime Boss","floor":16,"turns":8}],"seed_played":"-1324390912879729882","potions_obtained":[{"floor":8,"key":"Block Potion"}],"is_trial":false,"path_per_floor":["M","?","?","M","?","E","$","M","T","M","?","E","R","?","R","B"],"character_chosen":"THE_SILENT","items_purchased":["Vajra"],"campfire_rested":1,"item_purchase_floors":[7],"current_hp_per_floor":[59,45,27,27,27,6,6,5,5,1,18,4,25,25,25,0,0],"gold":0,"neow_bonus":"RANDOM_COMMON_RELIC","is_daily":false,"chose_seed":false,"campfire_upgraded":1,"win_rate":0.0,"timestamp":1612024949,"path_taken":["M","?","?","M","?","E","?","M","T","?","?","E","R","?","R","BOSS"],"items_purchased_type":["Relic"],"build_version":"2020-12-22","purchased_purges":0,"victory":false,"max_hp_per_floor":[70,70,70,70,70,70,70,70,70,70,70,70,70,70,70,70,70],"card_choices":[{"not_picked":["Backflip","Blade Dance"],"picked":"Flying Knee","floor":1},{"not_picked":["Choke","Prepared"],"picked":"Dodge and Roll","floor":4},{"not_picked":["Doppelganger","Poisoned Stab"],"picked":"A Thousand Cuts","floor":6},{"not_picked":["Dagger Spray","Endless Agony","Slice"],"picked":"SKIP","floor":8},{"not_picked":["Cloak And Dagger","Eviscerate","Deadly Poison"],"picked":"Backflip","floor":10},{"not_picked":["Sucker Punch","PiercingWail","Cloak And Dagger"],"picked":"Deadly Poison","floor":12}],"player_experience":551680,"relics_obtained":[{"floor":6,"key":"Nunchaku"},{"floor":9,"key":"Question Card"},{"floor":12,"key":"WingedGreaves"}],"event_choices":[{"damage_healed":0,"gold_gain":0,"player_choice":"Entered Light","damage_taken":14,"max_hp_gain":0,"max_hp_loss":0,"event_name":"Shining Light","floor":2,"gold_loss":0,"cards_upgraded":["Survivor","Defend_G"]},{"damage_healed":0,"gold_gain":0,"player_choice":"Success","damage_taken":18,"relics_obtained":["Paper Crane"],"max_hp_gain":0,"max_hp_loss":0,"event_name":"Scrap Ooze","floor":3,"gold_loss":0},{"damage_healed":0,"gold_gain":0,"cards_transformed":["Strike_G"],"player_choice":"Change","damage_taken":0,"max_hp_gain":0,"max_hp_loss":0,"event_name":"Living Wall","floor":5,"gold_loss":0,"cards_obtained":["Poisoned Stab"]},{"damage_healed":17,"gold_gain":0,"player_choice":"Healed","damage_taken":0,"max_hp_gain":0,"max_hp_loss":0,"event_name":"The Cleric","floor":11,"gold_loss":35},{"damage_healed":0,"gold_gain":0,"player_choice":"Left Gold","damage_taken":0,"max_hp_gain":0,"max_hp_loss":0,"event_name":"World of Goop","floor":14,"gold_loss":29}],"is_beta":false,"boss_relics":[],"items_purged_floors":[],"is_endless":false,"potions_floor_spawned":[8],"killed_by":"Slime Boss","ascension_level":9}}