{"host":"zxkjcgzis4pm3za5","time":1612012711,"event":{"mods":["AchievementEnabler","Act Like it!","BaseMod","Colored Map","Colored Powertips","Friendly Minions","GifTheSpireLib","Minty Spire (QoL Compilation)","Quick Restart","RNG Fix","Random Character Button","Relic Filter Mod","Relic Sorter","Relic Stats","StSLib"],"gold_per_floor":[116,135,81,81,101,130,144,144,193,193,212,238,238,256,256,329,329,342,354,279,279,295,329,329,346,369,152,184,21,21,21,21,21,21],"floor_reached":33,"language":"ENG","playtime":1060,"items_purged":["Strike_G","Strike_G"],"score":561,"play_id":"987e8ce5-68c1-4dcf-9270-b28f1e3fb60b","local_time":"20210130184831","is_ascension_mode":true,"campfire_choices":[{"floor":8.0,"key":"REST"},{"data":"Blade Dance","floor":13.0,"key":"SMITH"},{"data":"Footwork","floor":15.0,"key":"SMITH"},{"floor":24,"key":"REST"},{"floor":32,"key":"REST"}],"circlet_count":0,"master_deck":["AscendersBane","Strike_G","Defend_G","Defend_G","Defend_G","Defend_G","Defend_G","Survivor","Neutralize","Endless Agony","PiercingWail","Blade Dance+1","Predator","Backstab","Poisoned Stab","Flying Knee","Riddle With Holes","Deflect","Footwork+1","A Thousand Cuts","Masterful Stab","Prepared+1","Dash","Slice","Dagger Spray+1","Quick Slash+1","Footwork","Backflip","Footwork","Burst"],"relics":["Ring of the Snake","Toy Ornithopter","Strawberry","Dream Catcher","Boot","Omamori","WristBlade","Potion Belt","Smiling Mask","Orichalcum","Regal Pillow"],"acts_visited":["Exordium","TheCity"],"potions_floor_usage":[19,23,25,28,28,33],"damage_taken":[{"damage":1.0,"enemies":"Small Slimes","floor":1.0,"turns":4.0},{"damage":0.0,"enemies":"Cultist","floor":2.0,"turns":3.0},{"damage":0.0,"enemies":"2 Louse","floor":5.0,"turns":3.0},{"damage":36.0,"enemies":"Gremlin Nob","floor":6.0,"turns":4.0},{"damage":3.0,"enemies":"Looter","floor":7.0,"turns":3.0},{"damage":8.0,"enemies":"Exordium Thugs","floor":11.0,"turns":4.0},{"damage":5.0,"enemies":"3 Sentries","floor":12.0,"turns":7.0},{"damage":0.0,"enemies":"2 Fungi Beasts","floor":14.0,"turns":1.0},{"damage":10.0,"enemies":"The Guardian","floor":16.0,"turns":15.0},{"damage":30,"enemies":"Spheric Guardian","floor":18,"turns":4},{"damage":11,"enemies":"Shell Parasite","floor":19,"turns":3},{"damage":0,"enemies":"3 Cultists","floor":22,"turns":5},{"damage":28,"enemies":"Slavers","floor":23,"turns":5},{"damage":31,"enemies":"Chosen and Byrds","floor":25,"turns":5},{"damage":13,"enemies":"Gremlin Leader","floor":28,"turns":3},{"damage":65,"enemies":"Automaton","floor":33,"turns":10}],"seed_played":"-4351202499560314137","potions_obtained":[{"floor":1.0,"key":"CultistPotion"},{"floor":2.0,"key":"Fruit Juice"},{"floor":11.0,"key":"SneckoOil"},{"floor":12.0,"key":"EntropicBrew"},{"floor":14.0,"key":"Dexterity Potion"},{"floor":18,"key":"EssenceOfSteel"},{"floor":19,"key":"Ancient Potion"},{"floor":23,"key":"Explosive Potion"}],"is_trial":false,"path_per_floor":["M","M","$","?","M","E","M","R","T","?","M","E","R","M","R","B",null,"M","M","$","?","M","E","R","M","T","$","E","$","?","?","R","B"],"character_chosen":"THE_SILENT","items_purchased":["Blade Dance","AttackPotion","FearPotion","Explosive Potion","Regal Pillow"],"campfire_rested":3,"item_purchase_floors":[3,27,27,27,29],"current_hp_per_floor":[58,58,58,39,39,3,10,33,33,33,25,25,25,30,30,40,69,39,33,33,33,33,10,33,7,7,7,4,4,4,4,42,0,0],"gold":21,"neow_bonus":"RANDOM_COMMON_RELIC","is_daily":false,"chose_seed":false,"campfire_upgraded":2,"win_rate":0.0,"timestamp":1612012711,"path_taken":["M","?","?","?","?","E","M","R","T","?","M","E","R","M","R","BOSS","M","M","$","?","M","E","R","M","T","$","E","$","?","?","R","BOSS"],"items_purchased_type":["Card","Potion","Potion","Potion","Relic"],"build_version":"2020-12-22","purchased_purges":2,"victory":false,"max_hp_per_floor":[66,66,66,73,73,73,78,78,78,78,78,78,78,78,78,78,78,78,78,78,78,78,78,78,78,78,78,78,78,78,78,78,78,78],"relic_stats":{"Dream Catcher":3,"Regal Pillow":15,"counters":[16,79],"Orichalcum":[36],"Boot":[140],"Smiling Mask":50,"obtain_stats":[{"Potion Belt":23,"Dream Catcher":6,"Regal Pillow":29,"WristBlade":17,"Strawberry":4,"Omamori":12,"Orichalcum":28,"Boot":10,"Smiling Mask":26,"Toy Ornithopter":0,"Ring of the Snake":0},{"Potion Belt":13,"Dream Catcher":4,"Regal Pillow":15,"WristBlade":9,"Strawberry":2,"Omamori":7,"Orichalcum":15,"Boot":5,"Smiling Mask":14,"Toy Ornithopter":0,"Ring of the Snake":0},{"Potion Belt":61,"Dream Catcher":14,"Regal Pillow":69,"WristBlade":44,"Strawberry":7,"Omamori":28,"Orichalcum":69,"Boot":17,"Smiling Mask":66,"Toy Ornithopter":0,"Ring of the Snake":0}],"Toy Ornithopter":65,"Ring of the Snake":[33]},"card_choices":[{"not_picked":["Accuracy","Backflip"],"picked":"Endless Agony","floor":1.0},{"not_picked":["Backflip","Calculated Gamble"],"picked":"PiercingWail","floor":2.0},{"not_picked":["Endless Agony","Acrobatics"],"picked":"Predator","floor":5.0},{"not_picked":["Infinite Blades","Bouncing Flask"],"picked":"Backstab","floor":6.0},{"not_picked":["Prepared","Crippling Poison"],"picked":"Poisoned Stab","floor":7.0},{"not_picked":["Accuracy","Poisoned Stab"],"picked":"Flying Knee","floor":8.0},{"not_picked":["Slice","PiercingWail"],"picked":"Riddle With Holes","floor":11.0},{"not_picked":["Prepared","Dodge and Roll"],"picked":"Deflect","floor":12.0},{"not_picked":["Terror","Dodge and Roll"],"picked":"Footwork","floor":14.0},{"not_picked":["Malaise","Unload"],"picked":"A Thousand Cuts","floor":16.0},{"not_picked":["Accuracy","Deadly Poison"],"picked":"Masterful Stab","floor":18},{"not_picked":["Predator","Dagger Throw"],"picked":"Prepared+1","floor":19},{"not_picked":["Prepared","Flechettes"],"picked":"Dagger Spray+1","floor":22},{"not_picked":["PiercingWail","Dagger Spray"],"picked":"Quick Slash+1","floor":23},{"not_picked":["Escape Plan","Distraction"],"picked":"Footwork","floor":24},{"not_picked":["Concentrate","Predator"],"picked":"Backflip","floor":25},{"not_picked":["Bouncing Flask","Deflect"],"picked":"Footwork","floor":28}],"player_experience":292618,"relics_obtained":[{"floor":6.0,"key":"Dream Catcher"},{"floor":12.0,"key":"Omamori"},{"floor":23,"key":"Potion Belt"},{"floor":26,"key":"Smiling Mask"},{"floor":28,"key":"Orichalcum"}],"event_choices":[{"damage_healed":0.0,"max_hp_gain":0.0,"max_hp_loss":0.0,"gold_gain":0.0,"event_name":"Scrap Ooze","player_choice":"Success","floor":4.0,"gold_loss":0.0,"damage_taken":26.0,"relics_obtained":["Strawberry"]},{"damage_healed":0.0,"max_hp_gain":0.0,"max_hp_loss":0.0,"gold_gain":0.0,"event_name":"Dead Adventurer","player_choice":"Searched \u00272\u0027 times","floor":10.0,"gold_loss":0.0,"damage_taken":0.0,"relics_obtained":["Boot"]},{"damage_healed":0,"gold_gain":0,"cards_transformed":["Strike_G","Strike_G"],"player_choice":"Became Test Subject","damage_taken":0,"max_hp_gain":0,"max_hp_loss":0,"event_name":"Drug Dealer","floor":21,"gold_loss":0,"cards_obtained":["Dash","Slice"]},{"damage_healed":0,"gold_gain":0,"player_choice":"1 cards matched","damage_taken":0,"max_hp_gain":0,"max_hp_loss":0,"event_name":"Match and Keep!","floor":30,"gold_loss":0,"cards_obtained":["Burst"]},{"damage_healed":0,"gold_gain":0,"player_choice":"Ignored","damage_taken":0,"max_hp_gain":0,"max_hp_loss":0,"event_name":"Vampires","floor":31,"gold_loss":0}],"is_beta":false,"boss_relics":[{"not_picked":["SlaversCollar","Black Star"],"picked":"WristBlade"}],"items_purged_floors":[20,27],"is_endless":false,"potions_floor_spawned":[1,2,11,12,14,18,19,23],"killed_by":"Automaton","ascension_level":18}}