{"host":"xspobo6976yah3h4","time":1612009171,"event":{"mods":["BaseMod","Clockwork Mod","Colored Map","Curses Come First","Downfall","Minty Spire (QoL Compilation)","Random Character Button","StSLib","The Cursed","The Servant 0.9.4"],"gold_per_floor":[99,110,123,139,239,252,252,278,46,121,61,71,103,117,129,233,233,133,150,35,47,47,47,47,72,91,91,79,79,95,128,148,247,247,147,160,210,210,223,239,239,264,280,110,123,41,41,75,88,88],"floor_reached":51,"language":"ENG","playtime":10325,"items_purged":["Slimebound:Defend_Slimebound","Slimebound:Defend_Slimebound","Slimebound:LeadByExample","Slimebound:Tackle"],"score":786,"play_id":"34883136-e3d0-495a-b87e-19ec54c916df","local_time":"20210130131931","is_ascension_mode":false,"campfire_choices":[{"data":"Slimebound:Split","floor":1,"key":"SMITH"},{"data":"Slimebound:DuplicatedForm","floor":18,"key":"SMITH"},{"floor":27,"key":"RECALL"},{"data":"Slimebound:SlimeBarrage","floor":29,"key":"SMITH"},{"data":"Slimebound:SelfFormingGoo","floor":35,"key":"SMITH"},{"data":"expansioncontent:DashGenerateEvil","floor":47,"key":"SMITH"}],"circlet_count":0,"master_deck":["Slimebound:Strike_Slimebound","Slimebound:Strike_Slimebound","Slimebound:Defend_Slimebound","Slimebound:Split+1","Slimebound:CorrosiveSpit+1","Slimebound:LivingWall","Slimebound:SplitBruiser","Slimebound:GrowthPunch","Slimebound:LevelUp","Slimebound:SplitMire","Slimebound:HauntingLick","Slimebound:PrepareCrush","Slimebound:MassRepurpose","Slimebound:SplitLeeching","Slimebound:LeechingTouch","Slimebound:DuplicatedForm+1","Slimebound:SlimeBarrage+1","Slimebound:Prepare","Slimebound:LeechEnergy+1","Slimebound:FirmFortitude","Slimebound:Teamwork","Slimebound:SelfFormingGoo+1","Slimebound:Gluttony","Slimebound:LivingWall+1","Slimebound:HauntingLick+1","expansioncontent:DashGenerateEvil+1","Master of Strategy","Slimebound:Equalize+1"],"relics":["Slimebound:AbsorbEndCombat","Ornamental Fan","Meat on the Bone","Happy Flower","Sozu","downfall:HeartBlessingGreen","Anchor","Mercury Hourglass","Membership Card","Lantern","StoneCalendar","Slimebound:TarBlob","downfall:HeartBlessingRed","Peace Pipe","Blue Candle","HornCleat"],"acts_visited":["Exordium","TheCity","TheBeyond"],"potions_floor_usage":[5],"damage_taken":[{"damage":1,"enemies":"Cultist","floor":2,"turns":3},{"damage":7,"enemies":"Small Slimes","floor":3,"turns":4},{"damage":0,"enemies":"Jaw Worm","floor":4,"turns":4},{"damage":44,"enemies":"downfall:Heads","floor":5,"turns":5},{"damage":5,"enemies":"Blue Slaver","floor":6,"turns":4},{"damage":10,"enemies":"Lagavulin","floor":8,"turns":7},{"damage":5,"enemies":"downfall:FleeingMerchant","floor":9,"turns":4},{"damage":18,"enemies":"downfall:FleeingMerchant","floor":11,"turns":4},{"damage":0,"enemies":"Large Slime","floor":12,"turns":3},{"damage":19,"enemies":"3 Sentries","floor":13,"turns":5},{"damage":24,"enemies":"Exordium Wildlife","floor":14,"turns":4},{"damage":0,"enemies":"2 Fungi Beasts","floor":15,"turns":3},{"damage":14,"enemies":"WA_ARCHETYPE_RETAIN","floor":16,"turns":7},{"damage":16,"enemies":"Spheric Guardian","floor":19,"turns":4},{"damage":26,"enemies":"downfall:FleeingMerchant","floor":20,"turns":4},{"damage":15,"enemies":"Cultist and Chosen","floor":21,"turns":4},{"damage":32,"enemies":"Gremlin Leader","floor":25,"turns":5},{"damage":12,"enemies":"Sentry and Sphere","floor":26,"turns":4},{"damage":15,"enemies":"downfall:FleeingMerchant","floor":28,"turns":2},{"damage":10,"enemies":"Centurion and Healer","floor":30,"turns":4},{"damage":28,"enemies":"Book of Stabbing","floor":31,"turns":4},{"damage":18,"enemies":"Shelled Parasite and Fungi","floor":32,"turns":3},{"damage":47,"enemies":"SI_MIRROR_ARCHETYPE","floor":33,"turns":6},{"damage":8,"enemies":"3 Darklings","floor":36,"turns":4},{"damage":15,"enemies":"3 Darklings","floor":37,"turns":3},{"damage":0,"enemies":"3 Shapes","floor":39,"turns":3},{"damage":28,"enemies":"Maw","floor":40,"turns":5},{"damage":48,"enemies":"Giant Head","floor":42,"turns":7},{"damage":0,"enemies":"Sphere and 2 Shapes","floor":43,"turns":3},{"damage":15,"enemies":"Transient","floor":45,"turns":5},{"damage":57,"enemies":"Nemesis","floor":48,"turns":7},{"damage":15,"enemies":"4 Shapes","floor":49,"turns":4},{"damage":15,"enemies":"IC_BLOCK_ARCHETYPE","floor":50,"turns":7}],"seed_played":"5475502670671901064","potions_obtained":[{"floor":3,"key":"PowerPotion"},{"floor":5,"key":"Slimebound:SlimyTonguePotion"},{"floor":12,"key":"EssenceOfSteel"},{"floor":14,"key":"Guardian:BlockOnCardUsePotion"},{"floor":16,"key":"Slimebound:SlimedPotion"}],"is_trial":false,"path_per_floor":["R","M","M","M","?","M","T","E","$","?","$","M","E","M","M","B",null,"R","M","$","M","?","?","T","E","M","R","$","R","M","E","M","B",null,"R","M","?","?","M","M","T","E","M","$","M","$","R","E","M","B",null],"character_chosen":"SLIMEBOUND","items_purchased":["Slimebound:PrepareCrush","Slimebound:SplitLeeching","Membership Card","Lantern","Slimebound:Teamwork","expansioncontent:DashGenerateEvil","Master of Strategy"],"campfire_rested":0,"item_purchase_floors":[9,11,28,28,28,44,46],"current_hp_per_floor":[71,71,66,70,45,42,42,40,39,39,39,41,40,36,40,46,71,71,71,64,70,70,70,70,60,52,52,60,60,54,59,49,37,71,71,67,71,71,71,58,58,45,51,51,59,59,59,47,61,71],"gold":88,"neow_bonus":"TEN_PERCENT_HP_BONUS","is_daily":false,"chose_seed":false,"campfire_upgraded":5,"win_rate":0.0,"timestamp":1612009171,"path_taken":["R","M","M","?","?","M","T","E","$","?","$","M","E","M","M","BOSS","R","M","$","M","?","?","T","E","M","R","$","R","M","E","M","BOSS","R","M","?","?","M","M","T","E","M","$","M","?","R","E","M","BOSS"],"items_purchased_type":["Card","Card","Relic","Relic","Card","Card","Card"],"build_version":"2020-12-22","purchased_purges":4,"victory":true,"max_hp_per_floor":[71,71,71,71,71,71,71,71,71,71,71,71,71,71,71,71,71,71,71,71,71,71,71,71,71,71,71,71,71,71,71,71,71,71,71,71,71,71,71,71,71,71,71,71,71,71,71,71,71,71],"card_choices":[{"not_picked":["Slimebound:SamplingLick","Slimebound:ItLooksTasty"],"picked":"Slimebound:PressTheAttack","floor":2},{"not_picked":["Slimebound:ComboTackle","Slimebound:Grow"],"picked":"Slimebound:LivingWall","floor":3},{"not_picked":["Slimebound:ComboTackle","Slimebound:ItLooksTasty"],"picked":"Slimebound:SplitBruiser","floor":4},{"not_picked":["Slimebound:SlimeBrawl","Slimebound:FinishingTackle"],"picked":"Slimebound:LeadByExample","floor":5},{"not_picked":["Slimebound:DisruptingSlam","Slimebound:RollThrough"],"picked":"Slimebound:LevelUp","floor":6},{"not_picked":["Slimebound:FlameTackle","Slimebound:SamplingLick"],"picked":"Slimebound:SplitMire","floor":8},{"not_picked":["Slimebound:ProtectTheBoss","Slimebound:SplitMire"],"picked":"Slimebound:HauntingLick","floor":9},{"not_picked":["Slimebound:GoopTackle","Slimebound:DisruptingSlam"],"picked":"Slimebound:MassRepurpose","floor":11},{"not_picked":["Slimebound:Equalize","Slimebound:GrowthPunch","Slimebound:SplitMire"],"picked":"SKIP","floor":12},{"not_picked":["Slimebound:RollThrough","Slimebound:FlameTackle","Slimebound:ComboTackle"],"picked":"SKIP","floor":13},{"not_picked":["Slimebound:RollThrough","Slimebound:SplitMire"],"picked":"Slimebound:LeechingTouch","floor":14},{"not_picked":["Slimebound:SamplingLick","Slimebound:SlimeBrawl","Slimebound:HauntingLick"],"picked":"SKIP","floor":15},{"not_picked":["Slimebound:LeechLife","Slimebound:OozeBath"],"picked":"Slimebound:DuplicatedForm","floor":16},{"not_picked":["Slimebound:SlimeSpikes+1","Slimebound:Equalize+1"],"picked":"Slimebound:SlimeBarrage","floor":19},{"not_picked":["Slimebound:Chomp","Slimebound:HauntingLick","Slimebound:Repurpose"],"picked":"SKIP","floor":20},{"not_picked":["Slimebound:GoopSpray+1","Slimebound:FormOfPuddle","Slimebound:Grow"],"picked":"SKIP","floor":21},{"not_picked":["Slimebound:AcidTongue+1","Slimebound:FlameTackle"],"picked":"Slimebound:LeechEnergy+1","floor":25},{"not_picked":["Slimebound:LivingWall","Slimebound:HauntingLick"],"picked":"Slimebound:FirmFortitude","floor":26},{"not_picked":["Slimebound:HauntingLick","Slimebound:Prepare","Slimebound:Replication+1"],"picked":"SKIP","floor":28},{"not_picked":["Slimebound:SplitAcid+1","Slimebound:ItLooksTasty","Slimebound:GoopSpray"],"picked":"SKIP","floor":30},{"not_picked":["Slimebound:LeechEnergy","Slimebound:TongueLash+1"],"picked":"Slimebound:SelfFormingGoo","floor":31},{"not_picked":["Slimebound:ComboTackle","Slimebound:ItLooksTasty","Slimebound:ProtectTheBoss"],"picked":"SKIP","floor":32},{"not_picked":["Slimebound:LeechingTouch+1","Slimebound:BestDefense+1","Slimebound:GrowthPunch+1"],"picked":"SKIP","floor":36},{"not_picked":["Slimebound:ItLooksTasty","Slimebound:TongueLash"],"picked":"Slimebound:Gluttony","floor":37},{"not_picked":["Slimebound:GoopTackle+1","Slimebound:SplitMire","Slimebound:RollThrough"],"picked":"SKIP","floor":39},{"not_picked":["Slimebound:AcidTongue","Slimebound:ComboTackle","Slimebound:Schlurp"],"picked":"SKIP","floor":40},{"not_picked":["Slimebound:Teamwork","Slimebound:ForwardTackle+1"],"picked":"Slimebound:LivingWall+1","floor":42},{"not_picked":["Slimebound:ViciousTackle+1","Slimebound:SplitMire+1"],"picked":"Slimebound:HauntingLick+1","floor":43},{"not_picked":["Slimebound:LeechEnergy","Slimebound:Schlurp","Slimebound:SlimeBarrage"],"picked":"SKIP","floor":45},{"not_picked":["Slimebound:Overexert","Slimebound:AcidTongue+1","Slimebound:RollThrough+1"],"picked":"SKIP","floor":48},{"not_picked":["Slimebound:ComboTackle+1","Slimebound:Replication+1"],"picked":"Slimebound:Equalize+1","floor":49}],"player_experience":728945,"relics_obtained":[{"floor":7,"key":"Ornamental Fan"},{"floor":8,"key":"Meat on the Bone"},{"floor":13,"key":"Happy Flower"},{"floor":24,"key":"Anchor"},{"floor":25,"key":"Mercury Hourglass"},{"floor":31,"key":"StoneCalendar"},{"floor":37,"key":"Peace Pipe"},{"floor":42,"key":"Blue Candle"},{"floor":48,"key":"HornCleat"}],"event_choices":[{"damage_healed":0,"gold_gain":0,"player_choice":"Read","damage_taken":0,"max_hp_gain":0,"max_hp_loss":0,"event_name":"The Library","floor":22,"gold_loss":0,"cards_obtained":["Slimebound:Prepare"]},{"cards_removed":["Slimebound:PressTheAttack"],"damage_healed":0,"gold_gain":0,"player_choice":"Removed Attack","damage_taken":0,"max_hp_gain":0,"max_hp_loss":0,"event_name":"Falling","floor":38,"gold_loss":0}],"is_beta":false,"boss_relics":[{"not_picked":["Calling Bell","Astrolabe"],"picked":"Sozu"},{"not_picked":["SlaversCollar","Black Star"],"picked":"Slimebound:TarBlob"}],"items_purged_floors":[9,20,28,44],"is_endless":false,"potions_floor_spawned":[3,5,12,14,16,19,26,30,37,42,45,49],"ascension_level":0}}