{"host":"gcl0wx4kxpuh49bt","time":1612018263,"event":{"mods":["AchievementEnabler","BaseMod","DeckTracker","Minty Spire (QoL Compilation)","StSLib"],"gold_per_floor":[115,132,146,166,166,166,191,221,221,238,258,258,272,292,292,292,292],"floor_reached":16,"language":"KOR","playtime":572,"items_purged":[],"score":143,"play_id":"85b04538-0220-4b66-b0af-668619a690c9","local_time":"20210130235103","is_ascension_mode":true,"campfire_choices":[{"data":"Searing Blow","floor":6.0,"key":"SMITH"},{"floor":12.0,"key":"REST"},{"data":"Searing Blow+1","floor":15,"key":"SMITH"}],"circlet_count":0,"master_deck":["Strike_R","Strike_R","Strike_R","Strike_R","Defend_R","Defend_R","Defend_R","Defend_R","Bash","Searing Blow+2","True Grit","Battle Trance","Uppercut","Evolve","Headbutt","Fire Breathing"],"relics":["Burning Blood","Pen Nib","Self Forming Clay"],"acts_visited":["Exordium"],"potions_floor_usage":[14,16],"damage_taken":[{"damage":7.0,"enemies":"2 Louse","floor":1.0,"turns":4.0},{"damage":6.0,"enemies":"Small Slimes","floor":2.0,"turns":3.0},{"damage":16.0,"enemies":"Jaw Worm","floor":3.0,"turns":4.0},{"damage":11.0,"enemies":"3 Louse","floor":4.0,"turns":5.0},{"damage":44.0,"enemies":"Lagavulin","floor":7.0,"turns":8.0},{"damage":5.0,"enemies":"Blue Slaver","floor":10.0,"turns":4.0},{"damage":12.0,"enemies":"Exordium Thugs","floor":11.0,"turns":5.0},{"damage":2.0,"enemies":"Exordium Wildlife","floor":13.0,"turns":3.0},{"damage":1,"enemies":"Lots of Slimes","floor":14,"turns":2},{"damage":48,"enemies":"The Guardian","floor":16,"turns":9}],"seed_played":"-7690219413300457500","potions_obtained":[{"floor":1.0,"key":"LiquidMemories"},{"floor":2.0,"key":"Swift Potion"},{"floor":3.0,"key":"EssenceOfSteel"},{"floor":11.0,"key":"Explosive Potion"}],"is_trial":false,"path_per_floor":["M","M","M","M","?","R","E","?","T","M","M","R","M","M","R","B"],"character_chosen":"IRONCLAD","items_purchased":[],"campfire_rested":1,"item_purchase_floors":[],"current_hp_per_floor":[71,71,61,56,56,56,18,18,18,19,13,37,41,46,46,0,0],"gold":292,"neow_bonus":"REMOVE_CARD","is_daily":false,"chose_seed":false,"campfire_upgraded":2,"win_rate":0.0,"timestamp":1612018263,"path_taken":["M","M","M","M","?","R","E","?","T","M","M","R","M","M","R","BOSS"],"items_purchased_type":[],"build_version":"2020-12-22","purchased_purges":0,"victory":false,"max_hp_per_floor":[80,80,80,80,80,80,80,80,80,80,80,80,80,80,80,80,80],"card_choices":[{"not_picked":["Inflame","Clash"],"picked":"Searing Blow","floor":1.0},{"not_picked":["Reckless Charge","Sword Boomerang"],"picked":"True Grit","floor":2.0},{"not_picked":["Power Through","Clothesline"],"picked":"Battle Trance","floor":3.0},{"not_picked":["True Grit","Pommel Strike"],"picked":"Uppercut","floor":4.0},{"not_picked":["Infernal Blade","Clothesline","Bludgeon"],"picked":"SKIP","floor":7.0},{"not_picked":["Cleave","Perfected Strike"],"picked":"Evolve","floor":10.0},{"not_picked":["Thunderclap","Flex","Shockwave"],"picked":"SKIP","floor":11.0},{"not_picked":["Heavy Blade","Spot Weakness"],"picked":"Headbutt","floor":13.0},{"not_picked":["Searing Blow","Sword Boomerang"],"picked":"Fire Breathing","floor":14}],"player_experience":168982,"relics_obtained":[{"floor":7.0,"key":"Pen Nib"},{"floor":9.0,"key":"Self Forming Clay"}],"event_choices":[{"damage_healed":0.0,"max_hp_gain":0.0,"max_hp_loss":0.0,"gold_gain":0.0,"event_name":"Liars Game","player_choice":"Ignored","floor":5.0,"gold_loss":0.0,"damage_taken":0.0},{"damage_healed":0.0,"max_hp_gain":0.0,"max_hp_loss":0.0,"gold_gain":30.0,"event_name":"Dead Adventurer","player_choice":"Searched \u00271\u0027 times","floor":8.0,"gold_loss":0.0,"damage_taken":0.0}],"is_beta":false,"boss_relics":[],"items_purged_floors":[],"is_endless":false,"potions_floor_spawned":[1,2,3,11],"killed_by":"The Guardian","ascension_level":7}}