{"host":"684z1xpuwaoqmmh1","time":1612040386,"event":{"mods":["BaseMod","Downfall","Hermit","Jorbs\u0027s Wanderer Trilogy","Marisa????????","Minty Spire (QoL Compilation)","Robot Space Explorer","Shade Mod","StSLib","The Bug Knight","The Cursed","The Dragon Tamer","The Hayseed","The Hierophant","The Marked","The Mystic","The Runesmith","The Senshi"],"gold_per_floor":[116,116,136,136,149,189,208,235,235,275,176,219,46,66,66,178,178,201,221,242,261,261,302,37,50,50,50,50,50],"floor_reached":28,"language":"ENG","playtime":1359,"items_purged":["TheSimpletonMod:Gnats"],"score":387,"play_id":"5319e826-8a5e-49dd-a160-a093c83602b3","local_time":"20210130225946","is_ascension_mode":true,"campfire_choices":[{"floor":15,"key":"REST"}],"circlet_count":0,"master_deck":["theMarked:Strike","theMarked:Strike","theMarked:Strike","theMarked:Strike","theMarked:Strike","theMarked:Defend","theMarked:Defend","theMarked:Defend","theMarked:Defend","theMarked:SoldierOfQuellstein","Discovery","theMarked:TwofoldDefense","theMarked:Panic","theMarked:RogueSparks","theMarked:Opportunist","theMarked:TakeCover","theMarked:Friction","theMarked:Challenge","theMarked:EnhanceMovement","theMarked:Parkour","theMarked:ComboAttacks","theMarked:WastefulAttack","theMarked:Toughness","theMarked:Pokerface","theMarked:DispelDoubt","theMarked:Determination+1","theMarked:Abjuration","theMarked:TunnelVision"],"relics":["theMarked:ArtifactOfAir","Mercury Hourglass","CeramicFish","Question Card","theSenshi:SuperSailorFukuRelic","Ornamental Fan","Regal Pillow","Fusion Hammer","Happy Flower","Singing Bowl","Letter Opener"],"acts_visited":["Exordium","TheCity"],"potions_floor_usage":[10,12,12,23,28],"damage_taken":[{"damage":1,"enemies":"Cultist","floor":1,"turns":4},{"damage":0,"enemies":"2 Louse","floor":3,"turns":4},{"damage":3,"enemies":"Small Slimes","floor":5,"turns":3},{"damage":11,"enemies":"HollowMod:MossKnight","floor":6,"turns":5},{"damage":4,"enemies":"Red Slaver","floor":7,"turns":4},{"damage":2,"enemies":"2 Fungi Beasts","floor":8,"turns":3},{"damage":26,"enemies":"Gremlin Nob","floor":10,"turns":5},{"damage":0,"enemies":"Lagavulin","floor":12,"turns":5},{"damage":0,"enemies":"Lots of Slimes","floor":14,"turns":4},{"damage":2,"enemies":"The Guardian","floor":16,"turns":9},{"damage":0,"enemies":"3 Byrds","floor":18,"turns":4},{"damage":3,"enemies":"2 Thieves","floor":19,"turns":4},{"damage":0,"enemies":"Centurion and Healer","floor":20,"turns":5},{"damage":23,"enemies":"Cultist and Chosen","floor":21,"turns":6},{"damage":25,"enemies":"Gremlin Leader","floor":23,"turns":7},{"damage":5,"enemies":"Snake Plant","floor":25,"turns":6},{"damage":9,"enemies":"Slavers","floor":28,"turns":1}],"seed_played":"-2516036445524089846","potions_obtained":[{"floor":1,"key":"SpeedPotion"},{"floor":7,"key":"Energy Potion"},{"floor":8,"key":"Strength Potion"},{"floor":10,"key":"AttackPotion"},{"floor":16,"key":"Fire Potion"},{"floor":19,"key":"Weak Potion"},{"floor":23,"key":"Swift Potion"}],"is_trial":false,"path_per_floor":["M","?","M","?","M","E","M","M","T","E","$","E","$","M","R","B",null,"M","M","M","M","?","E","$","M","T","$","E"],"character_chosen":"THE_DEFAULT","items_purchased":["theMarked:EnhanceMovement","theMarked:ComboAttacks","Regal Pillow","Singing Bowl","theMarked:TunnelVision"],"campfire_rested":1,"item_purchase_floors":[11,13,13,24,24],"current_hp_per_floor":[62,55,55,55,52,41,37,35,35,9,9,9,9,9,45,43,63,63,60,60,37,37,12,12,9,9,9,0,0],"gold":50,"neow_bonus":"RANDOM_COLORLESS","is_daily":false,"chose_seed":false,"campfire_upgraded":0,"win_rate":0.0,"timestamp":1612040386,"path_taken":["M","?","M","?","M","E","M","?","T","E","$","E","$","M","R","BOSS","M","M","?","M","?","E","$","M","T","$","E"],"items_purchased_type":["Card","Card","Relic","Relic","Card"],"build_version":"2020-12-22","purchased_purges":1,"victory":false,"max_hp_per_floor":[70,70,70,70,70,70,70,70,70,70,70,70,70,70,70,70,70,70,70,70,70,70,70,70,72,72,72,72,72],"card_choices":[{"not_picked":["Forethought","Panacea"],"picked":"Discovery","floor":0},{"not_picked":["theMarked:EmpowerWeapon","theMarked:WastefulAttack"],"picked":"theMarked:TwofoldDefense","floor":1},{"not_picked":["theMarked:Memento","theMarked:Overcharge"],"picked":"theMarked:Panic","floor":3},{"not_picked":["theMarked:SwordAndMagic","theMarked:Memento"],"picked":"theMarked:Opportunist","floor":5},{"not_picked":["theMarked:SwordAndMagic","theMarked:Maelstrom"],"picked":"theMarked:TakeCover","floor":6},{"not_picked":["theMarked:CreepingChasm","theMarked:Convert","theMarked:TakeCover"],"picked":"SKIP","floor":7},{"not_picked":["theMarked:ResourceFulStrike","theMarked:WastefulAttack"],"picked":"theMarked:Friction","floor":8},{"not_picked":["theMarked:Electrocute","theMarked:Memento","theMarked:ChannelForce"],"picked":"theMarked:Challenge","floor":10},{"not_picked":["theMarked:Heritage","theMarked:ElectricStrings","theMarked:CreepingChasm"],"picked":"theMarked:Parkour","floor":12},{"not_picked":["theMarked:BanishingStrike","theMarked:Memento","theMarked:Improvise"],"picked":"theMarked:WastefulAttack","floor":14},{"not_picked":["theMarked:Abjuration","theMarked:DispelDoubt","theMarked:Vacuum"],"picked":"theMarked:Toughness","floor":16},{"not_picked":["theMarked:ContemptForTheProud","theMarked:RepellingDischarge+1","theMarked:Reabsorb+1"],"picked":"theMarked:Pokerface","floor":18},{"not_picked":["theMarked:RepellingDischarge","theMarked:ChainLightning","theMarked:ElectricStrings+1","theMarked:Frustration"],"picked":"SKIP","floor":19},{"not_picked":["theMarked:Frustration","theMarked:Parkour+1","theMarked:EnhanceMovement+1"],"picked":"theMarked:DispelDoubt","floor":20},{"not_picked":["theMarked:BanishingStrike","theMarked:Parry","theMarked:Polarize"],"picked":"theMarked:Determination+1","floor":21},{"not_picked":["theMarked:ElectricStrings","theMarked:Opportunist","theMarked:BanishingStrike"],"picked":"theMarked:Abjuration","floor":23},{"not_picked":["theMarked:WardOff","theMarked:BanishingStrike+1","theMarked:Indomitable","theMarked:EternalStudent"],"picked":"Singing Bowl","floor":25}],"player_experience":3019057,"relics_obtained":[{"floor":6,"key":"CeramicFish"},{"floor":9,"key":"Question Card"},{"floor":10,"key":"theSenshi:SuperSailorFukuRelic"},{"floor":12,"key":"Ornamental Fan"},{"floor":23,"key":"Happy Flower"},{"floor":26,"key":"Letter Opener"}],"event_choices":[{"damage_healed":0,"gold_gain":0,"player_choice":"Success","damage_taken":7,"relics_obtained":["Mercury Hourglass"],"max_hp_gain":0,"max_hp_loss":0,"event_name":"Scrap Ooze","floor":2,"gold_loss":0},{"damage_healed":0,"gold_gain":0,"player_choice":"2 cards matched","damage_taken":0,"max_hp_gain":0,"max_hp_loss":0,"event_name":"Match and Keep!","floor":4,"gold_loss":0,"cards_obtained":["TheSimpletonMod:Gnats","theMarked:RogueSparks"]},{"damage_healed":0,"gold_gain":0,"player_choice":"Bought 0 Potions","damage_taken":0,"max_hp_gain":0,"max_hp_loss":0,"event_name":"The Woman in Blue","floor":22,"gold_loss":0}],"is_beta":false,"boss_relics":[{"not_picked":["SacredBark","Empty Cage"],"picked":"Fusion Hammer"}],"items_purged_floors":[11],"is_endless":false,"potions_floor_spawned":[1,7,8,10,16,19,21,23],"killed_by":"Slavers","ascension_level":7}}