{"host":"syozzdlzcqop4jia","time":1612044727,"event":{"mods":["BaseMod","Colored Map","Colored Powertips","Minty Spire (QoL Compilation)","Quick Restart"],"gold_per_floor":[122,146,177,201,213,225,267,69,69,69,103,103,129,140,140,242,242,259,272,272,272,272],"floor_reached":21,"language":"ENG","playtime":1137,"items_purged":["Strike_R"],"score":217,"play_id":"df030b17-397f-4ca7-812b-122250144438","local_time":"20210130231207","is_ascension_mode":true,"campfire_choices":[{"data":"Clothesline","floor":6,"key":"SMITH"},{"data":"Flex","floor":10,"key":"SMITH"},{"floor":12,"key":"REST"},{"floor":15,"key":"REST"}],"circlet_count":0,"master_deck":["Strike_R","Strike_R","Strike_R","Strike_R","Defend_R","Defend_R","Defend_R","Defend_R","Bash","Anger","Clothesline+1","Shrug It Off","Wild Strike","Flex+1","Uppercut","Headbutt","Blood for Blood","Armaments","Shrug It Off","Feed","Anger","Seeing Red"],"relics":["Burning Blood","MawBank","Self Forming Clay","White Beast Statue","Pear","Odd Mushroom","Philosopher\u0027s Stone","GremlinMask"],"acts_visited":["Exordium","TheCity"],"potions_floor_usage":[13],"damage_taken":[{"damage":6,"enemies":"Cultist","floor":1,"turns":4},{"damage":1,"enemies":"2 Louse","floor":2,"turns":2},{"damage":7,"enemies":"Jaw Worm","floor":3,"turns":3},{"damage":0,"enemies":"Large Slime","floor":4,"turns":5},{"damage":23,"enemies":"Gremlin Nob","floor":7,"turns":5},{"damage":24,"enemies":"Lagavulin","floor":11,"turns":5},{"damage":12,"enemies":"The Mushroom Lair","floor":13,"turns":4},{"damage":14,"enemies":"Gremlin Gang","floor":14,"turns":5},{"damage":47,"enemies":"The Guardian","floor":16,"turns":12},{"damage":10,"enemies":"Shell Parasite","floor":18,"turns":6},{"damage":11,"enemies":"Spheric Guardian","floor":19,"turns":4},{"damage":0,"enemies":"Snake Plant","floor":21,"turns":1}],"seed_played":"3478104425603853301","potions_obtained":[{"floor":2,"key":"SteroidPotion"},{"floor":7,"key":"Fire Potion"},{"floor":11,"key":"Energy Potion"},{"floor":13,"key":"Weak Potion"}],"is_trial":false,"path_per_floor":["M","M","M","M","?","R","E","$","T","R","E","R","?","M","R","B",null,"M","M","?","M"],"character_chosen":"IRONCLAD","items_purchased":["Flex","Uppercut","Headbutt"],"campfire_rested":2,"item_purchase_floors":[8,8,8],"current_hp_per_floor":[80,80,79,80,80,80,63,63,63,63,55,82,76,68,90,49,90,86,81,81,81,81],"gold":272,"neow_bonus":"RANDOM_COMMON_RELIC","is_daily":false,"chose_seed":false,"campfire_upgraded":2,"win_rate":0.0,"timestamp":1612044727,"path_taken":["M","M","?","M","?","R","E","$","T","R","E","R","?","M","R","BOSS","M","M","?","M"],"items_purchased_type":["Card","Card","Card"],"build_version":"2020-12-22","purchased_purges":1,"victory":false,"max_hp_per_floor":[80,80,80,80,80,80,80,80,80,80,90,90,90,90,90,90,90,90,90,90,90,90],"card_choices":[{"not_picked":["Wild Strike","Pummel"],"picked":"Anger","floor":1},{"not_picked":["Entrench","Second Wind","Metallicize"],"picked":"SKIP","floor":2},{"not_picked":["Headbutt","Second Wind"],"picked":"Clothesline","floor":3},{"not_picked":["Anger","Power Through"],"picked":"Shrug It Off","floor":4},{"not_picked":["Rage","Barricade"],"picked":"Wild Strike","floor":7},{"not_picked":["Warcry","Burning Pact"],"picked":"Blood for Blood","floor":11},{"not_picked":["Warcry","Perfected Strike"],"picked":"Armaments","floor":13},{"not_picked":["Sword Boomerang","Power Through"],"picked":"Shrug It Off","floor":14},{"not_picked":["Impervious","Corruption"],"picked":"Feed","floor":16},{"not_picked":["Wild Strike","Uppercut"],"picked":"Anger","floor":18},{"not_picked":["Havoc+1","Heavy Blade"],"picked":"Seeing Red","floor":19}],"player_experience":452678,"relics_obtained":[{"floor":7,"key":"Self Forming Clay"},{"floor":9,"key":"White Beast Statue"},{"floor":11,"key":"Pear"},{"floor":13,"key":"Odd Mushroom"}],"event_choices":[{"damage_healed":0,"gold_gain":0,"player_choice":"Ignored","damage_taken":0,"max_hp_gain":0,"max_hp_loss":0,"event_name":"Liars Game","floor":5,"gold_loss":0},{"damage_healed":0,"gold_gain":0,"player_choice":"Fought Mushrooms","damage_taken":0,"max_hp_gain":0,"max_hp_loss":0,"event_name":"Mushrooms","floor":13,"gold_loss":0},{"damage_healed":0,"gold_gain":0,"player_choice":"Trade","damage_taken":0,"relics_obtained":["GremlinMask"],"max_hp_gain":0,"max_hp_loss":0,"event_name":"FaceTrader","floor":20,"gold_loss":0}],"is_beta":false,"boss_relics":[{"not_picked":["Fusion Hammer","Runic Dome"],"picked":"Philosopher\u0027s Stone"}],"items_purged_floors":[8],"is_endless":false,"potions_floor_spawned":[2,7,11,13,14,16,18,19],"killed_by":"Snake Plant","ascension_level":3}}