{"host":"opg65mucj6ra7dr1","time":1612021582,"event":{"mods":["BaseMod","DeckTracker","Keyboard Shortcuts","Minty Spire (QoL Compilation)","Permanent Neow","Quick Restart","everything is the same but u backflip on backflip"],"gold_per_floor":[116,10,10,10,10,53,53,53,78,102,136,160,185,209,209,328,328,347,347,365,73,97,97,133,133,133,174,26,26,46,46,46,175,175,193,526,526,542,562,599,599,635,635,661,697,719,778,778,778,778,778,778,119,151,151],"floor_reached":56,"language":"KOR","playtime":2855,"items_purged":["Strike_G","Strike_G"],"score":1884,"play_id":"877ab1d3-2670-4f68-9a76-82242941b103","local_time":"20210131004622","is_ascension_mode":true,"campfire_choices":[{"floor":8.0,"key":"REST"},{"data":"Leg Sweep","floor":15.0,"key":"SMITH"},{"floor":23.0,"key":"REST"},{"data":"Footwork","floor":25.0,"key":"SMITH"},{"floor":29.0,"key":"REST"},{"floor":32.0,"key":"REST"},{"data":"Storm of Steel","floor":41.0,"key":"SMITH"},{"floor":49.0,"key":"RECALL"},{"data":"Caltrops","floor":52.0,"key":"SMITH"}],"circlet_count":0,"master_deck":["Strike_G","Defend_G","Defend_G","Defend_G","Survivor","Neutralize","Terror","Quick Slash","Sucker Punch","Deflect","Backflip","Quick Slash","Leg Sweep+1","Deflect","Backflip","Blade Dance","Escape Plan","Finisher+1","Footwork+1","Backflip","Deflect+1","Infinite Blades","Prepared+1","Storm of Steel+1","Blade Dance","Blur","Backflip","Cloak And Dagger","Calculated Gamble+1","Blade Dance","Caltrops+1","Prepared+1","Caltrops+1","Footwork","Blur","Prepared","Sucker Punch+1"],"relics":["Ring of the Snake","Sundial","Shuriken","Bronze Scales","Lantern","Empty Cage","Paper Crane","Tough Bandages","Molten Egg 2","Ninja Scroll","Philosopher\u0027s Stone","CeramicFish","Bottled Tornado","Turnip","Prayer Wheel","ClockworkSouvenir","Gremlin Horn"],"acts_visited":["Exordium","TheCity","TheBeyond","TheEnding"],"potions_floor_usage":[54,55,55,55],"damage_taken":[{"damage":7.0,"enemies":"Small Slimes","floor":1.0,"turns":5.0},{"damage":27.0,"enemies":"3 Sentries","floor":6.0,"turns":13.0},{"damage":0.0,"enemies":"Jaw Worm","floor":10.0,"turns":3.0},{"damage":19.0,"enemies":"Gremlin Nob","floor":11.0,"turns":4.0},{"damage":0.0,"enemies":"2 Louse","floor":12.0,"turns":2.0},{"damage":0.0,"enemies":"2 Fungi Beasts","floor":13.0,"turns":2.0},{"damage":1.0,"enemies":"Blue Slaver","floor":14.0,"turns":3.0},{"damage":0.0,"enemies":"Hexaghost","floor":16.0,"turns":9.0},{"damage":10.0,"enemies":"Spheric Guardian","floor":18.0,"turns":4.0},{"damage":15.0,"enemies":"Chosen","floor":20.0,"turns":5.0},{"damage":7.0,"enemies":"Snake Plant","floor":22.0,"turns":2.0},{"damage":18.0,"enemies":"Slavers","floor":24.0,"turns":6.0},{"damage":17.0,"enemies":"Book of Stabbing","floor":27.0,"turns":6.0},{"damage":0.0,"enemies":"Shelled Parasite and Fungi","floor":30.0,"turns":1.0},{"damage":23.0,"enemies":"Automaton","floor":33.0,"turns":9.0},{"damage":2.0,"enemies":"3 Shapes","floor":35.0,"turns":3.0},{"damage":0.0,"enemies":"Orb Walker","floor":38.0,"turns":3.0},{"damage":2.0,"enemies":"Spire Growth","floor":39.0,"turns":4.0},{"damage":7.0,"enemies":"Reptomancer","floor":40.0,"turns":4.0},{"damage":0.0,"enemies":"Giant Head","floor":42.0,"turns":6.0},{"damage":20.0,"enemies":"3 Darklings","floor":44.0,"turns":4.0},{"damage":8.0,"enemies":"Reptomancer","floor":45.0,"turns":5.0},{"damage":0.0,"enemies":"Maw","floor":46.0,"turns":6.0},{"damage":0.0,"enemies":"Mind Bloom Boss Battle","floor":47.0,"turns":5.0},{"damage":41.0,"enemies":"Donu and Deca","floor":50.0,"turns":11.0},{"damage":53,"enemies":"Shield and Spear","floor":54,"turns":9},{"damage":8,"enemies":"The Heart","floor":55,"turns":10}],"seed_played":"8042417797922205895","potions_obtained":[{"floor":1.0,"key":"PowerPotion"},{"floor":12.0,"key":"Explosive Potion"},{"floor":14.0,"key":"GhostInAJar"},{"floor":22.0,"key":"GhostInAJar"},{"floor":24.0,"key":"AttackPotion"},{"floor":27.0,"key":"Swift Potion"},{"floor":33.0,"key":"BlessingOfTheForge"},{"floor":35.0,"key":"FairyPotion"},{"floor":46.0,"key":"Regen Potion"},{"floor":54,"key":"Regen Potion"}],"is_trial":false,"path_per_floor":["M","$","?","?","?","E","?","R","T","M","E","M","M","M","R","B",null,"M","?","M","$","M","R","E","R","T","E","$","R","M","?","R","B",null,"M","?","?","M","M","E","R","E","T","M","E","M","?","?","R","B",null,"R","$","E","B",null],"character_chosen":"THE_SILENT","items_purchased":["Sucker Punch","Deflect","Footwork","Paper Crane","Infinite Blades","Footwork","Blur","ClockworkSouvenir","CunningPotion","GhostInAJar","PowerPotion","Prepared","Sucker Punch+1"],"campfire_rested":4,"item_purchase_floors":[2,2,21,21,28,53,53,53,53,53,53,53,53],"current_hp_per_floor":[56,56,39,39,36,9,2,23,23,23,4,4,4,3,3,3,53,43,43,28,28,21,42,24,24,24,7,7,28,28,28,49,26,59,57,57,57,57,55,48,48,48,48,28,20,20,20,20,20,21,58,58,58,5,12],"gold":151,"neow_bonus":"THREE_CARDS","is_daily":false,"chose_seed":false,"campfire_upgraded":4,"win_rate":0.0,"timestamp":1612021582,"path_taken":["M","$","?","?","?","E","?","R","T","M","E","?","M","M","R","BOSS","BOSS","M","?","M","$","M","R","E","R","T","E","$","R","M","?","R","BOSS","M","?","?","?","M","E","R","E","T","?","E","?","?","?","R","BOSS","R","$","E","BOSS"],"items_purchased_type":["Card","Card","Card","Relic","Card","Card","Card","Relic","Potion","Potion","Potion","Card","Card"],"build_version":"2020-12-22","purchased_purges":2,"victory":true,"max_hp_per_floor":[70,70,70,70,70,70,70,70,70,70,70,70,70,70,70,70,70,70,70,70,70,70,70,70,70,70,70,70,70,70,70,70,70,70,70,70,70,70,70,70,70,70,70,70,70,70,70,70,70,70,70,70,70,70,70],"card_choices":[{"not_picked":["Bane","Deadly Poison"],"picked":"Terror","floor":0.0},{"not_picked":["Reflex","Bane"],"picked":"Quick Slash","floor":1.0},{"not_picked":["Prepared","Dagger Throw"],"picked":"Backflip","floor":6.0},{"not_picked":["Sucker Punch","Slice"],"picked":"Quick Slash","floor":10.0},{"not_picked":["Glass Knife","Caltrops"],"picked":"Leg Sweep","floor":11.0},{"not_picked":["Underhanded Strike","Calculated Gamble"],"picked":"Deflect","floor":12.0},{"not_picked":["Backstab","Quick Slash"],"picked":"Backflip","floor":13.0},{"not_picked":["Dodge and Roll","Skewer"],"picked":"Blade Dance","floor":14.0},{"not_picked":["Deflect","Caltrops"],"picked":"Escape Plan","floor":18.0},{"not_picked":["Poisoned Stab","Slice+1"],"picked":"Finisher+1","floor":20.0},{"not_picked":["Bane","Reflex","Acrobatics"],"picked":"SKIP","floor":22.0},{"not_picked":["Deadly Poison","Leg Sweep+1"],"picked":"Backflip","floor":24.0},{"not_picked":["Reflex","Outmaneuver"],"picked":"Deflect+1","floor":27.0},{"not_picked":["Skewer+1","Sucker Punch+1"],"picked":"Prepared+1","floor":30.0},{"not_picked":["Die Die Die+1","Unload+1"],"picked":"Storm of Steel","floor":33.0},{"not_picked":["All Out Attack+1","Underhanded Strike+1"],"picked":"Blade Dance","floor":35.0},{"not_picked":["Underhanded Strike+1","Caltrops"],"picked":"Backflip","floor":38.0},{"not_picked":["Blade Dance","Sucker Punch+1","Expertise"],"picked":"SKIP","floor":39.0},{"not_picked":["Corpse Explosion","Catalyst+1"],"picked":"Cloak And Dagger","floor":40.0},{"not_picked":["PiercingWail+1","Bane+1"],"picked":"Calculated Gamble+1","floor":42.0},{"not_picked":["Bane+1","Flying Knee+1"],"picked":"Blade Dance","floor":44.0},{"not_picked":["Crippling Poison","Slice+1"],"picked":"Caltrops","floor":45.0},{"not_picked":["Skewer+1","Blade Dance+1"],"picked":"Prepared+1","floor":46.0},{"not_picked":["Deflect+1","Crippling Poison"],"picked":"Caltrops","floor":47.0},{"not_picked":["Bullet Time","Setup","Eviscerate+1"],"picked":"SKIP","floor":54}],"player_experience":158415,"relics_obtained":[{"floor":6.0,"key":"Shuriken"},{"floor":9.0,"key":"Bronze Scales"},{"floor":11.0,"key":"Lantern"},{"floor":24.0,"key":"Tough Bandages"},{"floor":26.0,"key":"Molten Egg 2"},{"floor":27.0,"key":"Ninja Scroll"},{"floor":40.0,"key":"CeramicFish"},{"floor":42.0,"key":"Bottled Tornado"},{"floor":45.0,"key":"Turnip"},{"floor":47.0,"key":"Prayer Wheel"},{"floor":54,"key":"Gremlin Horn"}],"event_choices":[{"damage_healed":0.0,"max_hp_gain":0.0,"max_hp_loss":0.0,"gold_gain":0.0,"event_name":"Golden Idol","player_choice":"Take Damage","floor":3.0,"gold_loss":0.0,"damage_taken":17.0,"relics_obtained":["Golden Idol"]},{"damage_healed":0.0,"max_hp_gain":0.0,"max_hp_loss":0.0,"gold_gain":0.0,"event_name":"Liars Game","player_choice":"Ignored","floor":4.0,"gold_loss":0.0,"damage_taken":0.0},{"damage_healed":0.0,"max_hp_gain":0.0,"max_hp_loss":0.0,"gold_gain":0.0,"event_name":"Scrap Ooze","player_choice":"Success","floor":5.0,"gold_loss":0.0,"damage_taken":3.0,"relics_obtained":["Sundial"]},{"cards_removed":["Strike_G"],"damage_healed":0.0,"max_hp_gain":0.0,"max_hp_loss":0.0,"gold_gain":0.0,"event_name":"Golden Wing","player_choice":"Card Removal","floor":7.0,"gold_loss":0.0,"damage_taken":7.0},{"damage_healed":0.0,"max_hp_gain":0.0,"max_hp_loss":0.0,"gold_gain":0.0,"event_name":"Ghosts","player_choice":"Ignored","floor":19.0,"gold_loss":0.0,"damage_taken":0.0},{"damage_healed":0.0,"max_hp_gain":0.0,"max_hp_loss":0.0,"gold_gain":0.0,"event_name":"Vampires","player_choice":"Ignored","floor":31.0,"gold_loss":0.0,"damage_taken":0.0},{"damage_healed":0.0,"max_hp_gain":0.0,"max_hp_loss":0.0,"gold_gain":333.0,"event_name":"The Moai Head","player_choice":"Gave Idol","floor":36.0,"relics_lost":["Golden Idol"],"gold_loss":0.0,"damage_taken":0.0},{"damage_healed":0.0,"max_hp_gain":0.0,"max_hp_loss":0.0,"gold_gain":0.0,"cards_transformed":["Defend_G"],"event_name":"Transmorgrifier","player_choice":"Transformed","floor":37.0,"gold_loss":0.0,"damage_taken":0.0,"cards_obtained":["Blur"]},{"damage_healed":0.0,"max_hp_gain":0.0,"max_hp_loss":0.0,"gold_gain":0.0,"event_name":"MindBloom","player_choice":"Fight","floor":47.0,"gold_loss":0.0,"damage_taken":0.0},{"damage_healed":0.0,"max_hp_gain":0.0,"max_hp_loss":0.0,"gold_gain":0.0,"event_name":"Upgrade Shrine","player_choice":"Upgraded","floor":48.0,"gold_loss":0.0,"damage_taken":0.0,"cards_upgraded":["Caltrops"]}],"is_beta":false,"boss_relics":[{"not_picked":["Ectoplasm","Runic Pyramid"],"picked":"Empty Cage"},{"not_picked":["Calling Bell","Pandora\u0027s Box"],"picked":"Philosopher\u0027s Stone"}],"items_purged_floors":[28,53],"is_endless":false,"potions_floor_spawned":[1,12,14,22,24,27,33,35,40,45,46,54],"ascension_level":9}}