{"host":"yecadp3kwkksam5a","time":1612020099,"event":{"mods":["100% Spire Juice","Arknights The Spire","BaseMod","Minty Spire (QoL Compilation)","StSLib","SuperFastMode","The Cursed","The Runesmith","WarShipGirlsR/??á´Ò³R mod"],"gold_per_floor":[116,130,144,2,21,21,21],"floor_reached":6,"language":"KOR","playtime":364,"items_purged":["Runesmith:Strike_RS"],"score":63,"play_id":"e00572ad-ab19-4a9d-887e-3add02b28f53","local_time":"20210131002139","is_ascension_mode":false,"campfire_choices":[],"circlet_count":0,"master_deck":["Runesmith:Strike_RS","Runesmith:Strike_RS","Runesmith:Strike_RS","Runesmith:Defend_RS","Runesmith:Defend_RS","Runesmith:Defend_RS","Runesmith:Defend_RS","Runesmith:CraftFirestone","Runesmith:Fortify","Runesmith:UnlimitedPower","Mayhem+1","Mayhem+1","Mayhem+1","Mayhem+1","Mayhem+1","Runesmith:HeatExchange","Runesmith:Attraction","Runesmith:CreatorForm","Runesmith:Firestorm","Runesmith:GoWithTheFlow"],"relics":["Runesmith:BrokenRuby","Bird Faced Urn"],"acts_visited":["Exordium"],"potions_floor_usage":[],"damage_taken":[{"damage":0,"enemies":"Cultist","floor":1,"turns":5},{"damage":10,"enemies":"Jaw Worm","floor":2,"turns":4},{"damage":5,"enemies":"Small Slimes","floor":3,"turns":3},{"damage":52,"enemies":"Gremlin Gang","floor":5,"turns":4},{"damage":13,"enemies":"Gremlin Nob","floor":6,"turns":3}],"seed_played":"1716139084938235340","potions_obtained":[{"floor":5,"key":"Swift Potion"}],"is_trial":false,"path_per_floor":["M","M","M","$","M","E"],"character_chosen":"RUNESMITH_CLASS","items_purchased":["Runesmith:Firestorm"],"campfire_rested":0,"item_purchase_floors":[4],"current_hp_per_floor":[70,68,70,70,28,27,27],"gold":21,"neow_bonus":"ONE_RANDOM_RARE_CARD","is_daily":false,"chose_seed":false,"campfire_upgraded":0,"win_rate":0.0,"timestamp":1612020099,"path_taken":["M","M","M","?","M","E"],"items_purchased_type":["Card"],"build_version":"2020-12-22","purchased_purges":1,"victory":false,"max_hp_per_floor":[70,70,70,70,70,70,70],"card_choices":[{"not_picked":["Runesmith:MakeshiftArmor","Runesmith:StaticCage"],"picked":"Runesmith:HeatExchange","floor":1},{"not_picked":["Runesmith:HeatExchange","Runesmith:EnergizedChisel"],"picked":"Runesmith:Attraction","floor":2},{"not_picked":["Runesmith:Overpower","Runesmith:Superposition"],"picked":"Runesmith:CreatorForm","floor":3},{"not_picked":["Runesmith:RunicBlueprint","Runesmith:EarthShield"],"picked":"Runesmith:GoWithTheFlow","floor":5}],"player_experience":564137,"relics_obtained":[],"event_choices":[],"is_beta":false,"boss_relics":[],"items_purged_floors":[4],"is_endless":false,"potions_floor_spawned":[5],"killed_by":"Gremlin Nob","ascension_level":0}}