{"host":"yzb2zje941uub2vb","time":1612043007,"event":{"mods":["AchievementEnabler","BaseMod","Minty Spire (QoL Compilation)","The Construct"],"gold_per_floor":[111,131,131,33,33,33,60,79,79,79,99,99,5,21,21,126,126,99,99,99,110,110,110,110],"floor_reached":23,"language":"ZHS","playtime":1075,"items_purged":["construct:Defend_Gold"],"score":239,"play_id":"cfc18d4d-7814-407b-a7f7-b84fc452b473","local_time":"20210130224327","is_ascension_mode":false,"campfire_choices":[{"data":"construct:Defend_Gold","floor":6,"key":"SMITH"},{"data":"construct:Autoturret","floor":10,"key":"SMITH"},{"data":"construct:ChargeShot","floor":12,"key":"SMITH"},{"data":"construct:Autoturret","floor":15,"key":"SMITH"}],"circlet_count":0,"master_deck":["construct:Strike_Gold+1","construct:Strike_Gold+1","construct:Strike_Gold+1","construct:Strike_Gold+1","construct:Strike_Gold+1","construct:Defend_Gold+1","construct:Defend_Gold+1","construct:Defend_Gold+1","construct:DefenseMode+1","construct:Autoturret+1","construct:ChargeShot+1","construct:ScopeCore","construct:Autoturret+1","construct:ModeShift","construct:ShieldBurst","construct:ReactiveShield+1"],"relics":["construct:Cogwheel","White Beast Statue","Bottled Tornado","Empty Cage"],"acts_visited":["Exordium","TheCity"],"potions_floor_usage":[14,16,23],"damage_taken":[{"damage":4,"enemies":"2 Louse","floor":1,"turns":4},{"damage":4,"enemies":"Jaw Worm","floor":2,"turns":6},{"damage":18,"enemies":"3 Sentries","floor":7,"turns":22},{"damage":2,"enemies":"Small Slimes","floor":8,"turns":5},{"damage":2,"enemies":"Looter","floor":11,"turns":4},{"damage":8,"enemies":"2 Fungi Beasts","floor":14,"turns":4},{"damage":59,"enemies":"Hexaghost","floor":16,"turns":13},{"damage":39,"enemies":"2 Thieves","floor":18,"turns":5},{"damage":22,"enemies":"Shell Parasite","floor":21,"turns":6},{"damage":23,"enemies":"Cultist and Chosen","floor":23,"turns":4}],"seed_played":"-7257019569298787975","potions_obtained":[{"floor":2,"key":"Fruit Juice"},{"floor":8,"key":"EssenceOfSteel"},{"floor":11,"key":"Energy Potion"},{"floor":14,"key":"CultistPotion"},{"floor":16,"key":"FearPotion"},{"floor":21,"key":"Weak Potion"}],"is_trial":false,"path_per_floor":["M","M","?","$","?","R","E","M","T","R","M","R","$","M","R","B",null,"M","?","?","M","?","M"],"character_chosen":"THE_CONSTRUCT_MOD","items_purchased":["construct:Autoturret","construct:Autoturret","construct:ModeShift"],"campfire_rested":0,"item_purchase_floors":[4,13,13],"current_hp_per_floor":[89,85,85,85,90,90,72,70,70,70,68,68,68,65,65,6,103,64,43,43,21,21,0,0],"gold":110,"neow_bonus":"TEN_PERCENT_HP_BONUS","is_daily":false,"chose_seed":false,"campfire_upgraded":4,"win_rate":0.0,"timestamp":1612043007,"path_taken":["M","M","?","$","?","R","E","M","T","R","M","R","$","M","R","BOSS","M","?","?","?","?","M"],"items_purchased_type":["Card","Card","Card"],"build_version":"2020-12-22","purchased_purges":1,"victory":false,"max_hp_per_floor":[93,93,93,93,98,98,98,98,98,98,98,98,98,103,103,103,103,103,108,108,108,108,108,108],"card_choices":[{"not_picked":["construct:Accumulate","construct:Versatility","construct:SaveState"],"picked":"SKIP","floor":1},{"not_picked":["construct:SaveState","construct:VentSteam","construct:PowerUp"],"picked":"SKIP","floor":2},{"not_picked":["construct:Reinforce","construct:ShiftGuard"],"picked":"construct:ChargeShot","floor":7},{"not_picked":["construct:OmegaCannon","construct:Forcefield"],"picked":"construct:ScopeCore","floor":8},{"not_picked":["construct:ShiftStrike","construct:Stasis","construct:Forcefield"],"picked":"SKIP","floor":11},{"not_picked":["construct:Isolate","construct:GuardCore","construct:FocusedBeam"],"picked":"SKIP","floor":14},{"not_picked":["construct:Reserves","construct:GatlingGun"],"picked":"construct:ShieldBurst","floor":16},{"not_picked":["construct:ShiftStrike","construct:Backfire","construct:Boost"],"picked":"SKIP","floor":18},{"not_picked":["construct:SuppressiveFire","construct:Zapper"],"picked":"construct:ReactiveShield+1","floor":21}],"player_experience":104467,"relics_obtained":[{"floor":7,"key":"White Beast Statue"},{"floor":9,"key":"Bottled Tornado"}],"event_choices":[{"damage_healed":0,"gold_gain":0,"player_choice":"Grow","damage_taken":0,"max_hp_gain":0,"max_hp_loss":0,"event_name":"Living Wall","floor":3,"gold_loss":0,"cards_upgraded":["construct:DefenseMode"]},{"damage_healed":0,"gold_gain":0,"player_choice":"Donut","damage_taken":0,"max_hp_gain":5,"max_hp_loss":0,"event_name":"Big Fish","floor":5,"gold_loss":0},{"damage_healed":0,"gold_gain":0,"player_choice":"Shed Blood","damage_taken":26,"max_hp_gain":5,"max_hp_loss":0,"event_name":"Forgotten Altar","floor":19,"gold_loss":0},{"damage_healed":0,"gold_gain":0,"player_choice":"Simplicity","damage_taken":0,"max_hp_gain":0,"max_hp_loss":0,"event_name":"Back to Basics","floor":20,"gold_loss":0,"cards_upgraded":["construct:Strike_Gold","construct:Strike_Gold","construct:Strike_Gold","construct:Strike_Gold","construct:Strike_Gold","construct:Defend_Gold","construct:Defend_Gold"]},{"damage_healed":0,"gold_gain":0,"player_choice":"Ignored","damage_taken":0,"max_hp_gain":0,"max_hp_loss":0,"event_name":"Ghosts","floor":22,"gold_loss":0}],"is_beta":false,"boss_relics":[{"not_picked":["SlaversCollar","Pandora\u0027s Box"],"picked":"Empty Cage"}],"items_purged_floors":[4],"is_endless":false,"potions_floor_spawned":[2,8,11,14,16,18,21],"killed_by":"Cultist and Chosen","ascension_level":0}}