{"host":"684z1xpuwaoqmmh1","time":1612017720,"event":{"mods":["BaseMod","Downfall","Hermit","Jorbs\u0027s Wanderer Trilogy","Marisa????????","Minty Spire (QoL Compilation)","Robot Space Explorer","Shade Mod","StSLib","The Bug Knight","The Cursed","The Dragon Tamer","The Hayseed","The Hierophant","The Marked","The Mystic","The Runesmith","The Senshi"],"gold_per_floor":[114,114,127,145,158,158,192,209,233,264,283,283,17,17,17,112,112,128,92,107,122,122,155,175,175,175,202,202,227,260,275,275,275,275],"floor_reached":33,"language":"ENG","playtime":1316,"items_purged":["theMarked:Strike"],"score":453,"play_id":"7aa43062-6ecc-4347-80b1-c2200e0752cf","local_time":"20210130164200","is_ascension_mode":true,"campfire_choices":[{"data":"theMarked:SoldierOfQuellstein","floor":6,"key":"SMITH"},{"data":"theMarked:StartUp","floor":12,"key":"SMITH"},{"data":"theMarked:BanishingWave","floor":15,"key":"SMITH"},{"floor":25,"key":"REST"},{"data":"theMarked:Toughness","floor":32,"key":"SMITH"}],"circlet_count":0,"master_deck":["theMarked:Defend","theMarked:Defend","theMarked:Defend","theMarked:Defend","theMarked:SoldierOfQuellstein+1","theMarked:ChainLightning","theMarked:TakeCover","theMarked:RepellingDischarge","theMarked:WastefulAttack","theMarked:Panic","theMarked:TunnelVision+1","theMarked:Pokerface","theMarked:StartUp+1","theMarked:BanishingWave+1","theMarked:Toughness+1","theMarked:TheMission","theMarked:Indomitable","theMarked:TakeCover","theMarked:Challenge","theMarked:Parkour","theMarked:Opportunist","Bite","Bite","Bite","Bite","Bite","theMarked:StartUp","theMarked:BanishingStrike"],"relics":["theMarked:ArtifactOfAir","bronze:BronzeIdol","Guardian:PocketSentry","sneckomod:BlankCard","Tiny Chest","theMarked:Eyepatch","Runesmith:AutoHammer","Bag of Preparation","hexamod:Sixitude","theSenshi:SpiralHeartMoonRodRelic"],"acts_visited":["Exordium","TheCity"],"potions_floor_usage":[23,27,27,33],"damage_taken":[{"damage":1,"enemies":"Cultist","floor":1,"turns":4},{"damage":2,"enemies":"Jaw Worm","floor":3,"turns":3},{"damage":2,"enemies":"2 Louse","floor":4,"turns":4},{"damage":3,"enemies":"Blue Slaver","floor":5,"turns":4},{"damage":10,"enemies":"3 Sentries","floor":7,"turns":8},{"damage":0,"enemies":"Red Slaver","floor":8,"turns":3},{"damage":6,"enemies":"Lagavulin","floor":10,"turns":6},{"damage":0,"enemies":"Large Slime","floor":11,"turns":4},{"damage":2,"enemies":"Slime Boss","floor":16,"turns":8},{"damage":0,"enemies":"Shell Parasite","floor":18,"turns":4},{"damage":0,"enemies":"Chosen","floor":20,"turns":4},{"damage":2,"enemies":"Snecko","floor":21,"turns":5},{"damage":35,"enemies":"Gremlin Leader","floor":23,"turns":5},{"damage":9,"enemies":"Snake Plant","floor":24,"turns":4},{"damage":20,"enemies":"Slavers","floor":27,"turns":6},{"damage":5,"enemies":"Book of Stabbing","floor":30,"turns":4},{"damage":12,"enemies":"Centurion and Healer","floor":31,"turns":4},{"damage":34,"enemies":"Automaton","floor":33,"turns":6}],"seed_played":"-9017220690353557302","potions_obtained":[{"floor":3,"key":"Swift Potion"},{"floor":4,"key":"Block Potion"},{"floor":7,"key":"Explosive Potion"},{"floor":27,"key":"LiquidMemories"},{"floor":30,"key":"DuplicationPotion"}],"is_trial":false,"path_per_floor":["M","?","M","M","M","R","E","M","T","E","M","R","$","?","R","B",null,"M","$","M","M","?","E","M","R","T","E","?","T","E","M","R","B"],"character_chosen":"THE_DEFAULT","items_purchased":["theMarked:BanishingWave","Tiny Chest","theMarked:TheMission"],"campfire_rested":1,"item_purchase_floors":[13,13,19],"current_hp_per_floor":[69,77,75,73,70,70,60,60,60,54,54,54,54,39,39,37,67,67,67,67,65,65,30,21,44,44,24,24,24,25,23,23,0,0],"gold":275,"neow_bonus":"TEN_PERCENT_HP_BONUS","is_daily":false,"chose_seed":false,"campfire_upgraded":4,"win_rate":0.0,"timestamp":1612017720,"path_taken":["M","?","M","M","M","R","E","M","T","E","?","R","$","?","R","BOSS","M","$","M","M","?","E","M","R","T","E","?","?","E","M","R","BOSS"],"items_purchased_type":["Card","Relic","Card"],"build_version":"2020-12-22","purchased_purges":1,"victory":false,"max_hp_per_floor":[77,77,77,77,77,77,77,77,77,77,77,77,77,77,77,77,77,77,77,77,77,77,77,77,77,77,77,53,53,53,53,53,53,53],"card_choices":[{"not_picked":["theMarked:Frustration","theMarked:MysticalArsenal"],"picked":"theMarked:ChainLightning","floor":1},{"not_picked":["theMarked:Overthink","theMarked:EmpowerWeapon"],"picked":"theMarked:TakeCover","floor":3},{"not_picked":["theMarked:Heritage","theMarked:TheMission"],"picked":"theMarked:RepellingDischarge","floor":4},{"not_picked":["theMarked:Static","theMarked:Memento"],"picked":"theMarked:WastefulAttack","floor":5},{"not_picked":["theMarked:Parkour","theMarked:BanishingStrike"],"picked":"theMarked:Panic","floor":7},{"not_picked":["theMarked:Maelstrom","theMarked:TwofoldDefense"],"picked":"theMarked:TunnelVision","floor":8},{"not_picked":["theMarked:Seal","theMarked:WastefulAttack"],"picked":"theMarked:Pokerface","floor":10},{"not_picked":["theMarked:HeightenedSenses","theMarked:WardOff"],"picked":"theMarked:StartUp","floor":11},{"not_picked":["theMarked:Abjuration","theMarked:BindingBlade"],"picked":"theMarked:Toughness","floor":16},{"not_picked":["theMarked:SwordAndMagic+1","theMarked:ChainLightning+1","theMarked:Improvise+1"],"picked":"SKIP","floor":18},{"not_picked":["theMarked:ElectricStrings","theMarked:TwofoldDefense"],"picked":"theMarked:Indomitable","floor":20},{"not_picked":["theMarked:Frustration","theMarked:SwordAndMagic+1"],"picked":"theMarked:TakeCover","floor":21},{"not_picked":["theMarked:Seal","theMarked:BanishingStrike+1"],"picked":"theMarked:Challenge","floor":23},{"not_picked":["theMarked:HeightenedSenses","theMarked:RepellingDischarge+1"],"picked":"theMarked:Parkour","floor":24},{"not_picked":["theMarked:BanishingStrike","theMarked:GodGivenPower"],"picked":"theMarked:Opportunist","floor":27},{"not_picked":["theMarked:ParalyzingBlade","theMarked:AttractMetal"],"picked":"theMarked:StartUp","floor":30},{"not_picked":["theMarked:Aftermath","theMarked:PowerFlow"],"picked":"theMarked:BanishingStrike","floor":31}],"player_experience":3006862,"relics_obtained":[{"floor":7,"key":"bronze:BronzeIdol"},{"floor":9,"key":"Guardian:PocketSentry"},{"floor":10,"key":"sneckomod:BlankCard"},{"floor":23,"key":"Runesmith:AutoHammer"},{"floor":26,"key":"Bag of Preparation"},{"floor":27,"key":"hexamod:Sixitude"},{"floor":30,"key":"theSenshi:SpiralHeartMoonRodRelic"}],"event_choices":[{"damage_healed":8,"gold_gain":0,"player_choice":"Full Heal","damage_taken":0,"max_hp_gain":0,"max_hp_loss":0,"event_name":"Wheel of Change","floor":2,"gold_loss":0},{"damage_healed":0,"gold_gain":0,"player_choice":"Entered Light","damage_taken":15,"max_hp_gain":0,"max_hp_loss":0,"event_name":"Shining Light","floor":14,"gold_loss":0,"cards_upgraded":["theMarked:TunnelVision","theMarked:Strike"]},{"damage_healed":0,"gold_gain":0,"player_choice":"Ignored","damage_taken":0,"max_hp_gain":0,"max_hp_loss":0,"event_name":"Ghosts","floor":22,"gold_loss":0},{"damage_healed":0,"gold_gain":0,"player_choice":"Became a vampire","damage_taken":0,"max_hp_gain":0,"max_hp_loss":24,"event_name":"Vampires","floor":28,"gold_loss":0,"cards_obtained":["Bite","Bite","Bite","Bite","Bite"]}],"is_beta":false,"boss_relics":[{"not_picked":["theSenshi:MoonKaleidoScopeRelic","Runic Dome"],"picked":"theMarked:Eyepatch"}],"items_purged_floors":[13],"is_endless":false,"potions_floor_spawned":[3,4,7,10,20,21,27,30],"killed_by":"Automaton","ascension_level":7}}