{"host":"a5406dzxsi185pm5","time":1612023399,"event":{"mods":["AchievementEnabler","BaseMod","Bestiary","Colored Map","Colored Powertips","Keyboard Shortcuts","Minty Spire (QoL Compilation)"],"gold_per_floor":[114,129,146,158,169,196,161,161,161,161,161],"floor_reached":10,"language":"ENG","playtime":1172,"items_purged":[],"score":70,"play_id":"a86222b3-da5d-4e2c-b40b-955bfd1096c8","local_time":"20210130111639","is_ascension_mode":false,"campfire_choices":[],"circlet_count":0,"master_deck":["Strike_G","Strike_G","Strike_G","Strike_G","Strike_G","Defend_G","Defend_G","Defend_G","Defend_G","Defend_G","Survivor","Neutralize","Night Terror","Sucker Punch","Blade Dance","Blade Dance","Cloak And Dagger","Deadly Poison","Dash","Madness","Deadly Poison"],"relics":["Ring of the Snake","Unceasing Top","White Beast Statue"],"acts_visited":["Exordium"],"potions_floor_usage":[6],"damage_taken":[{"damage":5,"enemies":"Cultist","floor":1,"turns":4},{"damage":5,"enemies":"Small Slimes","floor":2,"turns":4},{"damage":0,"enemies":"2 Louse","floor":3,"turns":2},{"damage":10,"enemies":"2 Fungi Beasts","floor":4,"turns":5},{"damage":11,"enemies":"3 Louse","floor":5,"turns":3},{"damage":37,"enemies":"Gremlin Nob","floor":6,"turns":5},{"damage":19,"enemies":"3 Sentries","floor":10,"turns":6}],"seed_played":"-4262772983678024279","potions_obtained":[{"floor":2,"key":"SkillPotion"}],"is_trial":false,"path_per_floor":["M","M","M","M","M","E","?","?","T","E"],"character_chosen":"THE_SILENT","items_purchased":[],"campfire_rested":0,"item_purchase_floors":[],"current_hp_per_floor":[65,60,60,50,39,2,19,19,19,0,0],"gold":161,"neow_bonus":"ONE_RANDOM_RARE_CARD","is_daily":false,"chose_seed":false,"campfire_upgraded":0,"win_rate":0.0,"timestamp":1612023399,"path_taken":["M","?","M","?","M","E","?","?","T","E"],"items_purchased_type":[],"build_version":"2020-12-22","purchased_purges":0,"victory":false,"max_hp_per_floor":[70,70,70,70,70,70,70,70,70,70,70],"card_choices":[{"not_picked":["Outmaneuver","Tactician"],"picked":"Sucker Punch","floor":1},{"not_picked":["Acrobatics","Calculated Gamble"],"picked":"Blade Dance","floor":2},{"not_picked":["Acrobatics","Outmaneuver"],"picked":"Blade Dance","floor":3},{"not_picked":["Eviscerate","Predator"],"picked":"Cloak And Dagger","floor":4},{"not_picked":["Expertise","Endless Agony"],"picked":"Deadly Poison","floor":5},{"not_picked":["Prepared","Endless Agony"],"picked":"Dash","floor":6}],"player_experience":87574,"relics_obtained":[{"floor":6,"key":"Unceasing Top"},{"floor":9,"key":"White Beast Statue"}],"event_choices":[{"damage_healed":17,"gold_gain":0,"player_choice":"Healed","damage_taken":0,"max_hp_gain":0,"max_hp_loss":0,"event_name":"The Cleric","floor":7,"gold_loss":35},{"damage_healed":0,"gold_gain":0,"player_choice":"2 cards matched","damage_taken":0,"max_hp_gain":0,"max_hp_loss":0,"event_name":"Match and Keep!","floor":8,"gold_loss":0,"cards_obtained":["Madness","Deadly Poison"]}],"is_beta":false,"boss_relics":[],"items_purged_floors":[],"is_endless":false,"potions_floor_spawned":[2],"killed_by":"3 Sentries","ascension_level":0}}