{"host":"2ixd8xwebcm7gar8","time":1612034901,"event":{"mods":["AchievementEnabler","Act Like it!","Arknights","BaseMod","Beaked The Cultist","Conspire","Defuse TimeMaze Blight","Downfall","Googly Eyes","Hallownest","Hermit","Hubris","Infinite Spire","Minty Spire (QoL Compilation)","Replay The Spire","Robot Space Explorer","Shop Mod","StSLib","The Bug Knight","The Cursed","The Marked","Waifu the Spire"],"gold_per_floor":[112,112,129,105,105,105,105,105,105,138,138,138,164,178,178,178,178],"floor_reached":16,"language":"ENG","playtime":1112,"items_purged":[],"score":110,"play_id":"652bdc9c-c15c-4dd1-8f72-441b11dfb67d","local_time":"20210130112821","daily_mods":["Heirloom","Time Dilation","Flight"],"is_ascension_mode":true,"campfire_choices":[{"data":"ats:Phantom","floor":6,"key":"SMITH"},{"data":"ats:Cat Scratch","floor":7,"key":"SMITH"},{"data":"ats:Closed Bolt Burst Fire","floor":8,"key":"SMITH"},{"floor":15,"key":"REST"}],"circlet_count":0,"master_deck":["ats:Strike C","ats:Strike G","ats:Strike S","ats:Strike V","ats:Armor Crushing Shot","ats:Defend","ats:Defend","ats:Defend","ats:Defend","ats:Emotion Absorption","ats:Closed Bolt Burst Fire+1","ats:Phantom+1","ats:Cat Scratch+1","ats:Directed Diagnosis+1","ats:Assault Order","ats:Apocalypse"],"relics":["ats:Sanity","Du-Vu Doll","Hallownest:DreamNailRelic","MealTicket","ats:Originium","infinitespire:CursedDice","hubris:PeanutButter"],"acts_visited":["Hallownest:Greenpath"],"potions_floor_usage":[13,14,16],"damage_taken":[{"damage":0,"enemies":"Hallownest:2_Baldur","floor":1,"turns":4},{"damage":7,"enemies":"Hallownest:monsterHuskGuard","floor":3,"turns":3},{"damage":17,"enemies":"Hallownest:eliteCrystalGuardian","floor":10,"turns":5},{"damage":35,"enemies":"Hallownest:eliteMossKnight","floor":13,"turns":10},{"damage":0,"enemies":"Hallownest:monsterHuskWarrior","floor":14,"turns":2},{"damage":80,"enemies":"Hallownest:BossHornet","floor":16,"turns":12}],"seed_played":"4091085146704287561","potions_obtained":[{"floor":1,"key":"Adrenaline Potion"},{"floor":3,"key":"hexamod:SoulburnPotion"},{"floor":10,"key":"champ:CounterPotion"}],"is_trial":true,"path_per_floor":["M","?","M","$","?","R","R","R","T","E","?","?","E","M","R","B"],"character_chosen":"DOCTOR_CLASS","items_purchased":["ats:Cat Scratch"],"campfire_rested":1,"item_purchase_floors":[4],"current_hp_per_floor":[72,72,65,65,65,65,65,65,65,48,48,57,27,27,51,0,0],"gold":178,"neow_bonus":"","is_daily":false,"chose_seed":false,"campfire_upgraded":3,"win_rate":0.0,"timestamp":1612034901,"path_taken":["M","?","?","$","?","R","R","R","T","E","?","?","E","M","R","BOSS"],"items_purchased_type":["Card"],"build_version":"2020-12-22","purchased_purges":0,"victory":false,"max_hp_per_floor":[72,72,72,72,72,72,72,72,72,72,72,81,81,81,81,81,81],"card_choices":[{"not_picked":["ats:Beaten Up","ats:Hammer On"],"picked":"ats:Closed Bolt Burst Fire","floor":1},{"not_picked":["ats:Poison Spread","ats:Red Shift"],"picked":"ats:Phantom","floor":3},{"not_picked":["ats:Shell Defense","ats:Flame Of Heaven"],"picked":"ats:Directed Diagnosis","floor":10},{"not_picked":["ats:Red Shift","ats:Apocalypse"],"picked":"ats:Assault Order","floor":13},{"not_picked":["ats:Curse Doll","ats:LN2 Cannon"],"picked":"ats:Apocalypse","floor":14}],"player_experience":639072,"relics_obtained":[{"floor":9,"key":"MealTicket"},{"floor":10,"key":"ats:Originium"},{"floor":10,"key":"infinitespire:CursedDice"},{"floor":13,"key":"ats:Originium"},{"floor":13,"key":"hubris:PeanutButter"}],"event_choices":[],"is_beta":false,"boss_relics":[],"items_purged_floors":[],"is_endless":false,"potions_floor_spawned":[1,3,10],"killed_by":"Hallownest:BossHornet","ascension_level":1}}