{"host":"9ug175nssngig2z3","time":1612038822,"event":{"mods":["Act Like it!","Bard","BaseMod","Colored Powertips","Conspire","Hermit","Hubris","Infinite Spire","Mimic Mod","Minty Spire (QoL Compilation)","Permanent Neow","Relic Stats","Replay The Spire","Spicy Shops","StSLib","The Cursed","The Disciple","The Jungle","The Runesmith","UnlockEverythingMod","everything is the same but u backflip on backflip"],"gold_per_floor":[17,54,4,179,197,197,217,257,257,257,267,267],"floor_reached":11,"language":"ENG","playtime":781,"items_purged":[],"score":71,"play_id":"cf7f3f4c-1e38-44ab-974e-9b71b90c223c","local_time":"20210130143342","is_ascension_mode":false,"campfire_choices":[{"data":"SecondHand","floor":6.0,"key":"SMITH"},{"data":"DaylightSavings","floor":10,"key":"SMITH"}],"circlet_count":0,"master_deck":["Strike_Br","Strike_Br","Strike_Br","Strike_Br","Defend_Br","Defend_Br","Defend_Br","Defend_Br","SecondHand+1","PatternShift","ReplayUltimateDefense","FormalWear","Engulf","Doubt","LockedScales","SlimeSpray","DaylightSavings+2"],"relics":["Chronometer","infinitespire:Midas Blood","Shuriken","hubris:MysteriousPyramids"],"acts_visited":["Exordium"],"potions_floor_usage":[8,8],"damage_taken":[{"damage":0.0,"enemies":"Small Slimes","floor":1.0,"turns":5.0},{"damage":8.0,"enemies":"conspire:MimicChest","floor":2.0,"turns":9.0},{"damage":2.0,"enemies":"2 Louse","floor":5.0,"turns":2.0},{"damage":1.0,"enemies":"Cultist","floor":7.0,"turns":4.0},{"damage":22,"enemies":"Gremlin Nob","floor":8,"turns":6},{"damage":34,"enemies":"3 Sentries","floor":11,"turns":8}],"seed_played":"-2639184699228096927","potions_obtained":[{"floor":2.0,"key":"SpeedPotion"}],"is_trial":false,"path_per_floor":["M","?","$","?","M","R","M","E","T","R","E"],"character_chosen":"CHRONO_CLASS","items_purchased":["Adrenaline Potion"],"campfire_rested":0,"item_purchase_floors":[3],"current_hp_per_floor":[65,57,57,57,55,55,54,32,32,32,0,0],"gold":267,"neow_bonus":"RANDOM_COLORLESS_2","is_daily":false,"chose_seed":false,"campfire_upgraded":2,"win_rate":0.0,"timestamp":1612038822,"path_taken":["M","?","?","?","?","R","M","E","T","R","E"],"items_purchased_type":["Potion"],"build_version":"2020-12-22","purchased_purges":0,"victory":false,"max_hp_per_floor":[65,65,65,65,65,65,65,65,65,65,65,65],"relic_stats":{"counters":[6,34],"Shuriken":[0],"obtain_stats":[{"Chronometer":0,"Shuriken":8,"hubris:MysteriousPyramids":9,"infinitespire:Midas Blood":2},{"Chronometer":0,"Shuriken":5,"hubris:MysteriousPyramids":5,"infinitespire:Midas Blood":2},{"Chronometer":0,"Shuriken":26,"hubris:MysteriousPyramids":26,"infinitespire:Midas Blood":14}]},"card_choices":[{"not_picked":["Master of Strategy","Violence"],"picked":"ReplayUltimateDefense","floor":0.0},{"not_picked":["PrimeTime","Echoward"],"picked":"FormalWear","floor":1.0},{"not_picked":["HandsUpB","Echoward"],"picked":"Engulf","floor":2.0},{"not_picked":["LockedUrn","Recurrance"],"picked":"LockedScales","floor":5.0},{"not_picked":["Engulf","BiteCommand"],"picked":"SlimeSpray","floor":7.0},{"not_picked":["WindUp","PrimeTime"],"picked":"DaylightSavings","floor":8}],"player_experience":181521,"relics_obtained":[{"floor":2.0,"key":"infinitespire:Midas Blood"},{"floor":8,"key":"Shuriken"},{"floor":9,"key":"hubris:MysteriousPyramids"}],"event_choices":[{"damage_healed":0.0,"max_hp_gain":0.0,"max_hp_loss":0.0,"gold_gain":175.0,"event_name":"Liars Game","player_choice":"AGREE","floor":4.0,"gold_loss":0.0,"damage_taken":0.0,"cards_obtained":["Doubt"]}],"is_beta":false,"boss_relics":[],"items_purged_floors":[],"is_endless":false,"potions_floor_spawned":[2],"killed_by":"3 Sentries","ascension_level":0}}