{"host":"y1oqg7uy0jc6f5mb","time":1612026040,"event":{"mods":["BaseMod","Better Altar","Better Match","Better Note","Better Sensory Stone","Better Skull","Better Third Choice","Block Reminder","Colored Map","Colored Powertips","Custom Start","DeckTracker","Displayed Cursed Tome","Downfall","Highlight Path","Ironclad Rager","Minty Spire (QoL Compilation)","Permanent Neow","Quick Restart","Relic Sorter","Relic Stats","Replay The Spire","Shop Mod","StSLib"],"gold_per_floor":[99,112,130,148,160,160,160,160,160,185,197,215,215,125,139,139,139,139],"floor_reached":16,"language":"ENG","playtime":1848,"items_purged":["hexamod:Strike"],"score":104,"play_id":"a2909305-dea0-4b79-b144-3c9ae1c49e0e","local_time":"20210131010040","is_ascension_mode":false,"campfire_choices":[{"data":"hexamod:Float","floor":1.0,"key":"SMITH"},{"data":"hexamod:FastForward","floor":6.0,"key":"SMITH"},{"data":"hexamod:EmpoweredFlame","floor":8.0,"key":"SMITH"},{"floor":13.0,"key":"REST"}],"circlet_count":0,"master_deck":["hexamod:Strike","hexamod:Strike","hexamod:Strike","hexamod:Defend","hexamod:Defend","hexamod:Defend","hexamod:Sear","hexamod:Float+1","hexamod:BurningTouch","hexamod:FastForward+1","hexamod:EmpoweredFlame+1","hexamod:HeatShield","hexamod:PhantomCloak","hexamod:SpectralAdrenaline","hexamod:HexaLevel","hexamod:InspiringFlames"],"relics":["hexamod:SpiritBrand","Mirror","ReplayTheSpireMod:Shallot"],"acts_visited":["Exordium"],"potions_floor_usage":[16,16],"damage_taken":[{"damage":8.0,"enemies":"Jaw Worm","floor":2.0,"turns":4.0},{"damage":0.0,"enemies":"Cultist","floor":3.0,"turns":3.0},{"damage":0.0,"enemies":"2 Louse","floor":4.0,"turns":3.0},{"damage":20.0,"enemies":"Exordium Thugs","floor":5.0,"turns":8.0},{"damage":15.0,"enemies":"Replay:BlueRogue","floor":10.0,"turns":5.0},{"damage":1.0,"enemies":"2 Fungi Beasts","floor":11.0,"turns":4.0},{"damage":12.0,"enemies":"Exordium Wildlife","floor":12.0,"turns":6.0},{"damage":0.0,"enemies":"downfall:FleeingMerchant","floor":14.0,"turns":4.0},{"damage":14.0,"enemies":"Large Slime","floor":15.0,"turns":8.0},{"damage":39,"enemies":"WA_ARCHETYPE_RETAIN","floor":16,"turns":7}],"seed_played":"4800766561002348292","potions_obtained":[{"floor":0.0,"key":"Milkshake"},{"floor":0.0,"key":"sneckomod:MuddlingPotion"},{"floor":0.0,"key":"SkillPotion"},{"floor":3.0,"key":"bronze:BurnAndBuffPotion"},{"floor":4.0,"key":"CultistPotion"},{"floor":12.0,"key":"Swift Potion"}],"is_trial":false,"path_per_floor":["R","M","M","M","M","R","T","R","?","E","M","M","R","$","M","B"],"character_chosen":"THE_SPIRIT","items_purchased":[],"campfire_rested":1,"item_purchase_floors":[],"current_hp_per_floor":[70,62,62,62,42,42,42,42,42,27,26,14,35,35,21,0,0,0],"gold":139,"neow_bonus":"THREE_SMALL_POTIONS","is_daily":false,"chose_seed":false,"campfire_upgraded":3,"win_rate":0.0,"timestamp":1612026040,"path_taken":["R","M","M","M","M","R","T","R","?","E","M","M","R","$","M","BOSS"],"items_purchased_type":[],"build_version":"2020-12-22","purchased_purges":1,"victory":false,"max_hp_per_floor":[70,70,70,70,70,70,70,70,70,70,70,70,70,70,70,70,70,70],"relic_stats":{"counters":[10,52],"obtain_stats":[{"ReplayTheSpireMod:Shallot":10,"Mirror":7,"hexamod:SpiritBrand":0},{"ReplayTheSpireMod:Shallot":5,"Mirror":4,"hexamod:SpiritBrand":0},{"ReplayTheSpireMod:Shallot":23,"Mirror":18,"hexamod:SpiritBrand":0}]},"card_choices":[{"not_picked":["hexamod:Hexaguard","hexamod:BacktrackSmack"],"picked":"hexamod:BurningTouch","floor":2.0},{"not_picked":["hexamod:NightmareStrike","hexamod:InspiringFlames"],"picked":"hexamod:FastForward","floor":3.0},{"not_picked":["hexamod:HeatShield","hexamod:SecondSeal"],"picked":"hexamod:EmpoweredFlame","floor":4.0},{"not_picked":["hexamod:TurnItUp","hexamod:RecurringNightmare","hexamod:GhostShield"],"picked":"SKIP","floor":5.0},{"not_picked":["hexamod:SoulSteal","hexamod:GhostLash"],"picked":"hexamod:HeatShield","floor":10.0},{"not_picked":["hexamod:ShieldOfDarkness","hexamod:GhostShield"],"picked":"hexamod:PhantomCloak","floor":11.0},{"not_picked":["hexamod:GhostShield","hexamod:Incineration"],"picked":"hexamod:SpectralAdrenaline","floor":12.0},{"not_picked":["hexamod:FourthSeal","hexamod:BurningTouch"],"picked":"hexamod:HexaLevel","floor":14.0},{"not_picked":["hexamod:ShieldOfDarkness","hexamod:HeatMetal"],"picked":"hexamod:InspiringFlames","floor":15.0}],"player_experience":273987,"relics_obtained":[{"floor":7.0,"key":"Mirror"},{"floor":10.0,"key":"ReplayTheSpireMod:Shallot"}],"event_choices":[],"is_beta":false,"boss_relics":[],"items_purged_floors":[14],"is_endless":false,"potions_floor_spawned":[3,4,12,15],"killed_by":"WA_ARCHETYPE_RETAIN","ascension_level":0}}