{"host":"iittsup1ixgwip8e","time":1612045932,"event":{"mods":["A Magickal Journey","Aspiration","BaseMod","Challenge The Spire","Clockwork Mod","Colored Powertips","Conspire","Downfall","Energized Spire","Exacting","GifTheSpireLib","Halation","Hermit","Hubris","Infinite Spire","Mari Mod (Legacy)","Mari\u0027s V1 Patch","Marisa????????","Mimic Mod","Minty Spire (QoL Compilation)","Quick Restart","READ ME - Guardian Mod","Reliquary","Replay The Spire","Shop Mod","Spikes Relics","Spire Arcade","StSLib","Stuff the Spire","The Animator","The Cursed","The Disciple","The Jungle","The Marked","The Runesmith","The Servant 0.9.4","The Valiant","The Vixen"],"gold_per_floor":[117,150,168,168,182,182,233,233,233,233,10,36,36,48,48,143,143,156,213,107,19,30,30,30,30],"floor_reached":24,"language":"ENG","playtime":2761,"items_purged":[],"score":194,"play_id":"d83a1a28-ce6c-4718-9d12-72212bffb863","local_time":"20210130173212","is_ascension_mode":false,"campfire_choices":[{"floor":6,"key":"RECALL"},{"floor":13,"key":"REST"},{"floor":15,"key":"REST"},{"floor":23,"key":"REST"}],"circlet_count":0,"master_deck":["theMarked:Strike+1","theMarked:Strike","theMarked:Strike","theMarked:Strike","theMarked:Strike","theMarked:Defend","theMarked:Defend","theMarked:Defend","theMarked:SoldierOfQuellstein","theMarked:EnhanceMovement","theMarked:ResourceFulStrike","theMarked:Maelstrom","theMarked:Aftermath","theMarked:ResourceFulStrike+1","infinitespire:DeathsTouch","theMarked:KeepCalmAndFight","theMarked:HeightenedSenses","theMarked:OneWithTheBlade","theMarked:Defy","theMarked:ElectricStrings","ReplayTheSpireMod:Splinters","theMarked:Reabsorb+1","StuffTheSpire:Rapture","theMarked:BanishingStrike+1","theMarked:StartUp"],"relics":["theMarked:ArtifactOfAir","NeowsBlessing","PreservedInsect","Omamori","infinitespire:Satchel","hubris:HollowSoul","aspiration:Lifesprig"],"acts_visited":["Exordium","TheCity"],"potions_floor_usage":[16,16,16,22,22,24,24,24],"damage_taken":[{"damage":0,"enemies":"Small Slimes","floor":1,"turns":1},{"damage":0,"enemies":"conspire:MimicChest","floor":2,"turns":1},{"damage":0,"enemies":"Jaw Worm","floor":3,"turns":1},{"damage":5,"enemies":"conspire:RoseBush","floor":5,"turns":2},{"damage":30,"enemies":"3 Sentries","floor":7,"turns":7},{"damage":4,"enemies":"Gremlin Gang","floor":12,"turns":2},{"damage":0,"enemies":"3 Louse","floor":14,"turns":1},{"damage":54,"enemies":"The Guardian","floor":16,"turns":8},{"damage":28,"enemies":"conspire:FuzzyDice","floor":18,"turns":4},{"damage":2,"enemies":"2 Thieves","floor":22,"turns":3},{"damage":17,"enemies":"Nightmare","floor":24,"turns":2}],"seed_played":"-2538386832962467867","potions_obtained":[{"floor":7,"key":"Swift Potion"},{"floor":7,"key":"champ:CounterPotion"},{"floor":12,"key":"Adrenaline Potion"},{"floor":14,"key":"ColorlessPotion"},{"floor":18,"key":"EssenceOfSteel"},{"floor":19,"key":"Languid Potion"},{"floor":19,"key":"Block Potion"},{"floor":22,"key":"sneckomod:MuddlingPotion"}],"is_trial":false,"path_per_floor":["M","?","M","?","M","R","E","?","T","?","$","M","R","M","R","B",null,"M","?","?","$","M","R","NM"],"character_chosen":"THE_DEFAULT","items_purchased":["theMarked:KeepCalmAndFight","infinitespire:Satchel","theMarked:BanishingStrike+1","ColorlessPotion"],"campfire_rested":3,"item_purchase_floors":[11,11,21,21],"current_hp_per_floor":[70,70,70,70,65,65,35,21,21,21,21,17,38,38,59,5,70,42,42,42,42,40,61,0,0],"gold":30,"neow_bonus":"THREE_ENEMY_KILL","is_daily":false,"chose_seed":false,"campfire_upgraded":0,"win_rate":0.0,"timestamp":1612045932,"path_taken":["M","?","M","?","?","R","E","?","T","?","$","?","R","M","R","BOSS","M","?","?","$","M","R","NM"],"items_purchased_type":["Card","Relic","Card","Potion"],"build_version":"2020-12-22","purchased_purges":0,"victory":false,"max_hp_per_floor":[70,70,70,70,70,70,70,70,70,70,70,70,70,70,70,70,70,70,70,70,70,70,70,70,70],"card_choices":[{"not_picked":["theMarked:TwofoldDefense","theMarked:Improvise"],"picked":"theMarked:EnhanceMovement","floor":1},{"not_picked":["theMarked:Overcharge","theMarked:Frustration"],"picked":"theMarked:ResourceFulStrike","floor":2},{"not_picked":["theMarked:ChainLightning","theMarked:ResourceFulStrike"],"picked":"theMarked:Maelstrom","floor":3},{"not_picked":["theMarked:Improvise","theMarked:MysticalArsenal"],"picked":"theMarked:Aftermath","floor":5},{"not_picked":["theMarked:MagusForm","theMarked:Polarize"],"picked":"theMarked:ResourceFulStrike","floor":7},{"not_picked":["ReplayTheSpireMod:Haul","ReplayTheSpireMod:Chaos Vortex"],"picked":"infinitespire:DeathsTouch","floor":10},{"not_picked":["theMarked:Indomitable","theMarked:TunnelVision"],"picked":"theMarked:HeightenedSenses","floor":12},{"not_picked":["theMarked:PowerFlow","theMarked:ParalyzingBlade"],"picked":"theMarked:OneWithTheBlade","floor":14},{"not_picked":["theMarked:Levitate","theMarked:Vacuum"],"picked":"theMarked:Defy","floor":16},{"not_picked":["theMarked:Aftermath","theMarked:TakeCover+1"],"picked":"theMarked:ElectricStrings","floor":18},{"not_picked":["theMarked:Aftermath+1","theMarked:SwordAndMagic+1"],"picked":"theMarked:Reabsorb+1","floor":19},{"not_picked":["theMarked:WastefulAttack","theMarked:RepellingDischarge"],"picked":"theMarked:StartUp","floor":22}],"player_experience":117914,"relics_obtained":[{"floor":2,"key":"PreservedInsect"},{"floor":7,"key":"Omamori"},{"floor":19,"key":"aspiration:Lifesprig"}],"event_choices":[{"cards_removed":["theMarked:Defend"],"damage_healed":0,"gold_gain":0,"player_choice":"Offered Basic","damage_taken":0,"max_hp_gain":0,"max_hp_loss":0,"event_name":"Bonfire Elementals","floor":4,"gold_loss":0},{"damage_healed":0,"gold_gain":0,"player_choice":"Entered Light","damage_taken":14,"max_hp_gain":0,"max_hp_loss":0,"event_name":"Shining Light","floor":8,"gold_loss":0,"cards_upgraded":["theMarked:ResourceFulStrike","theMarked:Strike"]}],"is_beta":false,"boss_relics":[{"not_picked":["Sozu","halation:HeavySnake"],"picked":"hubris:HollowSoul"}],"items_purged_floors":[],"is_endless":false,"potions_floor_spawned":[7,12,14,18,22],"killed_by":"Nightmare","ascension_level":0}}