{"host":"8dhn6p16jorj0i1s","time":1612036181,"event":{"mods":["AchievementEnabler","BaseMod","Colored Map","DeckTracker","Highlight Path","Minty Spire (QoL Compilation)","Permanent Neow","Quick Restart"],"gold_per_floor":[19,35,35,35,55,55,67,67,115,115,40,54,54,87,87,185,185,197,17,35,35,35],"floor_reached":21,"language":"ENG","playtime":1147,"items_purged":["Strike_R","Strike_R"],"score":251,"play_id":"886dea3a-7b13-45f3-8ced-89b94cb0ef9e","local_time":"20210130204941","is_ascension_mode":true,"campfire_choices":[{"data":"Brutality","floor":6,"key":"SMITH"},{"data":"Rupture","floor":8,"key":"SMITH"},{"data":"Bash","floor":10,"key":"SMITH"},{"data":"Heavy Blade","floor":15,"key":"SMITH"}],"circlet_count":0,"master_deck":["Strike_R","Strike_R","Defend_R","Defend_R","Defend_R","Defend_R","Bash+1","Brutality+1","Twin Strike","Regret","Immolate","Second Wind","Rupture+1","Feel No Pain","Heavy Blade+1","Barricade","Shrug It Off+1","Dark Embrace","Intimidate+1"],"relics":["Burning Blood","Art of War","Red Skull","SsserpentHead","Omamori","Cursed Key"],"acts_visited":["Exordium","TheCity"],"potions_floor_usage":[12,14,18,21],"damage_taken":[{"damage":6,"enemies":"Jaw Worm","floor":1,"turns":5},{"damage":8,"enemies":"Small Slimes","floor":2,"turns":4},{"damage":9,"enemies":"Cultist","floor":5,"turns":3},{"damage":7,"enemies":"Large Slime","floor":7,"turns":4},{"damage":14,"enemies":"Exordium Thugs","floor":12,"turns":4},{"damage":27,"enemies":"3 Sentries","floor":14,"turns":4},{"damage":9,"enemies":"Slime Boss","floor":16,"turns":6},{"damage":38,"enemies":"Chosen","floor":18,"turns":5},{"damage":26,"enemies":"Spheric Guardian","floor":20,"turns":4},{"damage":0,"enemies":"Snake Plant","floor":21,"turns":1}],"seed_played":"-6305755514234237481","potions_obtained":[{"floor":1,"key":"Strength Potion"},{"floor":2,"key":"ColorlessPotion"},{"floor":7,"key":"Weak Potion"},{"floor":16,"key":"Swift Potion"}],"is_trial":false,"path_per_floor":["M","M","?","?","M","R","M","R","T","R","$","M","?","E","R","B",null,"M","$","M","M"],"character_chosen":"IRONCLAD","items_purchased":["Dark Embrace"],"campfire_rested":0,"item_purchase_floors":[19],"current_hp_per_floor":[72,70,70,70,67,67,66,66,66,66,66,58,58,37,37,34,69,37,37,17,17,17],"gold":35,"neow_bonus":"THREE_RARE_CARDS","is_daily":false,"chose_seed":false,"campfire_upgraded":4,"win_rate":0.0,"timestamp":1612036181,"path_taken":["M","M","?","?","M","R","M","R","T","R","$","M","?","E","R","BOSS","M","$","M","M"],"items_purchased_type":["Card"],"build_version":"2020-12-22","purchased_purges":2,"victory":false,"max_hp_per_floor":[80,80,80,80,80,80,80,80,80,80,80,80,80,80,80,80,80,80,80,80,80,80],"card_choices":[{"not_picked":["Limit Break","Exhume"],"picked":"Brutality","floor":0},{"not_picked":["Reckless Charge","Body Slam","Iron Wave"],"picked":"SKIP","floor":1},{"not_picked":["Feel No Pain","Warcry"],"picked":"Twin Strike","floor":2},{"not_picked":["Thunderclap","Combust"],"picked":"Second Wind","floor":5},{"not_picked":["Feel No Pain","Armaments"],"picked":"Rupture","floor":7},{"not_picked":["Shockwave","Evolve"],"picked":"Feel No Pain","floor":12},{"not_picked":["Shrug It Off","Fiend Fire"],"picked":"Heavy Blade","floor":14},{"not_picked":["Bludgeon","Juggernaut"],"picked":"Barricade","floor":16},{"not_picked":["Anger","Twin Strike"],"picked":"Shrug It Off+1","floor":18},{"not_picked":["Armaments","Second Wind"],"picked":"Intimidate+1","floor":20}],"player_experience":498320,"relics_obtained":[{"floor":9,"key":"Red Skull"},{"floor":14,"key":"Omamori"}],"event_choices":[{"damage_healed":0,"gold_gain":0,"player_choice":"Box","damage_taken":0,"relics_obtained":["Art of War"],"max_hp_gain":0,"max_hp_loss":0,"event_name":"Big Fish","floor":3,"gold_loss":0,"cards_obtained":["Regret"]},{"damage_healed":0,"gold_gain":0,"cards_transformed":["Strike_R"],"player_choice":"Change","damage_taken":0,"max_hp_gain":0,"max_hp_loss":0,"event_name":"Living Wall","floor":4,"gold_loss":0,"cards_obtained":["Immolate"]},{"damage_healed":0,"gold_gain":0,"player_choice":"Trade","damage_taken":0,"relics_obtained":["SsserpentHead"],"max_hp_gain":0,"max_hp_loss":0,"event_name":"FaceTrader","floor":13,"gold_loss":0}],"is_beta":false,"boss_relics":[{"not_picked":["Runic Dome","Mark of Pain"],"picked":"Cursed Key"}],"items_purged_floors":[11,19],"is_endless":false,"potions_floor_spawned":[1,2,7,16],"killed_by":"Snake Plant","ascension_level":8}}