{"host":"oehe2dxjvdgux73m","time":1612005684,"event":{"mods":["AchievementEnabler","BaseMod","Colored Map","Colored Powertips","DeckTracker","Keyboard Shortcuts","Minty Spire (QoL Compilation)","Permanent Neow","Quick Restart","StSLib","SuperFastMode"],"gold_per_floor":[414,564,639,656,254,254,272,272,351,379,379,225,241,273,273,348,348,359,369,148,91,106,106,116,133,158,171,188,238,238,261,261,261,261],"floor_reached":33,"language":"KOR","playtime":1288,"items_purged":["Doubt","Strike_G","Strike_G"],"score":494,"play_id":"9f3b6993-14e9-4fec-bfbe-444f0fd10edb","local_time":"20210130202124","is_ascension_mode":true,"campfire_choices":[{"data":"Blade Dance","floor":6.0,"key":"SMITH"},{"floor":8.0,"key":"REST"},{"data":"Neutralize","floor":11.0,"key":"SMITH"},{"data":"Crippling Poison","floor":15.0,"key":"SMITH"},{"data":"Calculated Gamble","floor":23.0,"key":"SMITH"},{"data":"Cloak And Dagger","floor":30.0,"key":"SMITH"},{"floor":32.0,"key":"REST"}],"circlet_count":0,"master_deck":["AscendersBane","Strike_G+1","Strike_G","Strike_G","Defend_G","Defend_G","Defend_G","Defend_G","Defend_G","Survivor","Neutralize+1","Blade Dance+1","Dash+1","Accuracy","Crippling Poison+1","Leg Sweep","Bullet Time","Backstab","Cloak And Dagger+1","Dark Shackles","Calculated Gamble+1","Distraction+1","Dagger Throw","Predator"],"relics":["Ring of the Snake","Old Coin","Tough Bandages","Meat on the Bone","Odd Mushroom","Whetstone","Black Star","The Courier","Bag of Preparation"],"acts_visited":["Exordium","TheCity"],"potions_floor_usage":[33,33,33],"damage_taken":[{"damage":0.0,"enemies":"2 Louse","floor":1.0,"turns":3.0},{"damage":6.0,"enemies":"Small Slimes","floor":4.0,"turns":5.0},{"damage":1.0,"enemies":"Cultist","floor":7.0,"turns":4.0},{"damage":10.0,"enemies":"The Mushroom Lair","floor":10.0,"turns":5.0},{"damage":0.0,"enemies":"Large Slime","floor":13.0,"turns":6.0},{"damage":3.0,"enemies":"Gremlin Nob","floor":14.0,"turns":3.0},{"damage":9.0,"enemies":"Slime Boss","floor":16.0,"turns":7.0},{"damage":4.0,"enemies":"Chosen","floor":18.0,"turns":4.0},{"damage":18.0,"enemies":"3 Byrds","floor":19.0,"turns":5.0},{"damage":15.0,"enemies":"Sentry and Sphere","floor":22.0,"turns":6.0},{"damage":4.0,"enemies":"Snecko","floor":24.0,"turns":6.0},{"damage":20.0,"enemies":"Shelled Parasite and Fungi","floor":25.0,"turns":7.0},{"damage":0.0,"enemies":"Centurion and Healer","floor":27.0,"turns":9.0},{"damage":11.0,"enemies":"Snake Plant","floor":28.0,"turns":4.0},{"damage":57,"enemies":"Champ","floor":33,"turns":16}],"seed_played":"2783819623195411700","potions_obtained":[{"floor":4.0,"key":"EssenceOfSteel"},{"floor":10.0,"key":"SkillPotion"},{"floor":13.0,"key":"EssenceOfSteel"},{"floor":14.0,"key":"FearPotion"},{"floor":18.0,"key":"CultistPotion"},{"floor":25.0,"key":"Energy Potion"},{"floor":27.0,"key":"CunningPotion"},{"floor":28.0,"key":"EntropicBrew"}],"is_trial":false,"path_per_floor":["M","?","?","M","$","R","M","R","T","?","R","$","M","E","R","B",null,"M","M","$","?","M","R","M","M","T","M","M","?","R","T","R","B"],"character_chosen":"THE_SILENT","items_purchased":["Tough Bandages","SteroidPotion","Dark Shackles"],"campfire_rested":2,"item_purchase_floors":[5,12,20],"current_hp_per_floor":[44,44,33,27,27,27,26,45,45,35,35,35,35,44,44,35,58,54,36,36,36,33,33,41,33,33,45,34,34,34,34,53,0,0],"gold":261,"neow_bonus":"ONE_RARE_RELIC","is_daily":false,"chose_seed":false,"campfire_upgraded":5,"win_rate":0.0,"timestamp":1612005684,"path_taken":["M","?","?","M","$","R","M","R","T","?","R","$","M","E","R","BOSS","M","M","$","?","M","R","M","?","T","M","M","?","R","?","R","BOSS"],"items_purchased_type":["Relic","Potion","Card"],"build_version":"2020-12-22","purchased_purges":3,"victory":false,"max_hp_per_floor":[66,66,66,66,66,66,66,66,66,66,66,66,66,66,66,66,66,66,66,66,66,66,66,66,66,66,66,66,66,66,66,66,66,66],"card_choices":[{"not_picked":["Poisoned Stab","Quick Slash"],"picked":"Blade Dance","floor":1.0},{"not_picked":["Quick Slash","Deadly Poison","Bane"],"picked":"SKIP","floor":4.0},{"not_picked":["Prepared","Choke"],"picked":"Dash","floor":7.0},{"not_picked":["Cloak And Dagger","Terror"],"picked":"Accuracy","floor":10.0},{"not_picked":["Poisoned Stab","Dagger Spray"],"picked":"Crippling Poison","floor":13.0},{"not_picked":["Dash","Dagger Spray"],"picked":"Leg Sweep","floor":14.0},{"not_picked":["A Thousand Cuts","Glass Knife"],"picked":"Bullet Time","floor":16.0},{"not_picked":["Slice","Outmaneuver"],"picked":"Backstab","floor":18.0},{"not_picked":["Quick Slash","Dagger Throw"],"picked":"Cloak And Dagger","floor":19.0},{"not_picked":["Bane","Masterful Stab"],"picked":"Calculated Gamble","floor":22.0},{"not_picked":["Poisoned Stab+1","Dodge and Roll","Flying Knee+1"],"picked":"SKIP","floor":24.0},{"not_picked":["Bane+1","Poisoned Stab"],"picked":"Distraction+1","floor":25.0},{"not_picked":["PiercingWail","Slice"],"picked":"Dagger Throw","floor":27.0},{"not_picked":["Tactician","Acrobatics"],"picked":"Predator","floor":28.0}],"player_experience":331456,"relics_obtained":[{"floor":9.0,"key":"Meat on the Bone"},{"floor":10.0,"key":"Odd Mushroom"},{"floor":14.0,"key":"Whetstone"},{"floor":26.0,"key":"Bag of Preparation"}],"event_choices":[{"damage_healed":0.0,"max_hp_gain":0.0,"max_hp_loss":0.0,"gold_gain":150.0,"event_name":"Liars Game","player_choice":"AGREE","floor":2.0,"gold_loss":0.0,"damage_taken":0.0,"cards_obtained":["Doubt"]},{"damage_healed":0.0,"max_hp_gain":0.0,"max_hp_loss":0.0,"gold_gain":75.0,"event_name":"World of Goop","player_choice":"Gather Gold","floor":3.0,"gold_loss":0.0,"damage_taken":11.0},{"damage_healed":0.0,"max_hp_gain":0.0,"max_hp_loss":0.0,"gold_gain":0.0,"event_name":"Mushrooms","player_choice":"Fought Mushrooms","floor":10.0,"gold_loss":0.0,"damage_taken":0.0},{"damage_healed":0.0,"max_hp_gain":0.0,"max_hp_loss":0.0,"gold_gain":0.0,"event_name":"WeMeetAgain","player_choice":"Paid Gold","floor":21.0,"gold_loss":57.0,"damage_taken":0.0,"relics_obtained":["The Courier"]},{"damage_healed":0.0,"max_hp_gain":0.0,"max_hp_loss":0.0,"gold_gain":50.0,"event_name":"Nest","player_choice":"Stole From Cult","floor":29.0,"gold_loss":0.0,"damage_taken":0.0}],"is_beta":false,"boss_relics":[{"not_picked":["Coffee Dripper","Tiny House"],"picked":"Black Star"}],"items_purged_floors":[5,12,20],"is_endless":false,"potions_floor_spawned":[4,10,13,14,18,25,27,28],"killed_by":"Champ","ascension_level":20}}