{"host":"xb2tau8pgi8aflss","time":1612003099,"event":{"mods":["AchievementEnabler","BaseMod","Hermit","Minty Spire (QoL Compilation)","StSLib","SuperFastMode"],"gold_per_floor":[115,65,80,98,113,143,143,159,159,184,184,201,272,300,300,405,405,424,448,466,476,476,476,476,476],"floor_reached":24,"language":"KOR","playtime":1182,"items_purged":[],"score":264,"play_id":"f5bde2a9-b6b2-4189-a805-769fd4a607b8","local_time":"20210130193819","is_ascension_mode":true,"campfire_choices":[{"floor":7,"key":"REST"},{"data":"hermit:Gestalt","floor":15,"key":"SMITH"},{"data":"hermit:Vantage","floor":23,"key":"SMITH"}],"circlet_count":0,"master_deck":["hermit:Strike_Hermit","hermit:Strike_Hermit","hermit:Strike_Hermit","hermit:Defend_Hermit","hermit:Defend_Hermit","hermit:Defend_Hermit","hermit:Defend_Hermit","hermit:Snapshot","hermit:Covet+1","hermit:Enervate","hermit:Snipe+1","hermit:Scavenge","hermit:Coalescence","hermit:Gestalt+1","hermit:LuckOfTheDraw","hermit:Vantage+1","hermit:Magnum","hermit:ItchyTrigger","hermit:Determination","hermit:Cheat"],"relics":["hermit:Momento","NeowsBlessing","Centennial Puzzle","Tiny Chest","War Paint","Meat on the Bone","Girya","Philosopher\u0027s Stone"],"acts_visited":["Exordium","TheCity"],"potions_floor_usage":[8,24],"damage_taken":[{"damage":0,"enemies":"Small Slimes","floor":1,"turns":1},{"damage":0,"enemies":"Jaw Worm","floor":3,"turns":1},{"damage":0,"enemies":"2 Louse","floor":4,"turns":2},{"damage":2,"enemies":"Looter","floor":5,"turns":3},{"damage":41,"enemies":"Lagavulin","floor":6,"turns":6},{"damage":14,"enemies":"Lots of Slimes","floor":8,"turns":3},{"damage":2,"enemies":"Gremlin Nob","floor":10,"turns":4},{"damage":6,"enemies":"Red Slaver","floor":12,"turns":3},{"damage":33,"enemies":"3 Sentries","floor":14,"turns":12},{"damage":10,"enemies":"Slime Boss","floor":16,"turns":11},{"damage":20,"enemies":"2 Thieves","floor":18,"turns":3},{"damage":2,"enemies":"Spheric Guardian","floor":19,"turns":4},{"damage":2,"enemies":"Snecko","floor":20,"turns":5},{"damage":2,"enemies":"Snake Plant","floor":21,"turns":3},{"damage":52,"enemies":"Slavers","floor":24,"turns":3}],"seed_played":"7699962327801746179","potions_obtained":[{"floor":1,"key":"FairyPotion"},{"floor":4,"key":"PowerPotion"},{"floor":12,"key":"Energy Potion"},{"floor":14,"key":"Dexterity Potion"},{"floor":16,"key":"Energy Potion"},{"floor":18,"key":"Strength Potion"}],"is_trial":false,"path_per_floor":["M","?","M","M","M","E","R","M","T","E","?","M","?","E","R","B",null,"M","M","M","M","?","R","E"],"character_chosen":"HERMIT","items_purchased":[],"campfire_rested":1,"item_purchase_floors":[],"current_hp_per_floor":[75,75,75,75,73,32,54,40,40,38,20,26,26,28,28,30,75,55,53,51,49,49,49,0,0],"gold":476,"neow_bonus":"THREE_ENEMY_KILL","is_daily":false,"chose_seed":false,"campfire_upgraded":2,"win_rate":0.0,"timestamp":1612003099,"path_taken":["M","?","M","M","M","E","R","M","T","E","?","M","?","E","R","BOSS","M","M","M","M","?","R","E"],"items_purchased_type":[],"build_version":"2020-12-22","purchased_purges":0,"victory":false,"max_hp_per_floor":[75,75,75,75,75,75,75,75,75,75,75,75,75,75,75,75,75,75,75,75,75,75,75,75,75],"card_choices":[{"not_picked":["hermit:Desperado","hermit:Roulette"],"picked":"hermit:Enervate","floor":1},{"not_picked":["hermit:Coalescence","hermit:EyeOfTheStorm"],"picked":"hermit:Snipe","floor":3},{"not_picked":["hermit:TrackingShot","hermit:Glare","hermit:Feint"],"picked":"SKIP","floor":4},{"not_picked":["hermit:PistolWhip","hermit:Quickdraw"],"picked":"hermit:Scavenge","floor":5},{"not_picked":["hermit:HighCaliber","hermit:LuckOfTheDraw"],"picked":"hermit:Coalescence","floor":6},{"not_picked":["hermit:LowProfile","hermit:BodyArmor"],"picked":"hermit:Gestalt","floor":8},{"not_picked":["hermit:HighCaliber","hermit:Ricochet"],"picked":"hermit:LuckOfTheDraw","floor":10},{"not_picked":["hermit:ItchyTrigger","hermit:HighCaliber"],"picked":"hermit:Vantage","floor":12},{"not_picked":["hermit:BodyArmor","hermit:Feint","hermit:Snipe"],"picked":"SKIP","floor":14},{"not_picked":["hermit:Roughhouse","hermit:Adapt"],"picked":"hermit:Magnum","floor":16},{"not_picked":["hermit:Midnight","hermit:Snipe"],"picked":"hermit:ItchyTrigger","floor":18},{"not_picked":["hermit:FlashPowder","hermit:Dive"],"picked":"hermit:Determination","floor":19},{"not_picked":["hermit:Midnight","hermit:ItchyTrigger"],"picked":"hermit:Cheat","floor":20},{"not_picked":["hermit:Feint","hermit:TakeCover","hermit:Vantage"],"picked":"SKIP","floor":21}],"player_experience":792031,"relics_obtained":[{"floor":6,"key":"Centennial Puzzle"},{"floor":9,"key":"Tiny Chest"},{"floor":10,"key":"War Paint"},{"floor":14,"key":"Girya"}],"event_choices":[{"cards_removed":["hermit:Strike_Hermit"],"damage_healed":0,"gold_gain":0,"player_choice":"Card Removal","damage_taken":0,"max_hp_gain":0,"max_hp_loss":0,"event_name":"The Cleric","floor":2,"gold_loss":50},{"damage_healed":0,"gold_gain":0,"player_choice":"Success","damage_taken":18,"relics_obtained":["Meat on the Bone"],"max_hp_gain":0,"max_hp_loss":0,"event_name":"Scrap Ooze","floor":11,"gold_loss":0},{"damage_healed":0,"gold_gain":71,"player_choice":"Gained Gold","damage_taken":0,"max_hp_gain":0,"max_hp_loss":0,"event_name":"Golden Wing","floor":13,"gold_loss":0},{"damage_healed":0,"gold_gain":0,"player_choice":"Ignored","damage_taken":0,"max_hp_gain":0,"max_hp_loss":0,"event_name":"Beggar","floor":22,"gold_loss":0}],"is_beta":false,"boss_relics":[{"not_picked":["Astrolabe","Fusion Hammer"],"picked":"Philosopher\u0027s Stone"}],"items_purged_floors":[],"is_endless":false,"potions_floor_spawned":[1,4,12,14,16,18,19],"killed_by":"Slavers","ascension_level":4}}