{"host":"9gwavclf33b2mpxe","time":1612028469,"event":{"mods":["BaseMod","Bestiary","Block Reminder","Colored Map","Colored Powertips","Downfall","Highlight Path","Minty Spire (QoL Compilation)","Permanent Neow","Quick Restart","Relic Stats","StSLib","SuperFastMode"],"gold_per_floor":[99,109,122,182,182,82,108,108,127,144,144,175,75,75,92,187,187,187,207,1,35,54,54,135,135,150,184,84,94,127,127,142,241,241,241,252,264,284,296,308,308,308,340,8,8,43,43,43,63,63,63,88,37,37,37,37],"floor_reached":57,"language":"ENG","playtime":4319,"items_purged":["Slimebound:Strike_Slimebound"],"score":1428,"play_id":"e24d5319-e812-47a0-bbd6-c93859f3dbfc","local_time":"20210131014109","is_ascension_mode":true,"campfire_choices":[{"floor":1.0,"key":"RECALL"},{"data":"Slimebound:CorrosiveSpit","floor":6.0,"key":"SMITH"},{"data":"Slimebound:Split","floor":11.0,"key":"SMITH"},{"data":"Slimebound:SpikyOuterGoop","floor":13.0,"key":"SMITH"},{"data":"Slimebound:HauntingLick","floor":18.0,"key":"SMITH"},{"data":"Sadistic Nature","floor":23.0,"key":"SMITH"},{"data":"Slimebound:GoopSpray","floor":28.0,"key":"SMITH"},{"data":"Slimebound:MassFeed","floor":35.0,"key":"SMITH"},{"data":"Slimebound:DuplicatedForm","floor":42.0,"key":"SMITH"},{"data":"expansioncontent:StudyTheSpire","floor":45.0,"key":"SMITH"},{"data":"expansioncontent:InvincibleStrength","floor":54.0,"key":"SMITH"}],"circlet_count":0,"master_deck":["Slimebound:Tackle","Slimebound:Defend_Slimebound","Slimebound:Defend_Slimebound","Slimebound:Defend_Slimebound","Slimebound:Defend_Slimebound","Slimebound:Split+1","Slimebound:CorrosiveSpit+1","CurseOfTheBell","Slimebound:SamplingLick+1","Slimebound:HauntingLick+1","Slimebound:SplitMire+1","Slimebound:GoopSpray+1","Slimebound:SpikyOuterGoop+1","Slimebound:DivideAndConquer","Slimebound:Gluttony","Slimebound:OozeBath","Slimebound:Schlurp","Slimebound:Prepare","Sadistic Nature+1","Slimebound:MegaLick","Slimebound:Recollect+1","Slimebound:MegaLick","Slimebound:LivingWall","Slimebound:Prepare","Clumsy","Slimebound:LeadByExample","Slimebound:MassFeed+1","Slimebound:ItLooksTasty","Slimebound:Schlurp","Slimebound:DuplicatedForm+1","Slimebound:SpikyOuterGoop","Slimebound:LevelUp","Slimebound:Gluttony","Slimebound:HauntingLick","expansioncontent:StudyTheSpire+1","expansioncontent:InvincibleStrength+1","Slimebound:Nibble+1","Slimebound:Repurpose","Slimebound:Prepare"],"relics":["Calling Bell","Slimebound:StickyStick","HornCleat","Unceasing Top","Guardian:PocketSentry","downfall:HeartBlessingRed","Potion Belt","Pocketwatch","downfall:HeartBlessingGreen","WarpedTongs","bronze:MakeshiftBattery","Red Mask","Matryoshka","downfall:HeartBlessingBlue","FossilizedHelix","Philosopher\u0027s Stone","Regal Pillow","Nunchaku","Pen Nib","sneckomod:BlankCard","Slimebound:AggressiveSlimeRelic","Oddly Smooth Stone"],"acts_visited":["Exordium","TheCity","TheBeyond","TheEnding"],"potions_floor_usage":[56,56,56],"damage_taken":[{"damage":0.0,"enemies":"2 Louse","floor":2.0,"turns":3.0},{"damage":0.0,"enemies":"Small Slimes","floor":3.0,"turns":5.0},{"damage":12.0,"enemies":"3 Sentries","floor":4.0,"turns":10.0},{"damage":3.0,"enemies":"Jaw Worm","floor":9.0,"turns":3.0},{"damage":0.0,"enemies":"Large Slime","floor":10.0,"turns":4.0},{"damage":4.0,"enemies":"Lagavulin","floor":12.0,"turns":4.0},{"damage":5.0,"enemies":"Exordium Thugs","floor":15.0,"turns":3.0},{"damage":23.0,"enemies":"DF_ARCHETYPE_STREAMLINE","floor":16.0,"turns":6.0},{"damage":5.0,"enemies":"Shell Parasite","floor":19.0,"turns":4.0},{"damage":3.0,"enemies":"downfall:FleeingMerchant","floor":20.0,"turns":4.0},{"damage":9.0,"enemies":"Masked Bandits","floor":21.0,"turns":4.0},{"damage":6.0,"enemies":"Chosen","floor":22.0,"turns":4.0},{"damage":3.0,"enemies":"Centurion and Healer","floor":26.0,"turns":4.0},{"damage":11.0,"enemies":"Gremlin Leader","floor":27.0,"turns":5.0},{"damage":18.0,"enemies":"Snecko","floor":29.0,"turns":4.0},{"damage":15.0,"enemies":"Slavers","floor":30.0,"turns":3.0},{"damage":0.0,"enemies":"Cultist and Chosen","floor":32.0,"turns":2.0},{"damage":0.0,"enemies":"SI_MIRROR_ARCHETYPE","floor":33.0,"turns":5.0},{"damage":0.0,"enemies":"3 Darklings","floor":36.0,"turns":7.0},{"damage":0.0,"enemies":"Orb Walker","floor":37.0,"turns":2.0},{"damage":0.0,"enemies":"Transient","floor":38.0,"turns":5.0},{"damage":0.0,"enemies":"Sphere and 2 Shapes","floor":39.0,"turns":4.0},{"damage":15.0,"enemies":"3 Darklings","floor":40.0,"turns":5.0},{"damage":15.0,"enemies":"Giant Head","floor":43.0,"turns":8.0},{"damage":0.0,"enemies":"downfall:FleeingMerchant","floor":44.0,"turns":4.0},{"damage":50.0,"enemies":"Nemesis","floor":46.0,"turns":9.0},{"damage":3.0,"enemies":"Nemesis","floor":48.0,"turns":4.0},{"damage":10.0,"enemies":"Transient","floor":49.0,"turns":5.0},{"damage":20.0,"enemies":"WA_ARCHETYPE_DIVINITY","floor":50.0,"turns":7.0},{"damage":64.0,"enemies":"downfall:CharBossMerchant","floor":52.0,"turns":8.0},{"damage":15,"enemies":"downfall:NeowBoss","floor":55,"turns":16},{"damage":35,"enemies":"downfall:NeowBossFinal","floor":56,"turns":9}],"seed_played":"-8575593499212376445","potions_obtained":[{"floor":2.0,"key":"SpeedPotion"},{"floor":9.0,"key":"FearPotion"},{"floor":10.0,"key":"Strength Potion"},{"floor":15.0,"key":"FearPotion"},{"floor":16.0,"key":"AttackPotion"},{"floor":22.0,"key":"Swift Potion"},{"floor":29.0,"key":"Slimebound:SlimedPotion"},{"floor":30.0,"key":"ColorlessPotion"},{"floor":32.0,"key":"Strength Potion"},{"floor":36.0,"key":"DistilledChaos"},{"floor":39.0,"key":"hexamod:SoulburnPotion"},{"floor":48.0,"key":"Dexterity Potion"}],"is_trial":false,"path_per_floor":["R","M","M","?","?","R","T","?","M","M","R","E","R","?","M","B",null,"R","M","$","?","M","R","T","?","M","E","R","M","E","?","M","B",null,"R","M","M","M","M","M","T","R","E","$","R","E","?","?","M","B",null,"E","$","R","B","B",null],"character_chosen":"SLIMEBOUND","items_purchased":["Sadistic Nature","FearPotion","Weak Potion","SteroidPotion","sneckomod:BlankCard","Slimebound:Gluttony","Slimebound:HauntingLick","expansioncontent:StudyTheSpire","Slimebound:Prepare"],"campfire_rested":0,"item_purchase_floors":[20,44,44,44,44,44,44,44,53],"current_hp_per_floor":[65,65,65,53,53,53,53,58,55,55,55,51,51,51,46,23,70,70,65,62,53,47,47,47,47,44,33,43,25,10,10,10,10,80,80,84,84,84,92,81,81,81,81,81,81,50,50,62,67,62,100,46,46,46,46,26],"gold":37,"neow_bonus":"BOSS_RELIC","is_daily":false,"chose_seed":false,"campfire_upgraded":10,"win_rate":0.0,"timestamp":1612028469,"path_taken":["R","M","M","?","?","R","T","?","?","M","R","E","R","?","M","BOSS","R","M","$","?","M","R","T","?","M","E","R","M","E","?","M","BOSS","R","M","M","?","M","M","T","R","E","$","R","E","?","?","M","BOSS","E","$","R","BOSS","BOSS"],"items_purchased_type":["Card","Potion","Potion","Potion","Relic","Card","Card","Card","Card"],"build_version":"2020-12-22","purchased_purges":1,"victory":true,"max_hp_per_floor":[65,65,65,65,65,65,65,70,70,70,70,70,70,70,70,70,70,70,70,70,70,70,70,70,70,70,70,80,80,80,80,80,80,80,80,84,84,84,92,96,96,96,96,96,96,100,100,100,100,100,100,100,100,100,100,100],"relic_stats":{"Regal Pillow":0,"Nunchaku":[3],"counters":[32,168],"Pen Nib":[3],"obtain_stats":[{"Potion Belt":7,"Slimebound:AggressiveSlimeRelic":46,"Regal Pillow":41,"downfall:HeartBlessingRed":6,"sneckomod:BlankCard":44,"Oddly Smooth Stone":52,"downfall:HeartBlessingGreen":13,"Pen Nib":43,"Guardian:PocketSentry":4,"WarpedTongs":14,"Calling Bell":0,"Nunchaku":41,"HornCleat":0,"Matryoshka":27,"Slimebound:StickyStick":0,"downfall:HeartBlessingBlue":28,"Philosopher\u0027s Stone":34,"Slimebound:AbsorbEndCombat":0,"Red Mask":21,"Unceasing Top":0,"bronze:MakeshiftBattery":17,"FossilizedHelix":30,"Pocketwatch":12},{"Potion Belt":3,"Slimebound:AggressiveSlimeRelic":26,"Regal Pillow":23,"downfall:HeartBlessingRed":3,"sneckomod:BlankCard":25,"Oddly Smooth Stone":30,"downfall:HeartBlessingGreen":6,"Pen Nib":24,"Guardian:PocketSentry":3,"WarpedTongs":6,"Calling Bell":0,"Nunchaku":23,"HornCleat":0,"Matryoshka":14,"Slimebound:StickyStick":0,"downfall:HeartBlessingBlue":14,"Philosopher\u0027s Stone":18,"Slimebound:AbsorbEndCombat":0,"Red Mask":11,"Unceasing Top":0,"bronze:MakeshiftBattery":8,"FossilizedHelix":16,"Pocketwatch":6},{"Potion Belt":18,"Slimebound:AggressiveSlimeRelic":119,"Regal Pillow":99,"downfall:HeartBlessingRed":18,"sneckomod:BlankCard":110,"Oddly Smooth Stone":143,"downfall:HeartBlessingGreen":29,"Pen Nib":106,"Guardian:PocketSentry":18,"WarpedTongs":29,"Calling Bell":0,"Nunchaku":99,"HornCleat":0,"Matryoshka":62,"Slimebound:StickyStick":0,"downfall:HeartBlessingBlue":62,"Philosopher\u0027s Stone":76,"Slimebound:AbsorbEndCombat":0,"Red Mask":50,"Unceasing Top":0,"bronze:MakeshiftBattery":38,"FossilizedHelix":69,"Pocketwatch":29}],"Unceasing Top":[17],"Pocketwatch":[24],"WarpedTongs":[129]},"card_choices":[{"not_picked":["Slimebound:Dissolve","Slimebound:SplitMire"],"picked":"Slimebound:SamplingLick","floor":2.0},{"not_picked":["Slimebound:HungryTackle","Slimebound:Replication"],"picked":"Slimebound:HauntingLick","floor":3.0},{"not_picked":["Slimebound:Prepare","Slimebound:RollThrough"],"picked":"Slimebound:SplitMire","floor":4.0},{"not_picked":["Slimebound:LeechEnergy","Slimebound:SamplingLick"],"picked":"Slimebound:GoopSpray","floor":9.0},{"not_picked":["Slimebound:SlimeBrawl","Slimebound:SlimeSpikes"],"picked":"Slimebound:SpikyOuterGoop","floor":10.0},{"not_picked":["Slimebound:RallyTheTroops","Slimebound:GoopSpray"],"picked":"Slimebound:DivideAndConquer","floor":12.0},{"not_picked":["Slimebound:SplitMire","Slimebound:PressTheAttack"],"picked":"Slimebound:Gluttony","floor":15.0},{"not_picked":["Slimebound:CheckThePlaybook","Slimebound:TagTeam"],"picked":"Slimebound:OozeBath","floor":16.0},{"not_picked":["Slimebound:ComboTackle","Slimebound:LeechingTouch+1"],"picked":"Slimebound:Schlurp","floor":19.0},{"not_picked":["Slimebound:SplitMire","Slimebound:ItLooksTasty"],"picked":"Slimebound:Prepare","floor":20.0},{"not_picked":["Slimebound:ItLooksTasty","Slimebound:Repurpose+1"],"picked":"Slimebound:MegaLick","floor":21.0},{"not_picked":["Slimebound:Prepare","Slimebound:DouseInSlime"],"picked":"Slimebound:Recollect+1","floor":22.0},{"not_picked":["Slimebound:Equalize","Slimebound:Replication"],"picked":"Slimebound:MegaLick","floor":26.0},{"not_picked":["Slimebound:Darklings","Slimebound:SlimeBrawl","Slimebound:GoopSpray"],"picked":"SKIP","floor":27.0},{"not_picked":["Slimebound:Prepare","Slimebound:RollThrough"],"picked":"Slimebound:LivingWall","floor":29.0},{"not_picked":["Slimebound:GoopTackle","Slimebound:SplitMire+1"],"picked":"Slimebound:Prepare","floor":30.0},{"not_picked":["Slimebound:SplitAcid","Slimebound:LeechingTouch"],"picked":"Slimebound:LeadByExample","floor":32.0},{"not_picked":["Slimebound:SlimeSlap","Slimebound:RallyTheTroops"],"picked":"Slimebound:MassFeed","floor":33.0},{"not_picked":["Slimebound:LeechEnergy","Slimebound:FinishingTackle+1","Slimebound:LeechingTouch+1"],"picked":"SKIP","floor":36.0},{"not_picked":["Slimebound:GoopSpray","Slimebound:LivingWall"],"picked":"Slimebound:ItLooksTasty","floor":37.0},{"not_picked":["Slimebound:RollThrough+1","Slimebound:SplitAcid"],"picked":"Slimebound:Schlurp","floor":38.0},{"not_picked":["Slimebound:SamplingLick+1","Slimebound:FormOfPuddle+1"],"picked":"Slimebound:DuplicatedForm","floor":39.0},{"not_picked":["Slimebound:LevelUp+1","Slimebound:ItLooksTasty+1"],"picked":"Slimebound:SpikyOuterGoop","floor":40.0},{"not_picked":["Slimebound:Chomp+1","Slimebound:SlimeBrawl","Slimebound:ForwardTackle"],"picked":"SKIP","floor":43.0},{"not_picked":["Slimebound:GoopSpray","Slimebound:LeechingTouch+1"],"picked":"Slimebound:LevelUp","floor":44.0},{"not_picked":["Slimebound:Grow+1","Slimebound:RollThrough","Slimebound:BestDefense"],"picked":"SKIP","floor":46.0},{"not_picked":["expansioncontent:GuardianWhirl","expansioncontent:Hexaburn"],"picked":"expansioncontent:InvincibleStrength","floor":47.0},{"not_picked":["Slimebound:SlimeBrawl","Slimebound:FlameTackle+1"],"picked":"Slimebound:Nibble+1","floor":48.0},{"not_picked":["Slimebound:DivideAndConquer","Slimebound:RollThrough"],"picked":"Slimebound:Repurpose","floor":49.0},{"not_picked":["Slimebound:SplitBruiser+1","Slimebound:ItLooksTasty","Slimebound:SplitMire"],"picked":"SKIP","floor":52.0}],"player_experience":153200,"relics_obtained":[{"floor":0.0,"key":"Slimebound:StickyStick"},{"floor":0.0,"key":"HornCleat"},{"floor":0.0,"key":"Unceasing Top"},{"floor":4.0,"key":"Guardian:PocketSentry"},{"floor":7.0,"key":"Potion Belt"},{"floor":12.0,"key":"Pocketwatch"},{"floor":21.0,"key":"Red Mask"},{"floor":27.0,"key":"Matryoshka"},{"floor":30.0,"key":"FossilizedHelix"},{"floor":41.0,"key":"Regal Pillow"},{"floor":41.0,"key":"Nunchaku"},{"floor":43.0,"key":"Pen Nib"},{"floor":46.0,"key":"Slimebound:AggressiveSlimeRelic"},{"floor":52.0,"key":"Oddly Smooth Stone"}],"event_choices":[{"damage_healed":0.0,"max_hp_gain":5.0,"max_hp_loss":0.0,"gold_gain":0.0,"event_name":"Big Fish","player_choice":"Donut","floor":8.0,"gold_loss":0.0,"damage_taken":0.0},{"damage_healed":0.0,"max_hp_gain":0.0,"max_hp_loss":0.0,"gold_gain":0.0,"event_name":"Accursed Blacksmith","player_choice":"Rummage","floor":14.0,"gold_loss":0.0,"damage_taken":0.0,"relics_obtained":["WarpedTongs"],"cards_obtained":["Pain"]},{"damage_healed":0.0,"max_hp_gain":0.0,"max_hp_loss":0.0,"gold_gain":0.0,"event_name":"Masked Bandits","player_choice":"Fought Bandits","floor":21.0,"gold_loss":0.0,"damage_taken":0.0}],"is_beta":false,"boss_relics":[{"not_picked":["Sozu","Fusion Hammer"],"picked":"bronze:MakeshiftBattery"},{"not_picked":["Velvet Choker","Coffee Dripper"],"picked":"Philosopher\u0027s Stone"}],"items_purged_floors":[44],"is_endless":false,"potions_floor_spawned":[2,9,10,15,16,22,29,30,32,36,39,48],"ascension_level":1}}