{"host":"8ps3pfk2b2drr3ex","time":1612043201,"event":{"mods":["2.2 Compatiblity","AchievementEnabler","Act Like it!","BaseMod","Bestiary","Better Match","BetterRewards","Colored Map","Colored Powertips","Conspire","Downfall","Evolution","GifTheSpireLib","Gold Saver","Hallownest","Hubris","Minty Spire (QoL Compilation)","Permanent Neow","Relic Filter","Replay The Spire","Shop Mod","StSLib","Stuff the Spire"],"gold_per_floor":[399,413,249,259,54,80,133,133,158,174,202,202,202,212,232,336,336,336,349,369,469,469,469,469],"floor_reached":22,"language":"ENG","playtime":2289,"items_purged":["sneckomod:Strike"],"score":252,"play_id":"f4c654de-ade6-414a-8f0a-c7a817ba32d7","local_time":"20210130164641","is_ascension_mode":true,"campfire_choices":[{"data":"sneckomod:SnekBite","floor":1,"key":"SMITH"},{"data":"sneckomod:Memorize","floor":8,"key":"SMITH"},{"floor":13,"key":"REST"},{"floor":18,"key":"REST"}],"circlet_count":0,"master_deck":["sneckomod:QuickBite","sneckomod:Defend","sneckomod:Defend","sneckomod:Defend","sneckomod:TailWhip","sneckomod:SnekBite+1","sneckomod:Unknown","sneckomod:Nope","sneckomod:UnknownBoss","sneckomod:TrashToTreasure","sneckomod:RainOfDice","sneckomod:IronFang","ReplayTheSpireMod:Splinters","sneckomod:DiceBlock","Pot Of Greed","Pot Of Greed","sneckomod:UnknownUncommonSkill","champ:ShieldWall","sneckomod:Unknown1Cost","sneckomod:CheapStock","sneckomod:CheapStock","sneckomod:UnknownCommonAttack","sneckomod:Transmogrify","sneckomod:UnknownClassTHE_CHAMP_GRAY","Pot Of Greed","sneckomod:UnknownClassBLESSING+1"],"relics":["sneckomod:SneckoSoul","EVO:Axolotl","Membership Card","Incense Burner","Blue Doll","Grinning Jar","Black Star"],"acts_visited":["Exordium","TheCity"],"potions_floor_usage":[11,16,19,20,22],"damage_taken":[{"damage":0,"enemies":"Small Slimes","floor":2,"turns":3},{"damage":5,"enemies":"downfall:FleeingMerchant","floor":3,"turns":4},{"damage":6,"enemies":"conspire:RoseBush","floor":4,"turns":3},{"damage":35,"enemies":"downfall:FleeingMerchant","floor":5,"turns":4},{"damage":22,"enemies":"Gremlin Nob","floor":9,"turns":4},{"damage":17,"enemies":"Jaw Worm","floor":10,"turns":8},{"damage":20,"enemies":"Lagavulin","floor":11,"turns":8},{"damage":3,"enemies":"2 Fungi Beasts","floor":14,"turns":3},{"damage":0,"enemies":"3 Louse","floor":15,"turns":4},{"damage":23,"enemies":"DF_ARCHETYPE_STREAMLINE","floor":16,"turns":12},{"damage":37,"enemies":"Shell Parasite","floor":19,"turns":9},{"damage":51,"enemies":"Chosen","floor":20,"turns":7},{"damage":4,"enemies":"downfall:FleeingMerchant","floor":22,"turns":2}],"seed_played":"6651336835810015127","potions_obtained":[{"floor":4,"key":"ColorlessPotion"},{"floor":11,"key":"champ:CounterPotion"},{"floor":15,"key":"Elixir"},{"floor":16,"key":"hexamod:SoulburnPotion"},{"floor":20,"key":"Elixir"}],"is_trial":false,"path_per_floor":["R","M","$","M","$","?","T","R","E","M","E","?","R","M","M","B",null,"R","M","M","?","$"],"character_chosen":"THE_SNECKO","items_purchased":["sneckomod:TrashToTreasure","Membership Card","sneckomod:Memorize"],"campfire_rested":2,"item_purchase_floors":[3,5,5],"current_hp_per_floor":[81,81,76,70,55,55,55,55,33,16,20,20,47,44,44,21,73,90,53,2,2,0,0,0],"gold":469,"neow_bonus":"REMOVE_CARD","is_daily":false,"chose_seed":false,"campfire_upgraded":2,"win_rate":0.0,"timestamp":1612043201,"path_taken":["R","M","$","M","$","?","T","R","E","M","E","?","R","M","M","BOSS","R","M","M","?","$"],"items_purchased_type":["Card","Relic","Card"],"build_version":"2020-12-22","purchased_purges":1,"victory":false,"max_hp_per_floor":[90,90,90,90,90,90,90,90,90,90,90,90,90,90,90,90,90,90,90,90,90,90,90,90],"card_choices":[{"not_picked":["sneckomod:SoulDraw","sneckomod:MixItUp"],"picked":"sneckomod:Nope","floor":2},{"not_picked":["sneckomod:DiceBlock","sneckomod:DiceCrush"],"picked":"sneckomod:UnknownBoss","floor":3},{"not_picked":["sneckomod:SlitherStrike","sneckomod:UnendingSupply"],"picked":"sneckomod:RainOfDice","floor":4},{"not_picked":["sneckomod:GlitteringGambit","sneckomod:Nope"],"picked":"sneckomod:IronFang","floor":5},{"not_picked":["sneckomod:Rotation","sneckomod:UnknownUncommonSkill"],"picked":"sneckomod:DiceBlock","floor":6},{"not_picked":["sneckomod:MasterEye","sneckomod:UnknownBlock"],"picked":"sneckomod:UnknownUncommonSkill","floor":9},{"not_picked":["sneckomod:QuickMove","sneckomod:RainOfDice"],"picked":"sneckomod:Unknown1Cost","floor":10},{"not_picked":["sneckomod:Rotation","sneckomod:UnknownRareAttack"],"picked":"sneckomod:CheapStock","floor":11},{"not_picked":["sneckomod:Rotation","sneckomod:UnknownCommonSkill"],"picked":"sneckomod:CheapStock","floor":14},{"not_picked":["sneckomod:Nope","sneckomod:DiceBoulder"],"picked":"sneckomod:UnknownCommonAttack","floor":15},{"not_picked":["sneckomod:DangerNoodle","sneckomod:UnlimitedRolls"],"picked":"sneckomod:Transmogrify","floor":16},{"not_picked":["sneckomod:UnknownX","sneckomod:UnknownVulnerable"],"picked":"sneckomod:UnknownClassTHE_CHAMP_GRAY","floor":19},{"not_picked":["sneckomod:DiceCrush+1","sneckomod:UnknownStrength+1"],"picked":"sneckomod:UnknownClassBLESSING+1","floor":20}],"player_experience":922490,"relics_obtained":[{"floor":6,"key":"Incense Burner"},{"floor":7,"key":"Blue Doll"},{"floor":9,"key":"Grinning Jar"},{"floor":11,"key":"Smiling Mask"},{"floor":19,"key":"Black Star"},{"floor":20,"key":"Smiling Mask"}],"event_choices":[{"damage_healed":0,"gold_gain":0,"player_choice":"Disagree","damage_taken":0,"max_hp_gain":0,"max_hp_loss":0,"event_name":"conspire:LoneGhost","floor":12,"gold_loss":0}],"is_beta":false,"boss_relics":[{"not_picked":["Busted Crown","hubris:RunicObelisk"],"picked":"Black Star"}],"items_purged_floors":[3],"is_endless":false,"potions_floor_spawned":[4,11,15,16,20],"killed_by":"downfall:FleeingMerchant","ascension_level":6}}