{"host":"4cz9gr89nglr7k8k","time":1612041341,"event":{"mods":["BaseMod","Minty Spire (QoL Compilation)","Relic Stats","Slay-I"],"gold_per_floor":[119,135,199,199,94,94,128,138,138,138,138,213,213,233,233,309,309,320,55,50,50,60,60,60,60,111,111,26,37,37,53,53,53,53],"floor_reached":33,"language":"DEU","playtime":847,"items_purged":["Normality"],"score":486,"play_id":"289c0a1f-7f47-4566-9a05-cfa0eecb2083","local_time":"20210130221541","is_ascension_mode":true,"campfire_choices":[{"data":"Flex","floor":6,"key":"SMITH"},{"floor":10,"key":"REST"},{"data":"Bash","floor":13,"key":"SMITH"},{"floor":15,"key":"REST"},{"floor":23,"key":"REST"},{"floor":24,"key":"REST"},{"floor":30,"key":"REST"},{"floor":32,"key":"REST"}],"circlet_count":0,"master_deck":["AscendersBane","Strike_R","Strike_R","Strike_R","Strike_R","Strike_R","Defend_R","Defend_R","Defend_R","Defend_R","Bash+1","Carnage+1","Flex+1","Thunderclap","Clothesline","Intimidate","Shockwave","Impervious","Sword Boomerang","Flex","Reaper","Pummel","Cleave+1","Clash+1","Carnage+1","Spot Weakness","Clash","Cleave"],"relics":["Black Blood","WingedGreaves","Sundial","Pear","Thread and Needle","Tiny Chest"],"acts_visited":["Exordium","TheCity"],"potions_floor_usage":[16,16,22,29,29,31],"damage_taken":[{"damage":10,"enemies":"Small Slimes","floor":1,"turns":3},{"damage":0,"enemies":"2 Louse","floor":2,"turns":2},{"damage":35,"enemies":"Lagavulin","floor":7,"turns":5},{"damage":0,"enemies":"Jaw Worm","floor":8,"turns":1},{"damage":15,"enemies":"Gremlin Gang","floor":14,"turns":4},{"damage":71,"enemies":"The Guardian","floor":16,"turns":9},{"damage":38,"enemies":"Spheric Guardian","floor":18,"turns":5},{"damage":33,"enemies":"2 Thieves","floor":20,"turns":4},{"damage":27,"enemies":"Chosen and Byrds","floor":22,"turns":7},{"damage":72,"enemies":"Shelled Parasite and Fungi","floor":29,"turns":6},{"damage":34,"enemies":"Centurion and Healer","floor":31,"turns":5},{"damage":65,"enemies":"Collector","floor":33,"turns":6}],"seed_played":"1619583304179818402","potions_obtained":[{"floor":1,"key":"Swift Potion"},{"floor":14,"key":"ColorlessPotion"},{"floor":21,"key":"EssenceOfSteel"},{"floor":21,"key":"SkillPotion"},{"floor":22,"key":"Weak Potion"},{"floor":29,"key":"GamblersBrew"}],"is_trial":false,"path_per_floor":["M","M","?","?","$","R","E","M","T","R","?","?","R","M","R","B",null,"M","$","M","?","M","R","R","T","T","?","$","M","R","M","R","B"],"character_chosen":"IRONCLAD","items_purchased":["Thunderclap","Flex","Reaper","Pummel","Spot Weakness"],"campfire_rested":6,"item_purchase_floors":[5,19,19,19,28],"current_hp_per_floor":[64,70,70,70,70,70,41,47,57,82,87,76,76,67,90,25,74,48,48,35,35,20,47,74,74,74,74,74,14,41,19,46,0,0],"gold":53,"neow_bonus":"ONE_RARE_RELIC","is_daily":false,"chose_seed":false,"campfire_upgraded":2,"win_rate":0.0,"timestamp":1612041341,"path_taken":["M","M","?","?","$","R","E","M","T","R","?","?","R","M","R","BOSS","M","$","M","?","?","R","R","?","T","?","$","M","R","M","R","BOSS"],"items_purchased_type":["Card","Card","Card","Card","Card"],"build_version":"2020-12-22","purchased_purges":1,"victory":false,"max_hp_per_floor":[75,75,75,75,75,75,75,75,85,85,90,90,90,90,90,90,90,90,90,90,90,90,90,90,90,90,90,90,90,90,90,90,90,90],"relic_stats":{"counters":[12,57],"Sundial":[6],"Black Blood":96,"Tiny Chest":0,"obtain_stats":[{"Pear":9,"Sundial":7,"Black Blood":17,"Thread and Needle":25,"Tiny Chest":26,"WingedGreaves":0,"Burning Blood":0},{"Pear":4,"Sundial":3,"Black Blood":6,"Thread and Needle":9,"Tiny Chest":9,"WingedGreaves":0,"Burning Blood":0},{"Pear":11,"Sundial":10,"Black Blood":24,"Thread and Needle":40,"Tiny Chest":40,"WingedGreaves":0,"Burning Blood":0}]},"card_choices":[{"not_picked":["Thunderclap","Twin Strike"],"picked":"Carnage","floor":1},{"not_picked":["Pommel Strike","Infernal Blade"],"picked":"Flex","floor":2},{"not_picked":["Thunderclap","Heavy Blade"],"picked":"Clothesline","floor":7},{"not_picked":["Perfected Strike","Blood for Blood"],"picked":"Intimidate","floor":8},{"not_picked":["Wild Strike","Armaments"],"picked":"Shockwave","floor":14},{"not_picked":["Offering","Berserk"],"picked":"Impervious","floor":16},{"not_picked":["Seeing Red","Ghostly Armor"],"picked":"Sword Boomerang","floor":18},{"not_picked":["Anger","Carnage"],"picked":"Cleave+1","floor":20},{"not_picked":["Searing Blow","Twin Strike+1"],"picked":"Clash+1","floor":22},{"not_picked":["Pommel Strike+1","Rupture"],"picked":"Clash","floor":29},{"not_picked":["Armaments","Headbutt"],"picked":"Cleave","floor":31}],"player_experience":1529803,"relics_obtained":[{"floor":7,"key":"Sundial"},{"floor":9,"key":"Pear"},{"floor":25,"key":"Thread and Needle"},{"floor":26,"key":"Tiny Chest"}],"event_choices":[{"damage_healed":0,"gold_gain":64,"player_choice":"Gained Gold","damage_taken":0,"max_hp_gain":0,"max_hp_loss":0,"event_name":"Golden Wing","floor":3,"gold_loss":0},{"damage_healed":0,"gold_gain":0,"player_choice":"Grow","damage_taken":0,"max_hp_gain":0,"max_hp_loss":0,"event_name":"Living Wall","floor":4,"gold_loss":0,"cards_upgraded":["Carnage"]},{"damage_healed":0,"gold_gain":0,"player_choice":"Donut","damage_taken":0,"max_hp_gain":5,"max_hp_loss":0,"event_name":"Big Fish","floor":11,"gold_loss":0},{"damage_healed":0,"gold_gain":75,"player_choice":"Gather Gold","damage_taken":11,"max_hp_gain":0,"max_hp_loss":0,"event_name":"World of Goop","floor":12,"gold_loss":0},{"damage_healed":0,"gold_gain":0,"player_choice":"Got Potions","damage_taken":0,"max_hp_gain":0,"max_hp_loss":0,"event_name":"Lab","floor":21,"gold_loss":0},{"damage_healed":0,"gold_gain":0,"player_choice":"Copied","damage_taken":0,"max_hp_gain":0,"max_hp_loss":0,"event_name":"Duplicator","floor":27,"gold_loss":0,"cards_obtained":["Carnage"]}],"is_beta":false,"boss_relics":[{"not_picked":["Tiny House","Runic Dome"],"picked":"Black Blood"}],"items_purged_floors":[5],"is_endless":false,"potions_floor_spawned":[1,14,22,29],"killed_by":"Collector","ascension_level":20}}