{"host":"roto7j7840a50pxh","time":1612010748,"event":{"mods":["Act Like it!","BaseMod","Better Altar","Better Note","Better Sensory Stone","Better Skull","Better Third Choice","BetterRewards","Colored Map","Colored Powertips","Downfall","Hermit","Highlight Path","Hubris","Infinite Spire","Minty Spire (QoL Compilation)","Replay The Spire","Robot Space Explorer","Shade Mod","Spicy Shops","StSLib","The Construct","The Cursed","The Dragon Tamer","The Hierophant","The Necromancer","The Runesmith","The Servant 0.9.4","TheVacant"],"gold_per_floor":[99,117,134,150,23,43,118,136,136,147,147,38,38,338,355,450,450,450,467,467,64,64,96,143,159,159,159,169,182,182,200,218,118,118,118],"floor_reached":33,"language":"ENG","playtime":3337,"items_purged":["downfall:Icky","downfall:Icky"],"score":286,"play_id":"d6045340-5f68-4d8c-aa5f-58d45a4ae1c5","local_time":"20210130074548","is_ascension_mode":false,"campfire_choices":[{"data":"champ:Taunt","floor":1.0,"key":"SMITH"},{"data":"champ:IronFortress","floor":9,"key":"SMITH"},{"data":"champ:FocusedBerserking","floor":11,"key":"SMITH"},{"data":"champ:ArenaPreparation","floor":13,"key":"SMITH"},{"data":"champ:BringItOn","floor":18,"key":"SMITH"},{"floor":26,"key":"REST"}],"circlet_count":0,"master_deck":["champ:Strike","champ:Strike","champ:Strike","champ:Strike","champ:Defend","champ:Defend","champ:Defend","champ:Defend","champ:Execute","champ:Taunt+1","champ:DefensiveShout","champ:TornadoPunch","champ:CheapShot","champ:FlashCut","champ:CrookedStrike","champ:IronFortress+1","champ:BerserkersShout","champ:DefensiveShout","champ:FocusedBerserking+1","champ:ArenaPreparation+1","champ:Shatter","champ:Shatter","champ:BringItOn+1","champ:ShieldWall","champ:VampiricStrike","champ:AdrenalArmor","champ:ShieldWall","champ:FocusedDefense","champ:EnGarde","Chrysalis","champ:StanceDance","champ:BerserkersShout+1","champ:CheapShot","champ:PreciseThrust+1","champ:VampiricStrike","infinitespire:TheBestDefense","champ:FocusedBerserking","champ:FocusedDefense"],"relics":["champ:ChampionCrown","infinitespire:CheckeredPen","Cursed Key","ReplayFunnel","Ancient Tea Set"],"acts_visited":["Exordium","TheCity"],"potions_floor_usage":[12,16,16,16,19,31,33],"damage_taken":[{"damage":31.0,"enemies":"Jaw Worm","floor":2.0,"turns":4.0},{"damage":10.0,"enemies":"2 Louse","floor":3.0,"turns":2.0},{"damage":0,"enemies":"Small Slimes","floor":4,"turns":2},{"damage":25,"enemies":"downfall:FleeingMerchant","floor":5,"turns":5},{"damage":10,"enemies":"2 Fungi Beasts","floor":6,"turns":3},{"damage":10,"enemies":"Blue Slaver","floor":8,"turns":3},{"damage":18,"enemies":"3 Louse","floor":10,"turns":2},{"damage":20,"enemies":"downfall:FleeingMerchant","floor":12,"turns":5},{"damage":0,"enemies":"Lots of Slimes","floor":15,"turns":2},{"damage":47,"enemies":"WA_ARCHETYPE_RETAIN","floor":16,"turns":8},{"damage":0,"enemies":"Chosen","floor":19,"turns":4},{"damage":40,"enemies":"downfall:FleeingMerchant","floor":21,"turns":5},{"damage":62,"enemies":"Gremlin Leader","floor":23,"turns":9},{"damage":35,"enemies":"3 Byrds","floor":25,"turns":3},{"damage":10,"enemies":"Cultist and Chosen","floor":28,"turns":4},{"damage":33,"enemies":"3 Cultists","floor":29,"turns":5},{"damage":20,"enemies":"Centurion and Healer","floor":31,"turns":7},{"damage":10,"enemies":"Cultist and Chosen","floor":32,"turns":5},{"damage":60,"enemies":"DF_ARCHETYPE_CLAW","floor":33,"turns":4}],"seed_played":"6182712995534486785","potions_obtained":[{"floor":0.0,"key":"EntropicBrew"},{"floor":0.0,"key":"PowerPotion"},{"floor":0.0,"key":"Toxic Potion"},{"floor":6,"key":"Milkshake"},{"floor":15,"key":"SneckoOil"},{"floor":16,"key":"DuplicationPotion"},{"floor":19,"key":"Energy Potion"},{"floor":20,"key":"DuplicationPotion"}],"is_trial":false,"path_per_floor":["R","M","M","M","$","M","T","M","R","M","R","$","R","?","M","B",null,"R","M","?","$","?","E","T","M","R","?","M","M","AVR","M","M","B"],"character_chosen":"THE_CHAMP","items_purchased":["champ:CrookedStrike","champ:IronFortress","champ:Shatter","champ:BringItOn","champ:FocusedDefense","champ:EnGarde","Chrysalis"],"campfire_rested":1,"item_purchase_floors":[5,5,12,12,21,21,21],"current_hp_per_floor":[90,79,79,79,74,74,74,69,69,61,61,56,56,56,56,9,90,90,90,90,80,75,63,63,53,80,80,80,57,57,57,57,0,0,0],"gold":118,"neow_bonus":"THREE_SMALL_POTIONS","is_daily":false,"chose_seed":false,"campfire_upgraded":5,"win_rate":0.0,"timestamp":1612010748,"path_taken":["R","M","M","M","$","M","T","M","R","M","R","$","R","?","M","BOSS","R","M","?","$","?","E","T","M","R","?","M","M","AVR","M","M","BOSS"],"items_purchased_type":["Card","Card","Card","Card","Card","Card","Card"],"build_version":"2020-12-22","purchased_purges":2,"victory":false,"max_hp_per_floor":[90,90,90,90,90,90,90,90,90,90,90,90,90,90,90,90,90,90,90,90,90,90,90,90,90,90,90,90,90,90,90,90,90,90,90],"card_choices":[{"not_picked":["champ:HeartStrike","champ:Haymaker"],"picked":"champ:DefensiveShout","floor":2.0},{"not_picked":["champ:Haymaker","champ:BerserkersShout"],"picked":"champ:TornadoPunch","floor":3.0},{"not_picked":["champ:CalledShot","champ:PreciseThrust"],"picked":"champ:CheapShot","floor":4},{"not_picked":["champ:EnGarde","champ:EnragedBash"],"picked":"champ:FlashCut","floor":5},{"not_picked":["champ:BladeFlurry","champ:GladiatorStyle"],"picked":"champ:BerserkersShout","floor":6},{"not_picked":["champ:FlashCut","champ:BerserkerStyle"],"picked":"champ:DefensiveShout","floor":8},{"not_picked":["champ:BringItOn","champ:StanceDance"],"picked":"champ:FocusedBerserking","floor":10},{"not_picked":["champ:Improvising","champ:SetATrap"],"picked":"champ:ArenaPreparation","floor":12},{"not_picked":["champ:Circumvent","champ:DefensiveShout"],"picked":"champ:ShieldWall","floor":15},{"not_picked":["champ:ShieldThrow","champ:UltimateStance"],"picked":"champ:VampiricStrike","floor":16},{"not_picked":["champ:ArenaPreparation","champ:BerserkersShout"],"picked":"champ:AdrenalArmor","floor":19},{"not_picked":["champ:FlashCut+1","champ:Backstep"],"picked":"champ:ShieldWall","floor":21},{"not_picked":["champ:BerserkersShout","champ:CrownThrow"],"picked":"champ:StanceDance","floor":23},{"not_picked":["champ:Haymaker","champ:Endure"],"picked":"champ:BerserkersShout+1","floor":25},{"not_picked":["champ:CrownThrow","champ:Shatter+1"],"picked":"champ:PreciseThrust+1","floor":28},{"not_picked":["champ:EnGarde","champ:BringItOn"],"picked":"champ:VampiricStrike","floor":29},{"not_picked":["champ:HeartStrike+1","champ:BerserkerStyle"],"picked":"champ:FocusedBerserking","floor":31},{"not_picked":["champ:SkillfulDodge","champ:GladiatorStyle"],"picked":"champ:FocusedDefense","floor":32}],"player_experience":1747756,"relics_obtained":[{"floor":7,"key":"infinitespire:CheckeredPen"},{"floor":24,"key":"ReplayFunnel"}],"event_choices":[{"damage_healed":0,"gold_gain":0,"player_choice":"Got Potions","damage_taken":0,"max_hp_gain":0,"max_hp_loss":0,"event_name":"Lab","floor":20,"gold_loss":0}],"is_beta":false,"boss_relics":[{"not_picked":["bronze:MakeshiftBattery","Runesmith:UraniumAnvil"],"picked":"Cursed Key"}],"items_purged_floors":[21,30],"is_endless":false,"potions_floor_spawned":[3,6,8,15,16,19,23,28,29],"killed_by":"DF_ARCHETYPE_CLAW","ascension_level":0}}