{"host":"ldm8igedgyu3v8e6","time":1612037958,"event":{"mods":["BaseMod","Downfall","Minty Spire (QoL Compilation)","StSLib"],"gold_per_floor":[113,113,124,144,144,144,174,185,212,232,252,252,252,267,267,365,365,381,398,408,408,102,102,120,120,120,120,120,120,120],"floor_reached":28,"language":"ENG","playtime":1650,"items_purged":[],"score":222,"play_id":"074f6366-6844-4878-9549-4cfed43a368c","local_time":"20210130151918","is_ascension_mode":false,"campfire_choices":[{"data":"Guardian:PiercingHide","floor":6.0,"key":"SMITH"},{"floor":15.0,"key":"REST"},{"floor":23.0,"key":"REST"},{"floor":25.0,"key":"DIG"}],"circlet_count":1,"master_deck":["Guardian:Strike_Guardian","Guardian:Strike_Guardian","Guardian:Strike_Guardian","Guardian:Strike_Guardian","Guardian:Defend_Guardian","Guardian:Defend_Guardian","Guardian:Defend_Guardian","Guardian:CurlUp","Guardian:TwinSlam","Guardian:PiercingHide+1","Guardian:Gem_Crimson","Guardian:Suspension","Guardian:Gem_Red","Guardian:Harden","Guardian:BronzeArmor","Guardian:Gem_Orange"],"relics":["Guardian:ModeShifter","Lantern","Sozu","Nloth\u0027s Gift","Shovel","Circlet"],"acts_visited":[],"potions_floor_usage":[],"damage_taken":[{"damage":3.0,"enemies":"Jaw Worm","floor":1.0,"turns":5.0},{"damage":2.0,"enemies":"Cultist","floor":3.0,"turns":4.0},{"damage":1.0,"enemies":"2 Louse","floor":4.0,"turns":3.0},{"damage":14.0,"enemies":"Gremlin Nob","floor":7.0,"turns":5.0},{"damage":0.0,"enemies":"Large Slime","floor":8.0,"turns":6.0},{"damage":5.0,"enemies":"Lots of Slimes","floor":10.0,"turns":3.0},{"damage":6.0,"enemies":"Exordium Thugs","floor":11.0,"turns":5.0},{"damage":0.0,"enemies":"3 Louse","floor":14.0,"turns":5.0},{"damage":21.0,"enemies":"The Guardian","floor":16.0,"turns":13.0},{"damage":6.0,"enemies":"Spheric Guardian","floor":18.0,"turns":6.0},{"damage":16.0,"enemies":"3 Byrds","floor":19.0,"turns":3.0},{"damage":15.0,"enemies":"Snake Plant","floor":20.0,"turns":5.0},{"damage":7.0,"enemies":"Snecko","floor":24.0,"turns":7.0},{"damage":0,"enemies":"Slavers","floor":28,"turns":1}],"seed_played":"8284266464733064423","potions_obtained":[{"floor":1.0,"key":"Block Potion"},{"floor":7.0,"key":"Weak Potion"},{"floor":8.0,"key":"Explosive Potion"},{"floor":11.0,"key":"Fire Potion"}],"is_trial":false,"path_per_floor":["M","?","M","M","$","R","E","M","T","M","M","?","?","M","R","B",null,"M","M","M","?","$","R","M","R","T","$","E"],"character_chosen":"GUARDIAN","items_purchased":["Shovel"],"campfire_rested":2,"item_purchase_floors":[22],"current_hp_per_floor":[85,85,83,82,82,82,68,68,68,63,57,62,62,62,89,68,93,87,71,56,56,56,83,76,76,76,76,76,76,76],"gold":120,"neow_bonus":"TEN_PERCENT_HP_BONUS","is_daily":false,"chose_seed":false,"campfire_upgraded":1,"win_rate":0.0,"timestamp":1612037958,"path_taken":["M","?","M","M","$","R","E","M","T","M","?","?","?","M","R","BOSS","M","?","M","?","$","R","M","R","T","?","E"],"items_purchased_type":["Relic"],"build_version":"2020-12-22","purchased_purges":0,"victory":false,"max_hp_per_floor":[88,88,88,88,88,88,88,88,88,88,88,93,93,93,93,93,93,93,93,93,93,93,93,93,93,93,93,93,93,93],"card_choices":[{"not_picked":["Guardian:ShieldSpikes","Guardian:SentryBeam","Guardian:PolyBeam"],"picked":"SKIP","floor":1.0},{"not_picked":["Guardian:Preprogram","Guardian:ChargeCore","Guardian:SentryBeam"],"picked":"SKIP","floor":3.0},{"not_picked":["Guardian:Gem_White","Guardian:ArmoredProtocol"],"picked":"Guardian:PiercingHide","floor":4.0},{"not_picked":["Guardian:Planning","Guardian:TimeBomb"],"picked":"Guardian:Gem_Crimson","floor":7.0},{"not_picked":["Guardian:FloatingOrbs","Guardian:SentryBeam","Guardian:WalkerClaw"],"picked":"SKIP","floor":8.0},{"not_picked":["Guardian:Planning","Guardian:HyperBeam_Guardian"],"picked":"Guardian:Suspension","floor":10.0},{"not_picked":["Guardian:FloatingOrbs","Guardian:Gem_White"],"picked":"Guardian:Gem_Red","floor":11.0},{"not_picked":["Guardian:CrystalBeam","Guardian:PolyBeam","Guardian:Suspension"],"picked":"SKIP","floor":14.0},{"not_picked":["Guardian:Gem_White","Guardian:Planning"],"picked":"Guardian:BronzeArmor","floor":18.0},{"not_picked":["Guardian:PrimingBeam","Guardian:PrismaticBarrier","Guardian:ShieldSpikes"],"picked":"SKIP","floor":19.0},{"not_picked":["Guardian:Planning","Guardian:Harden","Guardian:VentSteam"],"picked":"SKIP","floor":20.0},{"not_picked":["Guardian:Repulse+1","Guardian:Recover"],"picked":"Guardian:Gem_Orange","floor":24.0}],"player_experience":361230,"relics_obtained":[{"floor":7.0,"key":"hubris:TenFootPole"},{"floor":9.0,"key":"Lantern"},{"floor":25.0,"key":"hubris:GlazedTorus"},{"floor":26.0,"key":"hubris:AstralHammer"}],"event_choices":[{"damage_healed":0.0,"max_hp_gain":5.0,"max_hp_loss":0.0,"gold_gain":0.0,"event_name":"Big Fish","player_choice":"Donut","floor":12.0,"gold_loss":0.0,"damage_taken":0.0},{"damage_healed":0.0,"max_hp_gain":0.0,"max_hp_loss":0.0,"gold_gain":0.0,"event_name":"N\u0027loth","player_choice":"Traded Relic","floor":21.0,"relics_lost":["hubris:TenFootPole"],"gold_loss":0.0,"damage_taken":0.0,"relics_obtained":["Nloth\u0027s Gift"]}],"is_beta":false,"boss_relics":[{"not_picked":["Runic Pyramid","Empty Cage"],"picked":"Sozu"}],"items_purged_floors":[],"is_endless":false,"potions_floor_spawned":[1,7,8,11,18,20,24],"killed_by":"Slavers","ascension_level":0}}