{"host":"sc0o2qwpf9j16a4i","time":1612004344,"event":{"mods":["AchievementEnabler","BaseMod","BetterRewards","Block Reminder","Colored Map","Colored Powertips","Custom Start","Highlight Path","Minty Spire (QoL Compilation)","Relic Stats"],"gold_per_floor":[112,112,130,130,9,34,53,82,109,38,96,128,140,173,173,278,278,321,321,345,410,41,41,84,18,18,61,130,186,250,266,266,371,371,420,498,554,18,69,103,103,175,201,219,234,234,257,257,269,281],"floor_reached":51,"language":"ENG","playtime":2183,"items_purged":[],"score":1213,"play_id":"cf38870e-4171-4f68-aa04-57eb07e9188f","local_time":"20210130125904","daily_mods":["SealedDeck","ControlledChaos","DeadlyEvents"],"is_ascension_mode":false,"campfire_choices":[{"data":"TalkToTheHand","floor":15,"key":"SMITH"},{"data":"Wish","floor":23,"key":"SMITH"},{"data":"MentalFortress","floor":32,"key":"SMITH"},{"data":"Wallop","floor":41,"key":"SMITH"},{"floor":46,"key":"REST"},{"data":"WaveOfTheHand","floor":49,"key":"SMITH"}],"circlet_count":0,"master_deck":["DeceiveReality","Halt+1","Vengeance","Crescendo+1","DeceiveReality","Crescendo","FlurryOfBlows","FlurryOfBlows","InnerPeace","MentalFortress+1","EmptyFist","Halt","MentalFortress","Conclude","TalkToTheHand+1","FollowUp","CutThroughFate","Adaptation","Protect","FearNoEvil","Wallop+1","Wish+1","WaveOfTheHand+1","Apotheosis","Sanctity","DevaForm+1","WheelKick+1","ReachHeaven+1","Fasting2+1","Establishment+1","Devotion+1","WheelKick+1","MentalFortress+1","Parasite","FearNoEvil+1","Ragnarok+1","WindmillStrike+1"],"relics":["PureWater","Frozen Eye","White Beast Statue","Mercury Hourglass","Vajra","War Paint","Happy Flower","Lantern","Frozen Egg 2","Snecko Eye","Molten Egg 2","CeramicFish","Toy Ornithopter","Anchor","Sundial","Torii","Pen Nib","Centennial Puzzle","SlaversCollar","Turnip","Singing Bowl","Kunai","Bag of Marbles","Oddly Smooth Stone","Orichalcum","MawBank"],"acts_visited":["Exordium","TheCity","TheBeyond"],"potions_floor_usage":[8,12,16,21,27,28,30,30,33,33,36,39,39,50,50],"damage_taken":[{"damage":0,"enemies":"Small Slimes","floor":1,"turns":2},{"damage":0,"enemies":"Jaw Worm","floor":3,"turns":2},{"damage":0,"enemies":"Gremlin Nob","floor":6,"turns":3},{"damage":0,"enemies":"Cultist","floor":7,"turns":3},{"damage":0,"enemies":"Lagavulin","floor":8,"turns":4},{"damage":0,"enemies":"3 Sentries","floor":12,"turns":3},{"damage":0,"enemies":"2 Fungi Beasts","floor":13,"turns":3},{"damage":0,"enemies":"Lagavulin","floor":14,"turns":4},{"damage":0,"enemies":"Hexaghost","floor":16,"turns":4},{"damage":6,"enemies":"Chosen","floor":18,"turns":4},{"damage":0,"enemies":"Gremlin Leader","floor":21,"turns":4},{"damage":0,"enemies":"Book of Stabbing","floor":24,"turns":6},{"damage":0,"enemies":"3 Byrds","floor":27,"turns":3},{"damage":23,"enemies":"Slavers","floor":28,"turns":3},{"damage":0,"enemies":"Cultist and Chosen","floor":29,"turns":5},{"damage":0,"enemies":"Book of Stabbing","floor":30,"turns":4},{"damage":1,"enemies":"Snecko","floor":31,"turns":3},{"damage":47,"enemies":"Collector","floor":33,"turns":8},{"damage":0,"enemies":"Orb Walker","floor":35,"turns":3},{"damage":14,"enemies":"2 Orb Walkers","floor":36,"turns":2},{"damage":9,"enemies":"3 Darklings","floor":37,"turns":4},{"damage":0,"enemies":"Writhing Mass","floor":39,"turns":4},{"damage":6,"enemies":"Nemesis","floor":40,"turns":3},{"damage":0,"enemies":"Giant Head","floor":42,"turns":5},{"damage":11,"enemies":"Transient","floor":44,"turns":5},{"damage":0,"enemies":"Maw","floor":45,"turns":5},{"damage":0,"enemies":"4 Shapes","floor":47,"turns":5},{"damage":1,"enemies":"Donu and Deca","floor":50,"turns":5}],"seed_played":"-3566995579235532218","potions_obtained":[{"floor":1,"key":"SpeedPotion"},{"floor":3,"key":"SmokeBomb"},{"floor":6,"key":"Block Potion"},{"floor":7,"key":"PowerPotion"},{"floor":8,"key":"Energy Potion"},{"floor":12,"key":"EssenceOfSteel"},{"floor":13,"key":"DistilledChaos"},{"floor":16,"key":"Block Potion"},{"floor":21,"key":"Explosive Potion"},{"floor":27,"key":"Ancient Potion"},{"floor":28,"key":"EntropicBrew"},{"floor":30,"key":"DuplicationPotion"},{"floor":33,"key":"Dexterity Potion"},{"floor":35,"key":"PowerPotion"},{"floor":36,"key":"FearPotion"},{"floor":37,"key":"DistilledChaos"},{"floor":39,"key":"DuplicationPotion"},{"floor":40,"key":"Dexterity Potion"}],"is_trial":true,"path_per_floor":["M","?","M","T","$","E","M","E","T","$","?","E","M","E","R","B",null,"M","?","T","E","$","R","E","$","T","M","E","M","E","M","R","B",null,"M","?","M","$","M","E","R","E","T","M","M","R","M","T","R","B",null],"character_chosen":"WATCHER","items_purchased":["MentalFortress","Conclude","Adaptation","Apotheosis","Anchor","Sanctity","WheelKick+1","Singing Bowl","Kunai","PowerPotion"],"campfire_rested":1,"item_purchase_floors":[5,5,10,22,22,22,25,38,38,38],"current_hp_per_floor":[72,72,72,72,72,72,72,72,72,72,72,72,72,72,72,72,72,66,66,66,66,66,66,66,66,66,71,49,49,59,58,58,21,72,72,58,49,49,61,55,55,55,55,46,48,71,71,71,71,77],"gold":293,"neow_bonus":"","is_daily":false,"chose_seed":false,"campfire_upgraded":5,"win_rate":0.0,"timestamp":1612004344,"path_taken":["M","?","?","?","?","E","M","?","T","$","?","E","?","?","R","BOSS","M","?","?","?","$","R","E","?","T","M","E","M","?","?","R","BOSS","M","?","M","$","?","E","R","E","T","?","M","R","M","?","R","BOSS"],"items_purchased_type":["Card","Card","Card","Card","Relic","Card","Card","Relic","Relic","Potion"],"build_version":"2020-12-22","purchased_purges":0,"victory":true,"max_hp_per_floor":[72,72,72,72,72,72,72,72,72,72,72,72,72,72,72,72,72,72,72,72,72,72,72,72,72,72,72,72,72,72,72,72,72,72,72,72,72,72,74,74,74,74,74,76,78,78,78,78,78,78],"relic_stats":{"Happy Flower":[31],"Torii":7,"Singing Bowl":6,"counters":[28,109],"CeramicFish":135,"Pen Nib":[13],"War Paint":["Crescendo","Halt"],"Orichalcum":[6],"MawBank":36,"Mercury Hourglass":[409],"Centennial Puzzle":[21],"Sundial":[0],"Snecko Eye":[174,182,167,166],"Turnip":[3],"Kunai":[12],"obtain_stats":[{"Lantern":12,"Torii":26,"Singing Bowl":38,"CeramicFish":20,"Vajra":6,"Frozen Eye":0,"Centennial Puzzle":30,"Sundial":24,"Kunai":38,"Happy Flower":9,"Oddly Smooth Stone":42,"Pen Nib":28,"War Paint":8,"Frozen Egg 2":14,"Orichalcum":43,"MawBank":48,"White Beast Statue":2,"Mercury Hourglass":4,"SlaversCollar":34,"Anchor":22,"Snecko Eye":17,"Molten Egg 2":19,"Turnip":36,"Bag of Marbles":40,"PureWater":0,"Toy Ornithopter":21},{"Lantern":6,"Torii":12,"Singing Bowl":21,"CeramicFish":10,"Vajra":3,"Frozen Eye":0,"Centennial Puzzle":16,"Sundial":12,"Kunai":21,"Happy Flower":5,"Oddly Smooth Stone":24,"Pen Nib":14,"War Paint":5,"Frozen Egg 2":8,"Orichalcum":24,"MawBank":27,"White Beast Statue":1,"Mercury Hourglass":2,"SlaversCollar":18,"Anchor":11,"Snecko Eye":9,"Molten Egg 2":10,"Turnip":20,"Bag of Marbles":23,"PureWater":0,"Toy Ornithopter":11},{"Lantern":17,"Torii":42,"Singing Bowl":77,"CeramicFish":32,"Vajra":7,"Frozen Eye":0,"Centennial Puzzle":57,"Sundial":42,"Kunai":77,"Happy Flower":14,"Oddly Smooth Stone":89,"Pen Nib":48,"War Paint":14,"Frozen Egg 2":24,"Orichalcum":89,"MawBank":104,"White Beast Statue":2,"Mercury Hourglass":4,"SlaversCollar":68,"Anchor":36,"Snecko Eye":28,"Molten Egg 2":32,"Turnip":73,"Bag of Marbles":84,"PureWater":0,"Toy Ornithopter":36}],"Toy Ornithopter":43},"card_choices":[{"not_picked":["Study","EmptyBody"],"picked":"EmptyFist","floor":1},{"not_picked":["ClearTheMind","Crescendo"],"picked":"Halt","floor":3},{"not_picked":["Evaluate","JustLucky"],"picked":"TalkToTheHand","floor":6},{"not_picked":["Collect","EmptyBody"],"picked":"FollowUp","floor":7},{"not_picked":["Vengeance","BowlingBash"],"picked":"CutThroughFate","floor":8},{"not_picked":["FlurryOfBlows","ThirdEye"],"picked":"Protect","floor":12},{"not_picked":["ClearTheMind","CutThroughFate"],"picked":"FearNoEvil","floor":13},{"not_picked":["Sanctity","ForeignInfluence"],"picked":"Wallop","floor":14},{"not_picked":["Ragnarok","SpiritShield"],"picked":"Wish","floor":16},{"not_picked":["BowlingBash","ThirdEye","SignatureMove+1"],"picked":"SKIP","floor":18},{"not_picked":["FollowUp+1","Conclude+1"],"picked":"WaveOfTheHand","floor":21},{"not_picked":["Pray","FlyingSleeves+1"],"picked":"DevaForm+1","floor":24},{"not_picked":["Evaluate","FollowUp+1","Weave+1"],"picked":"SKIP","floor":27},{"not_picked":["WheelKick+1","Prostrate"],"picked":"ReachHeaven+1","floor":28},{"not_picked":["Prostrate+1","MentalFortress+1"],"picked":"Fasting2+1","floor":29},{"not_picked":["JustLucky+1","ThirdEye"],"picked":"Establishment+1","floor":30},{"not_picked":["Prostrate","ClearTheMind+1","SignatureMove+1"],"picked":"SKIP","floor":31},{"not_picked":["Judgement","Alpha"],"picked":"Devotion+1","floor":33},{"not_picked":["CrushJoints+1","Crescendo+1"],"picked":"WheelKick+1","floor":35},{"not_picked":["Prostrate+1","Crescendo"],"picked":"MentalFortress+1","floor":37},{"not_picked":["ClearTheMind+1","PathToVictory","BattleHymn+1"],"picked":"Singing Bowl","floor":39},{"not_picked":["Indignation","ForeignInfluence+1"],"picked":"FearNoEvil+1","floor":40},{"not_picked":["EmptyBody","FlyingSleeves+1"],"picked":"Ragnarok+1","floor":42},{"not_picked":["Vengeance+1","Halt+1","Pray+1"],"picked":"Singing Bowl","floor":44},{"not_picked":["DeceiveReality","FlurryOfBlows+1","Consecrate+1"],"picked":"Singing Bowl","floor":45},{"not_picked":["WaveOfTheHand+1","JustLucky+1"],"picked":"WindmillStrike+1","floor":47}],"player_experience":1076633,"relics_obtained":[{"floor":4,"key":"Mercury Hourglass"},{"floor":6,"key":"Vajra"},{"floor":8,"key":"War Paint"},{"floor":9,"key":"Happy Flower"},{"floor":12,"key":"Lantern"},{"floor":14,"key":"Frozen Egg 2"},{"floor":20,"key":"CeramicFish"},{"floor":21,"key":"Toy Ornithopter"},{"floor":24,"key":"Sundial"},{"floor":26,"key":"Torii"},{"floor":28,"key":"Pen Nib"},{"floor":30,"key":"Centennial Puzzle"},{"floor":36,"key":"Turnip"},{"floor":40,"key":"Bag of Marbles"},{"floor":42,"key":"Oddly Smooth Stone"},{"floor":43,"key":"Orichalcum"},{"floor":48,"key":"MawBank"}],"event_choices":[{"damage_healed":0,"gold_gain":0,"player_choice":"Gave Potion","damage_taken":0,"relics_obtained":["White Beast Statue"],"max_hp_gain":0,"max_hp_loss":0,"event_name":"WeMeetAgain","floor":2,"gold_loss":0},{"damage_healed":0,"gold_gain":58,"player_choice":"Gained Gold","damage_taken":0,"max_hp_gain":0,"max_hp_loss":0,"event_name":"Golden Wing","floor":11,"gold_loss":0},{"damage_healed":0,"gold_gain":0,"player_choice":"Opened","damage_taken":0,"relics_obtained":["Molten Egg 2"],"max_hp_gain":0,"max_hp_loss":0,"event_name":"The Mausoleum","floor":19,"gold_loss":0},{"damage_healed":0,"gold_gain":0,"player_choice":"Fight","damage_taken":0,"max_hp_gain":0,"max_hp_loss":0,"event_name":"Mysterious Sphere","floor":36,"gold_loss":0}],"is_beta":false,"boss_relics":[{"not_picked":["Tiny House","HolyWater"],"picked":"Snecko Eye"},{"not_picked":["Philosopher\u0027s Stone","SacredBark"],"picked":"SlaversCollar"}],"items_purged_floors":[],"is_endless":false,"potions_floor_spawned":[1,3,6,7,8,12,13,14,16,18,21,24,27,28,29,30,31,33,35,36,37,39,40,42,44,45,47],"ascension_level":0}}