{"host":"9ug175nssngig2z3","time":1612044887,"event":{"mods":["Act Like it!","Bard","BaseMod","Colored Powertips","Conspire","Hermit","Hubris","Infinite Spire","Mimic Mod","Minty Spire (QoL Compilation)","Permanent Neow","Relic Stats","Replay The Spire","Spicy Shops","StSLib","The Cursed","The Disciple","The Jungle","The Runesmith","UnlockEverythingMod","everything is the same but u backflip on backflip"],"gold_per_floor":[114,114,126,126,140,178,178,84,109,109,125,159,159,179,179,284,284,303,321,321,350,350,350,368,393,419,419,455,455,498,523,523,638,638,661,685,685,685,714,739,758,758,839,839,839,348,348,369,369,379],"floor_reached":51,"language":"ENG","playtime":3432,"items_purged":["hermit:Defend_Hermit","hermit:FullyLoaded+1","hermit:Strike_Hermit"],"score":504,"play_id":"4b66cdba-15e8-446b-b8a0-e48864f1da61","local_time":"20210130161447","is_ascension_mode":false,"campfire_choices":[{"floor":7.0,"key":"REST"},{"floor":13.0,"key":"REST"},{"data":"hermit:TakeCover","floor":15.0,"key":"SMITH"},{"floor":23.0,"key":"REST"},{"floor":29.0,"key":"REST"},{"data":"hermit:Magnum","floor":42.0,"key":"SMITH"},{"floor":45.0,"key":"REST"},{"data":"hermit:HighNoon","floor":47.0,"key":"SMITH"},{"floor":49.0,"key":"REST"}],"circlet_count":0,"master_deck":["bard:ReverseGravity","hermit:Strike_Hermit","hermit:Strike_Hermit","hermit:Strike_Hermit","hermit:Defend_Hermit","hermit:Defend_Hermit","hermit:Defend_Hermit","hermit:Snapshot","hermit:Covet","hermit:Scavenge","hermit:Glare","hermit:Misfire","hermit:Scavenge","Midas Touch+1","hermit:Manifest","hermit:HighNoon+1","hermit:TakeCover+1","hermit:Magnum+1","hermit:WideOpen+1","hermit:Quickdraw","Pot Of Greed","ReplayTheSpireMod:Chaos Vortex","hubris:EnhanceAbility","Pot Of Greed","hermit:PistolWhip+1","infinitespire:TheBestDefense","hermit:ShadowCloak"],"relics":["hermit:Momento","NeowsBlessing","infinitespire:PuzzleCube","White Beast Statue","Omamori","Toy Ornithopter","Ring of Chaos","Grinning Jar","HandDrill","ReplayTheSpireMod:Lightbulb","infinitespire:Bottled Soul","hubris:Backtick","Tough Bandages","hubris:Towel","Toolbox","Gremlin Horn","Mummified Hand","Oddly Smooth Stone","infinitespire:CheckeredPen","ReplayTheSpireMod:TigerMarble"],"acts_visited":["Exordium","TheCity","TheBeyond"],"potions_floor_usage":[50,50,50],"damage_taken":[{"damage":0.0,"enemies":"Jaw Worm","floor":1.0,"turns":1.0},{"damage":0.0,"enemies":"Cultist","floor":3.0,"turns":1.0},{"damage":0.0,"enemies":"2 Louse","floor":5.0,"turns":1.0},{"damage":30.0,"enemies":"Gremlin Nob","floor":6.0,"turns":5.0},{"damage":6.0,"enemies":"Looter","floor":11.0,"turns":2.0},{"damage":26.0,"enemies":"3 Sentries","floor":12.0,"turns":5.0},{"damage":6.0,"enemies":"Gremlin Gang","floor":14.0,"turns":2.0},{"damage":15.0,"enemies":"The Guardian","floor":16.0,"turns":12.0},{"damage":12.0,"enemies":"Shell Parasite","floor":18.0,"turns":7.0},{"damage":18.0,"enemies":"Spheric Guardian","floor":19.0,"turns":5.0},{"damage":16.0,"enemies":"Centurion and Healer","floor":21.0,"turns":11.0},{"damage":21.0,"enemies":"Cultist and Chosen","floor":24.0,"turns":6.0},{"damage":13.0,"enemies":"Snake Plant","floor":25.0,"turns":4.0},{"damage":9.0,"enemies":"Gremlin Leader","floor":28.0,"turns":7.0},{"damage":0.0,"enemies":"Centurion and Healer","floor":30.0,"turns":6.0},{"damage":4.0,"enemies":"Centurion and Healer","floor":31.0,"turns":11.0},{"damage":20.0,"enemies":"conspire:MysteriousRune","floor":33.0,"turns":14.0},{"damage":16.0,"enemies":"Orb Walker","floor":35.0,"turns":6.0},{"damage":10.0,"enemies":"3 Darklings","floor":36.0,"turns":5.0},{"damage":0.0,"enemies":"Writhing Mass","floor":39.0,"turns":6.0},{"damage":7.0,"enemies":"Transient","floor":40.0,"turns":5.0},{"damage":11.0,"enemies":"Maw","floor":41.0,"turns":11.0},{"damage":39.0,"enemies":"4 Shapes","floor":48.0,"turns":4.0},{"damage":25,"enemies":"Replay:Hell Engine","floor":50,"turns":21}],"seed_played":"-8709460917642020113","potions_obtained":[{"floor":1.0,"key":"SpeedPotion"},{"floor":2.0,"key":"Adrenaline Potion"},{"floor":2.0,"key":"PowerPotion"},{"floor":6.0,"key":"PowerPotion"},{"floor":11.0,"key":"FearPotion"},{"floor":12.0,"key":"EssenceOfSteel"},{"floor":14.0,"key":"hermit:Tonic"},{"floor":16.0,"key":"Block Potion"},{"floor":18.0,"key":"Doom Potion"},{"floor":19.0,"key":"infinitespire:BlackPotion"},{"floor":21.0,"key":"Block Potion"},{"floor":24.0,"key":"hermit:Tonic"},{"floor":25.0,"key":"Dexterity Potion"},{"floor":28.0,"key":"Energy Potion"},{"floor":30.0,"key":"EssenceOfSteel"},{"floor":31.0,"key":"Ancient Potion"},{"floor":33.0,"key":"Weak Potion"},{"floor":35.0,"key":"Toxic Potion"},{"floor":36.0,"key":"Dexterity Potion"},{"floor":39.0,"key":"Strength Potion"}],"is_trial":false,"path_per_floor":["M","?","M","?","M","E","R","$","T","?","M","E","R","M","R","B",null,"M","M","?","M","?","R","M","M","T","AVR","E","R","MIM","M","R","B",null,"M","M","?","AVR","M","M","M","R","T","T","R","$","R","M","R","B",null],"character_chosen":"HERMIT","items_purchased":["Midas Touch","Oddly Smooth Stone","infinitespire:CheckeredPen","ReplayTheSpireMod:TigerMarble"],"campfire_rested":6,"item_purchase_floors":[8,46,46,46],"current_hp_per_floor":[75,75,75,75,75,45,67,67,67,67,61,35,57,51,51,41,75,68,55,55,39,39,61,45,42,42,42,38,60,60,66,66,51,75,59,54,54,54,59,52,41,41,41,41,63,63,63,24,46,40],"gold":379,"neow_bonus":"THREE_ENEMY_KILL","is_daily":false,"chose_seed":false,"campfire_upgraded":3,"win_rate":0.0,"timestamp":1612044887,"path_taken":["M","?","?","?","?","E","R","?","T","?","M","E","R","M","R","BOSS","M","?","?","M","?","R","M","M","T","AVR","E","R","?","M","R","BOSS","M","?","?","AVR","M","M","M","R","T","?","R","?","R","M","R","BOSS"],"items_purchased_type":["Card","Relic","Relic","Relic"],"build_version":"2020-12-22","purchased_purges":3,"victory":true,"max_hp_per_floor":[75,75,75,75,75,75,75,75,75,75,75,75,75,75,75,75,75,75,75,75,75,75,75,75,75,75,75,75,75,75,75,75,75,75,75,75,75,75,75,75,75,75,75,75,75,75,75,75,75,75],"relic_stats":{"Tough Bandages":[147],"Gremlin Horn":[6,6],"counters":[24,154],"Mummified Hand":[6],"HandDrill":[34],"obtain_stats":[{"NeowsBlessing":0,"Gremlin Horn":43,"Oddly Smooth Stone":46,"Ring of Chaos":17,"Omamori":9,"infinitespire:CheckeredPen":46,"hubris:Towel":37,"White Beast Statue":6,"Tough Bandages":34,"hubris:Backtick":34,"infinitespire:Bottled Soul":30,"Mummified Hand":44,"Toolbox":38,"HandDrill":27,"ReplayTheSpireMod:TigerMarble":46,"Grinning Jar":26,"ReplayTheSpireMod:Lightbulb":28,"hermit:Momento":0,"infinitespire:PuzzleCube":4,"Toy Ornithopter":12},{"NeowsBlessing":0,"Gremlin Horn":22,"Oddly Smooth Stone":22,"Ring of Chaos":8,"Omamori":4,"infinitespire:CheckeredPen":22,"hubris:Towel":19,"White Beast Statue":4,"Tough Bandages":17,"hubris:Backtick":17,"infinitespire:Bottled Soul":15,"Mummified Hand":22,"Toolbox":19,"HandDrill":13,"ReplayTheSpireMod:TigerMarble":22,"Grinning Jar":13,"ReplayTheSpireMod:Lightbulb":14,"hermit:Momento":0,"infinitespire:PuzzleCube":2,"Toy Ornithopter":6},{"NeowsBlessing":0,"Gremlin Horn":130,"Oddly Smooth Stone":130,"Ring of Chaos":27,"Omamori":7,"infinitespire:CheckeredPen":130,"hubris:Towel":108,"White Beast Statue":7,"Tough Bandages":97,"hubris:Backtick":97,"infinitespire:Bottled Soul":72,"Mummified Hand":130,"Toolbox":108,"HandDrill":59,"ReplayTheSpireMod:TigerMarble":130,"Grinning Jar":59,"ReplayTheSpireMod:Lightbulb":66,"hermit:Momento":0,"infinitespire:PuzzleCube":2,"Toy Ornithopter":14}],"Toy Ornithopter":75},"card_choices":[{"not_picked":["hermit:HoleUp","hermit:SprayPray"],"picked":"hermit:Scavenge","floor":1.0},{"not_picked":["hermit:LowProfile","hermit:EyeOfTheStorm"],"picked":"hermit:Glare","floor":3.0},{"not_picked":["hermit:WideOpen","hermit:Scavenge"],"picked":"hermit:Misfire","floor":5.0},{"not_picked":["hermit:TakeCover","hermit:BodyArmor"],"picked":"hermit:Scavenge","floor":6.0},{"not_picked":["hermit:Misfire","hermit:Roulette"],"picked":"hermit:Manifest","floor":11.0},{"not_picked":["hermit:Spite","hermit:SprayPray"],"picked":"hermit:HighNoon","floor":12.0},{"not_picked":["hermit:BodyArmor","hermit:Manifest"],"picked":"hermit:TakeCover","floor":14.0},{"not_picked":["hermit:Adapt","hermit:FatalDesire"],"picked":"hermit:Magnum","floor":16.0},{"not_picked":["hermit:Desperado","hermit:Spite","hermit:Feint"],"picked":"SKIP","floor":18.0},{"not_picked":["hermit:EyeOfTheStorm+1","hermit:Coalescence"],"picked":"hermit:WideOpen+1","floor":19.0},{"not_picked":["hermit:BlackWind","hermit:Glare"],"picked":"hermit:Quickdraw","floor":21.0},{"not_picked":["hermit:Combo+1","hermit:NoHoldsBarred","hermit:Enervate"],"picked":"SKIP","floor":24.0},{"not_picked":["hermit:EyeOfTheStorm","hermit:Midnight+1","hermit:ItchyTrigger+1"],"picked":"SKIP","floor":25.0},{"not_picked":["hermit:Brawl","hermit:TakeAim"],"picked":"hermit:FullyLoaded+1","floor":28.0},{"not_picked":["hermit:CalledShot","hermit:NoHoldsBarred","hermit:TakeAim"],"picked":"SKIP","floor":31.0},{"not_picked":["hermit:Headshot+1","hermit:Virtue","hermit:Vantage+1"],"picked":"SKIP","floor":35.0},{"not_picked":["hermit:Dive","hermit:ItchyTrigger+1"],"picked":"hermit:PistolWhip+1","floor":36.0},{"not_picked":["hermit:Horror","hermit:Misfire+1","hermit:Malice"],"picked":"SKIP","floor":39.0},{"not_picked":["hermit:Enervate+1","hermit:Dive+1","hermit:WideOpen+1"],"picked":"SKIP","floor":40.0},{"not_picked":["hermit:Grudge+1","hermit:Feint"],"picked":"hermit:ShadowCloak","floor":41.0},{"not_picked":["hermit:ItchyTrigger+1","hermit:Ricochet","hermit:SprayPray+1"],"picked":"SKIP","floor":48.0}],"player_experience":184691,"relics_obtained":[{"floor":6.0,"key":"White Beast Statue"},{"floor":9.0,"key":"Omamori"},{"floor":12.0,"key":"Toy Ornithopter"},{"floor":26.0,"key":"Grinning Jar"},{"floor":28.0,"key":"ReplayTheSpireMod:Lightbulb"},{"floor":30.0,"key":"infinitespire:Bottled Soul"},{"floor":43.0,"key":"Gremlin Horn"},{"floor":44.0,"key":"Mummified Hand"}],"event_choices":[{"damage_healed":0.0,"max_hp_gain":0.0,"max_hp_loss":0.0,"gold_gain":0.0,"event_name":"Lab","player_choice":"Got Potions","floor":2.0,"gold_loss":0.0,"damage_taken":0.0},{"damage_healed":0.0,"max_hp_gain":0.0,"max_hp_loss":0.0,"gold_gain":0.0,"event_name":"WeMeetAgain","player_choice":"Gave Potion","floor":4.0,"gold_loss":0.0,"damage_taken":0.0,"relics_obtained":["infinitespire:PuzzleCube"]},{"damage_healed":0.0,"max_hp_gain":0.0,"max_hp_loss":0.0,"gold_gain":0.0,"event_name":"Upgrade Shrine","player_choice":"Upgraded","floor":10.0,"gold_loss":0.0,"damage_taken":0.0,"cards_upgraded":["Midas Touch"]},{"damage_healed":0.0,"max_hp_gain":0.0,"max_hp_loss":0.0,"gold_gain":0.0,"event_name":"conspire:Investor","player_choice":"Leave","floor":20.0,"gold_loss":0.0,"damage_taken":0.0},{"damage_healed":0.0,"max_hp_gain":0.0,"max_hp_loss":0.0,"gold_gain":0.0,"event_name":"Cursed Tome","player_choice":"Ignored","floor":22.0,"gold_loss":0.0,"damage_taken":0.0}],"is_beta":false,"boss_relics":[{"not_picked":["conspire:SlowCooker","SlaversCollar"],"picked":"Ring of Chaos"},{"not_picked":["Fusion Hammer","ReplayTheSpireMod:DimensionalGlitch"],"picked":"hubris:Backtick"}],"items_purged_floors":[8,38,46],"is_endless":false,"potions_floor_spawned":[1,6,11,12,14,16,18,19,21,24,25,28,30,31,33,35,36,39,40,41,48],"ascension_level":0}}