{"host":"4evnc443c98ww2zl","time":1612041720,"event":{"mods":["BaseMod","Better Third Choice","Hermit","Koishi","Luminous","Minty Spire (QoL Compilation)","Remilia??????","Robot Space Explorer","StSLib","The Administrix","The Bug Knight","The Cursed","TheSwordswoman"],"gold_per_floor":[412,412,112,130,144,178,178,210,210,239,268,282,311,311,311,407,407,424,46,46,46,64,93,106,140,140,167,167,197,232,268,268,372,372,394,354,13,52,72,72,72,109,109,153,153,196,238,250,250,250,250,250,14,45,45],"floor_reached":56,"language":"ENG","playtime":6477,"items_purged":[],"score":1820,"play_id":"6df38a68-5dc0-4778-b093-e564862da1ef","local_time":"20210130152200","daily_mods":["SealedDeck","Diverse","Colorless Cards","Heirloom","DeadlyEvents","Elite Swarm"],"is_ascension_mode":false,"campfire_choices":[{"floor":7,"key":"RECALL"},{"data":"1","floor":15,"key":"LIFT"},{"data":"2","floor":32,"key":"LIFT"},{"data":"3","floor":40,"key":"LIFT"},{"data":"Capacitor","floor":45,"key":"SMITH"},{"data":"TheCursedMod:CursedBlade","floor":49,"key":"PURGE"},{"data":"TheCursedMod:Neurasthenia","floor":52,"key":"PURGE"}],"circlet_count":0,"master_deck":["Go for the Eyes+1","hermit:Vantage","RobotSpaceExplorer:GlueShot+1","blazmod:FortifiedVigor","Luminous:Light_Gather","RobotSpaceExplorer:Probe","Blade Dance","Koishi:JumpScare","Prostrate","Cold Snap+1","HollowMod:NewLastStag","AdministrixMod:ExtolVirtue","blazmod:InLoveAndWar","AdministrixMod:AmassedMasks","HeartBreak","Capacitor+1","Trip","hermit:Dive","DeusExMachina","hermit:EyeOfTheStorm","Adrenaline","After Image","Devotion","AdministrixMod:WifeLightning+1","Secret Weapon","Seek","MastersStateliness+1","AdministrixMod:CenturiesAscent","TricksterDevil","Koishi:FreudianInstinct","Sadistic Nature","DevaForm","TheCursedMod:OutForBlood","BombardNight"],"relics":["HollowMod:KingsSoulRelic","Old Coin","Mango","Question Card","Bottled Flame","Darkstone Periapt","Girya","Tiny Chest","Black Star","Strawberry","HandDrill","Blood Vial","Lantern","CaptainsWheel","Ginger","Gremlin Horn","HollowMod:IsmasTear","Gambling Chip","Mummified Hand","Bird Faced Urn","Unceasing Top","Lizard Tail","White Beast Statue","CeramicFish","Torii","Turnip","Pear","Sundial","HornCleat","The Courier","Pen Nib","Bronze Scales","Dead Branch","HollowMod:KingsBrand","HollowMod:MillibellesNoteRelic","Smiling Mask","Peace Pipe","Singing Bowl","Ornamental Fan","Happy Flower","Kunai"],"acts_visited":["Exordium","TheCity","TheBeyond","TheEnding"],"potions_floor_usage":[11,23,24,27,27,33,35,44,47,50,50,55,55],"damage_taken":[{"damage":0,"enemies":"Cultist","floor":1,"turns":2},{"damage":0,"enemies":"Jaw Worm","floor":4,"turns":2},{"damage":0,"enemies":"2 Louse","floor":5,"turns":2},{"damage":0,"enemies":"HollowMod:MossKnight","floor":6,"turns":6},{"damage":2,"enemies":"3 Sentries","floor":8,"turns":3},{"damage":0,"enemies":"HollowMod:MossKnight","floor":10,"turns":3},{"damage":2,"enemies":"Lagavulin","floor":11,"turns":4},{"damage":0,"enemies":"Large Slime","floor":12,"turns":3},{"damage":1,"enemies":"3 Sentries","floor":13,"turns":4},{"damage":19,"enemies":"HollowMod:FalseKnight","floor":16,"turns":5},{"damage":0,"enemies":"Spheric Guardian","floor":18,"turns":3},{"damage":1,"enemies":"3 Byrds","floor":22,"turns":4},{"damage":21,"enemies":"HollowMod:Nosk","floor":23,"turns":5},{"damage":12,"enemies":"Snake Plant","floor":24,"turns":4},{"damage":27,"enemies":"Slavers","floor":25,"turns":4},{"damage":11,"enemies":"Book of Stabbing","floor":27,"turns":3},{"damage":8,"enemies":"HollowMod:Nosk","floor":29,"turns":4},{"damage":0,"enemies":"Gremlin Leader","floor":30,"turns":2},{"damage":4,"enemies":"Slavers","floor":31,"turns":3},{"damage":18,"enemies":"HollowMod:NKGrimm","floor":33,"turns":6},{"damage":9,"enemies":"3 Darklings","floor":35,"turns":2},{"damage":0,"enemies":"Giant Head","floor":38,"turns":3},{"damage":0,"enemies":"3 Shapes","floor":39,"turns":2},{"damage":0,"enemies":"Nemesis","floor":42,"turns":4},{"damage":0,"enemies":"Reptomancer","floor":44,"turns":2},{"damage":2,"enemies":"Giant Head","floor":46,"turns":4},{"damage":8,"enemies":"Nemesis","floor":47,"turns":3},{"damage":0,"enemies":"Maw","floor":48,"turns":3},{"damage":29,"enemies":"Time Eater","floor":50,"turns":5},{"damage":0,"enemies":"Shield and Spear","floor":54,"turns":3},{"damage":42,"enemies":"The Heart","floor":55,"turns":6}],"seed_played":"-7177362220301079079","potions_obtained":[{"floor":4,"key":"SteroidPotion"},{"floor":8,"key":"Weak Potion"},{"floor":12,"key":"Ancient Potion"},{"floor":13,"key":"Regen Potion"},{"floor":18,"key":"PowerPotion"},{"floor":24,"key":"EntropicBrew"},{"floor":33,"key":"Energy Potion"},{"floor":35,"key":"Block Potion"},{"floor":44,"key":"DuplicationPotion"},{"floor":47,"key":"Swift Potion"},{"floor":54,"key":"Strength Potion"}],"is_trial":true,"path_per_floor":["M","?","?","M","M","E","R","E","T","E","E","M","E","T","R","B",null,"M","$","?","?","M","E","M","E","T","E","T","E","E","E","R","B",null,"M","?","$","E","M","R","T","E","T","E","R","E","E","M","R","B",null,"R","$","E","B",null],"character_chosen":"THE_BUGKNIGHT","items_purchased":["Strawberry","HandDrill","Trip","Turnip","AdministrixMod:CenturiesAscent","Ornamental Fan","BombardNight"],"campfire_rested":0,"item_purchase_floors":[19,19,19,37,37,53,53],"current_hp_per_floor":[75,60,60,62,64,82,82,80,80,82,82,82,81,81,81,69,89,89,96,77,101,101,82,83,60,60,53,53,51,68,81,81,84,101,98,98,98,111,111,111,111,111,111,111,111,111,109,113,113,110,113,113,113,115,97],"gold":45,"neow_bonus":"","is_daily":false,"chose_seed":false,"campfire_upgraded":1,"win_rate":0.0,"timestamp":1612041720,"path_taken":["M","?","?","M","M","E","R","E","T","?","E","M","E","?","R","BOSS","M","$","?","?","M","E","M","E","T","E","?","E","?","E","R","BOSS","M","?","$","?","M","R","?","E","T","E","R","E","?","M","R","BOSS","R","$","E","BOSS"],"items_purchased_type":["Relic","Relic","Card","Relic","Card","Relic","Card"],"build_version":"2020-12-22","purchased_purges":0,"victory":true,"max_hp_per_floor":[75,75,75,75,75,89,89,89,89,89,89,89,89,89,89,89,89,89,96,101,101,101,101,101,101,101,101,101,101,101,101,101,101,101,101,101,101,111,111,111,111,111,111,111,111,111,111,113,113,113,113,113,113,115,115],"card_choices":[{"not_picked":["hermit:WideOpen","TheCursedMod:CursedBlade"],"picked":"Cold Snap","floor":1},{"not_picked":["Luminous:Light_Sylvan_Lance","HollowMod:SharpenedNail"],"picked":"AdministrixMod:ExtolVirtue","floor":4},{"not_picked":["Crescendo","blazmod:DrippingWaterHollowsStone","blazmod:Trasient"],"picked":"SKIP","floor":5},{"not_picked":["All For One","EquivalentExchange","HollowMod:theNailsmith"],"picked":"SKIP","floor":6},{"not_picked":["Rainbow","AdministrixMod:NewbornDivinity"],"picked":"blazmod:InLoveAndWar","floor":8},{"not_picked":["AdministrixMod:LifeforceNet","HollowMod:Hiveblood","Tools of the Trade","AdministrixMod:BrewingCloister"],"picked":"SKIP","floor":10},{"not_picked":["HollowMod:WhiteLadysBlessing","Luminous:Lania_Blessing_Luminous","Impervious"],"picked":"AdministrixMod:AmassedMasks","floor":11},{"not_picked":["HollowMod:FastStrike","Luminous:Light_Sylvan_Lance","HollowMod:NewJinnsSoul","Koishi:UnansweredLove"],"picked":"SKIP","floor":12},{"not_picked":["Multi-Cast","Corpse Explosion","Bludgeon"],"picked":"HeartBreak","floor":13},{"not_picked":["TheCursedMod:SpreadPlague","Uppercut","Koishi:UnseenTerror"],"picked":"Capacitor","floor":18},{"not_picked":["RobotSpaceExplorer:PowerGlove","HollowMod:LifebloodCocoon+1","AdministrixMod:Katabasis+1"],"picked":"hermit:Dive","floor":22},{"not_picked":["hermit:Purgatory","blazmod:EightLifePilgrimage","Reboot"],"picked":"DeusExMachina","floor":23},{"not_picked":["AdministrixMod:SealAway","TheCursedMod:CursedAmulet","blazmod:FlashRock"],"picked":"hermit:EyeOfTheStorm","floor":24},{"not_picked":["Phantasmal Killer","Grand Finale","Hyperbeam"],"picked":"Adrenaline","floor":25},{"not_picked":["Alpha","HollowMod:PureVessel","blazmod:VisionsOfButterflies"],"picked":"After Image","floor":27},{"not_picked":["Burst","blazmod:VisionsOfButterflies","blazmod:EightLifePilgrimage"],"picked":"Devotion","floor":29},{"not_picked":["blazmod:GlasswingWaltz","Scrawl","Berserk"],"picked":"AdministrixMod:WifeLightning","floor":30},{"not_picked":["Rainbow","blazmod:AlmightyPassage","Reboot"],"picked":"Secret Weapon","floor":31},{"not_picked":["blazmod:HoumatsuMugenKochouji","hermit:HighNoon","RobotSpaceExplorer:DroneSwarm"],"picked":"Seek","floor":33},{"not_picked":["HollowMod:ShadowDash+1","Luminous:Blinding_Pillar_Luminous","ClearTheMind"],"picked":"MastersStateliness+1","floor":35},{"not_picked":["Koishi:RollingInRichesHeart","BloodyHallows","AdministrixMod:NewbornDivinity"],"picked":"TricksterDevil","floor":38},{"not_picked":["DeceiveReality+1","RedRainbow+1","AdministrixMod:CastOffRegrets"],"picked":"Koishi:FreudianInstinct","floor":39},{"not_picked":["TheCursedMod:UltimatePain","Luminous:Chaos_Field_Luminous","hermit:Adapt"],"picked":"Sadistic Nature","floor":42},{"not_picked":["Glass Knife","HollowMod:PureVessel","HollowMod:MidwifesHunger"],"picked":"TheCursedMod:Neurasthenia","floor":44},{"not_picked":["All For One","BatForm","RobotSpaceExplorer:Multitool"],"picked":"DevaForm","floor":46},{"not_picked":["HeartBreak","blazmod:ForgeWays","Brilliance"],"picked":"TheCursedMod:OutForBlood","floor":47},{"not_picked":["Sever Soul","ScarletDevil","TheCursedMod:TroublousMinions","blazmod:FortifiedVigor"],"picked":"Singing Bowl","floor":48},{"not_picked":["TheCursedMod:ParallelWorld","HeartBreak","Thunder Strike","Berserk"],"picked":"Singing Bowl","floor":54}],"player_experience":1145523,"relics_obtained":[{"floor":6,"key":"Mango"},{"floor":8,"key":"Question Card"},{"floor":9,"key":"Bottled Flame"},{"floor":10,"key":"Darkstone Periapt"},{"floor":11,"key":"Girya"},{"floor":13,"key":"Tiny Chest"},{"floor":23,"key":"Blood Vial"},{"floor":23,"key":"Lantern"},{"floor":25,"key":"CaptainsWheel"},{"floor":25,"key":"Ginger"},{"floor":26,"key":"Gremlin Horn"},{"floor":27,"key":"HollowMod:IsmasTear"},{"floor":27,"key":"Gambling Chip"},{"floor":28,"key":"Mummified Hand"},{"floor":29,"key":"Bird Faced Urn"},{"floor":29,"key":"Unceasing Top"},{"floor":30,"key":"Lizard Tail"},{"floor":30,"key":"White Beast Statue"},{"floor":31,"key":"CeramicFish"},{"floor":31,"key":"Torii"},{"floor":38,"key":"Pear"},{"floor":38,"key":"Sundial"},{"floor":41,"key":"HornCleat"},{"floor":42,"key":"The Courier"},{"floor":42,"key":"Pen Nib"},{"floor":43,"key":"Bronze Scales"},{"floor":44,"key":"Dead Branch"},{"floor":44,"key":"HollowMod:KingsBrand"},{"floor":46,"key":"HollowMod:MillibellesNoteRelic"},{"floor":46,"key":"Smiling Mask"},{"floor":47,"key":"Peace Pipe"},{"floor":47,"key":"Singing Bowl"},{"floor":54,"key":"Happy Flower"},{"floor":54,"key":"Kunai"}],"event_choices":[{"damage_healed":75,"gold_gain":0,"player_choice":"Upgrade","damage_taken":15,"max_hp_gain":0,"max_hp_loss":75,"event_name":"betterThird:BetterShining","floor":2,"gold_loss":0,"cards_upgraded":["RobotSpaceExplorer:GlueShot","Cold Snap"]},{"damage_healed":0,"gold_gain":0,"player_choice":"Shed Blood","damage_taken":24,"max_hp_gain":5,"max_hp_loss":0,"event_name":"Forgotten Altar","floor":20,"gold_loss":0},{"damage_healed":0,"gold_gain":0,"player_choice":"Upgraded Two","damage_taken":0,"max_hp_gain":0,"max_hp_loss":0,"event_name":"Designer","floor":36,"gold_loss":40,"cards_upgraded":["Go for the Eyes","AdministrixMod:WifeLightning"]}],"is_beta":false,"boss_relics":[{"not_picked":["Philosopher\u0027s Stone","Ectoplasm"],"picked":"Black Star"},{"not_picked":["Empty Cage","Astrolabe"],"picked":"HollowMod:KingsSoulRelic"}],"items_purged_floors":[],"is_endless":false,"potions_floor_spawned":[4,8,12,13,16,18,24,31,33,35,38,39,42,44,46,47,48,54],"ascension_level":0}}