{"host":"udyc8f81k2jocuhg","time":1612030062,"event":{"mods":["2.2 Compatiblity","BaseMod","Better Third Choice","Colored Powertips","Conspire","Custom Start","GifTheSpireLib","Hermit","Minty Spire (QoL Compilation)","Permanent Neow","Quick Restart","Relic Filter","Relic Stats","Replay The Spire","Shop Mod","Spikes Relics","StSLib","Stuff the Spire"],"gold_per_floor":[111,121,140,154,11,11,11],"floor_reached":6,"language":"ENG","playtime":612,"items_purged":[],"score":76,"play_id":"dfcac8ea-9d78-4ac1-ac25-89d9d9807890","local_time":"20210130190742","is_ascension_mode":true,"campfire_choices":[],"circlet_count":0,"master_deck":["AscendersBane","Strike_B","Strike_B","Strike_B","Strike_B","Defend_B","Defend_B","Defend_B","Defend_B","Zap","Dualcast","Capacitor","Self Repair","Machine Learning"],"relics":["Sozu","Sundial"],"acts_visited":["Exordium"],"potions_floor_usage":[],"damage_taken":[{"damage":7,"enemies":"Small Slimes","floor":1,"turns":3},{"damage":0,"enemies":"Cultist","floor":2,"turns":4},{"damage":0,"enemies":"2 Louse","floor":3,"turns":2},{"damage":19,"enemies":"Exordium Wildlife","floor":4,"turns":5},{"damage":40,"enemies":"3 Sentries","floor":6,"turns":5}],"seed_played":"3585743896266421258","potions_obtained":[],"is_trial":false,"path_per_floor":["M","M","M","M","?","E"],"character_chosen":"DEFECT","items_purchased":[],"campfire_rested":0,"item_purchase_floors":[],"current_hp_per_floor":[57,57,57,45,45,5,5],"gold":11,"neow_bonus":"BOSS_RELIC","is_daily":false,"chose_seed":false,"campfire_upgraded":0,"win_rate":0.0,"timestamp":1612030062,"path_taken":["M","M","M","M","?","E"],"items_purchased_type":[],"build_version":"2020-12-22","purchased_purges":0,"victory":false,"max_hp_per_floor":[71,71,71,71,71,71,71],"relic_stats":{"Sozu":2,"counters":[5,19],"Sundial":[0],"obtain_stats":[{"Sozu":0,"Sundial":5,"Cracked Core":0},{"Sozu":0,"Sundial":4,"Cracked Core":0},{"Sozu":0,"Sundial":14,"Cracked Core":0}]},"card_choices":[{"not_picked":["Streamline","Beam Cell"],"picked":"Capacitor","floor":1},{"not_picked":["Turbo","Lockon","Tempest"],"picked":"SKIP","floor":2},{"not_picked":["Hologram","Leap"],"picked":"Self Repair","floor":3},{"not_picked":["Reprogram","ReplayTheSpireMod:Repulse"],"picked":"Machine Learning","floor":4}],"player_experience":2028180,"relics_obtained":[],"event_choices":[{"damage_healed":0,"gold_gain":0,"player_choice":"Paid Gold","damage_taken":0,"relics_obtained":["Sundial"],"max_hp_gain":0,"max_hp_loss":0,"event_name":"WeMeetAgain","floor":5,"gold_loss":143}],"is_beta":false,"boss_relics":[],"items_purged_floors":[],"is_endless":false,"potions_floor_spawned":[2,4],"killed_by":"3 Sentries","ascension_level":20}}