{"host":"yecadp3kwkksam5a","time":1612001587,"event":{"mods":["BaseMod","Minty Spire (QoL Compilation)","StSLib","SuperFastMode","The Cursed"],"gold_per_floor":[114,133,151,164,175,208,208,235,235,235,24,37,66,41,41,144,144,164,79,79,99,112,152,163,163,163,201,201,201,22,54,54,159,204,231,231,290,310,335,377,377,398,452,496,516,534,534,303,303,303,303,303,52,90,90],"floor_reached":56,"language":"KOR","playtime":2708,"items_purged":["Strike_B","Leap","Ball Lightning+1"],"score":1902,"play_id":"99d62ac9-fed5-47bd-9848-f0e3864a36d9","local_time":"20210130191307","is_ascension_mode":true,"campfire_choices":[{"data":"Dualcast","floor":7.0,"key":"SMITH"},{"data":"Ball Lightning","floor":10.0,"key":"SMITH"},{"data":"Redo","floor":15.0,"key":"SMITH"},{"data":"Self Repair","floor":25.0,"key":"SMITH"},{"data":"Zap","floor":28.0,"key":"SMITH"},{"floor":32.0,"key":"RECALL"},{"data":"Capacitor","floor":41.0,"key":"SMITH"},{"data":"Thunder Strike","floor":47.0,"key":"SMITH"},{"data":"Capacitor","floor":49.0,"key":"SMITH"},{"data":"Reinforced Body","floor":52.0,"key":"SMITH"}],"circlet_count":0,"master_deck":["AscendersBane","Zap+1","Dualcast+1","Mayhem+1","Mayhem+1","Mayhem+1","Mayhem+1","Mayhem+1","Gash","BootSequence","Storm","Electrodynamics","Skim","Redo+1","Gash","Core Surge","Compile Driver","Meteor Strike","Glacier","Turbo+1","Skim","Self Repair+1","Glacier+1","Glacier","All For One","Reinforced Body+1","Thunder Strike+1","Conserve Battery","Gash","Gash+1","Force Field","Heatsinks+1","Static Discharge+1","Capacitor+1","Gash","Machine Learning","Hologram+1","Mayhem","Apotheosis+1","Capacitor+1","Fusion+1","Storm","Force Field+1"],"relics":["Cracked Core","Bird Faced Urn","Boot","Smiling Mask","Gremlin Horn","SacredBark","Lantern","CeramicFish","Question Card","Bronze Scales","Membership Card","Bottled Tornado","Pandora\u0027s Box","Du-Vu Doll","Dream Catcher","Toxic Egg 2","Cables","Nunchaku","Akabeko","Bag of Preparation"],"acts_visited":["TheCity","TheBeyond","TheEnding"],"potions_floor_usage":[55,55],"damage_taken":[{"damage":2.0,"enemies":"Jaw Worm","floor":1.0,"turns":4.0},{"damage":3.0,"enemies":"2 Louse","floor":2.0,"turns":2.0},{"damage":1.0,"enemies":"Cultist","floor":3.0,"turns":3.0},{"damage":11.0,"enemies":"Blue Slaver","floor":4.0,"turns":4.0},{"damage":7.0,"enemies":"2 Fungi Beasts","floor":5.0,"turns":4.0},{"damage":15.0,"enemies":"Lagavulin","floor":6.0,"turns":7.0},{"damage":20.0,"enemies":"3 Sentries","floor":8.0,"turns":7.0},{"damage":0.0,"enemies":"3 Louse","floor":12.0,"turns":4.0},{"damage":35.0,"enemies":"Gremlin Nob","floor":13.0,"turns":4.0},{"damage":13.0,"enemies":"Hexaghost","floor":16.0,"turns":7.0},{"damage":0.0,"enemies":"3 Byrds","floor":18.0,"turns":3.0},{"damage":28.0,"enemies":"2 Thieves","floor":21.0,"turns":4.0},{"damage":2.0,"enemies":"Centurion and Healer","floor":22.0,"turns":4.0},{"damage":48.0,"enemies":"Slavers","floor":23.0,"turns":4.0},{"damage":7.0,"enemies":"Sentry and Sphere","floor":24.0,"turns":4.0},{"damage":21.0,"enemies":"Book of Stabbing","floor":27.0,"turns":5.0},{"damage":20.0,"enemies":"Gremlin Leader","floor":31.0,"turns":5.0},{"damage":22.0,"enemies":"Collector","floor":33.0,"turns":9.0},{"damage":0.0,"enemies":"3 Shapes","floor":35.0,"turns":3.0},{"damage":10.0,"enemies":"Mind Bloom Boss Battle","floor":37.0,"turns":5.0},{"damage":6.0,"enemies":"3 Darklings","floor":38.0,"turns":3.0},{"damage":23.0,"enemies":"Sphere and 2 Shapes","floor":39.0,"turns":5.0},{"damage":2.0,"enemies":"Giant Head","floor":40.0,"turns":6.0},{"damage":1.0,"enemies":"Spire Growth","floor":42.0,"turns":3.0},{"damage":19.0,"enemies":"Reptomancer","floor":44.0,"turns":3.0},{"damage":36.0,"enemies":"Maw","floor":45.0,"turns":5.0},{"damage":56.0,"enemies":"Donu and Deca","floor":50.0,"turns":7.0},{"damage":48,"enemies":"Shield and Spear","floor":54,"turns":5},{"damage":58,"enemies":"The Heart","floor":55,"turns":7}],"seed_played":"292183811105056043","potions_obtained":[{"floor":1.0,"key":"Block Potion"},{"floor":3.0,"key":"Block Potion"},{"floor":5.0,"key":"Weak Potion"},{"floor":21.0,"key":"SpeedPotion"},{"floor":27.0,"key":"Swift Potion"},{"floor":42.0,"key":"EntropicBrew"}],"is_trial":false,"path_per_floor":["M","M","M","M","M","E","R","E","T","R","$","M","E","$","R","B",null,"M","?","?","M","M","E","M","R","T","E","R","?","$","E","R","B",null,"M","?","?","M","M","E","R","M","T","E","M","?","R","$","R","B",null,"R","$","E","B",null],"character_chosen":"DEFECT","items_purchased":["Electrodynamics","Gash","Membership Card","Glacier","Cables","Capacitor","Fusion+1","Nunchaku","Dexterity Potion","Akabeko","Storm"],"campfire_rested":0,"item_purchase_floors":[11,14,30,30,48,48,48,53,53,53,53],"current_hp_per_floor":[75,72,75,66,67,62,62,54,54,54,54,66,43,43,43,44,67,75,75,75,51,63,27,43,43,43,46,46,46,46,52,52,56,70,75,75,69,71,71,75,75,75,75,75,61,51,51,51,51,33,65,65,65,55,37],"gold":90,"neow_bonus":"REMOVE_CARD","is_daily":false,"chose_seed":false,"campfire_upgraded":9,"win_rate":0.0,"timestamp":1612001587,"path_taken":["M","M","M","M","M","E","R","E","T","R","$","M","E","$","R","BOSS","M","?","?","?","M","E","M","R","T","E","R","?","$","E","R","BOSS","M","?","?","M","M","E","R","M","T","E","M","?","R","$","R","BOSS","R","$","E","BOSS"],"items_purchased_type":["Card","Card","Relic","Card","Relic","Card","Card","Relic","Potion","Relic","Card"],"build_version":"2020-12-22","purchased_purges":3,"victory":true,"max_hp_per_floor":[75,75,75,75,75,75,75,75,75,75,75,75,75,75,75,75,75,75,75,75,75,75,75,75,75,75,75,75,75,75,75,75,75,75,75,75,75,75,75,75,75,75,75,75,75,75,75,75,75,75,75,75,75,75,75],"card_choices":[{"not_picked":["Darkness","Cold Snap"],"picked":"Ball Lightning","floor":1.0},{"not_picked":["Consume","Barrage"],"picked":"Gash","floor":2.0},{"not_picked":["Beam Cell","Cold Snap"],"picked":"BootSequence","floor":3.0},{"not_picked":["Static Discharge","Steam"],"picked":"Leap","floor":4.0},{"not_picked":["BootSequence","Go for the Eyes","Stack"],"picked":"SKIP","floor":5.0},{"not_picked":["Hello World","Force Field"],"picked":"Storm","floor":6.0},{"not_picked":["Reprogram","Auto Shields","Melter"],"picked":"SKIP","floor":8.0},{"not_picked":["Ball Lightning","Beam Cell"],"picked":"Skim","floor":12.0},{"not_picked":["Leap","Double Energy"],"picked":"Redo","floor":13.0},{"not_picked":["Hyperbeam","Seek"],"picked":"Core Surge","floor":16.0},{"not_picked":["Double Energy","Leap+1"],"picked":"Compile Driver","floor":18.0},{"not_picked":["Tempest+1","Rebound"],"picked":"Turbo+1","floor":21.0},{"not_picked":["Barrage+1","Go for the Eyes"],"picked":"Skim","floor":22.0},{"not_picked":["Blizzard","Redo"],"picked":"Self Repair","floor":23.0},{"not_picked":["Redo+1","Double Energy","FTL+1"],"picked":"SKIP","floor":24.0},{"not_picked":["Cold Snap","Melter","Beam Cell"],"picked":"Glacier+1","floor":27.0},{"not_picked":["Redo","Turbo+1","Lockon","Electrodynamics"],"picked":"SKIP","floor":31.0},{"not_picked":["Redo","Turbo+1","Lockon","Electrodynamics"],"picked":"SKIP","floor":31.0},{"not_picked":["Fission","Echo Form","Seek"],"picked":"All For One","floor":33.0},{"not_picked":["Aggregate+1","Compile Driver+1","Cold Snap"],"picked":"Gash+1","floor":35.0},{"not_picked":["Redo+1","Streamline","Steam+1"],"picked":"Force Field","floor":37.0},{"not_picked":["Conserve Battery","Cold Snap+1","Streamline+1"],"picked":"Heatsinks+1","floor":38.0},{"not_picked":["Conserve Battery+1","Reprogram","Undo+1"],"picked":"Static Discharge+1","floor":39.0},{"not_picked":["Redo+1","Lockon+1","Recycle"],"picked":"Capacitor","floor":40.0},{"not_picked":["Barrage","Sweeping Beam","Leap+1"],"picked":"Gash","floor":42.0},{"not_picked":["Steam+1","Cold Snap","Barrage+1"],"picked":"Machine Learning","floor":44.0},{"not_picked":["Beam Cell","Skim+1","Scrape"],"picked":"Hologram+1","floor":45.0},{"not_picked":["Panacea+1","Forethought+1","Apotheosis+1"],"picked":"Mayhem","floor":46.0},{"not_picked":["Magnetism","Finesse+1","Forethought+1"],"picked":"Apotheosis+1","floor":46.0},{"not_picked":["Go for the Eyes","Steam Power+1","Redo+1"],"picked":"Force Field+1","floor":54}],"player_experience":535415,"relics_obtained":[{"floor":6.0,"key":"Boot"},{"floor":8.0,"key":"Smiling Mask"},{"floor":9.0,"key":"Gremlin Horn"},{"floor":23.0,"key":"CeramicFish"},{"floor":26.0,"key":"Question Card"},{"floor":27.0,"key":"Bronze Scales"},{"floor":31.0,"key":"Bottled Tornado"},{"floor":37.0,"key":"Du-Vu Doll"},{"floor":40.0,"key":"Dream Catcher"},{"floor":44.0,"key":"Toxic Egg 2"},{"floor":54,"key":"Bag of Preparation"}],"event_choices":[{"damage_healed":0.0,"max_hp_gain":0.0,"max_hp_loss":0.0,"gold_gain":0.0,"event_name":"Addict","player_choice":"Obtained Relic","floor":19.0,"gold_loss":85.0,"damage_taken":0.0,"relics_obtained":["Lantern"]},{"damage_healed":0.0,"max_hp_gain":0.0,"max_hp_loss":0.0,"gold_gain":0.0,"event_name":"Match and Keep!","player_choice":"2 cards matched","floor":20.0,"gold_loss":0.0,"damage_taken":0.0,"cards_obtained":["Meteor Strike","Glacier"]},{"cards_removed":["Strike_B"],"damage_healed":0.0,"max_hp_gain":0.0,"max_hp_loss":0.0,"gold_gain":0.0,"event_name":"Back to Basics","player_choice":"Elegance","floor":29.0,"gold_loss":0.0,"damage_taken":0.0},{"cards_removed":["Melter"],"damage_healed":0.0,"max_hp_gain":0.0,"max_hp_loss":0.0,"gold_gain":0.0,"event_name":"Falling","player_choice":"Removed Attack","floor":36.0,"gold_loss":0.0,"damage_taken":0.0},{"damage_healed":0.0,"max_hp_gain":0.0,"max_hp_loss":0.0,"gold_gain":0.0,"event_name":"MindBloom","player_choice":"Fight","floor":37.0,"gold_loss":0.0,"damage_taken":0.0},{"damage_healed":0.0,"max_hp_gain":0.0,"max_hp_loss":0.0,"gold_gain":0.0,"event_name":"SensoryStone","player_choice":"Memory 3","floor":46.0,"gold_loss":0.0,"damage_taken":10.0}],"is_beta":false,"boss_relics":[{"not_picked":["Tiny House","Snecko Eye"],"picked":"SacredBark"},{"not_picked":["Velvet Choker","Fusion Hammer"],"picked":"Pandora\u0027s Box"}],"items_purged_floors":[11,48,53],"is_endless":false,"potions_floor_spawned":[1,3,5,21,24,27,35,40,42],"ascension_level":11}}