{"host":"9gwavclf33b2mpxe","time":1612015600,"event":{"mods":["BaseMod","Bestiary","Block Reminder","Colored Map","Colored Powertips","Downfall","Highlight Path","Minty Spire (QoL Compilation)","Permanent Neow","Quick Restart","Relic Stats","StSLib","SuperFastMode"],"gold_per_floor":[99,9,22,22,36,67,67,67,67,67],"floor_reached":8,"language":"ENG","playtime":446,"items_purged":["champ:Strike"],"score":54,"play_id":"085dfbb1-4c9c-4e80-ad4b-641d5ef71ce3","local_time":"20210130220640","is_ascension_mode":false,"campfire_choices":[{"floor":1.0,"key":"RECALL"}],"circlet_count":0,"master_deck":["champ:Strike","champ:Strike","champ:Defend","champ:Defend","champ:Defend","champ:Execute","champ:Taunt","champ:AdrenalArmor","champ:FanOfKnives","champ:RecklessLeap","champ:CalledShot"],"relics":["Empty Cage","White Beast Statue","Blood Vial"],"acts_visited":["Exordium"],"potions_floor_usage":[8],"damage_taken":[{"damage":30.0,"enemies":"downfall:FleeingMerchant","floor":2.0,"turns":4.0},{"damage":11.0,"enemies":"Cultist","floor":3.0,"turns":4.0},{"damage":20.0,"enemies":"Jaw Worm","floor":5.0,"turns":3.0},{"damage":59.0,"enemies":"3 Sentries","floor":6.0,"turns":6.0},{"damage":117,"enemies":"Gremlin Nob","floor":8,"turns":5}],"seed_played":"-5597196731778067025","potions_obtained":[{"floor":5.0,"key":"Ancient Potion"}],"is_trial":false,"path_per_floor":["R","$","M","?","M","E","T","E"],"character_chosen":"THE_CHAMP","items_purchased":[],"campfire_rested":0,"item_purchase_floors":[],"current_hp_per_floor":[90,90,89,94,94,75,75,0,0,0],"gold":67,"neow_bonus":"BOSS_RELIC","is_daily":false,"chose_seed":false,"campfire_upgraded":0,"win_rate":0.0,"timestamp":1612015600,"path_taken":["R","?","?","?","M","E","T","E"],"items_purchased_type":[],"build_version":"2020-12-22","purchased_purges":1,"victory":false,"max_hp_per_floor":[90,90,90,95,95,95,95,95,95,95],"relic_stats":{"Blood Vial":2,"counters":[5,22],"obtain_stats":[{"Blood Vial":7,"champ:ChampionCrown":0,"Empty Cage":0,"White Beast Statue":6},{"Blood Vial":4,"champ:ChampionCrown":0,"Empty Cage":0,"White Beast Statue":4},{"Blood Vial":17,"champ:ChampionCrown":0,"Empty Cage":0,"White Beast Statue":17}]},"card_choices":[{"not_picked":["champ:FalseCounter","champ:RecklessLeap"],"picked":"champ:AdrenalArmor","floor":2.0},{"not_picked":["champ:EnragedBash","champ:BladeFlurry"],"picked":"champ:FanOfKnives","floor":3.0},{"not_picked":["champ:BladeFlurry","champ:Haymaker"],"picked":"champ:RecklessLeap","floor":5.0},{"not_picked":["champ:ShieldWall","champ:FocusedDefense"],"picked":"champ:CalledShot","floor":6.0}],"player_experience":146303,"relics_obtained":[{"floor":6.0,"key":"White Beast Statue"},{"floor":7.0,"key":"Blood Vial"}],"event_choices":[{"damage_healed":0.0,"max_hp_gain":5.0,"max_hp_loss":0.0,"gold_gain":0.0,"event_name":"Big Fish","player_choice":"Donut","floor":4.0,"gold_loss":0.0,"damage_taken":0.0}],"is_beta":false,"boss_relics":[],"items_purged_floors":[2],"is_endless":false,"potions_floor_spawned":[5],"killed_by":"Gremlin Nob","ascension_level":0}}