{"host":"8ps3pfk2b2drr3ex","time":1612029868,"event":{"mods":["2.2 Compatiblity","AchievementEnabler","Act Like it!","BaseMod","Bestiary","Better Match","BetterRewards","Colored Map","Colored Powertips","Conspire","Downfall","Evolution","GifTheSpireLib","Gold Saver","Hallownest","Hubris","Minty Spire (QoL Compilation)","Permanent Neow","Relic Filter","Replay The Spire","Shop Mod","StSLib","Stuff the Spire"],"gold_per_floor":[483,493,513,715,245,259,286,318,332,351,412,412,412,412],"floor_reached":12,"language":"ENG","playtime":996,"items_purged":["ReplayTheSpireMod:Splinters"],"score":104,"play_id":"ae6ad36f-0b6a-4a12-9b67-a56c882074d6","local_time":"20210130130428","is_ascension_mode":true,"campfire_choices":[{"data":"sneckomod:QuickBite","floor":1,"key":"SMITH"}],"circlet_count":0,"master_deck":["sneckomod:QuickBite+1","sneckomod:Strike","sneckomod:Strike","sneckomod:Defend","sneckomod:Defend","sneckomod:TailWhip","sneckomod:SnekBite","sneckomod:Unknown","sneckomod:Unknown","sneckomod:IronFang","sneckomod:RainOfDice","sneckomod:UnknownUncommonAttack","sneckomod:QuickBite","sneckomod:CheapStock","sneckomod:UnknownRareAttack","sneckomod:UnknownRareSkill","sneckomod:UnknownRarePower","sneckomod:IronFang","sneckomod:DiceBlock","sneckomod:UnknownUncommonPower","sneckomod:UnknownColorless"],"relics":["sneckomod:SneckoSoul","EVO:Axolotl","Potion Belt","sneckomod:RareBoosterPack","ReplayFunnel","StuffTheSpire:MayFlowers","Ginger"],"acts_visited":["Exordium"],"potions_floor_usage":[8,8,9,11,11],"damage_taken":[{"damage":5,"enemies":"2 Louse","floor":2,"turns":2},{"damage":0,"enemies":"Small Slimes","floor":3,"turns":2},{"damage":0,"enemies":"downfall:FleeingMerchant","floor":5,"turns":4},{"damage":27,"enemies":"Jaw Worm","floor":6,"turns":3},{"damage":17,"enemies":"Lagavulin","floor":8,"turns":5},{"damage":15,"enemies":"3 Louse","floor":9,"turns":4},{"damage":13,"enemies":"2 Fungi Beasts","floor":10,"turns":4},{"damage":20,"enemies":"Lagavulin Event","floor":11,"turns":4},{"damage":7,"enemies":"Replay:BlueRogue","floor":12,"turns":1}],"seed_played":"1908337831737302938","potions_obtained":[{"floor":0,"key":"Death Potion"},{"floor":0,"key":"Toxic Potion"},{"floor":0,"key":"SteroidPotion"},{"floor":3,"key":"hexamod:SoulburnPotion"},{"floor":8,"key":"Fruit Juice"},{"floor":10,"key":"SpeedPotion"}],"is_trial":false,"path_per_floor":["R","M","M","?","$","M","T","E","M","M","?","E"],"character_chosen":"THE_SNECKO","items_purchased":["Potion Belt","sneckomod:CheapStock","sneckomod:RareBoosterPack"],"campfire_rested":0,"item_purchase_floors":[5,5,5],"current_hp_per_floor":[81,76,76,76,76,64,64,47,37,24,4,0,0,0],"gold":412,"neow_bonus":"THREE_SMALL_POTIONS","is_daily":false,"chose_seed":false,"campfire_upgraded":1,"win_rate":0.0,"timestamp":1612029868,"path_taken":["R","M","M","?","$","M","T","E","M","M","?","E"],"items_purchased_type":["Relic","Card","Relic"],"build_version":"2020-12-22","purchased_purges":1,"victory":false,"max_hp_per_floor":[90,90,90,90,90,90,90,90,95,95,95,95,95,95],"card_choices":[{"not_picked":["sneckomod:SoulDraw","sneckomod:UnknownCommonSkill"],"picked":"sneckomod:IronFang","floor":2},{"not_picked":["sneckomod:DiceBoulder","sneckomod:UnknownCommonAttack"],"picked":"sneckomod:RainOfDice","floor":3},{"not_picked":["sneckomod:WideSting","sneckomod:SoulRoll"],"picked":"sneckomod:UnknownUncommonAttack","floor":4},{"not_picked":["sneckomod:DiceCrush","sneckomod:SoulRoll"],"picked":"sneckomod:QuickBite","floor":5},{"not_picked":["sneckomod:RainOfDice","sneckomod:UnknownCommonSkill"],"picked":"sneckomod:IronFang","floor":6},{"not_picked":["sneckomod:UnknownBlock","sneckomod:IronFang"],"picked":"sneckomod:DiceBlock","floor":8},{"not_picked":["sneckomod:UnknownDraw","sneckomod:Memorize"],"picked":"sneckomod:UnknownUncommonPower","floor":9},{"not_picked":["sneckomod:UnknownCommonAttack","sneckomod:SoulDraw","sneckomod:DiceCrush"],"picked":"SKIP","floor":10},{"not_picked":["sneckomod:Nope","sneckomod:PureSnecko"],"picked":"sneckomod:UnknownColorless","floor":11}],"player_experience":921494,"relics_obtained":[{"floor":7,"key":"ReplayFunnel"},{"floor":8,"key":"StuffTheSpire:MayFlowers"},{"floor":11,"key":"Ginger"}],"event_choices":[],"is_beta":false,"boss_relics":[],"items_purged_floors":[5],"is_endless":false,"potions_floor_spawned":[3,8,10],"killed_by":"Replay:BlueRogue","ascension_level":6}}