{"host":"usru02jcpe2a942d","time":1612012101,"event":{"mods":["Act Like it!","BaseMod","Colored Powertips","GifTheSpireLib","Highlight Path","Hubris","Infinite Spire","Jedi Mod","Marisa£¨ìFÓê¡¡Ä§ÀíÉ³£©","Minty Spire (QoL Compilation)","MostiFishMod","Pale of the Ancients","Quick Restart","Reimu£¨²©ÀöÁéÃÎ£©","Relic Stats","Remilia£¨ÀÙÃ×ÀòÑÇ£©","RumiaBox-Â¶Ã×æ«µÄÉñÃØºÐ×Ó","StSLib","noobMod","¡¾ÒÅÎï¿¨ÅÆ¡¿REMEMod","óô»ðÖ¸ÄÏ"],"gold_per_floor":[118,128,143,318,337,337,352,352,375,150,150,169,184,184,184,283,283,298,0,12,31,47,47,80,93,146,146,146,146,166,177,177,177,177],"floor_reached":33,"language":"ZHS","playtime":1207,"items_purged":["Strike_RM"],"score":338,"play_id":"df39576f-3802-4ae0-92ed-47b54ed8f219","local_time":"20210130210821","is_ascension_mode":false,"campfire_choices":[{"data":"CeilingFear","floor":6,"key":"SMITH"},{"data":"MiserableFate","floor":8,"key":"SMITH"},{"data":"BloodyMagicSquare","floor":15,"key":"SMITH"},{"data":"ScarletCoffin","floor":23,"key":"SMITH"},{"data":"QueenOfMidnight","floor":29,"key":"SMITH"},{"data":"Septette","floor":32,"key":"SMITH"}],"circlet_count":0,"master_deck":["Strike_RM+1","Strike_RM","Strike_RM","Defend_RM","Defend_RM","Defend_RM","Defend_RM","RedMoon","ScarletShoot+1","CeilingFear+1","RedMagic","RedRainbow","ScarletDevil","Doubt","NightDance","MiserableFate+1","VampireKiss","MillenniumVampire","BloodyMagicSquare+1","ScarletCoffin+1","BlasphemousPunishment+1","Swift Strike+1","BloodHunter","Septette+1","BloodAndWine+1","QueenOfMidnight+1","UnstableMagic+1"],"relics":["ScarletHat","DaveBox","ice","REME_ComplimentaryCards","Civilization","SynthV:TestCard","RuthlessExorcism:ReiMu","TentaclePot:ReiMu","REME_LowDesire","SynthV:C4","hubris:SlimyHat","Civilization","Art of War","MagicDraw1","ZombieArmy","hubris:BottledHeart"],"acts_visited":["Exordium","TheCity"],"potions_floor_usage":[20,21,21],"damage_taken":[{"damage":0,"enemies":"Cultist","floor":1,"turns":3},{"damage":0,"enemies":"Small Slimes","floor":2,"turns":4},{"damage":3,"enemies":"Jaw Worm","floor":3,"turns":4},{"damage":11,"enemies":"Gremlin Gang","floor":5,"turns":3},{"damage":0,"enemies":"Blue Slaver","floor":7,"turns":1},{"damage":0,"enemies":"Large Slime","floor":12,"turns":6},{"damage":0,"enemies":"3 Louse","floor":13,"turns":2},{"damage":49,"enemies":"Hexaghost","floor":16,"turns":8},{"damage":58,"enemies":"Chosen","floor":18,"turns":3},{"damage":44,"enemies":"Shell Parasite","floor":20,"turns":1},{"damage":16,"enemies":"Snake Plant","floor":21,"turns":1},{"damage":24,"enemies":"3 Cultists","floor":22,"turns":2},{"damage":17,"enemies":"Gremlin Leader","floor":24,"turns":3},{"damage":11,"enemies":"Centurion and Healer","floor":25,"turns":2},{"damage":0,"enemies":"Sentry and Sphere","floor":30,"turns":2},{"damage":0,"enemies":"Snecko","floor":31,"turns":3},{"damage":0,"enemies":"Champ","floor":33,"turns":1}],"seed_played":"7220643721971729436","potions_obtained":[{"floor":2,"key":"jedi:StrikingPotion"},{"floor":3,"key":"REME_GoldPotion"},{"floor":5,"key":"SpeedPotion"},{"floor":20,"key":"jedi:StrikingPotion"},{"floor":22,"key":"ZuzhouPotion:ReiMu"},{"floor":30,"key":"GrandPatriotsElixir:ReiMu"}],"is_trial":false,"path_per_floor":["M","M","M","?","M","R","M","R","T","$","?","M","M","?","R","B",null,"M","?","M","M","M","R","E","M","T","?","?","R","M","M","R","B"],"character_chosen":"REMILIA","items_purchased":["TentaclePot:ReiMu"],"campfire_rested":0,"item_purchase_floors":[10],"current_hp_per_floor":[83,86,87,87,81,81,87,87,87,87,87,93,98,98,98,70,115,68,68,31,28,14,14,21,22,22,1,1,1,1,1,1,1,1],"gold":177,"neow_bonus":"TEN_PERCENT_HP_BONUS","is_daily":false,"chose_seed":false,"campfire_upgraded":6,"win_rate":0.0,"timestamp":1612012101,"path_taken":["M","?","?","?","M","R","M","R","T","$","?","M","?","?","R","BOSS","M","?","M","M","?","R","E","M","T","?","?","R","M","?","R","BOSS"],"items_purchased_type":["Relic"],"build_version":"2020-12-22","purchased_purges":1,"victory":false,"max_hp_per_floor":[83,86,90,90,95,95,100,100,100,100,100,105,110,110,110,115,115,120,120,126,133,143,143,153,163,163,1,1,1,1,1,1,1,1],"relic_stats":{"counters":[17,49],"Art of War":[1],"obtain_stats":[{"DaveBox":0,"TentaclePot:ReiMu":10,"ice":0,"hubris:SlimyHat":17,"ScarletHat":0,"SynthV:C4":17,"MagicDraw1":24,"Civilization":0,"SynthV:TestCard":1,"hubris:BottledHeart":27,"Art of War":21,"REME_LowDesire":17,"jedi:command_shop":19,"REME_ComplimentaryCards":0,"RuthlessExorcism:ReiMu":9,"ZombieArmy":26},{"DaveBox":0,"TentaclePot:ReiMu":5,"ice":0,"hubris:SlimyHat":8,"ScarletHat":0,"SynthV:C4":8,"MagicDraw1":13,"Civilization":0,"SynthV:TestCard":1,"hubris:BottledHeart":14,"Art of War":11,"REME_LowDesire":8,"jedi:command_shop":9,"REME_ComplimentaryCards":0,"RuthlessExorcism:ReiMu":5,"ZombieArmy":14},{"DaveBox":0,"TentaclePot:ReiMu":15,"ice":0,"hubris:SlimyHat":31,"ScarletHat":0,"SynthV:C4":31,"MagicDraw1":41,"Civilization":0,"SynthV:TestCard":3,"hubris:BottledHeart":43,"Art of War":36,"REME_LowDesire":31,"jedi:command_shop":34,"REME_ComplimentaryCards":0,"RuthlessExorcism:ReiMu":15,"ZombieArmy":43}]},"card_choices":[{"not_picked":["BlasphemousPunishment","NightLord"],"picked":"RedMagic","floor":1},{"not_picked":["FavorOfDestiny","DiffusionOfMisfortune","Stigmanizer","StarOfDavid"],"picked":"RedRainbow","floor":2},{"not_picked":["CharismaGuard","HellCatastrophe","BadLadyScramble","EndlessAdversity"],"picked":"ScarletDevil","floor":3},{"not_picked":["FavorOfDestiny","ScarletDevil","VampireSweep","FitfulNightmare"],"picked":"NightDance","floor":5},{"not_picked":["DiffusionOfMisfortune","NightDance","ReincarnationDial","ScarletNetherworld"],"picked":"MiserableFate","floor":7},{"not_picked":["EndlessAdversity","RedMagic","Maim","UnstableMagic"],"picked":"VampireKiss","floor":12},{"not_picked":["EquivalentExchange","UnderTheZenith","EmergencyRegeneration","NightDance"],"picked":"MillenniumVampire","floor":13},{"not_picked":["CeilingFear","TransientEternity","DemonKingCradle","ForecastOfChange"],"picked":"ScarletCoffin","floor":16},{"not_picked":["ScarletImprint","CharismaGuard","HunterOfTheNight","MiserableFate","REME_BattleFury"],"picked":"BlasphemousPunishment+1","floor":18},{"not_picked":["ForbiddenFruit","RedRainbow","Ultimatum+1","HunterOfTheNight","NightDance+1"],"picked":"Swift Strike+1","floor":20},{"not_picked":["NightDance","UnstableMagic","Stigmanizer","CurseOfVladTepes","HandOfGreed"],"picked":"BloodHunter","floor":21},{"not_picked":["DiffusionOfMisfortune","ScarletImprint","NightDance","ForbiddenFruit","jedi:forcepush"],"picked":"Septette","floor":22},{"not_picked":["UnstableMagic","RedNightlessCastle","UltimateOffering","EquivalentExchange","Blind"],"picked":"BloodAndWine+1","floor":24},{"not_picked":["UnderTheZenith+1","BloodHunter","MiserableFate","VampireSweep","BadLadyScramble+1","REME_BuildACard"],"picked":"SKIP","floor":25},{"not_picked":["DevilSight+1","StarOfDavid","BombardNight","ForbiddenFruit","NightDance","Mayhem"],"picked":"SKIP","floor":30},{"not_picked":["HunterOfTheNight","BloodHunter","EndlessAdversity","ForbiddenFruit","Forethought"],"picked":"UnstableMagic+1","floor":31}],"player_experience":237847,"relics_obtained":[{"floor":1,"key":"SynthV:TestCard"},{"floor":9,"key":"RuthlessExorcism:ReiMu"},{"floor":17,"key":"SynthV:C4"},{"floor":17,"key":"hubris:SlimyHat"},{"floor":21,"key":"Art of War"},{"floor":24,"key":"MagicDraw1"},{"floor":26,"key":"ZombieArmy"}],"event_choices":[{"damage_healed":0,"gold_gain":175,"player_choice":"AGREE","damage_taken":0,"max_hp_gain":0,"max_hp_loss":0,"event_name":"Liars Game","floor":4,"gold_loss":0,"cards_obtained":["Doubt"]},{"damage_healed":0,"gold_gain":0,"player_choice":"Forge","damage_taken":0,"max_hp_gain":0,"max_hp_loss":0,"event_name":"Accursed Blacksmith","floor":11,"gold_loss":0,"cards_upgraded":["ScarletShoot"]},{"damage_healed":0,"gold_gain":0,"player_choice":"1 cards matched","damage_taken":0,"max_hp_gain":0,"max_hp_loss":0,"event_name":"Match and Keep!","floor":28,"gold_loss":0,"cards_obtained":["QueenOfMidnight"]}],"is_beta":false,"boss_relics":[{"not_picked":["hubris:HollowSoul","MoonlightInvasionPlan"],"picked":"REME_LowDesire"}],"items_purged_floors":[10],"is_endless":false,"potions_floor_spawned":[2,3,5,20,22,31],"killed_by":"Champ","ascension_level":0}}