{"host":"w8jq41i5zn1fudf9","time":1612040847,"event":{"mods":["AchievementEnabler","BaseMod","Colored Map","Colored Powertips","Curses Come First","GifTheSpireLib","Googly Eyes","Minty Spire (QoL Compilation)","Quick Restart","Rare Cards Sparkle","Relic Stats","StSLib","The Awakened One except there are too many feathers","egg","everything is the same but u backflip on backflip","slay the spire mod where everything is the same but ironclad has a cowboy hat"],"gold_per_floor":[119,49,49,49,120,153,153,173,173,191,191,191,191,204,204,302,302,315,9,9,24,24,24,41,57,57,57,57,92,92,118,118,223,223,241,253,303,303,318,351,351,351,351,12,0,20,20,20,20,20],"floor_reached":51,"language":"ENG","playtime":1195,"items_purged":["Decay"],"score":839,"play_id":"5ebd84d1-d4e0-4186-ac42-1744468dc637","local_time":"20210130140727","is_ascension_mode":true,"campfire_choices":[{"data":"Dualcast","floor":12.0,"key":"SMITH"},{"data":"Doom and Gloom","floor":15.0,"key":"SMITH"},{"data":"Electrodynamics","floor":23.0,"key":"SMITH"},{"floor":30.0,"key":"REST"},{"floor":32.0,"key":"REST"},{"floor":41,"key":"REST"},{"data":"Rainbow","floor":47,"key":"SMITH"},{"floor":49,"key":"REST"}],"circlet_count":0,"master_deck":["Strike_B+1","Strike_B+1","Strike_B+1","Strike_B+1","Defend_B+1","Defend_B+1","Defend_B+1","Defend_B+1","Zap+1","Dualcast+1","Compile Driver","Doom and Gloom","Doom and Gloom+1","Melter","Ball Lightning+1","Electrodynamics+1","Glacier+1","Rainbow+1","Coolheaded+1","Writhe","Compile Driver+1","Impatience"],"relics":["Cracked Core","NeowsBlessing","Eternal Feather","Centennial Puzzle","CultistMask","Calipers","Molten Egg 2","Busted Crown","Happy Flower","Tiny Chest","MutagenicStrength","War Paint","Thread and Needle","Potion Belt","SacredBark","CaptainsWheel","Emotion Chip","Pocketwatch","Letter Opener","Membership Card","Ice Cream","Red Mask"],"acts_visited":["Exordium","TheCity","TheBeyond"],"potions_floor_usage":[39,50,50,50],"damage_taken":[{"damage":0.0,"enemies":"Cultist","floor":1.0,"turns":1.0},{"damage":0.0,"enemies":"3 Sentries","floor":6.0,"turns":1.0},{"damage":0.0,"enemies":"Small Slimes","floor":8.0,"turns":1.0},{"damage":7.0,"enemies":"2 Louse","floor":10.0,"turns":2.0},{"damage":6.0,"enemies":"Exordium Wildlife","floor":14.0,"turns":2.0},{"damage":67.0,"enemies":"The Guardian","floor":16.0,"turns":9.0},{"damage":0.0,"enemies":"Spheric Guardian","floor":18.0,"turns":1.0},{"damage":12.0,"enemies":"2 Thieves","floor":21.0,"turns":2.0},{"damage":0.0,"enemies":"Snecko","floor":24.0,"turns":3.0},{"damage":16.0,"enemies":"Snake Plant","floor":25.0,"turns":2.0},{"damage":43.0,"enemies":"Slavers","floor":29.0,"turns":3.0},{"damage":34.0,"enemies":"Collector","floor":33.0,"turns":6.0},{"damage":19.0,"enemies":"3 Darklings","floor":35.0,"turns":3.0},{"damage":0.0,"enemies":"3 Shapes","floor":36.0,"turns":2.0},{"damage":6.0,"enemies":"Mind Bloom Boss Battle","floor":37.0,"turns":7.0},{"damage":18,"enemies":"3 Darklings","floor":39,"turns":2},{"damage":42,"enemies":"Reptomancer","floor":40,"turns":7},{"damage":0,"enemies":"Sphere and 2 Shapes","floor":46,"turns":2},{"damage":42,"enemies":"Donu and Deca","floor":50,"turns":8}],"seed_played":"-5751716339918656408","potions_obtained":[{"floor":1.0,"key":"Regen Potion"},{"floor":6.0,"key":"GamblersBrew"},{"floor":16.0,"key":"Explosive Potion"},{"floor":24.0,"key":"PotionOfCapacity"},{"floor":35.0,"key":"Dexterity Potion"},{"floor":36.0,"key":"PowerPotion"}],"is_trial":false,"path_per_floor":["M","$","?","$","?","E","?","M","T","M","?","R","T","M","R","B",null,"M","$","?","M","?","R","M","M","T","$","?","E","R","T","R","B",null,"M","M","?","?","M","E","R","T","T","$","?","M","R","?","R","B",null],"character_chosen":"DEFECT","items_purchased":["Doom and Gloom","Happy Flower","Tiny Chest","Membership Card","Ice Cream"],"campfire_rested":4,"item_purchase_floors":[2,19,19,44,44],"current_hp_per_floor":[75,75,75,75,75,75,75,75,75,68,68,74,74,68,75,8,75,75,75,75,63,63,72,72,56,56,56,56,13,44,44,75,41,75,56,56,50,69,51,9,43,43,43,43,43,43,55,55,75,33],"gold":20,"neow_bonus":"THREE_ENEMY_KILL","is_daily":false,"chose_seed":false,"campfire_upgraded":4,"win_rate":0.0,"timestamp":1612040847,"path_taken":["M","$","?","?","?","E","?","?","T","M","?","R","?","M","R","BOSS","M","$","?","M","?","R","M","M","T","$","?","E","R","?","R","BOSS","M","M","?","?","?","E","R","?","T","?","?","M","R","?","R","BOSS"],"items_purchased_type":["Card","Relic","Relic","Relic","Relic"],"build_version":"2020-12-22","purchased_purges":1,"victory":true,"max_hp_per_floor":[75,75,75,75,75,75,75,75,75,75,75,75,75,75,75,75,75,75,75,75,75,75,75,75,75,75,75,75,75,75,75,75,75,75,75,75,75,75,75,75,75,75,75,75,75,75,75,75,75,75],"relic_stats":{"Centennial Puzzle":[36],"Emotion Chip":[23,12,4,7,0],"Busted Crown":26,"Happy Flower":[15],"counters":[19,64],"Eternal Feather":76,"Tiny Chest":2,"Letter Opener":[35],"War Paint":["Glacier"],"obtain_stats":[{"Potion Belt":31,"Ice Cream":44,"Calipers":9,"NeowsBlessing":0,"Happy Flower":19,"SacredBark":34,"Eternal Feather":3,"Thread and Needle":29,"Letter Opener":43,"War Paint":26,"Centennial Puzzle":6,"CaptainsWheel":37,"Emotion Chip":40,"Busted Crown":17,"MutagenicStrength":20,"Molten Egg 2":13,"Tiny Chest":19,"CultistMask":7,"Red Mask":45,"Membership Card":44,"Cracked Core":0,"Pocketwatch":42},{"Potion Belt":11,"Ice Cream":17,"Calipers":3,"NeowsBlessing":0,"Happy Flower":7,"SacredBark":12,"Eternal Feather":1,"Thread and Needle":11,"Letter Opener":17,"War Paint":10,"Centennial Puzzle":2,"CaptainsWheel":15,"Emotion Chip":17,"Busted Crown":6,"MutagenicStrength":7,"Molten Egg 2":4,"Tiny Chest":7,"CultistMask":2,"Red Mask":17,"Membership Card":17,"Cracked Core":0,"Pocketwatch":17},{"Potion Belt":27,"Ice Cream":54,"Calipers":3,"NeowsBlessing":0,"Happy Flower":17,"SacredBark":33,"Eternal Feather":1,"Thread and Needle":27,"Letter Opener":54,"War Paint":24,"Centennial Puzzle":2,"CaptainsWheel":45,"Emotion Chip":54,"Busted Crown":16,"MutagenicStrength":17,"Molten Egg 2":5,"Tiny Chest":17,"CultistMask":2,"Red Mask":54,"Membership Card":54,"Cracked Core":0,"Pocketwatch":54}],"Pocketwatch":[11]},"card_choices":[{"not_picked":["Lockon","Hologram"],"picked":"Compile Driver","floor":1.0},{"not_picked":["Blizzard","Steam"],"picked":"Doom and Gloom","floor":6.0},{"not_picked":["Chaos","Hello World","Darkness"],"picked":"SKIP","floor":8.0},{"not_picked":["Static Discharge","Sunder"],"picked":"Melter","floor":10.0},{"not_picked":["Turbo","Compile Driver+1"],"picked":"Ball Lightning+1","floor":14.0},{"not_picked":["Echo Form","Meteor Strike+1"],"picked":"Electrodynamics","floor":16.0},{"not_picked":["Blizzard+1"],"picked":"SKIP","floor":18.0},{"not_picked":[],"picked":"Glacier","floor":21.0},{"not_picked":["Stack"],"picked":"SKIP","floor":24.0},{"not_picked":["Coolheaded"],"picked":"SKIP","floor":25.0},{"not_picked":["FTL+1"],"picked":"SKIP","floor":29.0},{"not_picked":[],"picked":"Rainbow","floor":33.0},{"not_picked":[],"picked":"Coolheaded+1","floor":35.0},{"not_picked":["Force Field+1"],"picked":"SKIP","floor":36.0},{"not_picked":["Gash+1"],"picked":"SKIP","floor":39},{"not_picked":[],"picked":"Compile Driver+1","floor":40},{"not_picked":["Turbo"],"picked":"SKIP","floor":46},{"not_picked":[],"picked":"Impatience","floor":48}],"player_experience":74717,"relics_obtained":[{"floor":6.0,"key":"Centennial Puzzle"},{"floor":9.0,"key":"Calipers"},{"floor":13.0,"key":"Molten Egg 2"},{"floor":26.0,"key":"War Paint"},{"floor":29.0,"key":"Thread and Needle"},{"floor":31.0,"key":"Potion Belt"},{"floor":37.0,"key":"CaptainsWheel"},{"floor":40,"key":"Emotion Chip"},{"floor":42,"key":"Pocketwatch"},{"floor":43,"key":"Letter Opener"}],"event_choices":[{"damage_healed":0.0,"max_hp_gain":0.0,"max_hp_loss":0.0,"gold_gain":0.0,"event_name":"WeMeetAgain","player_choice":"Gave Potion","floor":3.0,"gold_loss":0.0,"damage_taken":0.0,"relics_obtained":["Eternal Feather"]},{"damage_healed":0.0,"max_hp_gain":0.0,"max_hp_loss":0.0,"gold_gain":71.0,"event_name":"Golden Wing","player_choice":"Gained Gold","floor":5.0,"gold_loss":0.0,"damage_taken":0.0},{"damage_healed":0.0,"max_hp_gain":0.0,"max_hp_loss":0.0,"gold_gain":0.0,"event_name":"FaceTrader","player_choice":"Trade","floor":7.0,"gold_loss":0.0,"damage_taken":0.0,"relics_obtained":["CultistMask"]},{"damage_healed":0.0,"max_hp_gain":0.0,"max_hp_loss":0.0,"gold_gain":0.0,"event_name":"Living Wall","player_choice":"Grow","floor":11.0,"gold_loss":0.0,"damage_taken":0.0,"cards_upgraded":["Zap"]},{"damage_healed":0.0,"max_hp_gain":0.0,"max_hp_loss":0.0,"gold_gain":0.0,"event_name":"Drug Dealer","player_choice":"Inject Mutagens","floor":20.0,"gold_loss":0.0,"damage_taken":0.0,"relics_obtained":["MutagenicStrength"]},{"damage_healed":0.0,"max_hp_gain":0.0,"max_hp_loss":0.0,"gold_gain":0.0,"event_name":"Back to Basics","player_choice":"Simplicity","floor":22.0,"gold_loss":0.0,"damage_taken":0.0,"cards_upgraded":["Strike_B","Strike_B","Strike_B","Strike_B","Defend_B","Defend_B","Defend_B","Defend_B"]},{"damage_healed":0.0,"max_hp_gain":0.0,"max_hp_loss":0.0,"gold_gain":0.0,"event_name":"Forgotten Altar","player_choice":"Smashed Altar","floor":28.0,"gold_loss":0.0,"damage_taken":0.0,"cards_obtained":["Decay"]},{"damage_healed":0.0,"max_hp_gain":0.0,"max_hp_loss":0.0,"gold_gain":0.0,"event_name":"MindBloom","player_choice":"Fight","floor":37.0,"gold_loss":0.0,"damage_taken":0.0},{"damage_healed":19,"gold_gain":0,"player_choice":"Writhe","damage_taken":0,"max_hp_gain":0,"max_hp_loss":0,"event_name":"Winding Halls","floor":38,"gold_loss":0,"cards_obtained":["Writhe"]},{"damage_healed":0,"gold_gain":0,"player_choice":"Paid","damage_taken":0,"relics_obtained":["Red Mask"],"max_hp_gain":0,"max_hp_loss":0,"event_name":"Tomb of Lord Red Mask","floor":45,"gold_loss":12},{"damage_healed":0,"gold_gain":0,"player_choice":"Memory 1","damage_taken":0,"max_hp_gain":0,"max_hp_loss":0,"event_name":"SensoryStone","floor":48,"gold_loss":0}],"is_beta":false,"boss_relics":[{"not_picked":["Fusion Hammer","Runic Dome"],"picked":"Busted Crown"},{"not_picked":["Sozu","Coffee Dripper"],"picked":"SacredBark"}],"items_purged_floors":[44],"is_endless":false,"potions_floor_spawned":[1,6,16,24,25,29,35,36],"ascension_level":3}}