{"host":"6eswuwtz6j8isipc","time":1612024027,"event":{"mods":["Astrologer","BaseMod","Better Third Choice","BetterRewards","Colored Map","Conspire","Hero for Fun","Hubris","Infinite Spire","Lobotomy","Minty Spire (QoL Compilation)","Permanent Neow","Reliquary","Replay The Spire","Spicy Shops","StSLib","The Animator"],"gold_per_floor":[17,17,31,31,31,31,65,75,145,145,155,155,174,206,206,309,309,326,336,336,336],"floor_reached":20,"language":"ENG","playtime":1569,"items_purged":[],"score":309,"play_id":"d09f151a-22ec-4291-b136-d1b45ec9b268","local_time":"20210130112707","is_ascension_mode":false,"campfire_choices":[{"floor":6,"key":"RECALL"},{"data":"Consecutive_Normal_Punch","floor":15,"key":"SMITH"}],"circlet_count":0,"master_deck":["Strike_Y","Strike_Y+1","Strike_Y","Strike_Y","Strike_Y+1","Defend_Y","Defend_Y","Defend_Y","Defend_Y","Defend_Y","SpiderBud","WallGazer","Porccubus","MeatLantern","DespairKnight","Ignore+1","Yin","Consecutive_Normal_Punch+1","LittlePrince","Serious_Punch","hubris:Gluttony","Overencumbered","Pain","Murderer","OSAHOGD","Wear_Disguise"],"relics":["Cape","CogitoBucket","ReplayTheSpireMod:Ring of Addiction","Ring of Hypnosis","Chameleon Ring","Toy Ornithopter","Bag of Preparation","conspire:DeflatedDodgeball","AspirationHeart","Sundial","Replay:Ancient Bell","Replay:Baseball","Sundial","Peace Pipe"],"acts_visited":["Exordium","TheCity"],"potions_floor_usage":[],"damage_taken":[{"damage":0,"enemies":"Small Slimes","floor":1,"turns":1},{"damage":0,"enemies":"2 Louse","floor":3,"turns":1},{"damage":0,"enemies":"Gremlin Nob","floor":7,"turns":1},{"damage":0,"enemies":"Jaw Worm","floor":8,"turns":1},{"damage":0,"enemies":"Looter","floor":11,"turns":1},{"damage":0,"enemies":"Red Slaver","floor":13,"turns":2},{"damage":0,"enemies":"Lagavulin","floor":14,"turns":1},{"damage":0,"enemies":"Fading Forest","floor":16,"turns":2},{"damage":0,"enemies":"Chosen","floor":18,"turns":1},{"damage":0,"enemies":"Spheric Guardian","floor":19,"turns":1},{"damage":0,"enemies":"conspire:HollyBat","floor":20,"turns":2}],"seed_played":"913669654681307436","potions_obtained":[{"floor":1,"key":"PowerPotion"},{"floor":2,"key":"SneckoOil"},{"floor":2,"key":"PowerPotion"}],"is_trial":false,"path_per_floor":["M","?","M","?","?","R","E","M","T","T","M","?","M","E","R","B",null,"M","M","M"],"character_chosen":"OPM","items_purchased":[],"campfire_rested":0,"item_purchase_floors":[],"current_hp_per_floor":[999,999,999,999,999,997,997,997,995,995,995,993,1003,1003,1001,1001,1001,999,999,0,0],"gold":336,"neow_bonus":"","is_daily":false,"chose_seed":false,"campfire_upgraded":1,"win_rate":0.0,"timestamp":1612024027,"path_taken":["M","?","M","?","?","R","E","M","T","?","?","?","M","E","R","BOSS","M","M","M"],"items_purchased_type":[],"build_version":"2020-12-22","purchased_purges":0,"victory":false,"max_hp_per_floor":[999,999,999,999,999,997,997,997,995,995,995,993,1003,1003,1001,1001,1001,999,999,999,999],"card_choices":[{"not_picked":["OSAHOGD","BeautyBeast"],"picked":"SpiderBud","floor":1},{"not_picked":["Side_Hop","Normal_Punch","Yawn"],"picked":"SKIP","floor":1},{"not_picked":["WhitesApple","Freischutz"],"picked":"WallGazer","floor":3},{"not_picked":["Hop","Ignore","Yawn"],"picked":"SKIP","floor":3},{"not_picked":["OSAHOGD","CherryBlossoms"],"picked":"Porccubus","floor":7},{"not_picked":["Do_Nothing","Side_Hop","Hop"],"picked":"SKIP","floor":7},{"not_picked":["Funeral","Variant"],"picked":"MeatLantern","floor":8},{"not_picked":["Ignore","Hop","Yawn"],"picked":"SKIP","floor":8},{"not_picked":["OldLady","Scorched"],"picked":"DespairKnight","floor":11},{"not_picked":["Normal_Punch","Do_Nothing"],"picked":"Ignore","floor":11},{"not_picked":["PunishingBird","OSAHOGD"],"picked":"Yin","floor":13},{"not_picked":["Do_Nothing","Yawn","Ignore"],"picked":"SKIP","floor":13},{"not_picked":["Side_Hop","Toss_Stone"],"picked":"Consecutive_Normal_Punch","floor":14},{"not_picked":["Wellcheers","VoidDream"],"picked":"LittlePrince","floor":16},{"not_picked":["Hip_Strike","Oh"],"picked":"Serious_Punch","floor":16},{"not_picked":["hubris:Lust","hubris:Despair"],"picked":"hubris:Gluttony","floor":17},{"not_picked":["hubris:Compulsion","hubris:Lust"],"picked":"Overencumbered","floor":17},{"not_picked":["hubris:Compulsion","Delirium"],"picked":"Pain","floor":17},{"not_picked":["BigBadWolf","HappyTeddy"],"picked":"Murderer","floor":18},{"not_picked":["Normal_Punch","Slap+1","Ignore"],"picked":"SKIP","floor":18},{"not_picked":["BeautyBeast","PunishingBird"],"picked":"OSAHOGD","floor":19},{"not_picked":["Yawn","Side_Hop+1"],"picked":"Wear_Disguise","floor":19}],"player_experience":1310673,"relics_obtained":[{"floor":2,"key":"ReplayTheSpireMod:Ring of Addiction"},{"floor":2,"key":"Ring of Hypnosis"},{"floor":2,"key":"Chameleon Ring"},{"floor":2,"key":"Toy Ornithopter"},{"floor":7,"key":"Bag of Preparation"},{"floor":10,"key":"conspire:DeflatedDodgeball"},{"floor":14,"key":"Sundial"}],"event_choices":[{"damage_healed":999,"gold_gain":0,"player_choice":"Upgrade","damage_taken":200,"max_hp_gain":0,"max_hp_loss":999,"event_name":"betterThird:BetterShining","floor":4,"gold_loss":0,"cards_upgraded":["Strike_Y","Strike_Y"]},{"cards_removed":["Hallucinations"],"damage_healed":0,"gold_gain":0,"player_choice":"Card Removal","damage_taken":7,"max_hp_gain":0,"max_hp_loss":0,"event_name":"Golden Wing","floor":5,"gold_loss":0},{"damage_healed":0,"gold_gain":0,"player_choice":"Forge","damage_taken":0,"max_hp_gain":0,"max_hp_loss":0,"event_name":"Accursed Blacksmith","floor":12,"gold_loss":0,"cards_upgraded":["Ignore"]}],"is_beta":false,"boss_relics":[{"not_picked":["SacredBark","Honey Jar"],"picked":"Replay:Ancient Bell"},{"not_picked":["reliquary:SilkGlove","Strawberry"],"picked":"Replay:Baseball"},{"not_picked":["Replay:Ringing Soul","hubris:Reverence"],"picked":"reliquary:SculptingSteel"},{"not_picked":["Old Coin","Torii"],"picked":"Peace Pipe"}],"items_purged_floors":[],"is_endless":false,"potions_floor_spawned":[1,8,11,14,19],"killed_by":"conspire:HollyBat","ascension_level":0}}