{"host":"2qyxu97h6u4ukicb","time":1612033018,"event":{"mods":["AchievementEnabler","BaseMod","BetterRewards","Colored Map","Colored Powertips","Minty Spire (QoL Compilation)","Replay The Spire","Shop Mod","StSLib"],"gold_per_floor":[115,115,85,85,95,95,95,95,95,95,157,171,205,235,235,335,335,353,81,0,99,99,99,116,133,187,187,187,187,204,204,204],"floor_reached":31,"language":"ENG","playtime":1148,"items_purged":["Regret"],"score":281,"play_id":"d7532431-eda5-44dd-b4eb-d5b81653beca","local_time":"20210130125658","is_ascension_mode":false,"campfire_choices":[{"data":"ForeignInfluence","floor":6,"key":"SMITH"},{"data":"Eruption","floor":8,"key":"SMITH"},{"floor":15,"key":"REST"},{"data":"Apotheosis","floor":23,"key":"SMITH"}],"circlet_count":0,"master_deck":["Strike_P","Strike_P","Strike_P","Strike_P","Defend_P","Defend_P","Defend_P","Defend_P","Eruption+1","Vigilance+1","Replay:ManipulateFuture+1","ReplayTheSpireMod:IOU","ForeignInfluence+1","CutThroughFate","Prostrate","ReachHeaven","BowlingBash","Blasphemy","Apotheosis+1","Worship","SandsOfTime","FollowUp"],"relics":["PureWater","NeowsBlessing","Ring of Searing","Unceasing Top","Mercury Hourglass","War Paint","Juzu Bracelet","Ancient Tea Set","SlaversCollar","MerchantsRug","Frozen Egg 2","Orichalcum","Enchiridion"],"acts_visited":["Exordium","TheCity"],"potions_floor_usage":[14,14,18,18,24,30],"damage_taken":[{"damage":0,"enemies":"Small Slimes","floor":1,"turns":1},{"damage":0,"enemies":"Jaw Worm","floor":5,"turns":1},{"damage":0,"enemies":"Gremlin Nob","floor":11,"turns":1},{"damage":0,"enemies":"Cultist","floor":12,"turns":1},{"damage":19,"enemies":"Blue Slaver","floor":13,"turns":2},{"damage":3,"enemies":"3 Sentries","floor":14,"turns":3},{"damage":5,"enemies":"Slime Boss","floor":16,"turns":4},{"damage":13,"enemies":"Shell Parasite","floor":18,"turns":2},{"damage":7,"enemies":"3 Byrds","floor":24,"turns":3},{"damage":16,"enemies":"Snake Plant","floor":25,"turns":3},{"damage":11,"enemies":"Snecko","floor":30,"turns":3},{"damage":13,"enemies":"Cultist and Chosen","floor":31,"turns":3}],"seed_played":"-2265313433946005403","potions_obtained":[{"floor":1,"key":"Strength Potion"},{"floor":3,"key":"Flashbang"},{"floor":3,"key":"Doom Potion"},{"floor":12,"key":"PowerPotion"},{"floor":16,"key":"SkillPotion"},{"floor":18,"key":"PowerPotion"},{"floor":25,"key":"Fire Potion"}],"is_trial":false,"path_per_floor":["M","?","?","$","M","R","?","R","T","?","?","M","M","E","R","B",null,"M","$","?","?","T","R","M","M","T","?","$","?","M","M"],"character_chosen":"WATCHER","items_purchased":["MerchantsRug","Frozen Egg 2","Apotheosis"],"campfire_rested":1,"item_purchase_floors":[19,19,19],"current_hp_per_floor":[72,72,72,72,72,72,60,60,60,60,60,60,41,38,59,54,72,59,59,59,59,59,59,52,36,36,36,36,20,9,0,0],"gold":204,"neow_bonus":"THREE_ENEMY_KILL","is_daily":false,"chose_seed":false,"campfire_upgraded":3,"win_rate":0.0,"timestamp":1612033018,"path_taken":["M","?","?","$","?","R","?","R","T","?","?","M","M","E","R","BOSS","M","$","?","?","?","R","M","M","T","?","$","?","M","M"],"items_purchased_type":["Relic","Relic","Card"],"build_version":"2020-12-22","purchased_purges":1,"victory":false,"max_hp_per_floor":[72,72,72,72,72,72,72,72,72,72,72,72,72,72,72,72,72,72,72,72,72,72,72,72,72,72,72,72,72,72,72,72],"card_choices":[{"not_picked":["Adaptation","ClearTheMind"],"picked":"Replay:ManipulateFuture","floor":1},{"not_picked":["Replay:AtTheReady","Vengeance"],"picked":"ForeignInfluence","floor":5},{"not_picked":["EmptyFist","Evaluate"],"picked":"CutThroughFate","floor":11},{"not_picked":["Wallop","Evaluate"],"picked":"Prostrate","floor":12},{"not_picked":["Collect","FlurryOfBlows"],"picked":"ReachHeaven","floor":13},{"not_picked":["EmptyBody","CutThroughFate"],"picked":"BowlingBash","floor":14},{"not_picked":["Omniscience","Vault"],"picked":"Blasphemy","floor":16},{"not_picked":["EmptyBody","Replay:ManipulateFuture","BowlingBash"],"picked":"SKIP","floor":18},{"not_picked":["TalkToTheHand","EmptyFist"],"picked":"Worship","floor":24},{"not_picked":["EmptyBody+1","Replay:Vibes"],"picked":"SandsOfTime","floor":25},{"not_picked":["WaveOfTheHand+1","Evaluate"],"picked":"FollowUp","floor":30}],"player_experience":756112,"relics_obtained":[{"floor":2,"key":"Ring of Searing"},{"floor":9,"key":"Mercury Hourglass"},{"floor":14,"key":"Ancient Tea Set"},{"floor":26,"key":"Orichalcum"},{"floor":29,"key":"Enchiridion"}],"event_choices":[{"damage_healed":0,"gold_gain":0,"player_choice":"Bought 2 Potions","damage_taken":0,"max_hp_gain":0,"max_hp_loss":0,"event_name":"The Woman in Blue","floor":3,"gold_loss":0},{"damage_healed":0,"gold_gain":0,"player_choice":"Success","damage_taken":12,"relics_obtained":["Unceasing Top"],"max_hp_gain":0,"max_hp_loss":0,"event_name":"Scrap Ooze","floor":7,"gold_loss":0},{"damage_healed":0,"gold_gain":0,"player_choice":"Box","damage_taken":0,"relics_obtained":["War Paint"],"max_hp_gain":0,"max_hp_loss":0,"event_name":"Big Fish","floor":10,"gold_loss":0,"cards_obtained":["Regret"]},{"damage_healed":0,"gold_gain":0,"player_choice":"Searched \u00272\u0027 times","damage_taken":0,"relics_obtained":["Juzu Bracelet"],"max_hp_gain":0,"max_hp_loss":0,"event_name":"Dead Adventurer","floor":11,"gold_loss":0},{"damage_healed":0,"gold_gain":0,"player_choice":"Paid Fearfully","damage_taken":0,"max_hp_gain":0,"max_hp_loss":0,"event_name":"Masked Bandits","floor":20,"gold_loss":81},{"damage_healed":0,"gold_gain":99,"player_choice":"Stole From Cult","damage_taken":0,"max_hp_gain":0,"max_hp_loss":0,"event_name":"Nest","floor":21,"gold_loss":0},{"damage_healed":0,"gold_gain":0,"player_choice":"Ignored","damage_taken":0,"max_hp_gain":0,"max_hp_loss":0,"event_name":"Ghosts","floor":27,"gold_loss":0},{"damage_healed":0,"gold_gain":0,"player_choice":"Obtained Book","damage_taken":16,"max_hp_gain":0,"max_hp_loss":0,"event_name":"Cursed Tome","floor":29,"gold_loss":0}],"is_beta":false,"boss_relics":[{"not_picked":["Honey Jar","Kintsugi"],"picked":"Replay:Grab Bag"},{"not_picked":["ChewingGum","Ectoplasm"],"picked":"ReplayTheSpireMod:Onyx Gauntlets"},{"not_picked":["Cursed Key","ReplayTheSpireMod:DimensionalGlitch"],"picked":"Replay:Bronze Core"},{"not_picked":["VioletLotus","Ring of Chaos"],"picked":"SlaversCollar"}],"items_purged_floors":[19],"is_endless":false,"potions_floor_spawned":[1,12,13,16,18,25],"killed_by":"Cultist and Chosen","ascension_level":0}}