{"host":"pqs17sqrgflf4eqa","time":1612042440,"event":{"mods":["AchievementEnabler","BaseMod","Bestiary","Better Altar","Colored Map","Colored Powertips","Emptier Cage","Googly Eyes","Highlight Path","Minty Spire (QoL Compilation)","Quick Restart","StSLib","SuperFastMode","Transform Curses","slay the spire mod where everything is the same but ironclad has a cowboy hat"],"gold_per_floor":[116,132,132,147,147,147,180,199,199,217,292,292,306,318,318,415,415,427,438,5,5,18,43,43,76,76,108,108,108],"floor_reached":28,"language":"ENG","playtime":788,"items_purged":[],"score":366,"play_id":"944bfb62-e8d5-48cc-9e27-4f70785d27e1","local_time":"20210130163400","is_ascension_mode":true,"campfire_choices":[{"data":"Eruption","floor":6.0,"key":"SMITH"},{"data":"WindmillStrike","floor":15.0,"key":"SMITH"},{"floor":24,"key":"REST"}],"circlet_count":0,"master_deck":["Strike_P","Strike_P","Strike_P","Strike_P","Defend_P","Defend_P","Defend_P","Eruption+1","Vigilance","DeusExMachina","Perseverance","FollowUp","Consecrate","FlyingSleeves","EmptyFist","Prostrate","ClearTheMind","WindmillStrike+1","Brilliance","TalkToTheHand","BattleHymn+1","Crescendo","Conclude","Protect"],"relics":["PureWater","Sundial","Meat on the Bone","HornCleat","MealTicket","SacredBark","Orichalcum","Bottled Tornado","StrikeDummy","Pen Nib","Damaru","Frozen Egg 2"],"acts_visited":["Exordium","TheCity"],"potions_floor_usage":[23,25,28,28],"damage_taken":[{"damage":0.0,"enemies":"Cultist","floor":1.0,"turns":2.0},{"damage":12.0,"enemies":"2 Louse","floor":2.0,"turns":2.0},{"damage":0.0,"enemies":"Small Slimes","floor":4.0,"turns":4.0},{"damage":27.0,"enemies":"3 Sentries","floor":7.0,"turns":8.0},{"damage":0.0,"enemies":"Exordium Thugs","floor":8.0,"turns":2.0},{"damage":0.0,"enemies":"Blue Slaver","floor":10.0,"turns":3.0},{"damage":8.0,"enemies":"3 Louse","floor":13.0,"turns":2.0},{"damage":5.0,"enemies":"Red Slaver","floor":14.0,"turns":3.0},{"damage":15.0,"enemies":"Hexaghost","floor":16.0,"turns":9.0},{"damage":0.0,"enemies":"Spheric Guardian","floor":18.0,"turns":3.0},{"damage":36,"enemies":"3 Byrds","floor":19,"turns":7},{"damage":25,"enemies":"Snake Plant","floor":22,"turns":4},{"damage":28,"enemies":"Gremlin Leader","floor":23,"turns":4},{"damage":77,"enemies":"Slavers","floor":25,"turns":5},{"damage":38,"enemies":"Gremlin Leader","floor":27,"turns":5},{"damage":27,"enemies":"3 Cultists","floor":28,"turns":4}],"seed_played":"-7815605706156073611","potions_obtained":[{"floor":1.0,"key":"Explosive Potion"},{"floor":2.0,"key":"BlessingOfTheForge"},{"floor":4.0,"key":"SpeedPotion"},{"floor":8.0,"key":"BlessingOfTheForge"},{"floor":23,"key":"FairyPotion"},{"floor":25,"key":"FearPotion"}],"is_trial":false,"path_per_floor":["M","M","?","M","?","R","E","M","T","M","?","T","M","M","R","B",null,"M","M","$","?","M","E","R","E","T","E","M"],"character_chosen":"WATCHER","items_purchased":["Orichalcum","Bottled Tornado","Crescendo"],"campfire_rested":1,"item_purchase_floors":[20,20,20],"current_hp_per_floor":[65,53,53,53,50,50,23,35,35,35,24,24,28,35,35,32,65,65,41,56,56,43,27,46,39,39,13,0,0],"gold":108,"neow_bonus":"THREE_RARE_CARDS","is_daily":false,"chose_seed":false,"campfire_upgraded":2,"win_rate":0.0,"timestamp":1612042440,"path_taken":["M","?","?","M","?","R","E","M","T","?","?","?","M","M","R","BOSS","M","M","$","?","M","E","R","E","T","E","?"],"items_purchased_type":["Relic","Relic","Card"],"build_version":"2020-12-22","purchased_purges":0,"victory":false,"max_hp_per_floor":[65,65,65,65,65,65,65,65,65,65,65,65,65,65,65,65,65,65,65,65,65,65,65,65,65,65,65,65,65],"card_choices":[{"not_picked":["Wish","SpiritShield"],"picked":"DeusExMachina","floor":0.0},{"not_picked":["Conclude","EmptyFist"],"picked":"Perseverance","floor":1.0},{"not_picked":["BowlingBash","WreathOfFlame"],"picked":"FollowUp","floor":2.0},{"not_picked":["TalkToTheHand","Ragnarok"],"picked":"Consecrate","floor":4.0},{"not_picked":["Omniscience","Conclude"],"picked":"FlyingSleeves","floor":7.0},{"not_picked":["ClearTheMind","Protect"],"picked":"EmptyFist","floor":8.0},{"not_picked":["ThirdEye","EmptyFist"],"picked":"Prostrate","floor":10.0},{"not_picked":["EmptyBody","Adaptation"],"picked":"ClearTheMind","floor":13.0},{"not_picked":["ThirdEye","FollowUp"],"picked":"WindmillStrike","floor":14.0},{"not_picked":["DeusExMachina","ConjureBlade"],"picked":"Brilliance","floor":16.0},{"not_picked":["WaveOfTheHand","Pray"],"picked":"TalkToTheHand","floor":18.0},{"not_picked":["Vengeance","Wireheading"],"picked":"BattleHymn+1","floor":19},{"not_picked":["FlurryOfBlows","SandsOfTime"],"picked":"Conclude","floor":22},{"not_picked":["ReachHeaven","Crescendo"],"picked":"Protect","floor":23},{"not_picked":["PathToVictory","Tantrum","Crescendo"],"picked":"SKIP","floor":25},{"not_picked":["Fasting2+1","Swivel","Crescendo+1"],"picked":"SKIP","floor":27}],"player_experience":152639,"relics_obtained":[{"floor":7.0,"key":"Meat on the Bone"},{"floor":9.0,"key":"HornCleat"},{"floor":12.0,"key":"MealTicket"},{"floor":23,"key":"StrikeDummy"},{"floor":25,"key":"Pen Nib"},{"floor":26,"key":"Damaru"},{"floor":27,"key":"Frozen Egg 2"}],"event_choices":[{"damage_healed":0.0,"max_hp_gain":0.0,"max_hp_loss":0.0,"gold_gain":0.0,"event_name":"Golden Wing","player_choice":"Ignored","floor":3.0,"gold_loss":0.0,"damage_taken":0.0},{"damage_healed":0.0,"max_hp_gain":0.0,"max_hp_loss":0.0,"gold_gain":0.0,"event_name":"Scrap Ooze","player_choice":"Success","floor":5.0,"gold_loss":0.0,"damage_taken":3.0,"relics_obtained":["Sundial"]},{"damage_healed":0.0,"max_hp_gain":0.0,"max_hp_loss":0.0,"gold_gain":75.0,"event_name":"World of Goop","player_choice":"Gather Gold","floor":11.0,"gold_loss":0.0,"damage_taken":11.0},{"cards_removed":["Defend_P"],"damage_healed":0,"gold_gain":0,"player_choice":"Offered Basic","damage_taken":0,"max_hp_gain":0,"max_hp_loss":0,"event_name":"Bonfire Elementals","floor":21,"gold_loss":0}],"is_beta":false,"boss_relics":[{"not_picked":["Runic Pyramid","Runic Dome"],"picked":"SacredBark"}],"items_purged_floors":[],"is_endless":false,"potions_floor_spawned":[1,2,4,8,14,16,23,25],"killed_by":"3 Cultists","ascension_level":4}}