{"host":"qxeepl7ydvsgmfdb","time":1612015545,"event":{"mods":["AchievementEnabler","BaseMod","Colored Powertips","Minty Spire (QoL Compilation)","Quick Restart","slay the spire mod where everything is the same but ironclad has a cowboy hat"],"gold_per_floor":[113,63,63,238,252,252,282,295,322,322,218,228,246,271,271,370,420,434,451,505,182,182,182,182],"floor_reached":23,"language":"ENG","playtime":481,"items_purged":["Strike_G"],"score":214,"play_id":"096a4421-9591-4b4a-8e94-f9f1d44f85ad","local_time":"20210130090545","is_ascension_mode":false,"campfire_choices":[{"floor":6.0,"key":"RECALL"},{"data":"Finisher","floor":10.0,"key":"SMITH"},{"data":"Deadly Poison","floor":15.0,"key":"SMITH"}],"circlet_count":0,"master_deck":["Strike_G","Strike_G","Defend_G","Defend_G","Defend_G","Defend_G","Defend_G","Survivor+1","Neutralize","Doubt","Poisoned Stab","Poisoned Stab","Finisher+1","Cloak And Dagger","Slice","Deadly Poison+1","Deadly Poison","Phantasmal Killer","Backstab","Blade Dance","Cloak And Dagger"],"relics":["Ring of the Snake","NeowsBlessing","Tiny Chest","Odd Mushroom","Tiny House","Dream Catcher","Oddly Smooth Stone","Enchiridion"],"acts_visited":["Exordium","TheCity"],"potions_floor_usage":[16,16,16,18,23,23],"damage_taken":[{"damage":0.0,"enemies":"Small Slimes","floor":1.0,"turns":1.0},{"damage":0.0,"enemies":"2 Louse","floor":5.0,"turns":1.0},{"damage":0.0,"enemies":"Gremlin Nob","floor":7.0,"turns":1.0},{"damage":7.0,"enemies":"Jaw Worm","floor":8.0,"turns":4.0},{"damage":8.0,"enemies":"Lots of Slimes","floor":12.0,"turns":3.0},{"damage":3.0,"enemies":"Blue Slaver","floor":13.0,"turns":3.0},{"damage":26.0,"enemies":"The Mushroom Lair","floor":14.0,"turns":5.0},{"damage":7,"enemies":"Slime Boss","floor":16,"turns":7},{"damage":12,"enemies":"Shell Parasite","floor":18,"turns":3},{"damage":21,"enemies":"2 Thieves","floor":19,"turns":3},{"damage":33,"enemies":"Slavers","floor":23,"turns":5}],"seed_played":"-6324366686886536948","potions_obtained":[{"floor":1.0,"key":"SteroidPotion"},{"floor":7.0,"key":"SkillPotion"},{"floor":12.0,"key":"DuplicationPotion"},{"floor":14.0,"key":"FearPotion"},{"floor":16,"key":"Explosive Potion"},{"floor":17,"key":"BlessingOfTheForge"},{"floor":19,"key":"LiquidMemories"}],"is_trial":false,"path_per_floor":["M","?","?","?","M","R","E","M","T","R","$","M","M","?","R","B",null,"M","M","T","$","?","E"],"character_chosen":"THE_SILENT","items_purchased":["Cloak And Dagger","Slice","Oddly Smooth Stone","Blade Dance","Cloak And Dagger"],"campfire_rested":0,"item_purchase_floors":[11,11,21,21,21],"current_hp_per_floor":[70,70,63,63,63,63,63,56,56,56,56,48,45,19,19,12,75,63,42,42,42,26,0,0],"gold":182,"neow_bonus":"THREE_ENEMY_KILL","is_daily":false,"chose_seed":false,"campfire_upgraded":2,"win_rate":0.0,"timestamp":1612015545,"path_taken":["M","?","?","?","M","R","E","M","T","R","?","?","M","?","R","BOSS","M","M","?","$","?","E"],"items_purchased_type":["Card","Card","Relic","Card","Card"],"build_version":"2020-12-22","purchased_purges":1,"victory":false,"max_hp_per_floor":[70,70,70,70,70,70,70,70,70,70,70,70,70,70,70,70,75,75,75,75,75,75,75,75],"card_choices":[{"not_picked":["Expertise","Outmaneuver","Flechettes"],"picked":"SKIP","floor":1.0},{"not_picked":["Blur","Deadly Poison"],"picked":"Poisoned Stab","floor":5.0},{"not_picked":["Skewer","Setup"],"picked":"Poisoned Stab","floor":7.0},{"not_picked":["Dagger Spray","Dodge and Roll"],"picked":"Finisher","floor":8.0},{"not_picked":["Sucker Punch","Setup","Well Laid Plans"],"picked":"SKIP","floor":12.0},{"not_picked":["Flechettes","Sucker Punch"],"picked":"Deadly Poison","floor":13.0},{"not_picked":["Prepared","Infinite Blades"],"picked":"Deadly Poison","floor":14.0},{"not_picked":["Malaise","Adrenaline"],"picked":"Phantasmal Killer","floor":16},{"not_picked":["Crippling Poison","Setup"],"picked":"Backstab","floor":17},{"not_picked":["Flying Knee","PiercingWail","Tactician"],"picked":"SKIP","floor":18},{"not_picked":["Outmaneuver+1","Skewer","Flying Knee+1"],"picked":"SKIP","floor":19}],"player_experience":158947,"relics_obtained":[{"floor":7.0,"key":"Tiny Chest"},{"floor":14.0,"key":"Odd Mushroom"},{"floor":20,"key":"Dream Catcher"},{"floor":22,"key":"Enchiridion"}],"event_choices":[{"cards_removed":["Strike_G"],"damage_healed":0.0,"max_hp_gain":0.0,"max_hp_loss":0.0,"gold_gain":0.0,"event_name":"The Cleric","player_choice":"Card Removal","floor":2.0,"gold_loss":50.0,"damage_taken":0.0},{"cards_removed":["Strike_G"],"damage_healed":0.0,"max_hp_gain":0.0,"max_hp_loss":0.0,"gold_gain":0.0,"event_name":"Golden Wing","player_choice":"Card Removal","floor":3.0,"gold_loss":0.0,"damage_taken":7.0},{"damage_healed":0.0,"max_hp_gain":0.0,"max_hp_loss":0.0,"gold_gain":175.0,"event_name":"Liars Game","player_choice":"AGREE","floor":4.0,"gold_loss":0.0,"damage_taken":0.0,"cards_obtained":["Doubt"]},{"damage_healed":0.0,"max_hp_gain":0.0,"max_hp_loss":0.0,"gold_gain":0.0,"event_name":"Mushrooms","player_choice":"Fought Mushrooms","floor":14.0,"gold_loss":0.0,"damage_taken":0.0},{"damage_healed":0,"gold_gain":0,"player_choice":"Obtained Book","damage_taken":16,"max_hp_gain":0,"max_hp_loss":0,"event_name":"Cursed Tome","floor":22,"gold_loss":0}],"is_beta":false,"boss_relics":[{"not_picked":["Pandora\u0027s Box","Busted Crown"],"picked":"Tiny House"}],"items_purged_floors":[21],"is_endless":false,"potions_floor_spawned":[1,7,12,14,16,19],"killed_by":"Slavers","ascension_level":0}}