{"host":"3jpwrwmmgyabjceh","time":1612013518,"event":{"mods":["AchievementEnabler","BaseMod","Colored Map","Colored Powertips","Highlight Path","Minty Spire (QoL Compilation)","Quick Restart","Relic Stats","StSLib","SuperFastMode"],"gold_per_floor":[364,376,376,26,42,42,60,90,90,90,111,111,43,8,8,131,131,154,154,169,192,212,212,245,245,269,302,320,344,380,505,505,626,626,646,646,671,734,734,777,797,797,821,855,855,874,917,933,933,933,933],"floor_reached":50,"language":"ENG","playtime":2297,"items_purged":["Strike_R"],"score":849,"play_id":"e1c079d9-c2ab-4606-8d1f-42b5422306a1","local_time":"20210130163158","is_ascension_mode":true,"campfire_choices":[{"data":"Bash","floor":6.0,"key":"SMITH"},{"data":"Clothesline","floor":12,"key":"SMITH"},{"data":"Fire Breathing","floor":15,"key":"SMITH"},{"data":"Immolate","floor":23,"key":"SMITH"},{"data":"Disarm","floor":25,"key":"SMITH"},{"data":"Corruption","floor":32,"key":"SMITH"},{"data":"Battle Trance","floor":42,"key":"SMITH"},{"data":"Flame Barrier","floor":45,"key":"SMITH"},{"floor":49,"key":"RECALL"}],"circlet_count":0,"master_deck":["Strike_R","Strike_R","Strike_R","Defend_R","Defend_R","Defend_R","Defend_R","Bash+1","Shrug It Off","Clothesline+1","Fire Breathing+1","Battle Trance+1","Body Slam","Twin Strike","Rampage","Immolate+1","Pommel Strike+1","Shrug It Off","Disarm+1","Dual Wield+1","True Grit+1","Corruption+1","Cleave+1","Flame Barrier+1","Immolate","Feed","Pommel Strike+1","Anger+1","Power Through","True Grit+1"],"relics":["Burning Blood","Frozen Eye","Meat on the Bone","White Beast Statue","Golden Idol","Velvet Choker","Bottled Tornado","Ancient Tea Set","InkBottle","Shovel","Sundial","Snecko Eye","Dead Branch","Singing Bowl","Juzu Bracelet","Bird Faced Urn","Vajra"],"acts_visited":["Exordium","TheCity","TheBeyond"],"potions_floor_usage":[11,18,20,20,21,24,28,29,30,31],"damage_taken":[{"damage":4.0,"enemies":"2 Louse","floor":1.0,"turns":4.0},{"damage":5.0,"enemies":"Small Slimes","floor":2.0,"turns":4.0},{"damage":4.0,"enemies":"Jaw Worm","floor":5.0,"turns":5.0},{"damage":7.0,"enemies":"2 Fungi Beasts","floor":7.0,"turns":5.0},{"damage":17.0,"enemies":"3 Sentries","floor":8.0,"turns":5.0},{"damage":14,"enemies":"Exordium Wildlife","floor":11,"turns":4},{"damage":50,"enemies":"Slime Boss","floor":16,"turns":9},{"damage":6,"enemies":"3 Byrds","floor":18,"turns":3},{"damage":0,"enemies":"Spheric Guardian","floor":20,"turns":3},{"damage":30,"enemies":"Snake Plant","floor":21,"turns":3},{"damage":19,"enemies":"Snecko","floor":22,"turns":5},{"damage":26,"enemies":"Book of Stabbing","floor":24,"turns":8},{"damage":34,"enemies":"Gremlin Leader","floor":27,"turns":6},{"damage":16,"enemies":"Sentry and Sphere","floor":28,"turns":4},{"damage":22,"enemies":"Snake Plant","floor":29,"turns":5},{"damage":37,"enemies":"Slavers","floor":30,"turns":3},{"damage":21,"enemies":"Colosseum Slavers","floor":31,"turns":3},{"damage":11,"enemies":"Colosseum Nobs","floor":31,"turns":4},{"damage":36,"enemies":"Collector","floor":33,"turns":9},{"damage":11,"enemies":"Orb Walker","floor":35,"turns":3},{"damage":18,"enemies":"3 Darklings","floor":37,"turns":3},{"damage":8,"enemies":"Mind Bloom Boss Battle","floor":38,"turns":7},{"damage":16,"enemies":"Nemesis","floor":40,"turns":5},{"damage":19,"enemies":"Sphere and 2 Shapes","floor":41,"turns":4},{"damage":21,"enemies":"Giant Head","floor":44,"turns":8},{"damage":10,"enemies":"Maw","floor":46,"turns":9},{"damage":28,"enemies":"Reptomancer","floor":47,"turns":5},{"damage":19,"enemies":"4 Shapes","floor":48,"turns":5},{"damage":67,"enemies":"Time Eater","floor":50,"turns":8}],"seed_played":"3273181428045015612","potions_obtained":[{"floor":5.0,"key":"Fruit Juice"},{"floor":8.0,"key":"DistilledChaos"},{"floor":11,"key":"SteroidPotion"},{"floor":16,"key":"DuplicationPotion"},{"floor":18,"key":"LiquidBronze"},{"floor":20,"key":"BloodPotion"},{"floor":21,"key":"EssenceOfSteel"},{"floor":22,"key":"BlessingOfTheForge"},{"floor":24,"key":"FairyPotion"},{"floor":28,"key":"LiquidMemories"},{"floor":29,"key":"Dexterity Potion"},{"floor":30,"key":"CultistPotion"},{"floor":31,"key":"EssenceOfSteel"},{"floor":33,"key":"LiquidBronze"},{"floor":35,"key":"SkillPotion"},{"floor":44,"key":"CultistPotion"}],"is_trial":false,"path_per_floor":["M","M","?","$","M","R","M","E","T","?","M","R","$","?","R","B",null,"M","?","M","M","M","R","E","R","T","E","M","M","E","?","R","B",null,"M","?","M","?","T","E","M","R","T","E","R","M","E","M","R","B"],"character_chosen":"IRONCLAD","items_purchased":["Clothesline","Fire Breathing","Frozen Eye","Rampage"],"campfire_rested":0,"item_purchase_floors":[4,4,4,13],"current_hp_per_floor":[53,54,47,47,49,49,48,37,37,37,41,41,41,59,59,27,62,62,62,73,49,48,48,40,40,40,24,26,37,41,45,45,27,66,61,61,52,53,53,57,59,59,59,61,61,67,63,61,61,0,0],"gold":933,"neow_bonus":"TWO_FIFTY_GOLD","is_daily":false,"chose_seed":false,"campfire_upgraded":8,"win_rate":0.0,"timestamp":1612013518,"path_taken":["M","M","?","$","M","R","M","E","T","?","M","R","?","?","R","BOSS","M","?","M","?","M","R","E","R","T","E","M","M","E","?","R","BOSS","M","?","?","?","?","E","M","R","T","E","R","M","E","M","R","BOSS"],"items_purchased_type":["Card","Card","Relic","Card"],"build_version":"2020-12-22","purchased_purges":1,"victory":false,"max_hp_per_floor":[80,80,80,80,80,80,80,80,80,74,74,74,74,74,74,74,74,74,74,79,79,79,79,79,79,79,79,79,79,79,79,79,79,79,79,79,82,85,85,87,90,90,90,95,95,97,99,104,104,104,104],"relic_stats":{"Singing Bowl":10,"counters":[29,149],"Golden Idol":183,"Dead Branch":[95],"Juzu Bracelet":0,"Burning Blood":168,"Shovel":0,"Sundial":[8],"Bird Faced Urn":[22],"Snecko Eye":[103,128,105,117],"obtain_stats":[{"Singing Bowl":40,"Golden Idol":10,"Dead Branch":38,"Velvet Choker":17,"Vajra":47,"Juzu Bracelet":43,"Bottled Tornado":24,"Ancient Tea Set":26,"Burning Blood":0,"White Beast Statue":9,"Frozen Eye":4,"Shovel":31,"Sundial":31,"Bird Faced Urn":44,"Snecko Eye":34,"InkBottle":30,"Meat on the Bone":8},{"Singing Bowl":23,"Golden Idol":5,"Dead Branch":22,"Velvet Choker":7,"Vajra":27,"Juzu Bracelet":24,"Bottled Tornado":12,"Ancient Tea Set":12,"Burning Blood":0,"White Beast Statue":5,"Frozen Eye":2,"Shovel":18,"Sundial":18,"Bird Faced Urn":25,"Snecko Eye":19,"InkBottle":16,"Meat on the Bone":5},{"Singing Bowl":110,"Golden Idol":23,"Dead Branch":105,"Velvet Choker":36,"Vajra":136,"Juzu Bracelet":114,"Bottled Tornado":58,"Ancient Tea Set":58,"Burning Blood":0,"White Beast Statue":23,"Frozen Eye":8,"Shovel":83,"Sundial":83,"Bird Faced Urn":122,"Snecko Eye":92,"InkBottle":76,"Meat on the Bone":23}],"InkBottle":[27],"Meat on the Bone":180},"card_choices":[{"not_picked":["Clash","Flex","Anger"],"picked":"SKIP","floor":1.0},{"not_picked":["Reckless Charge","Exhume"],"picked":"Shrug It Off","floor":2.0},{"not_picked":["Ghostly Armor","True Grit"],"picked":"Battle Trance","floor":5.0},{"not_picked":["Clash","Entrench"],"picked":"Body Slam","floor":7.0},{"not_picked":["True Grit","Clash"],"picked":"Perfected Strike","floor":8.0},{"not_picked":["Second Wind","Blood for Blood"],"picked":"Twin Strike","floor":11},{"not_picked":["Limit Break","Brutality"],"picked":"Immolate","floor":16},{"not_picked":["Anger","Dropkick"],"picked":"Pommel Strike","floor":18},{"not_picked":["Warcry","Sword Boomerang"],"picked":"Shrug It Off","floor":20},{"not_picked":["Pommel Strike","Headbutt+1"],"picked":"Disarm","floor":21},{"not_picked":["Uppercut","Anger"],"picked":"Dual Wield+1","floor":22},{"not_picked":["Heavy Blade","Bludgeon"],"picked":"True Grit+1","floor":24},{"not_picked":["Feel No Pain","Body Slam+1"],"picked":"Corruption","floor":27},{"not_picked":["Armaments","Pommel Strike","Thunderclap"],"picked":"SKIP","floor":28},{"not_picked":["Sword Boomerang+1","Sever Soul+1"],"picked":"Cleave+1","floor":29},{"not_picked":["Blood for Blood+1","Shrug It Off"],"picked":"Flame Barrier","floor":30},{"not_picked":["Cleave+1","Twin Strike"],"picked":"Immolate","floor":31},{"not_picked":["Demon Form","Bludgeon"],"picked":"Feed","floor":33},{"not_picked":["Second Wind+1","Headbutt"],"picked":"Pommel Strike+1","floor":35},{"not_picked":["Shrug It Off","Iron Wave+1"],"picked":"Anger+1","floor":37},{"not_picked":["Clash+1","Twin Strike+1"],"picked":"Power Through","floor":38},{"not_picked":["Bloodletting+1","Searing Blow","Berserk"],"picked":"Singing Bowl","floor":40},{"not_picked":["Fire Breathing","Anger+1"],"picked":"True Grit+1","floor":41},{"not_picked":["Fire Breathing+1","Sword Boomerang+1","Wild Strike+1"],"picked":"Singing Bowl","floor":44},{"not_picked":["Burning Pact","Uppercut","Rampage"],"picked":"Singing Bowl","floor":46},{"not_picked":["Juggernaut","Carnage","Clash+1"],"picked":"Singing Bowl","floor":47},{"not_picked":["Anger+1","Pommel Strike","Double Tap"],"picked":"Singing Bowl","floor":48}],"player_experience":298491,"relics_obtained":[{"floor":8.0,"key":"Meat on the Bone"},{"floor":9.0,"key":"White Beast Statue"},{"floor":24,"key":"Bottled Tornado"},{"floor":26,"key":"Ancient Tea Set"},{"floor":30,"key":"InkBottle"},{"floor":31,"key":"Shovel"},{"floor":31,"key":"Sundial"},{"floor":38,"key":"Dead Branch"},{"floor":40,"key":"Singing Bowl"},{"floor":43,"key":"Juzu Bracelet"},{"floor":44,"key":"Bird Faced Urn"},{"floor":47,"key":"Vajra"}],"event_choices":[{"cards_removed":["Strike_R"],"damage_healed":0.0,"max_hp_gain":0.0,"max_hp_loss":0.0,"gold_gain":0.0,"event_name":"Golden Wing","player_choice":"Card Removal","floor":3.0,"gold_loss":0.0,"damage_taken":7.0},{"damage_healed":0.0,"max_hp_gain":0.0,"max_hp_loss":6.0,"gold_gain":0.0,"event_name":"Golden Idol","player_choice":"Lose Max HP","floor":10.0,"gold_loss":0.0,"damage_taken":0.0,"relics_obtained":["Golden Idol"]},{"damage_healed":18,"gold_gain":0,"player_choice":"Healed","damage_taken":0,"max_hp_gain":0,"max_hp_loss":0,"event_name":"The Cleric","floor":14,"gold_loss":35},{"damage_healed":0,"gold_gain":0,"player_choice":"Upgraded","damage_taken":0,"max_hp_gain":0,"max_hp_loss":0,"event_name":"Upgrade Shrine","floor":19,"gold_loss":0,"cards_upgraded":["Pommel Strike"]},{"damage_healed":0,"gold_gain":0,"player_choice":"Fight","damage_taken":0,"max_hp_gain":0,"max_hp_loss":0,"event_name":"Colosseum","floor":31,"gold_loss":0},{"damage_healed":0,"gold_gain":0,"player_choice":"Fought Nobs","damage_taken":0,"max_hp_gain":0,"max_hp_loss":0,"event_name":"Colosseum","floor":31,"gold_loss":0},{"cards_removed":["Perfected Strike"],"damage_healed":0,"gold_gain":0,"player_choice":"Purged","damage_taken":0,"max_hp_gain":0,"max_hp_loss":0,"event_name":"Purifier","floor":36,"gold_loss":0},{"damage_healed":0,"gold_gain":0,"player_choice":"Fight","damage_taken":0,"max_hp_gain":0,"max_hp_loss":0,"event_name":"MindBloom","floor":38,"gold_loss":0}],"is_beta":false,"boss_relics":[{"not_picked":["Sozu","Busted Crown"],"picked":"Velvet Choker"},{"not_picked":["Runic Pyramid","Philosopher\u0027s Stone"],"picked":"Snecko Eye"}],"items_purged_floors":[4],"is_endless":false,"potions_floor_spawned":[5,8,11,16,18,20,21,22,24,27,28,29,30,31,31,33,35,37,38,40,41,44,46,47,48],"killed_by":"Time Eater","ascension_level":7}}