{"host":"89iuq2p5kwriuwfq","time":1612040087,"event":{"mods":["BaseMod","Curses Come First","Minty Spire (QoL Compilation)","Permanent Neow","StSLib"],"gold_per_floor":[11,11,26,26,42,80,100,141,141,141,179,199,199,217,217,217,217],"floor_reached":16,"language":"ENG","playtime":1078,"items_purged":[],"score":202,"play_id":"31f11c64-876b-4593-8b0a-de61457a0d1c","local_time":"20210130205447","is_ascension_mode":true,"campfire_choices":[{"data":"Armaments","floor":10,"key":"SMITH"},{"data":"Uppercut","floor":15,"key":"SMITH"}],"circlet_count":0,"master_deck":["Strike_R","Strike_R","Strike_R","Strike_R","Defend_R","Defend_R","Defend_R","Bash","Armaments+1","Combust","Rage","Shrug It Off","Shrug It Off","Armaments","Battle Trance","Feed","Uppercut+1"],"relics":["Burning Blood","Golden Idol","Dead Branch","Bag of Preparation","Pear","CaptainsWheel","Vajra"],"acts_visited":["Exordium"],"potions_floor_usage":[6,7,11,14],"damage_taken":[{"damage":4,"enemies":"Jaw Worm","floor":1,"turns":7},{"damage":6,"enemies":"Cultist","floor":3,"turns":4},{"damage":7,"enemies":"Small Slimes","floor":5,"turns":3},{"damage":37,"enemies":"Gremlin Nob","floor":6,"turns":5},{"damage":6,"enemies":"Exordium Thugs","floor":7,"turns":4},{"damage":11,"enemies":"3 Sentries","floor":8,"turns":6},{"damage":15,"enemies":"Lagavulin","floor":11,"turns":6},{"damage":1,"enemies":"Exordium Wildlife","floor":12,"turns":3},{"damage":0,"enemies":"Gremlin Gang","floor":14,"turns":8},{"damage":1,"enemies":"Hexaghost","floor":16,"turns":9}],"seed_played":"-5332332014855316898","potions_obtained":[{"floor":3,"key":"SteroidPotion"},{"floor":7,"key":"Fruit Juice"},{"floor":8,"key":"SkillPotion"},{"floor":12,"key":"EssenceOfSteel"}],"is_trial":false,"path_per_floor":["M","?","M","?","M","E","M","E","T","R","E","M","?","M","R","B"],"character_chosen":"IRONCLAD","items_purchased":[],"campfire_rested":0,"item_purchase_floors":[],"current_hp_per_floor":[74,54,54,46,45,14,19,14,24,24,15,20,2,11,11,10,10],"gold":217,"neow_bonus":"REMOVE_TWO","is_daily":false,"chose_seed":false,"campfire_upgraded":2,"win_rate":0.0,"timestamp":1612040087,"path_taken":["M","?","M","?","?","E","M","E","T","R","E","M","?","M","R","BOSS"],"items_purchased_type":[],"build_version":"2020-12-22","purchased_purges":0,"victory":false,"max_hp_per_floor":[80,80,80,80,80,80,85,85,95,95,95,95,95,98,98,98,98],"card_choices":[{"not_picked":["Iron Wave","Warcry"],"picked":"Armaments","floor":1},{"not_picked":["Pummel","Entrench"],"picked":"Combust","floor":3},{"not_picked":["Clash","Dark Embrace"],"picked":"Rage","floor":5},{"not_picked":["Entrench","Demon Form"],"picked":"Shrug It Off","floor":6},{"not_picked":["Flex","Clothesline"],"picked":"Shrug It Off","floor":7},{"not_picked":["Carnage","Warcry"],"picked":"Armaments","floor":8},{"not_picked":["Sword Boomerang","Body Slam"],"picked":"Battle Trance","floor":11},{"not_picked":["Clash","Headbutt"],"picked":"Feed","floor":12},{"not_picked":["True Grit","Second Wind"],"picked":"Uppercut","floor":14}],"player_experience":604371,"relics_obtained":[{"floor":6,"key":"Dead Branch"},{"floor":8,"key":"Bag of Preparation"},{"floor":9,"key":"Pear"},{"floor":11,"key":"CaptainsWheel"}],"event_choices":[{"damage_healed":0,"gold_gain":0,"player_choice":"Take Damage","damage_taken":20,"relics_obtained":["Golden Idol"],"max_hp_gain":0,"max_hp_loss":0,"event_name":"Golden Idol","floor":2,"gold_loss":0},{"damage_healed":0,"gold_gain":0,"player_choice":"Damaged","damage_taken":8,"max_hp_gain":0,"max_hp_loss":0,"event_name":"Wheel of Change","floor":4,"gold_loss":0},{"damage_healed":0,"gold_gain":0,"player_choice":"Success","damage_taken":18,"relics_obtained":["Vajra"],"max_hp_gain":0,"max_hp_loss":0,"event_name":"Scrap Ooze","floor":13,"gold_loss":0}],"is_beta":false,"boss_relics":[],"items_purged_floors":[],"is_endless":false,"potions_floor_spawned":[3,7,8,12],"killed_by":"Hexaghost","ascension_level":9}}