{"host":"mvbzhnmyzfpc2155","time":1612049889,"event":{"mods":["BaseMod","Downfall","Hermit","Minty Spire (QoL Compilation)","StSLib","The Cursed"],"gold_per_floor":[99,111,129,144,154,168,168,187,198,298,298,309,309,309,324,324,324,324],"floor_reached":16,"language":"ENG","playtime":1107,"items_purged":[],"score":98,"play_id":"d513cfbc-30f1-4942-9761-e06de24270c2","local_time":"20210130183809","is_ascension_mode":false,"campfire_choices":[{"floor":1,"key":"RECALL"},{"data":"hexamod:FastForward","floor":11,"key":"SMITH"},{"floor":13,"key":"REST"}],"circlet_count":0,"master_deck":["hexamod:Strike","hexamod:Strike","hexamod:Strike","hexamod:Strike","hexamod:Defend","hexamod:Defend","hexamod:Defend","hexamod:Defend","hexamod:Sear","hexamod:Float","hexamod:ExtraCrispy","hexamod:Hexaguard","hexamod:EmpoweredFlame","hexamod:ChargedBarrage","hexamod:ThermalTransfer","hexamod:TimeOfNeed","hexamod:FastForward+1","hexamod:Hexaguard","hexamod:Hexaguard"],"relics":["hexamod:SpiritBrand","downfall:BrokenWingStatue"],"acts_visited":["Exordium"],"potions_floor_usage":[],"damage_taken":[{"damage":0,"enemies":"Cultist","floor":2,"turns":4},{"damage":1,"enemies":"Jaw Worm","floor":3,"turns":3},{"damage":6,"enemies":"2 Louse","floor":4,"turns":4},{"damage":3,"enemies":"2 Fungi Beasts","floor":5,"turns":4},{"damage":10,"enemies":"Exordium Wildlife","floor":6,"turns":4},{"damage":16,"enemies":"Blue Slaver","floor":8,"turns":5},{"damage":7,"enemies":"Large Slime","floor":9,"turns":6},{"damage":26,"enemies":"Exordium Wildlife","floor":12,"turns":5},{"damage":3,"enemies":"Red Slaver","floor":15,"turns":7},{"damage":30,"enemies":"WA_ARCHETYPE_RETAIN","floor":16,"turns":10}],"seed_played":"-4488204147799494618","potions_obtained":[{"floor":2,"key":"Dexterity Potion"},{"floor":3,"key":"BlessingOfTheForge"},{"floor":8,"key":"DuplicationPotion"},{"floor":9,"key":"hexamod:EctoCoolerPotion"}],"is_trial":false,"path_per_floor":["R","M","M","M","M","M","T","M","M","?","R","M","R","?","M","B"],"character_chosen":"THE_SPIRIT","items_purchased":[],"campfire_rested":1,"item_purchase_floors":[],"current_hp_per_floor":[77,77,76,70,67,57,57,41,34,34,34,8,31,31,28,0,0,0],"gold":324,"neow_bonus":"TEN_PERCENT_HP_BONUS","is_daily":false,"chose_seed":false,"campfire_upgraded":1,"win_rate":0.0,"timestamp":1612049889,"path_taken":["R","M","M","M","M","M","T","M","M","?","R","?","R","?","M","BOSS"],"items_purchased_type":[],"build_version":"2020-12-22","purchased_purges":0,"victory":false,"max_hp_per_floor":[77,77,77,77,77,77,77,77,77,77,77,77,77,77,77,77,77,77],"card_choices":[{"not_picked":["hexamod:CatchUp","hexamod:GhostShield"],"picked":"hexamod:ExtraCrispy","floor":2},{"not_picked":["hexamod:BacktrackSmack","hexamod:SpectersWail"],"picked":"hexamod:Hexaguard","floor":3},{"not_picked":["hexamod:GhostLash","hexamod:NightmareStrike"],"picked":"hexamod:EmpoweredFlame","floor":4},{"not_picked":["hexamod:SwordOfDarkness","hexamod:PhantomFireball"],"picked":"hexamod:ChargedBarrage","floor":5},{"not_picked":["hexamod:EmpoweredFlame","hexamod:HauntingEcho"],"picked":"hexamod:ThermalTransfer","floor":6},{"not_picked":["hexamod:FirstSeal","hexamod:AdvancingGuard"],"picked":"hexamod:TimeOfNeed","floor":8},{"not_picked":["hexamod:GhostLash","hexamod:CatchUp"],"picked":"hexamod:FastForward","floor":9},{"not_picked":["hexamod:ThirdSeal","hexamod:GhostShield"],"picked":"hexamod:Hexaguard","floor":12},{"not_picked":["hexamod:Again","hexamod:CatchUp"],"picked":"hexamod:Hexaguard","floor":15}],"player_experience":7921,"relics_obtained":[],"event_choices":[],"is_beta":false,"boss_relics":[],"items_purged_floors":[],"is_endless":false,"potions_floor_spawned":[2,3,8,9,12],"killed_by":"WA_ARCHETYPE_RETAIN","ascension_level":0}}