{"host":"32dedufnxebqtmo3","time":1612038943,"event":{"mods":["AchievementEnabler","BaseMod","Better Third Choice","Card Filter","Colored Powertips","Defuse TimeMaze Blight","Ekko","GifTheSpireLib","Minty Spire (QoL Compilation)","Permanent Neow","Relic Filter","Relic Stats","Remove Card Discount Mod","Shop Mod","StSLib","The Cursed","Unceasing Turn Reminder"],"gold_per_floor":[215,73,93,107,119,151,151,169,222,222,222,48,48,65,65,169,169,182,199,199,211,227,227,227],"floor_reached":23,"language":"ENG","playtime":2488,"items_purged":[],"score":195,"play_id":"37636ae7-3b32-47bd-a708-ddf36cf56068","local_time":"20210130123543","is_ascension_mode":false,"campfire_choices":[{"data":"ekkoTheBoyWhoShatteredTime:TimeMaster","floor":7,"key":"SMITH"},{"data":"ekkoTheBoyWhoShatteredTime:Powered","floor":10,"key":"SMITH"},{"floor":15,"key":"REST"}],"circlet_count":0,"master_deck":["ekkoTheBoyWhoShatteredTime:Strike","ekkoTheBoyWhoShatteredTime:Strike","ekkoTheBoyWhoShatteredTime:Strike","ekkoTheBoyWhoShatteredTime:Strike","ekkoTheBoyWhoShatteredTime:Strike","ekkoTheBoyWhoShatteredTime:Defend","ekkoTheBoyWhoShatteredTime:Defend","ekkoTheBoyWhoShatteredTime:Defend","ekkoTheBoyWhoShatteredTime:Defend","ekkoTheBoyWhoShatteredTime:TimeMaster+1","ekkoTheBoyWhoShatteredTime:Powered+1","ekkoTheBoyWhoShatteredTime:CommittedStrike","ekkoTheBoyWhoShatteredTime:NeedlesslyLargeRod","Good Instincts","ekkoTheBoyWhoShatteredTime:NeedlesslyLargeRod","ekkoTheBoyWhoShatteredTime:IcebornGauntlet","ekkoTheBoyWhoShatteredTime:Dash","ekkoTheBoyWhoShatteredTime:Dash","Madness","ekkoTheBoyWhoShatteredTime:NeedlesslyLargeRod","Decay","ekkoTheBoyWhoShatteredTime:CommittedStrike","ekkoTheBoyWhoShatteredTime:CatchUpTime","ekkoTheBoyWhoShatteredTime:NaggingBlow"],"relics":["ekkoTheBoyWhoShatteredTime:zDriveResonance","ekkoTheBoyWhoShatteredTime:ChainArmlet","Regal Pillow","Sozu"],"acts_visited":["Exordium","TheCity"],"potions_floor_usage":[6,8,18],"damage_taken":[{"damage":0,"enemies":"2 Louse","floor":1,"turns":4},{"damage":5,"enemies":"Cultist","floor":3,"turns":4},{"damage":1,"enemies":"Jaw Worm","floor":4,"turns":3},{"damage":0,"enemies":"Exordium Wildlife","floor":5,"turns":4},{"damage":23,"enemies":"3 Sentries","floor":6,"turns":8},{"damage":3,"enemies":"3 Louse","floor":8,"turns":3},{"damage":4,"enemies":"2 Fungi Beasts","floor":14,"turns":5},{"damage":23,"enemies":"Slime Boss","floor":16,"turns":9},{"damage":22,"enemies":"3 Byrds","floor":18,"turns":7},{"damage":3,"enemies":"Shell Parasite","floor":19,"turns":5},{"damage":30,"enemies":"Shelled Parasite and Fungi","floor":21,"turns":7},{"damage":12,"enemies":"Chosen and Byrds","floor":22,"turns":7},{"damage":0,"enemies":"Gremlin Leader","floor":23,"turns":3}],"seed_played":"7113067979479208090","potions_obtained":[{"floor":3,"key":"Strength Potion"},{"floor":5,"key":"ColorlessPotion"},{"floor":8,"key":"FearPotion"},{"floor":16,"key":"ColorlessPotion"}],"is_trial":false,"path_per_floor":["M","$","M","M","M","E","R","M","T","R","?","$","?","M","R","B",null,"M","M","?","M","M","E"],"character_chosen":"EKKO_THE_BOY_WHO_SHATTERED_TIME","items_purchased":["ekkoTheBoyWhoShatteredTime:NeedlesslyLargeRod","Good Instincts","ekkoTheBoyWhoShatteredTime:Dash","Madness","ekkoTheBoyWhoShatteredTime:NeedlesslyLargeRod"],"campfire_rested":1,"item_purchase_floors":[2,2,12,12,12],"current_hp_per_floor":[78,78,73,72,72,49,49,46,46,46,46,46,46,42,78,55,78,56,53,78,48,36,36,36],"gold":227,"neow_bonus":"HUNDRED_GOLD","is_daily":false,"chose_seed":false,"campfire_upgraded":2,"win_rate":0.0,"timestamp":1612038943,"path_taken":["M","$","M","M","M","E","R","M","T","R","?","$","?","M","R","BOSS","M","?","?","M","M","E"],"items_purchased_type":["Card","Card","Card","Card","Card"],"build_version":"2020-12-22","purchased_purges":0,"victory":false,"max_hp_per_floor":[78,78,78,78,78,78,78,78,78,78,78,78,78,78,78,78,78,78,78,78,78,78,78,78],"relic_stats":{"Sozu":1,"Regal Pillow":13,"counters":[13,69],"obtain_stats":[{"Sozu":17,"Regal Pillow":9,"ekkoTheBoyWhoShatteredTime:ChainArmlet":6,"ekkoTheBoyWhoShatteredTime:zDriveResonance":0},{"Sozu":8,"Regal Pillow":6,"ekkoTheBoyWhoShatteredTime:ChainArmlet":5,"ekkoTheBoyWhoShatteredTime:zDriveResonance":0},{"Sozu":40,"Regal Pillow":26,"ekkoTheBoyWhoShatteredTime:ChainArmlet":23,"ekkoTheBoyWhoShatteredTime:zDriveResonance":0}]},"card_choices":[{"not_picked":["ekkoTheBoyWhoShatteredTime:WideSlice","ekkoTheBoyWhoShatteredTime:HextechProtobelt"],"picked":"ekkoTheBoyWhoShatteredTime:CommittedStrike","floor":1},{"not_picked":["ekkoTheBoyWhoShatteredTime:Leap","ekkoTheBoyWhoShatteredTime:QuickBreak"],"picked":"ekkoTheBoyWhoShatteredTime:NeedlesslyLargeRod","floor":3},{"not_picked":["ekkoTheBoyWhoShatteredTime:Acceleration","ekkoTheBoyWhoShatteredTime:WaitForKeyTiming","ekkoTheBoyWhoShatteredTime:PhaseDive"],"picked":"SKIP","floor":4},{"not_picked":["ekkoTheBoyWhoShatteredTime:AfterimageTease","ekkoTheBoyWhoShatteredTime:WaitForKeyTiming","ekkoTheBoyWhoShatteredTime:Playful"],"picked":"SKIP","floor":5},{"not_picked":["ekkoTheBoyWhoShatteredTime:Greed","ekkoTheBoyWhoShatteredTime:KeepingMomentum"],"picked":"ekkoTheBoyWhoShatteredTime:IcebornGauntlet","floor":6},{"not_picked":["ekkoTheBoyWhoShatteredTime:FeelIt","ekkoTheBoyWhoShatteredTime:QuickBreak"],"picked":"ekkoTheBoyWhoShatteredTime:Dash","floor":8},{"not_picked":["ekkoTheBoyWhoShatteredTime:HauntedAfterimage","ekkoTheBoyWhoShatteredTime:IceBreak"],"picked":"ekkoTheBoyWhoShatteredTime:CommittedStrike","floor":14},{"not_picked":["ekkoTheBoyWhoShatteredTime:GuinsoosRageblade","ekkoTheBoyWhoShatteredTime:SktSynergy"],"picked":"ekkoTheBoyWhoShatteredTime:CatchUpTime","floor":16},{"not_picked":["ekkoTheBoyWhoShatteredTime:Confident","ekkoTheBoyWhoShatteredTime:LoadUp+1","ekkoTheBoyWhoShatteredTime:ItemsAfterimage+1"],"picked":"SKIP","floor":18},{"not_picked":["ekkoTheBoyWhoShatteredTime:QuickBreak","ekkoTheBoyWhoShatteredTime:ParallelConvergence+1","ekkoTheBoyWhoShatteredTime:DodgeTraining"],"picked":"SKIP","floor":19},{"not_picked":["ekkoTheBoyWhoShatteredTime:AfterimageHit+1","ekkoTheBoyWhoShatteredTime:HauntedAfterimage"],"picked":"ekkoTheBoyWhoShatteredTime:NaggingBlow","floor":21},{"not_picked":["ekkoTheBoyWhoShatteredTime:FeelIt","ekkoTheBoyWhoShatteredTime:SpHit","ekkoTheBoyWhoShatteredTime:Leap"],"picked":"SKIP","floor":22}],"player_experience":690239,"relics_obtained":[{"floor":6,"key":"ekkoTheBoyWhoShatteredTime:ChainArmlet"},{"floor":9,"key":"Regal Pillow"}],"event_choices":[{"damage_healed":0,"gold_gain":0,"player_choice":"Ignored","damage_taken":0,"max_hp_gain":0,"max_hp_loss":0,"event_name":"Golden Wing","floor":11,"gold_loss":0},{"damage_healed":0,"gold_gain":0,"player_choice":"Cursed","damage_taken":0,"max_hp_gain":0,"max_hp_loss":0,"event_name":"Wheel of Change","floor":13,"gold_loss":0,"cards_obtained":["Decay"]},{"damage_healed":26,"gold_gain":0,"player_choice":"Heal","damage_taken":0,"max_hp_gain":0,"max_hp_loss":0,"event_name":"The Library","floor":20,"gold_loss":0}],"is_beta":false,"boss_relics":[{"not_picked":["Fusion Hammer","Runic Dome"],"picked":"Sozu"}],"items_purged_floors":[],"is_endless":false,"potions_floor_spawned":[3,5,8,16,19],"killed_by":"Gremlin Leader","ascension_level":0}}