{"host":"hqsnl0mtmp1qafm7","time":1612005689,"event":{"mods":["AchievementEnabler","Aspiration","BaseMod","Better Altar","Better Match","Better Note","Better Sensory Stone","Better Skull","Better Third Choice","Colored Map","Colored Powertips","Conspire","Curses Come First","Downfall","Friendly Minions","Hermit","Highlight Path","Hubris","Ironclad Rager","Minty Spire (QoL Compilation)","Monster B Gone","Permanent Neow","Quick Restart","Rare Cards Sparkle","Reliquary","Replay The Spire","Retaliation","Shop Mod","Smile Girya","StSLib","The Blue Laboratory","The Runesmith","Wandering Minibosses","egg","thorton"],"gold_per_floor":[124,124,148,96,96,96,113,132,212,212,249,9,9,31,31,143,143,168,168,180,180,180],"floor_reached":20,"language":"ENG","playtime":889,"items_purged":[],"score":172,"play_id":"1ca695aa-37a3-4d76-bc75-bee18254f1f4","local_time":"20210130062129","is_ascension_mode":false,"campfire_choices":[{"data":"thethorton:Heckle","floor":6,"key":"SMITH"},{"floor":10,"key":"REST"},{"floor":15,"key":"REST"}],"circlet_count":0,"master_deck":["thethorton:Strike","thethorton:Strike","thethorton:Defend","thethorton:Defend","thethorton:Defend","thethorton:Defend","thethorton:Heckle+1","thethorton:CreditCard","thethorton:OddChange","thethorton:Crash","thethorton:Crash","thethorton:CannonShot","thethorton:CannonShot","thethorton:Investment","thethorton:PocketChange","thethorton:OddChange+1","thethorton:GoldBuffer","thethorton:Demotion","thethorton:PocketChange"],"relics":["thethorton:CouragePotion","Lantern","Frozen Egg 2","reliquary:BoilingFlask","Membership Card","reliquary:RoseTintedGlasses","Calipers","hubris:BlackHole"],"acts_visited":["Exordium","TheCity"],"potions_floor_usage":[11],"damage_taken":[{"damage":3,"enemies":"Jaw Worm","floor":1,"turns":5},{"damage":10,"enemies":"Cultist","floor":3,"turns":5},{"damage":0,"enemies":"Small Slimes","floor":7,"turns":5},{"damage":30,"enemies":"Exordium Thugs","floor":8,"turns":7},{"damage":7,"enemies":"Lagavulin","floor":11,"turns":6},{"damage":23,"enemies":"Blue Slaver","floor":14,"turns":7},{"damage":24,"enemies":"The Guardian","floor":16,"turns":11},{"damage":3,"enemies":"3 Byrds","floor":18,"turns":3},{"damage":12,"enemies":"Chosen","floor":20,"turns":6}],"seed_played":"-1615471251493976058","potions_obtained":[{"floor":1,"key":"blueLaboratory:LouseDecoction"},{"floor":8,"key":"DistilledChaos"},{"floor":14,"key":"Venom Potion"},{"floor":18,"key":"Languid Potion"}],"is_trial":false,"path_per_floor":["M","?","M","$","?","R","M","M","T","R","E","$","$","M","R","B",null,"M","?","M"],"character_chosen":"THE_THORT","items_purchased":["thethorton:CannonShot","Membership Card","thethorton:OddChange+1","reliquary:RoseTintedGlasses"],"campfire_rested":2,"item_purchase_floors":[4,12,12,12],"current_hp_per_floor":[65,65,55,55,55,55,55,25,25,45,38,38,38,15,35,11,68,65,65,54,54,54],"gold":180,"neow_bonus":"RANDOM_COMMON_RELIC","is_daily":false,"chose_seed":false,"campfire_upgraded":1,"win_rate":0.0,"timestamp":1612005689,"path_taken":["M","?","?","$","?","R","M","M","T","R","E","?","$","M","R","BOSS","M","?","M"],"items_purchased_type":["Card","Relic","Card","Relic"],"build_version":"2020-12-22","purchased_purges":0,"victory":false,"max_hp_per_floor":[68,68,68,68,68,68,68,68,68,68,68,68,68,68,68,68,68,68,68,69,69,69],"card_choices":[{"not_picked":["thethorton:ShoutAndRun","thethorton:DownPayment"],"picked":"thethorton:OddChange","floor":1},{"not_picked":["thethorton:ShoutAndRun","thethorton:TakeAccounts"],"picked":"thethorton:Crash","floor":3},{"not_picked":["thethorton:CoffeeBlast","thethorton:SicklyRun"],"picked":"thethorton:Investment","floor":7},{"not_picked":["thethorton:AdministrativeActions","thethorton:HedgeFund","thethorton:GoldBuffer"],"picked":"SKIP","floor":8},{"not_picked":["thethorton:BookBash","thethorton:GoldBuffer"],"picked":"thethorton:PocketChange","floor":11},{"not_picked":["thethorton:AngerMoment","thethorton:BusinessCard"],"picked":"thethorton:GoldBuffer","floor":14},{"not_picked":["thethorton:CrashingStocks","thethorton:Siphon"],"picked":"thethorton:Demotion","floor":16},{"not_picked":["thethorton:StumblingSlap","thethorton:DualBap"],"picked":"thethorton:PocketChange","floor":18}],"player_experience":103712,"relics_obtained":[{"floor":9,"key":"Frozen Egg 2"},{"floor":11,"key":"reliquary:BoilingFlask"}],"event_choices":[{"damage_healed":0,"gold_gain":0,"cards_transformed":["thethorton:Strike"],"player_choice":"Transformed","damage_taken":0,"max_hp_gain":0,"max_hp_loss":0,"event_name":"Transmorgrifier","floor":2,"gold_loss":0,"cards_obtained":["thethorton:Crash"]},{"cards_removed":["Normality"],"damage_healed":0,"gold_gain":0,"player_choice":"Card Removal","damage_taken":0,"max_hp_gain":0,"max_hp_loss":0,"event_name":"Wheel of Change","floor":19,"gold_loss":0}],"is_beta":false,"boss_relics":[{"not_picked":["hubris:VirtuousBlindfold","Snecko Eye"],"picked":"hubris:BlackHole"}],"items_purged_floors":[],"is_endless":false,"potions_floor_spawned":[1,8,14,18],"killed_by":"Chosen","ascension_level":0}}