{"host":"nug5xkek4sujf8as","time":1612037662,"event":{"mods":["Act Like it!","Aspiration","BaseMod","Booster Modes","CapriCore","Colored Powertips","Conspire","Energized Spire","Gensokyo","Minty Spire (QoL Compilation)","Permanent Neow","Quick Restart","Replay The Spire","Shop Mod","Spicy Shops","StSLib","【功能Mod】混沌之环修复补丁","【遗物卡牌】REMEMod","篝火指南"],"gold_per_floor":[118,118,118,138,138,138,138,138,138,157,167,199,51,201,126,204,154,165,179,179,179,179,179],"floor_reached":22,"language":"ZHS","playtime":465,"items_purged":["Doubt"],"score":393,"play_id":"e1acf003-bbcc-4652-b497-6af69e7728e0","local_time":"20210131041422","is_ascension_mode":true,"campfire_choices":[{"data":"Eruption","floor":6.0,"key":"SMITH"},{"data":"Bludgeon","floor":8.0,"key":"SMITH"}],"circlet_count":0,"master_deck":["AscendersBane","Strike_P","Strike_P","Strike_P","Strike_P","Defend_P","Defend_P","Defend_P","Defend_P","Eruption+1","Vigilance","Bludgeon+1","SashWhip","Replay:DivineShield","EmptyMind","Omniscience","Strike_P","Ragnarok","ForeignInfluence","MentalFortress","DevaForm"],"relics":["REME_ComplimentaryCards","Ring of Chaos","Mercury Hourglass","GoldenEye","aspiration:BabyByrd","Meat on the Bone","Replay:Accelerometer","aspiration:Lifesprig","energizedSpire:HugeHouse"],"acts_visited":["Exordium","TheCity"],"potions_floor_usage":[],"damage_taken":[{"damage":0.0,"enemies":"2 Louse","floor":1.0,"turns":4.0},{"damage":9.0,"enemies":"Small Slimes","floor":4.0,"turns":3.0},{"damage":3.0,"enemies":"conspire:RoseBush","floor":10.0,"turns":2.0},{"damage":0.0,"enemies":"Large Slime","floor":11.0,"turns":5.0},{"damage":0.0,"enemies":"Lagavulin","floor":12.0,"turns":4.0},{"damage":13.0,"enemies":"Slime Boss","floor":16.0,"turns":6.0},{"damage":12.0,"enemies":"2 Thieves","floor":18.0,"turns":4.0},{"damage":0.0,"enemies":"Chosen","floor":19.0,"turns":2.0},{"damage":0,"enemies":"Snake Plant","floor":22,"turns":1}],"seed_played":"4719204125572065620","potions_obtained":[{"floor":4.0,"key":"Energy Potion"},{"floor":10.0,"key":"GamblersBrew"}],"is_trial":false,"path_per_floor":["M","?","?","M","?","R","?","R","T","M","M","E","$","?","R","B",null,"M","M","?","?","M"],"character_chosen":"WATCHER","items_purchased":["aspiration:Lifesprig","Fasting2+1"],"campfire_rested":0,"item_purchase_floors":[13,13],"current_hp_per_floor":[61,61,54,45,40,40,40,40,40,37,37,37,37,37,37,36,56,44,44,27,27,27,27],"gold":179,"neow_bonus":"BOSS_RELIC","is_daily":false,"chose_seed":false,"campfire_upgraded":2,"win_rate":0.0,"timestamp":1612037662,"path_taken":["M","?","?","M","?","R","?","R","T","M","M","E","$","?","R","BOSS","M","M","?","?","M"],"items_purchased_type":["Relic","Card"],"build_version":"2020-12-22","purchased_purges":1,"victory":false,"max_hp_per_floor":[68,68,68,68,68,68,68,68,68,68,68,68,68,68,68,68,63,63,63,68,68,68,68],"card_choices":[{"not_picked":["InnerPeace","FlurryOfBlows"],"picked":"SashWhip","floor":1.0},{"not_picked":["DeceiveReality","Wallop","EmptyFist"],"picked":"SKIP","floor":4.0},{"not_picked":["Vengeance","JustLucky"],"picked":"Replay:DivineShield","floor":10.0},{"not_picked":["Weave","ClearTheMind","PathToVictory"],"picked":"SKIP","floor":11.0},{"not_picked":["EmptyFist","ClearTheMind"],"picked":"EmptyMind","floor":12.0},{"not_picked":["Vault","Replay:AllIn"],"picked":"Omniscience","floor":16.0},{"not_picked":["SashWhip","ThirdEye"],"picked":"ForeignInfluence","floor":18.0},{"not_picked":["BowlingBash+1","Prostrate"],"picked":"MentalFortress","floor":19.0}],"player_experience":721223,"relics_obtained":[{"floor":9.0,"key":"Meat on the Bone"},{"floor":12.0,"key":"Replay:Accelerometer"}],"event_choices":[{"damage_healed":0.0,"max_hp_gain":0.0,"max_hp_loss":0.0,"gold_gain":0.0,"event_name":"Big Fish","player_choice":"Box","floor":2.0,"gold_loss":0.0,"damage_taken":0.0,"relics_obtained":["Mercury Hourglass"],"cards_obtained":["Regret"]},{"cards_removed":["Regret"],"damage_healed":0.0,"max_hp_gain":0.0,"max_hp_loss":0.0,"gold_gain":0.0,"event_name":"Golden Wing","player_choice":"Card Removal","floor":3.0,"gold_loss":0.0,"damage_taken":7.0},{"damage_healed":0.0,"max_hp_gain":0.0,"max_hp_loss":0.0,"gold_gain":0.0,"event_name":"Scrap Ooze","player_choice":"Success","floor":5.0,"gold_loss":0.0,"damage_taken":5.0,"relics_obtained":["GoldenEye"]},{"damage_healed":0.0,"max_hp_gain":0.0,"max_hp_loss":0.0,"gold_gain":150.0,"event_name":"Liars Game","player_choice":"AGREE","floor":14.0,"gold_loss":0.0,"damage_taken":0.0,"cards_obtained":["Doubt"]},{"damage_healed":0.0,"max_hp_gain":5.0,"max_hp_loss":0.0,"gold_gain":0.0,"event_name":"Forgotten Altar","player_choice":"Shed Blood","floor":20.0,"gold_loss":0.0,"damage_taken":22.0},{"damage_healed":0.0,"max_hp_gain":0.0,"max_hp_loss":0.0,"gold_gain":0.0,"event_name":"The Library","player_choice":"Read","floor":21.0,"gold_loss":0.0,"damage_taken":0.0,"cards_obtained":["DevaForm"]}],"is_beta":false,"boss_relics":[{"not_picked":["Ectoplasm","Velvet Choker"],"picked":"energizedSpire:HugeHouse"}],"items_purged_floors":[15],"is_endless":false,"potions_floor_spawned":[4,10],"killed_by":"Snake Plant","ascension_level":18}}