{"host":"Sean","time":1612005906,"event":{"mods":["BaseMod","Block Reminder","Colored Map","Colored Powertips","Highlight Path","Minty Spire (QoL Compilation)","Permanent Neow","Relic Stats"],"gold_per_floor":[124,146,13,13,33,65,65,82,164,195,20,31,41,68,68,167,167,147,163,163,8,8,8,8,8,8,25,42,68,87,105,105,105,105],"floor_reached":33,"language":"ENG","playtime":2137,"items_purged":["Strike_G"],"score":440,"play_id":"0c50c5c0-7020-4c94-8498-53a4418f7bec","local_time":"20210130112506","is_ascension_mode":true,"campfire_choices":[{"data":"Dagger Throw","floor":7.0,"key":"SMITH"},{"data":"Riddle With Holes","floor":15.0,"key":"SMITH"},{"data":"Slice","floor":23.0,"key":"SMITH"},{"data":"Sucker Punch","floor":25.0,"key":"SMITH"},{"data":"Slice","floor":32.0,"key":"SMITH"}],"circlet_count":0,"master_deck":["Strike_G+1","Strike_G+1","Strike_G+1","Strike_G+1","Defend_G+1","Defend_G+1","Defend_G+1","Defend_G+1","Defend_G+1","Survivor","Neutralize","Sucker Punch+1","Dagger Throw+1","Flechettes","Acrobatics","Flying Knee","Riddle With Holes+1","Dagger Spray","Sucker Punch+1","Backflip","Cloak And Dagger","Tools of the Trade","Backflip+1","Cloak And Dagger","Slice+1","PiercingWail","Blade Dance","Acrobatics+1","Sucker Punch+1","Backstab","Slice+1"],"relics":["Ring of the Snake","MawBank","Membership Card","FossilizedHelix","Eternal Feather","Smiling Mask","Lee\u0027s Waffle","Bag of Marbles","The Courier","WristBlade","Paper Crane","MutagenicStrength","Pantograph","Dream Catcher"],"acts_visited":["Exordium","TheCity"],"potions_floor_usage":[33,33,33],"damage_taken":[{"damage":0.0,"enemies":"Jaw Worm","floor":1.0,"turns":5.0},{"damage":4.0,"enemies":"Small Slimes","floor":2.0,"turns":3.0},{"damage":0.0,"enemies":"2 Louse","floor":5.0,"turns":2.0},{"damage":23.0,"enemies":"3 Sentries","floor":6.0,"turns":8.0},{"damage":4.0,"enemies":"Exordium Wildlife","floor":8.0,"turns":4.0},{"damage":7.0,"enemies":"Gremlin Nob","floor":10.0,"turns":4.0},{"damage":3.0,"enemies":"Lots of Slimes","floor":12.0,"turns":4.0},{"damage":0.0,"enemies":"2 Fungi Beasts","floor":13.0,"turns":3.0},{"damage":5.0,"enemies":"3 Sentries","floor":14.0,"turns":8.0},{"damage":58.0,"enemies":"The Guardian","floor":16.0,"turns":17.0},{"damage":6.0,"enemies":"2 Thieves","floor":18.0,"turns":4.0},{"damage":0.0,"enemies":"Spheric Guardian","floor":19.0,"turns":3.0},{"damage":0.0,"enemies":"Chosen and Byrds","floor":27.0,"turns":5.0},{"damage":2.0,"enemies":"3 Cultists","floor":28.0,"turns":6.0},{"damage":0.0,"enemies":"Gremlin Leader","floor":29.0,"turns":5.0},{"damage":0.0,"enemies":"Centurion and Healer","floor":30.0,"turns":4.0},{"damage":0.0,"enemies":"Sentry and Sphere","floor":31.0,"turns":4.0},{"damage":79,"enemies":"Champ","floor":33,"turns":9}],"seed_played":"-3956913478092936467","potions_obtained":[{"floor":5.0,"key":"BlessingOfTheForge"},{"floor":12.0,"key":"Swift Potion"},{"floor":14.0,"key":"PowerPotion"},{"floor":16.0,"key":"LiquidMemories"},{"floor":18.0,"key":"Explosive Potion"},{"floor":29.0,"key":"AttackPotion"}],"is_trial":false,"path_per_floor":["M","M","$","?","M","E","R","M","T","E","$","M","M","E","R","B",null,"M","M","?","$","?","R","?","R","T","M","M","E","M","M","R","B"],"character_chosen":"THE_SILENT","items_purchased":["Membership Card","Lee\u0027s Waffle","Bag of Marbles","Dagger Spray","Paper Crane","PiercingWail"],"campfire_rested":0,"item_purchase_floors":[3,11,11,11,21,21],"current_hp_per_floor":[63,59,59,45,45,22,22,18,18,11,77,74,74,69,77,19,63,57,57,57,57,57,72,72,77,77,77,75,75,75,75,77,0,0],"gold":105,"neow_bonus":"RANDOM_COMMON_RELIC","is_daily":false,"chose_seed":false,"campfire_upgraded":5,"win_rate":0.0,"timestamp":1612005906,"path_taken":["M","M","$","?","M","E","R","M","T","E","$","M","M","E","R","BOSS","M","M","?","$","?","R","?","R","T","M","M","E","M","M","R","BOSS"],"items_purchased_type":["Relic","Relic","Relic","Card","Relic","Card"],"build_version":"2020-12-18","purchased_purges":1,"victory":false,"max_hp_per_floor":[70,70,70,70,70,70,70,70,70,70,77,77,77,77,77,77,77,77,77,77,77,77,77,77,77,77,77,77,77,77,77,77,77,77],"relic_stats":{"Lee\u0027s Waffle":66,"Dream Catcher":0,"counters":[18,98],"Pantograph":0,"Eternal Feather":30,"MawBank":36,"Smiling Mask":-20,"obtain_stats":[{"Lee\u0027s Waffle":11,"Eternal Feather":9,"The Courier":14,"Paper Crane":21,"MawBank":0,"Smiling Mask":10,"Dream Catcher":29,"WristBlade":17,"MutagenicStrength":24,"Pantograph":26,"Bag of Marbles":11,"Membership Card":3,"FossilizedHelix":6,"Ring of the Snake":0},{"Lee\u0027s Waffle":6,"Eternal Feather":5,"The Courier":9,"Paper Crane":12,"MawBank":0,"Smiling Mask":6,"Dream Catcher":15,"WristBlade":10,"MutagenicStrength":12,"Pantograph":12,"Bag of Marbles":6,"Membership Card":2,"FossilizedHelix":4,"Ring of the Snake":0},{"Lee\u0027s Waffle":26,"Eternal Feather":22,"The Courier":41,"Paper Crane":65,"MawBank":0,"Smiling Mask":26,"Dream Catcher":81,"WristBlade":58,"MutagenicStrength":65,"Pantograph":65,"Bag of Marbles":26,"Membership Card":8,"FossilizedHelix":18,"Ring of the Snake":0}],"Ring of the Snake":[36]},"card_choices":[{"not_picked":["Underhanded Strike","Footwork"],"picked":"Sucker Punch","floor":1.0},{"not_picked":["Crippling Poison","Bane"],"picked":"Dagger Throw","floor":2.0},{"not_picked":["Flying Knee","Grand Finale"],"picked":"Flechettes","floor":5.0},{"not_picked":["Setup","Dodge and Roll"],"picked":"Acrobatics","floor":6.0},{"not_picked":["Blade Dance","Finisher"],"picked":"Flying Knee","floor":8.0},{"not_picked":["Burst","Dagger Spray"],"picked":"Riddle With Holes","floor":10.0},{"not_picked":["All Out Attack","Dagger Spray"],"picked":"Sucker Punch","floor":12.0},{"not_picked":["Prepared","PiercingWail"],"picked":"Backflip","floor":13.0},{"not_picked":["Blade Dance","Dagger Spray"],"picked":"Cloak And Dagger","floor":14.0},{"not_picked":["Corpse Explosion","Burst"],"picked":"Tools of the Trade","floor":16.0},{"not_picked":["Concentrate","Sucker Punch"],"picked":"Backflip+1","floor":18.0},{"not_picked":["Flying Knee","Catalyst"],"picked":"Cloak And Dagger","floor":19.0},{"not_picked":["All Out Attack+1","Bane"],"picked":"Blade Dance","floor":27.0},{"not_picked":["Leg Sweep","Deflect+1"],"picked":"Acrobatics+1","floor":28.0},{"not_picked":["Deadly Poison","Calculated Gamble"],"picked":"Sucker Punch+1","floor":29.0},{"not_picked":["Dagger Throw","Blade Dance"],"picked":"Backstab","floor":30.0},{"not_picked":["Bane","Footwork+1"],"picked":"Slice","floor":31.0}],"player_experience":503472,"relics_obtained":[{"floor":6.0,"key":"FossilizedHelix"},{"floor":9.0,"key":"Eternal Feather"},{"floor":10.0,"key":"Smiling Mask"},{"floor":14.0,"key":"The Courier"},{"floor":26.0,"key":"Pantograph"},{"floor":29.0,"key":"Dream Catcher"}],"event_choices":[{"damage_healed":0.0,"max_hp_gain":0.0,"max_hp_loss":0.0,"gold_gain":0.0,"event_name":"Shining Light","player_choice":"Entered Light","floor":4.0,"gold_loss":0.0,"damage_taken":14.0,"cards_upgraded":["Defend_G","Sucker Punch"]},{"damage_healed":0.0,"max_hp_gain":0.0,"max_hp_loss":0.0,"gold_gain":0.0,"event_name":"The Library","player_choice":"Read","floor":20.0,"gold_loss":0.0,"damage_taken":0.0,"cards_obtained":["Slice"]},{"damage_healed":0.0,"max_hp_gain":0.0,"max_hp_loss":0.0,"gold_gain":0.0,"event_name":"Back to Basics","player_choice":"Simplicity","floor":22.0,"gold_loss":0.0,"damage_taken":0.0,"cards_upgraded":["Strike_G","Strike_G","Strike_G","Strike_G","Defend_G","Defend_G","Defend_G","Defend_G"]},{"damage_healed":0.0,"max_hp_gain":0.0,"max_hp_loss":0.0,"gold_gain":0.0,"event_name":"Drug Dealer","player_choice":"Inject Mutagens","floor":24.0,"gold_loss":0.0,"damage_taken":0.0,"relics_obtained":["MutagenicStrength"]}],"is_beta":true,"boss_relics":[{"not_picked":["Coffee Dripper","Ring of the Serpent"],"picked":"WristBlade"}],"items_purged_floors":[21],"is_endless":false,"potions_floor_spawned":[5,12,14,16,18,27,29],"killed_by":"Champ","ascension_level":8}}