{"host":"6kyqgln1ip325a4v","time":1612045868,"event":{"mods":["BaseMod","Minty Spire (QoL Compilation)"],"gold_per_floor":[114,129,129,129,144,144,174,189,239,239,269,284,384,414,414,514,514,529,529,544,559,584,584,584,584,634,634,664,679,179,179,179,279,279,294,94,126,141,156,156,180,180,180,180,210,210,87,111,111,111,111],"floor_reached":50,"language":"ENG","playtime":1976,"items_purged":["Strike_R","Strike_R","Strike_R"],"score":583,"play_id":"4ed3c70e-fc04-49b0-ba1a-fe855d4a28d0","local_time":"20210130173108","daily_mods":["Specialized","Colorless Cards","Terminal"],"is_ascension_mode":false,"campfire_choices":[{"data":"Body Slam","floor":6,"key":"SMITH"},{"data":"Flame Barrier","floor":10,"key":"SMITH"},{"data":"Armaments","floor":15,"key":"SMITH"},{"data":"Whirlwind","floor":23,"key":"SMITH"},{"data":"Inflame","floor":25,"key":"SMITH"},{"data":"The Bomb","floor":27,"key":"SMITH"},{"floor":32,"key":"DIG"},{"floor":40,"key":"DIG"},{"floor":42,"key":"DIG"},{"floor":46,"key":"REST"},{"floor":49,"key":"DIG"}],"circlet_count":0,"master_deck":["Strike_R","Strike_R","Defend_R","Defend_R","Defend_R","Defend_R","Bash","Flame Barrier+1","Flame Barrier","Flame Barrier","Flame Barrier","Pommel Strike","Clothesline","Body Slam+1","Panacea","Headbutt","Armaments+1","Flash of Steel","The Bomb+1","CurseOfTheBell","Inflame+1","Whirlwind+1","Juggernaut","Ghostly Armor","Body Slam+1","Juggernaut+1","Dark Shackles","Discovery","Parasite","Combust+1","Anger"],"relics":["Burning Blood","Potion Belt","Smiling Mask","Juzu Bracelet","HornCleat","PreservedInsect","Calling Bell","Bag of Preparation","Pear","Charon\u0027s Ashes","Strawberry","Tiny Chest","Gambling Chip","DollysMirror","Shovel","Vajra","Frozen Egg 2","Busted Crown","Bronze Scales","Peace Pipe","CeramicFish","Bottled Flame","Question Card","Akabeko","Bag of Marbles"],"acts_visited":["Exordium","TheCity","TheBeyond"],"potions_floor_usage":[7,11,11,11,12,14,16,16,20,20,21,21,33,33,33,39,50,50,50,50],"damage_taken":[{"damage":0,"enemies":"Cultist","floor":1,"turns":4},{"damage":0,"enemies":"Jaw Worm","floor":2,"turns":6},{"damage":0,"enemies":"Small Slimes","floor":5,"turns":3},{"damage":1,"enemies":"3 Sentries","floor":7,"turns":9},{"damage":5,"enemies":"Exordium Wildlife","floor":8,"turns":4},{"damage":2,"enemies":"Lagavulin","floor":11,"turns":7},{"damage":0,"enemies":"Blue Slaver","floor":12,"turns":2},{"damage":10,"enemies":"Gremlin Nob","floor":14,"turns":5},{"damage":13,"enemies":"Hexaghost","floor":16,"turns":9},{"damage":0,"enemies":"3 Byrds","floor":18,"turns":2},{"damage":0,"enemies":"Shell Parasite","floor":20,"turns":9},{"damage":5,"enemies":"Cultist and Chosen","floor":21,"turns":6},{"damage":23,"enemies":"Book of Stabbing","floor":28,"turns":6},{"damage":0,"enemies":"Sentry and Sphere","floor":29,"turns":3},{"damage":17,"enemies":"Champ","floor":33,"turns":9},{"damage":1,"enemies":"3 Shapes","floor":35,"turns":4},{"damage":19,"enemies":"2 Orb Walkers","floor":37,"turns":4},{"damage":7,"enemies":"3 Darklings","floor":38,"turns":3},{"damage":16,"enemies":"Maw","floor":39,"turns":6},{"damage":6,"enemies":"Writhing Mass","floor":41,"turns":5},{"damage":15,"enemies":"Reptomancer","floor":45,"turns":4},{"damage":9,"enemies":"4 Shapes","floor":48,"turns":1},{"damage":54,"enemies":"Awakened One","floor":50,"turns":8}],"seed_played":"-828330817948855686","potions_obtained":[{"floor":2,"key":"AttackPotion"},{"floor":8,"key":"CultistPotion"},{"floor":11,"key":"EntropicBrew"},{"floor":14,"key":"Ancient Potion"},{"floor":16,"key":"DuplicationPotion"},{"floor":19,"key":"Explosive Potion"},{"floor":19,"key":"PowerPotion"},{"floor":19,"key":"SneckoOil"},{"floor":20,"key":"Weak Potion"},{"floor":21,"key":"SteroidPotion"},{"floor":28,"key":"PowerPotion"},{"floor":39,"key":"Fire Potion"},{"floor":41,"key":"LiquidMemories"},{"floor":45,"key":"ElixirPotion"},{"floor":48,"key":"SpeedPotion"}],"is_trial":false,"path_per_floor":["M","M","?","?","M","R","E","M","T","R","E","M","?","E","R","B",null,"M","?","M","M","T","R","?","R","T","R","E","M","$","T","R","B",null,"M","$","?","M","M","R","M","R","T","?","E","R","$","M","R","B"],"character_chosen":"IRONCLAD","items_purchased":["DollysMirror","Shovel","Bronze Scales","Combust+1"],"campfire_rested":1,"item_purchase_floors":[30,30,36,47],"current_hp_per_floor":[78,77,81,80,79,78,77,76,75,74,78,77,76,72,72,65,82,81,80,79,78,84,83,82,81,80,79,62,68,68,68,68,57,72,71,70,57,56,46,46,46,46,46,46,37,55,55,52,52,0,0],"gold":111,"neow_bonus":"","is_daily":true,"chose_seed":false,"campfire_upgraded":6,"win_rate":0.0,"timestamp":1612045868,"path_taken":["M","M","?","?","M","R","E","?","T","R","E","M","?","E","R","BOSS","M","?","M","M","?","R","?","R","T","R","E","M","$","?","R","BOSS","M","$","?","M","M","R","M","R","T","?","E","R","$","M","R","BOSS"],"items_purchased_type":["Relic","Relic","Relic","Card"],"build_version":"2020-12-22","purchased_purges":3,"victory":false,"max_hp_per_floor":[78,77,81,80,79,78,77,76,75,74,78,77,76,75,74,73,82,81,80,79,78,84,83,82,81,80,79,78,77,76,75,74,73,72,71,70,69,68,67,66,65,64,63,62,61,60,59,58,57,57,57],"card_choices":[{"not_picked":["Uppercut","Flex"],"picked":"Pommel Strike","floor":1},{"not_picked":["Pummel","Searing Blow"],"picked":"Clothesline","floor":2},{"not_picked":["Hemokinesis","Headbutt"],"picked":"Body Slam","floor":5},{"not_picked":["Thunderclap","Twin Strike"],"picked":"Panacea","floor":7},{"not_picked":["Flex","Mind Blast"],"picked":"Headbutt","floor":8},{"not_picked":["Cleave","Panacea"],"picked":"Armaments","floor":11},{"not_picked":["Wild Strike","Ghostly Armor"],"picked":"Flash of Steel","floor":12},{"not_picked":["Warcry","Hemokinesis","True Grit"],"picked":"SKIP","floor":14},{"not_picked":["Berserk","Master of Strategy"],"picked":"The Bomb","floor":16},{"not_picked":["Warcry","Clothesline"],"picked":"Inflame","floor":18},{"not_picked":["Clash","Searing Blow+1","Clothesline"],"picked":"SKIP","floor":20},{"not_picked":["Heavy Blade","Armaments"],"picked":"Whirlwind","floor":21},{"not_picked":["Whirlwind+1","Uppercut+1"],"picked":"Juggernaut","floor":28},{"not_picked":["Carnage","Searing Blow+1"],"picked":"Ghostly Armor","floor":29},{"not_picked":["Mayhem+1","Master of Strategy"],"picked":"Juggernaut+1","floor":33},{"not_picked":["Impatience+1"],"picked":"SKIP","floor":35},{"not_picked":[],"picked":"Thunderclap","floor":37},{"not_picked":[],"picked":"Dark Shackles","floor":38},{"not_picked":[],"picked":"Discovery","floor":39},{"not_picked":["Discovery"],"picked":"SKIP","floor":41},{"not_picked":["Bludgeon","Sadistic Nature+1"],"picked":"SKIP","floor":45},{"not_picked":["Second Wind+1"],"picked":"Anger","floor":48}],"player_experience":158040,"relics_obtained":[{"floor":7,"key":"Smiling Mask"},{"floor":9,"key":"Juzu Bracelet"},{"floor":11,"key":"HornCleat"},{"floor":14,"key":"PreservedInsect"},{"floor":17,"key":"Bag of Preparation"},{"floor":17,"key":"Pear"},{"floor":17,"key":"Charon\u0027s Ashes"},{"floor":22,"key":"Strawberry"},{"floor":26,"key":"Tiny Chest"},{"floor":28,"key":"Gambling Chip"},{"floor":31,"key":"Vajra"},{"floor":32,"key":"Frozen Egg 2"},{"floor":37,"key":"Peace Pipe"},{"floor":40,"key":"CeramicFish"},{"floor":42,"key":"Bottled Flame"},{"floor":43,"key":"Question Card"},{"floor":45,"key":"Akabeko"},{"floor":49,"key":"Bag of Marbles"}],"event_choices":[{"damage_healed":0,"gold_gain":0,"player_choice":"Donut","damage_taken":0,"max_hp_gain":5,"max_hp_loss":0,"event_name":"Big Fish","floor":3,"gold_loss":0},{"cards_removed":["Flame Barrier"],"damage_healed":0,"gold_gain":0,"player_choice":"Gave Card","damage_taken":0,"relics_obtained":["Potion Belt"],"max_hp_gain":0,"max_hp_loss":0,"event_name":"WeMeetAgain","floor":4,"gold_loss":0},{"damage_healed":0,"gold_gain":100,"player_choice":"Pray","damage_taken":0,"max_hp_gain":0,"max_hp_loss":0,"event_name":"Golden Shrine","floor":13,"gold_loss":0},{"damage_healed":0,"gold_gain":0,"player_choice":"Got Potions","damage_taken":0,"max_hp_gain":0,"max_hp_loss":0,"event_name":"Lab","floor":19,"gold_loss":0},{"damage_healed":0,"gold_gain":0,"player_choice":"Ignored","damage_taken":0,"max_hp_gain":0,"max_hp_loss":0,"event_name":"Vampires","floor":24,"gold_loss":0},{"damage_healed":0,"gold_gain":0,"player_choice":"Fight","damage_taken":0,"max_hp_gain":0,"max_hp_loss":0,"event_name":"Mysterious Sphere","floor":37,"gold_loss":0},{"cards_removed":["Thunderclap"],"damage_healed":0,"gold_gain":0,"player_choice":"Removed Attack","damage_taken":0,"max_hp_gain":0,"max_hp_loss":0,"event_name":"Falling","floor":44,"gold_loss":0}],"is_beta":false,"boss_relics":[{"not_picked":["Coffee Dripper","Runic Dome"],"picked":"Calling Bell"},{"not_picked":["Tiny House","SacredBark"],"picked":"Busted Crown"}],"items_purged_floors":[30,36,47],"is_endless":false,"potions_floor_spawned":[2,8,11,14,16,20,21,28,39,41,45,48],"killed_by":"Awakened One","ascension_level":0}}