{"host":"nxnzcl474ro3ewbj","time":1612043779,"event":{"mods":["2.2 Compatiblity","Act Like it!","BaseMod","Better Third Choice","Better-Laid Plans","Colored Map","Custom Start","Highlight Path","Keyboard Shortcuts","Minty Spire (QoL Compilation)","Quick Restart","Rare Cards Sparkle","Relic Stats","Shop Mod","Slay the Relics Exporter","StSLib","SuperFastMode"],"gold_per_floor":[116,116,128,53,53,53,82,82,106,118,118,147,161,171,171,244,244,263,263,274,274,294,294,321,221,221,221,231,68,68,68,68,140,140,155,125,135,148,148,175,175,175,246,246,246,271,271,283,283,283],"floor_reached":51,"language":"KOR","playtime":955,"items_purged":["Defend_R","Strike_R+1"],"score":1360,"play_id":"43623fdf-66a1-4b73-b205-e78aba78c237","local_time":"20210131065619","is_ascension_mode":true,"campfire_choices":[{"data":"True Grit","floor":6.0,"key":"SMITH"},{"data":"Cleave","floor":8.0,"key":"SMITH"},{"data":"Fire Breathing","floor":11.0,"key":"SMITH"},{"data":"Heavy Blade","floor":15.0,"key":"SMITH"},{"floor":23,"key":"REST"},{"floor":27,"key":"REST"},{"floor":32,"key":"REST"},{"data":"Battle Trance","floor":47,"key":"SMITH"},{"data":"Fiend Fire","floor":49,"key":"SMITH"}],"circlet_count":0,"master_deck":["AscendersBane","Defend_R+1","Defend_R+1","Defend_R+1","Bash","True Grit+1","Cleave+1","Heavy Blade+1","Fire Breathing+1","Inflame","Shrug It Off","Fiend Fire+1","Headbutt+1","Necronomicurse","Dropkick+1","Spot Weakness+1","Battle Trance+1","Offering+1","Spot Weakness+1","Spot Weakness+1","Havoc+1","Shrug It Off","Impervious","Shrug It Off","Pommel Strike+1"],"relics":["Burning Blood","NeowsBlessing","Turnip","Potion Belt","Self Forming Clay","Sozu","Necronomicon","Bag of Preparation","Bottled Flame","Pen Nib","Torii","Astrolabe","Bronze Scales","InkBottle","Eternal Feather","Champion Belt"],"acts_visited":["Exordium","TheCity","TheBeyond"],"potions_floor_usage":[22,42,50],"damage_taken":[{"damage":0.0,"enemies":"Jaw Worm","floor":1.0,"turns":1.0},{"damage":0.0,"enemies":"Cultist","floor":3.0,"turns":1.0},{"damage":0.0,"enemies":"3 Sentries","floor":7.0,"turns":1.0},{"damage":0.0,"enemies":"2 Louse","floor":10.0,"turns":2.0},{"damage":16.0,"enemies":"Gremlin Nob","floor":12.0,"turns":3.0},{"damage":26.0,"enemies":"Exordium Thugs","floor":13.0,"turns":4.0},{"damage":6.0,"enemies":"3 Louse","floor":14.0,"turns":3.0},{"damage":44.0,"enemies":"Hexaghost","floor":16.0,"turns":9.0},{"damage":22.0,"enemies":"Spheric Guardian","floor":18.0,"turns":4.0},{"damage":6.0,"enemies":"3 Byrds","floor":20.0,"turns":4.0},{"damage":9,"enemies":"Shelled Parasite and Fungi","floor":22,"turns":3},{"damage":37,"enemies":"Book of Stabbing","floor":24,"turns":4},{"damage":20,"enemies":"3 Cultists","floor":28,"turns":4},{"damage":33,"enemies":"Collector","floor":33,"turns":6},{"damage":0,"enemies":"Orb Walker","floor":35,"turns":1},{"damage":6,"enemies":"3 Shapes","floor":37,"turns":4},{"damage":15,"enemies":"Sphere and 2 Shapes","floor":38,"turns":4},{"damage":6,"enemies":"Nemesis","floor":40,"turns":3},{"damage":0,"enemies":"3 Darklings","floor":42,"turns":1},{"damage":0,"enemies":"Mind Bloom Boss Battle","floor":46,"turns":5},{"damage":33,"enemies":"Writhing Mass","floor":48,"turns":2},{"damage":43,"enemies":"Awakened One","floor":50,"turns":5}],"seed_played":"-8478364930016441905","potions_obtained":[{"floor":3.0,"key":"SpeedPotion"},{"floor":10.0,"key":"DistilledChaos"},{"floor":12.0,"key":"DuplicationPotion"},{"floor":14.0,"key":"SmokeBomb"},{"floor":16.0,"key":"Block Potion"}],"is_trial":false,"path_per_floor":["M","?","M","$","?","R","E","R","T","M","R","E","M","M","R","B",null,"M","?","M","?","M","R","E","$","T","R","M","$","T","?","R","B",null,"M","$","M","M","?","E","?","M","T","?","T","?","R","M","R","B",null],"character_chosen":"IRONCLAD","items_purchased":["Pen Nib","Shrug It Off"],"campfire_rested":3,"item_purchase_floors":[29,36],"current_hp_per_floor":[74,74,75,75,75,75,75,75,75,75,75,65,45,45,45,7,58,42,42,42,21,18,40,9,9,9,31,17,17,17,17,39,12,59,65,65,65,56,56,56,56,62,62,62,62,68,71,44,59,22],"gold":283,"neow_bonus":"THREE_ENEMY_KILL","is_daily":false,"chose_seed":false,"campfire_upgraded":6,"win_rate":0.0,"timestamp":1612043779,"path_taken":["M","?","?","$","?","R","E","R","T","M","R","E","M","M","R","BOSS","M","?","M","?","M","R","E","$","T","R","M","$","?","?","R","BOSS","M","$","M","M","?","E","?","?","T","?","?","?","R","M","R","BOSS"],"items_purchased_type":["Relic","Card"],"build_version":"2020-12-22","purchased_purges":2,"victory":true,"max_hp_per_floor":[75,75,75,75,75,75,75,75,75,75,75,75,75,75,75,75,75,75,75,75,75,75,75,75,75,75,75,75,75,75,75,75,75,75,75,75,75,75,75,75,75,75,75,71,71,71,71,71,71,71],"relic_stats":{"Torii":0,"counters":[22,74],"Self Forming Clay":[126],"Astrolabe":["Spot Weakness","Spot Weakness","Havoc"],"Eternal Feather":18,"Pen Nib":[6],"Bag of Preparation":[20],"Burning Blood":115,"Sozu":5,"Bronze Scales":[24],"Turnip":[8],"Necronomicon":[33],"Champion Belt":[2],"obtain_stats":[{"Potion Belt":9,"NeowsBlessing":0,"Torii":30,"Self Forming Clay":12,"Astrolabe":34,"Eternal Feather":45,"Pen Nib":29,"Bag of Preparation":24,"Burning Blood":0,"Sozu":17,"Bottled Flame":26,"Bronze Scales":40,"Turnip":7,"Necronomicon":21,"Champion Belt":46,"InkBottle":43},{"Potion Belt":3,"NeowsBlessing":0,"Torii":13,"Self Forming Clay":5,"Astrolabe":14,"Eternal Feather":19,"Pen Nib":13,"Bag of Preparation":12,"Burning Blood":0,"Sozu":8,"Bottled Flame":12,"Bronze Scales":18,"Turnip":3,"Necronomicon":10,"Champion Belt":20,"InkBottle":19},{"Potion Belt":3,"NeowsBlessing":0,"Torii":43,"Self Forming Clay":8,"Astrolabe":49,"Eternal Feather":62,"Pen Nib":43,"Bag of Preparation":39,"Burning Blood":0,"Sozu":24,"Bottled Flame":39,"Bronze Scales":61,"Turnip":3,"Necronomicon":32,"Champion Belt":67,"InkBottle":62}],"InkBottle":[4]},"card_choices":[{"not_picked":["Armaments","Shockwave"],"picked":"True Grit","floor":1.0},{"not_picked":["Disarm","Thunderclap"],"picked":"Cleave","floor":3.0},{"not_picked":["Perfected Strike","Twin Strike","Rupture"],"picked":"SKIP","floor":7.0},{"not_picked":["Iron Wave","Headbutt"],"picked":"Fire Breathing","floor":10.0},{"not_picked":["Searing Blow","Warcry"],"picked":"Inflame","floor":12.0},{"not_picked":["Rampage","True Grit"],"picked":"Shrug It Off","floor":13.0},{"not_picked":["Dark Embrace","Heavy Blade"],"picked":"Twin Strike","floor":14.0},{"not_picked":["Feed","Impervious"],"picked":"Fiend Fire","floor":16.0},{"not_picked":["Flame Barrier","Intimidate","Wild Strike"],"picked":"SKIP","floor":18.0},{"not_picked":["Pummel","Havoc"],"picked":"Headbutt+1","floor":20.0},{"not_picked":["True Grit","Armaments"],"picked":"Dropkick+1","floor":22},{"not_picked":["Anger","Body Slam"],"picked":"Spot Weakness+1","floor":24},{"not_picked":["Exhume","Inflame"],"picked":"Battle Trance","floor":28},{"not_picked":["Fiend Fire","Brutality"],"picked":"Offering","floor":33},{"not_picked":["Entrench+1","Sword Boomerang","Thunderclap"],"picked":"SKIP","floor":35},{"not_picked":["Armaments","Thunderclap","Cleave"],"picked":"SKIP","floor":37},{"not_picked":["Searing Blow+1","Body Slam+1"],"picked":"Impervious","floor":38},{"not_picked":["Exhume","Metallicize+1"],"picked":"Shrug It Off","floor":40},{"not_picked":["Blood for Blood","Flex"],"picked":"Pommel Strike+1","floor":48}],"player_experience":81317,"relics_obtained":[{"floor":7.0,"key":"Turnip"},{"floor":9.0,"key":"Potion Belt"},{"floor":12.0,"key":"Self Forming Clay"},{"floor":21.0,"key":"Necronomicon"},{"floor":24,"key":"Bag of Preparation"},{"floor":26,"key":"Bottled Flame"},{"floor":30,"key":"Torii"},{"floor":40,"key":"Bronze Scales"},{"floor":43,"key":"InkBottle"},{"floor":45,"key":"Eternal Feather"},{"floor":46,"key":"Champion Belt"}],"event_choices":[{"cards_removed":["Strike_R"],"damage_healed":0.0,"max_hp_gain":0.0,"max_hp_loss":0.0,"gold_gain":0.0,"event_name":"Bonfire Elementals","player_choice":"Offered Basic","floor":2.0,"gold_loss":0.0,"damage_taken":0.0},{"damage_healed":0.0,"max_hp_gain":0.0,"max_hp_loss":0.0,"gold_gain":0.0,"cards_transformed":["Strike_R"],"event_name":"Transmorgrifier","player_choice":"Transformed","floor":5.0,"gold_loss":0.0,"damage_taken":0.0,"cards_obtained":["Heavy Blade"]},{"damage_healed":0.0,"max_hp_gain":0.0,"max_hp_loss":6.0,"gold_gain":0.0,"event_name":"betterThird:BetterWriting","player_choice":"Simplicity","floor":19.0,"gold_loss":0.0,"damage_taken":0.0},{"damage_healed":0.0,"max_hp_gain":0.0,"max_hp_loss":0.0,"gold_gain":0.0,"event_name":"Cursed Tome","player_choice":"Obtained Book","floor":21.0,"gold_loss":0.0,"damage_taken":21.0},{"damage_healed":0,"gold_gain":0,"player_choice":"Ignored","damage_taken":0,"max_hp_gain":0,"max_hp_loss":0,"event_name":"Vampires","floor":31,"gold_loss":0},{"damage_healed":0,"gold_gain":0,"player_choice":"Ignored","damage_taken":0,"max_hp_gain":0,"max_hp_loss":0,"event_name":"Tomb of Lord Red Mask","floor":39,"gold_loss":0},{"damage_healed":0,"gold_gain":0,"player_choice":"Upgraded","damage_taken":0,"max_hp_gain":0,"max_hp_loss":0,"event_name":"Upgrade Shrine","floor":41,"gold_loss":0,"cards_upgraded":["Offering"]},{"damage_healed":0,"gold_gain":0,"player_choice":"Max HP","damage_taken":0,"max_hp_gain":0,"max_hp_loss":4,"event_name":"Winding Halls","floor":44,"gold_loss":0},{"damage_healed":0,"gold_gain":0,"player_choice":"Fight","damage_taken":0,"max_hp_gain":0,"max_hp_loss":0,"event_name":"MindBloom","floor":46,"gold_loss":0}],"is_beta":false,"boss_relics":[{"not_picked":["Runic Cube","Ectoplasm","Fusion Hammer"]},{"not_picked":["Calling Bell","SacredBark"],"picked":"Astrolabe"}],"items_purged_floors":[4,25],"is_endless":false,"potions_floor_spawned":[3,10,12,14,16,24,28,38,40,48],"ascension_level":16}}