{"host":"8b2tzytxrazqquwe","time":1612043701,"event":{"mods":["BaseMod","Card Forge","Colored Map","Highlight Path","Minty Spire (QoL Compilation)","StSLib","The Marked"],"gold_per_floor":[114,129,144,159,174,174,204,204,254,254,284,299,299,329,329,429,429,444,459,474,474,489,489,504,504,529,544,559,574,574,574,574,574,574],"floor_reached":33,"language":"ENG","playtime":1254,"items_purged":[],"score":350,"play_id":"1818e756-b882-444f-9cb6-15716c5a9577","local_time":"20210130215501","daily_mods":["Specialized","Colorless Cards","Terminal"],"is_ascension_mode":false,"campfire_choices":[{"data":"Perfected Strike","floor":6,"key":"SMITH"},{"data":"Disarm","floor":10,"key":"SMITH"},{"data":"Disarm","floor":15,"key":"SMITH"},{"data":"Disarm","floor":23,"key":"SMITH"},{"data":"Disarm","floor":25,"key":"SMITH"},{"data":"Disarm","floor":32,"key":"SMITH"}],"circlet_count":0,"master_deck":["Strike_R","Strike_R","Strike_R","Strike_R","Strike_R","Defend_R","Defend_R","Defend_R","Defend_R","Bash","Disarm+1","Disarm+1","Disarm+1","Disarm+1","Disarm+1","Perfected Strike+1","Cleave","Good Instincts+1"],"relics":["Burning Blood","Hammer of Thor","Seething Fire","Anvil of the Gods","Potion Belt","Smiling Mask","Juzu Bracelet","HornCleat","PreservedInsect","Coffee Dripper","Bag of Preparation","MutagenicStrength"],"acts_visited":["Exordium","TheCity"],"potions_floor_usage":[20,20,21,21,21,22,33,33],"damage_taken":[{"damage":0,"enemies":"Cultist","floor":1,"turns":5},{"damage":0,"enemies":"Jaw Worm","floor":2,"turns":4},{"damage":0,"enemies":"Small Slimes","floor":3,"turns":5},{"damage":0,"enemies":"Exordium Wildlife","floor":4,"turns":5},{"damage":3,"enemies":"Blue Slaver","floor":5,"turns":4},{"damage":26,"enemies":"3 Sentries","floor":7,"turns":10},{"damage":5,"enemies":"Lagavulin","floor":11,"turns":8},{"damage":15,"enemies":"Large Slime","floor":12,"turns":7},{"damage":8,"enemies":"Gremlin Nob","floor":14,"turns":5},{"damage":0,"enemies":"Hexaghost","floor":16,"turns":15},{"damage":5,"enemies":"3 Byrds","floor":18,"turns":7},{"damage":3,"enemies":"Shell Parasite","floor":19,"turns":6},{"damage":60,"enemies":"Cultist and Chosen","floor":20,"turns":8},{"damage":0,"enemies":"Sentry and Sphere","floor":21,"turns":3},{"damage":19,"enemies":"Chosen and Byrds","floor":22,"turns":8},{"damage":0,"enemies":"Snake Plant","floor":24,"turns":5},{"damage":0,"enemies":"Snecko","floor":27,"turns":6},{"damage":0,"enemies":"Cultist and Chosen","floor":28,"turns":7},{"damage":0,"enemies":"Snake Plant","floor":29,"turns":6},{"damage":35,"enemies":"Champ","floor":33,"turns":11}],"seed_played":"-828330817948855686","potions_obtained":[{"floor":2,"key":"AttackPotion"},{"floor":5,"key":"CultistPotion"},{"floor":7,"key":"EntropicBrew"},{"floor":11,"key":"SteroidPotion"},{"floor":18,"key":"BloodPotion"},{"floor":22,"key":"Weak Potion"},{"floor":24,"key":"SteroidPotion"},{"floor":27,"key":"PowerPotion"}],"is_trial":false,"path_per_floor":["M","M","M","M","M","R","E","?","T","R","E","M","?","E","R","B",null,"M","M","M","M","M","R","M","R","T","M","M","M","$","?","R","B"],"character_chosen":"IRONCLAD","items_purchased":[],"campfire_rested":0,"item_purchase_floors":[],"current_hp_per_floor":[78,77,76,75,74,73,53,53,53,53,54,45,45,43,43,49,62,61,60,18,24,11,11,17,17,17,23,29,35,35,35,35,0,0],"gold":574,"neow_bonus":"","is_daily":true,"chose_seed":false,"campfire_upgraded":6,"win_rate":0.0,"timestamp":1612043701,"path_taken":["M","M","M","M","M","R","E","?","T","R","E","M","?","E","R","BOSS","M","M","M","M","M","R","M","R","T","M","M","M","$","?","R","BOSS"],"items_purchased_type":[],"build_version":"2020-12-22","purchased_purges":0,"victory":false,"max_hp_per_floor":[78,77,76,75,74,73,72,71,70,69,68,67,66,65,64,63,62,61,60,59,58,57,56,55,54,53,52,51,50,49,48,47,47,47],"card_choices":[{"not_picked":["Perfected Strike","Fire Breathing","Flex"],"picked":"SKIP","floor":1},{"not_picked":["Fire Breathing","Flex"],"picked":"Perfected Strike","floor":1},{"not_picked":["Body Slam","Feel No Pain","Rage"],"picked":"SKIP","floor":2},{"not_picked":["Shrug It Off","Shockwave","Thunderclap"],"picked":"SKIP","floor":3},{"not_picked":["Wild Strike","Finesse","Sword Boomerang"],"picked":"SKIP","floor":4},{"not_picked":["Thunderclap","Flex","Jack Of All Trades"],"picked":"SKIP","floor":5},{"not_picked":["True Grit","Finesse"],"picked":"Cleave","floor":7},{"not_picked":["Pommel Strike","Dropkick","Enlightenment"],"picked":"SKIP","floor":11},{"not_picked":["Warcry","Shockwave","Armaments"],"picked":"SKIP","floor":12},{"not_picked":["Offering","Panacea","Feel No Pain"],"picked":"SKIP","floor":14},{"not_picked":["Dual Wield","Warcry","Body Slam"],"picked":"SKIP","floor":18},{"not_picked":["Headbutt","Rage+1","Body Slam"],"picked":"SKIP","floor":19},{"not_picked":["Twin Strike","True Grit","Power Through"],"picked":"SKIP","floor":20},{"not_picked":["Power Through+1","Fire Breathing"],"picked":"Good Instincts+1","floor":22},{"not_picked":["Havoc","Flex+1","Wild Strike"],"picked":"SKIP","floor":24},{"not_picked":["Infernal Blade","Whirlwind+1","Havoc+1"],"picked":"SKIP","floor":27},{"not_picked":["Havoc","Rampage","True Grit"],"picked":"SKIP","floor":28},{"not_picked":["Impatience","Evolve","Feel No Pain"],"picked":"SKIP","floor":29}],"player_experience":39480,"relics_obtained":[{"floor":7,"key":"Potion Belt"},{"floor":9,"key":"Smiling Mask"},{"floor":11,"key":"Juzu Bracelet"},{"floor":14,"key":"PreservedInsect"},{"floor":26,"key":"Bag of Preparation"}],"event_choices":[{"damage_healed":0,"gold_gain":0,"player_choice":"Ignored","damage_taken":0,"max_hp_gain":0,"max_hp_loss":0,"event_name":"Golden Idol","floor":8,"gold_loss":0},{"damage_healed":0,"gold_gain":0,"player_choice":"Gave Potion","damage_taken":0,"relics_obtained":["HornCleat"],"max_hp_gain":0,"max_hp_loss":0,"event_name":"WeMeetAgain","floor":13,"gold_loss":0},{"damage_healed":0,"gold_gain":0,"player_choice":"Inject Mutagens","damage_taken":0,"relics_obtained":["MutagenicStrength"],"max_hp_gain":0,"max_hp_loss":0,"event_name":"Drug Dealer","floor":31,"gold_loss":0}],"is_beta":false,"boss_relics":[{"not_picked":["Calling Bell","Runic Dome"],"picked":"Coffee Dripper"}],"items_purged_floors":[],"is_endless":false,"potions_floor_spawned":[2,5,7,11,18,22,24,27],"killed_by":"Champ","ascension_level":0}}