{"host":"jwbw4f4imxd0v0b0","time":1612041591,"event":{"mods":["BaseMod","Colored Map","Highlight Path","Minty Spire (QoL Compilation)","Relic Stats","StSLib"],"gold_per_floor":[118,42,54,74,86,86,119,135,158,158,158,158,170,170,170,249,249,260,270,270,47,122,155,155,182,182,195,220,42,55,69,69,143,143,161,173,173,48,98,98,126,126,126,139,156,182,0,19,19,19],"floor_reached":51,"language":"ENG","playtime":3088,"items_purged":["Strike_B","Strike_B+1","Writhe"],"score":1208,"play_id":"88569f8f-cc78-401c-b83c-14e2da96dea9","local_time":"20210130151951","is_ascension_mode":true,"campfire_choices":[{"floor":6.0,"key":"REST"},{"floor":11.0,"key":"REST"},{"data":"Defragment","floor":15.0,"key":"SMITH"},{"floor":24.0,"key":"REST"},{"floor":32.0,"key":"REST"},{"floor":40.0,"key":"REST"},{"floor":42.0,"key":"REST"},{"floor":49,"key":"REST"}],"circlet_count":0,"master_deck":["AscendersBane","Defend_B","Defend_B","Dualcast","Ball Lightning","Defragment+1","Capacitor","Coolheaded","BootSequence","Darkness","Cold Snap+1","Conserve Battery","Seek","Undo","Storm+1","Force Field","Capacitor","Barrage","Redo+1","Stack+1","Ball Lightning+1","Force Field+1","Chill","Defragment","Leap","Defragment"],"relics":["Cracked Core","Akabeko","Lantern","Fusion Hammer","Whetstone","DataDisk","Nunchaku","Gremlin Horn","Potion Belt","Astrolabe","Shovel","Emotion Chip","White Beast Statue","Lizard Tail","Red Mask"],"acts_visited":["Exordium","TheCity","TheBeyond"],"potions_floor_usage":[46,50,50],"damage_taken":[{"damage":0.0,"enemies":"Cultist","floor":1.0,"turns":4.0},{"damage":9.0,"enemies":"2 Louse","floor":3.0,"turns":2.0},{"damage":6.0,"enemies":"Small Slimes","floor":4.0,"turns":4.0},{"damage":41.0,"enemies":"Gremlin Gang","floor":5.0,"turns":8.0},{"damage":26.0,"enemies":"Lagavulin","floor":7.0,"turns":9.0},{"damage":6.0,"enemies":"Looter","floor":8.0,"turns":3.0},{"damage":2.0,"enemies":"Lots of Slimes","floor":13.0,"turns":4.0},{"damage":4.0,"enemies":"Hexaghost","floor":16.0,"turns":9.0},{"damage":4.0,"enemies":"Spheric Guardian","floor":18.0,"turns":4.0},{"damage":0.0,"enemies":"Shell Parasite","floor":19.0,"turns":6.0},{"damage":12.0,"enemies":"Slavers","floor":23.0,"turns":5.0},{"damage":9.0,"enemies":"Book of Stabbing","floor":25.0,"turns":4.0},{"damage":16.0,"enemies":"Cultist and Chosen","floor":27.0,"turns":6.0},{"damage":18.0,"enemies":"Gremlin Leader","floor":28.0,"turns":7.0},{"damage":0.0,"enemies":"Snake Plant","floor":30.0,"turns":3.0},{"damage":28.0,"enemies":"3 Cultists","floor":31.0,"turns":5.0},{"damage":46.0,"enemies":"Automaton","floor":33.0,"turns":10.0},{"damage":3.0,"enemies":"3 Darklings","floor":35.0,"turns":7.0},{"damage":2.0,"enemies":"3 Shapes","floor":36.0,"turns":3.0},{"damage":34.0,"enemies":"2 Orb Walkers","floor":39.0,"turns":5.0},{"damage":23.0,"enemies":"Giant Head","floor":41.0,"turns":9.0},{"damage":12,"enemies":"Jaw Worm Horde","floor":44,"turns":5},{"damage":10,"enemies":"3 Darklings","floor":45,"turns":6},{"damage":4,"enemies":"Reptomancer","floor":46,"turns":5},{"damage":0,"enemies":"Sphere and 2 Shapes","floor":48,"turns":6},{"damage":18,"enemies":"Awakened One","floor":50,"turns":10}],"seed_played":"-1197082428651339320","potions_obtained":[{"floor":8.0,"key":"Block Potion"},{"floor":13.0,"key":"DistilledChaos"},{"floor":16.0,"key":"Swift Potion"},{"floor":19.0,"key":"Explosive Potion"},{"floor":25.0,"key":"Fruit Juice"},{"floor":27.0,"key":"FocusPotion"},{"floor":28.0,"key":"FairyPotion"},{"floor":35.0,"key":"Block Potion"},{"floor":44,"key":"EntropicBrew"},{"floor":45,"key":"FearPotion"},{"floor":46,"key":"FairyPotion"},{"floor":48,"key":"Swift Potion"}],"is_trial":false,"path_per_floor":["M","$","M","M","M","R","E","M","T","?","R","?","M","?","R","B",null,"M","M","T","$","?","E","R","E","T","M","E","$","M","M","R","B",null,"M","M","?","$","?","R","E","R","T","M","M","E","?","M","R","B",null],"character_chosen":"DEFECT","items_purchased":["Capacitor","Whetstone","Capacitor"],"campfire_rested":7,"item_purchase_floors":[2,21,29],"current_hp_per_floor":[68,68,59,53,12,34,8,2,2,2,24,24,22,22,22,18,61,57,57,57,57,50,38,60,51,51,35,17,17,17,22,51,5,61,58,56,76,76,42,66,43,67,67,55,45,41,41,41,65,47],"gold":19,"neow_bonus":"THREE_CARDS","is_daily":false,"chose_seed":false,"campfire_upgraded":1,"win_rate":0.0,"timestamp":1612041591,"path_taken":["M","$","M","M","?","R","E","M","T","?","R","?","?","?","R","BOSS","M","?","?","$","?","E","R","E","T","M","E","$","?","M","R","BOSS","M","M","?","$","?","R","E","R","T","M","M","E","?","?","R","BOSS"],"items_purchased_type":["Card","Relic","Card"],"build_version":"2020-12-22","purchased_purges":3,"victory":true,"max_hp_per_floor":[75,75,75,75,75,75,75,75,75,75,75,75,75,75,75,75,75,75,75,75,75,75,75,75,75,75,75,75,75,75,75,80,80,80,80,80,80,80,80,80,80,80,80,80,80,80,80,80,80,80],"relic_stats":{"Nunchaku":[8],"Emotion Chip":[27,14,9,4,0],"Lizard Tail":0,"Shovel":0,"Gremlin Horn":[30,30],"counters":[26,149],"Astrolabe":["Stack","Ball Lightning","Force Field"],"Whetstone":["Cold Snap","Strike_B"],"obtain_stats":[{"Potion Belt":28,"Lantern":9,"Gremlin Horn":26,"Astrolabe":34,"Whetstone":21,"Akabeko":7,"White Beast Statue":43,"DataDisk":23,"Nunchaku":25,"Emotion Chip":41,"Lizard Tail":46,"Shovel":39,"Fusion Hammer":17,"Red Mask":47,"Cracked Core":0},{"Potion Belt":14,"Lantern":6,"Gremlin Horn":12,"Astrolabe":17,"Whetstone":10,"Akabeko":5,"White Beast Statue":21,"DataDisk":11,"Nunchaku":12,"Emotion Chip":21,"Lizard Tail":24,"Shovel":20,"Fusion Hammer":8,"Red Mask":24,"Cracked Core":0},{"Potion Belt":75,"Lantern":30,"Gremlin Horn":62,"Astrolabe":93,"Whetstone":53,"Akabeko":27,"White Beast Statue":117,"DataDisk":58,"Nunchaku":62,"Emotion Chip":117,"Lizard Tail":133,"Shovel":108,"Fusion Hammer":43,"Red Mask":133,"Cracked Core":0}]},"card_choices":[{"not_picked":["Hello World","Leap"],"picked":"Ball Lightning","floor":0.0},{"not_picked":["Ball Lightning","Rebound"],"picked":"Defragment","floor":1.0},{"not_picked":["Go for the Eyes","Gash"],"picked":"Coolheaded","floor":3.0},{"not_picked":["Rebound","Lockon"],"picked":"BootSequence","floor":4.0},{"not_picked":["Rip and Tear","Go for the Eyes"],"picked":"Darkness","floor":5.0},{"not_picked":["Darkness","Stack"],"picked":"Cold Snap","floor":7.0},{"not_picked":["FTL","Static Discharge","Blizzard"],"picked":"SKIP","floor":8.0},{"not_picked":["Hologram","Turbo"],"picked":"Conserve Battery","floor":13.0},{"not_picked":["Meteor Strike","All For One"],"picked":"Seek","floor":16.0},{"not_picked":["Barrage","Leap"],"picked":"Undo","floor":18.0},{"not_picked":["Streamline","Conserve Battery","Rip and Tear"],"picked":"SKIP","floor":19.0},{"not_picked":["Sunder","Steam"],"picked":"Storm+1","floor":23.0},{"not_picked":["Machine Learning","Go for the Eyes+1"],"picked":"Force Field","floor":25.0},{"not_picked":["Conserve Battery","Turbo","BootSequence"],"picked":"SKIP","floor":27.0},{"not_picked":["Ball Lightning","Hyperbeam","Reprogram+1"],"picked":"SKIP","floor":28.0},{"not_picked":["Cold Snap","Storm"],"picked":"Barrage","floor":30.0},{"not_picked":["Streamline+1","Skim"],"picked":"Redo+1","floor":31.0},{"not_picked":["Conserve Battery","Beam Cell"],"picked":"Chill","floor":35.0},{"not_picked":["Streamline","Recycle","Ball Lightning"],"picked":"SKIP","floor":36.0},{"not_picked":["Streamline+1","Compile Driver"],"picked":"Defragment","floor":39.0},{"not_picked":["Reprogram+1","Rip and Tear","Lockon"],"picked":"SKIP","floor":41.0},{"not_picked":["Beam Cell","Leap","Gash"],"picked":"SKIP","floor":44},{"not_picked":["Beam Cell","Gash"],"picked":"Leap","floor":44},{"not_picked":["Beam Cell","Tempest"],"picked":"Defragment","floor":45},{"not_picked":["Beam Cell+1","Sunder","Leap"],"picked":"SKIP","floor":46},{"not_picked":["Turbo","Rebound","Double Energy"],"picked":"SKIP","floor":48}],"player_experience":1169850,"relics_obtained":[{"floor":7.0,"key":"Akabeko"},{"floor":9.0,"key":"Lantern"},{"floor":23.0,"key":"DataDisk"},{"floor":25.0,"key":"Nunchaku"},{"floor":26.0,"key":"Gremlin Horn"},{"floor":28.0,"key":"Potion Belt"},{"floor":39.0,"key":"Shovel"},{"floor":41.0,"key":"Emotion Chip"},{"floor":43.0,"key":"White Beast Statue"},{"floor":46,"key":"Lizard Tail"}],"event_choices":[{"damage_healed":0.0,"max_hp_gain":0.0,"max_hp_loss":0.0,"gold_gain":0.0,"event_name":"Dead Adventurer","player_choice":"Searched \u00270\u0027 times","floor":10.0,"gold_loss":0.0,"damage_taken":0.0},{"cards_removed":["Strike_B"],"damage_healed":0.0,"max_hp_gain":0.0,"max_hp_loss":0.0,"gold_gain":0.0,"event_name":"Purifier","player_choice":"Purged","floor":12.0,"gold_loss":0.0,"damage_taken":0.0},{"cards_removed":["Strike_B"],"damage_healed":0.0,"max_hp_gain":0.0,"max_hp_loss":0.0,"gold_gain":0.0,"event_name":"Bonfire Elementals","player_choice":"Offered Basic","floor":14.0,"gold_loss":0.0,"damage_taken":0.0},{"damage_healed":0.0,"max_hp_gain":0.0,"max_hp_loss":0.0,"gold_gain":75.0,"event_name":"FaceTrader","player_choice":"Touch","floor":22.0,"gold_loss":0.0,"damage_taken":7.0},{"damage_healed":20.0,"max_hp_gain":0.0,"max_hp_loss":0.0,"gold_gain":0.0,"event_name":"Winding Halls","player_choice":"Writhe","floor":37.0,"gold_loss":0.0,"damage_taken":0.0,"cards_obtained":["Writhe"]},{"damage_healed":0.0,"max_hp_gain":0.0,"max_hp_loss":0.0,"gold_gain":0.0,"event_name":"Mysterious Sphere","player_choice":"Fight","floor":39.0,"gold_loss":0.0,"damage_taken":0.0},{"damage_healed":0,"gold_gain":0,"player_choice":"Paid","damage_taken":0,"relics_obtained":["Red Mask"],"max_hp_gain":0,"max_hp_loss":0,"event_name":"Tomb of Lord Red Mask","floor":47,"gold_loss":182}],"is_beta":false,"boss_relics":[{"not_picked":["Nuclear Battery","FrozenCore"],"picked":"Fusion Hammer"},{"not_picked":["SlaversCollar","Cursed Key"],"picked":"Astrolabe"}],"items_purged_floors":[21,29,38],"is_endless":false,"potions_floor_spawned":[8,13,16,19,25,27,28,31,35,44,45,46,48],"ascension_level":13}}