{"host":"a4ifeplrx8vfq4u5","time":1612019235,"event":{"mods":["BaseMod","Beaked The Cultist","Better Third Choice","Colored Map","Conspire","Downfall","Marisa????????","Minty Spire (QoL Compilation)","Random Character Button","Rare Cards Sparkle","Replay The Spire","StSLib","The Cursed","The Hierophant","The Servant 0.9.4"],"gold_per_floor":[113,38,38,49,5,5,20,20,44,61,79,79,91,109,109,214,214,224,241,241,254,179,179,198,198,270,270,191,205,205,234,234,332,332,343,343,354,374,274,274,274,274,274,286,303,323,122,134,134,134],"floor_reached":51,"language":"ENG","playtime":6837,"items_purged":["TheCursedMod:Strike_TheCursed","TheCursedMod:Strike_TheCursed","TheCursedMod:Strike_TheCursed"],"score":488,"play_id":"8c2e56b7-b710-44fc-8123-de21194bc3a2","local_time":"20210130150715","is_ascension_mode":false,"campfire_choices":[{"data":"TheCursedMod:CursedWand","floor":6.0,"key":"SMITH"},{"data":"TheCursedMod:CleanUpWorkshop","floor":8.0,"key":"SMITH"},{"data":"TheCursedMod:Obscuration","floor":12.0,"key":"SMITH"},{"data":"TheCursedMod:VitalStrike","floor":15.0,"key":"SMITH"},{"data":"TheCursedMod:FleshFromBone","floor":23.0,"key":"SMITH"},{"data":"TheCursedMod:LuckyCharm","floor":25.0,"key":"SMITH"},{"data":"TheCursedMod:SpitefulPlan","floor":27.0,"key":"SMITH"},{"data":"TheCursedMod:WearCloak","floor":32.0,"key":"SMITH"},{"data":"TheCursedMod:VoidForm","floor":40,"key":"SMITH"},{"data":"TheCursedMod:WearCloak","floor":42,"key":"SMITH"},{"data":"TheCursedMod:Defend_TheCursed","floor":49,"key":"SMITH"}],"circlet_count":0,"master_deck":["TheCursedMod:Defend_TheCursed+1","TheCursedMod:Defend_TheCursed","TheCursedMod:CursedWand+1","TheCursedMod:CleanUpWorkshop+1","TheCursedMod:Dregs","TheCursedMod:Obscuration+1","TheCursedMod:Hemoplague","TheCursedMod:VitalStrike+1","TheCursedMod:LuckyCharm+1","TheCursedMod:WearCloak+1","TheCursedMod:WearCloak+1","TheCursedMod:SurpriseAttack","TheCursedMod:SpitefulPlan+1","TheCursedMod:FuryStrike","TheCursedMod:FleshFromBone+1","TheCursedMod:Hemoplague","TheCursedMod:Hemoplague","TheCursedMod:Mangle","TheCursedMod:CursedBlade","TheCursedMod:VoidForm+1","Wraith","TheCursedMod:HellfireBreathing"],"relics":["TheCursedMod:BlackMagic101","betterThird:SlimedRelic","Potion Belt","TheCursedMod:OminousMark","Mummified Hand","Orichalcum","conspire:RunicOctahedron","Pantograph"],"acts_visited":["Exordium","TheCity","TheBeyond"],"potions_floor_usage":[38,50,50,50,50],"damage_taken":[{"damage":0.0,"enemies":"2 Louse","floor":1.0,"turns":3.0},{"damage":0.0,"enemies":"Small Slimes","floor":4.0,"turns":3.0},{"damage":6.0,"enemies":"Jaw Worm","floor":7.0,"turns":8.0},{"damage":0.0,"enemies":"Exordium Wildlife","floor":10.0,"turns":5.0},{"damage":0.0,"enemies":"Large Slime","floor":11.0,"turns":11.0},{"damage":1.0,"enemies":"3 Louse","floor":13.0,"turns":4.0},{"damage":18.0,"enemies":"Exordium Thugs","floor":14.0,"turns":5.0},{"damage":28.0,"enemies":"The Guardian","floor":16.0,"turns":13.0},{"damage":0.0,"enemies":"Shell Parasite","floor":18.0,"turns":7.0},{"damage":7.0,"enemies":"Chosen","floor":19.0,"turns":7.0},{"damage":0.0,"enemies":"3 Cultists","floor":21.0,"turns":6.0},{"damage":5.0,"enemies":"Sentry and Sphere","floor":24.0,"turns":8.0},{"damage":0.0,"enemies":"conspire:HollyBat","floor":29.0,"turns":6.0},{"damage":0.0,"enemies":"conspire:Head Lice","floor":31.0,"turns":8.0},{"damage":30.0,"enemies":"Automaton","floor":33.0,"turns":14.0},{"damage":0,"enemies":"Orb Walker","floor":35,"turns":4},{"damage":0,"enemies":"3 Darklings","floor":37,"turns":10},{"damage":32,"enemies":"Sphere and 2 Shapes","floor":38,"turns":7},{"damage":0,"enemies":"Jaw Worm Horde","floor":44,"turns":4},{"damage":0,"enemies":"Maw","floor":45,"turns":5},{"damage":0,"enemies":"Writhing Mass","floor":46,"turns":4},{"damage":4,"enemies":"3 Darklings","floor":48,"turns":3},{"damage":84,"enemies":"Replay:Hell Engine","floor":50,"turns":14}],"seed_played":"-6271063322558501407","potions_obtained":[{"floor":11.0,"key":"Strength Potion"},{"floor":13.0,"key":"BlessingOfTheForge"},{"floor":14.0,"key":"Fruit Juice"},{"floor":16.0,"key":"Ancient Potion"},{"floor":24.0,"key":"BlessingOfTheForge"},{"floor":33.0,"key":"FairyPotion"},{"floor":44,"key":"PowerPotion"},{"floor":45,"key":"Dexterity Potion"}],"is_trial":false,"path_per_floor":["M","$","?","M","?","R","M","R","T","M","M","R","M","M","R","B",null,"M","M","?","M","?","R","M","R","T","R","$","M","$","E","R","B",null,"M","?","M","M","$","R","?","R","T","M","M","M","$","M","R","B",null],"character_chosen":"THE_CURSED","items_purchased":["TheCursedMod:Hemoplague","TheCursedMod:HellfireBreathing"],"campfire_rested":0,"item_purchase_floors":[28,47],"current_hp_per_floor":[82,82,82,82,71,71,65,65,65,65,65,65,64,51,51,23,87,87,80,80,80,80,80,75,75,75,75,75,75,75,75,75,45,87,87,87,87,55,55,55,55,55,55,55,55,55,55,51,51,19],"gold":134,"neow_bonus":"TEN_PERCENT_HP_BONUS","is_daily":false,"chose_seed":false,"campfire_upgraded":11,"win_rate":0.0,"timestamp":1612019235,"path_taken":["M","$","?","M","?","R","?","R","T","M","M","R","M","M","R","BOSS","M","M","?","M","?","R","M","R","T","R","$","M","?","E","R","BOSS","M","?","M","M","$","R","?","R","T","M","?","M","$","M","R","BOSS"],"items_purchased_type":["Card","Card"],"build_version":"2020-12-22","purchased_purges":3,"victory":true,"max_hp_per_floor":[82,82,82,82,82,82,82,82,82,82,82,82,82,87,87,87,87,87,87,87,87,87,87,87,87,87,87,87,87,87,87,87,87,87,87,87,87,87,87,87,87,87,87,87,87,87,87,87,87,87],"card_choices":[{"not_picked":["TheCursedMod:Wield","TheCursedMod:Torture","TheCursedMod:EmpowerCircles"],"picked":"SKIP","floor":1.0},{"not_picked":["TheCursedMod:SpitefulStrike","TheCursedMod:Evocation"],"picked":"TheCursedMod:Obscuration","floor":4.0},{"not_picked":["TheCursedMod:AshesToAshes","TheCursedMod:CursedBoomerang","TheCursedMod:CircleOfCorruption"],"picked":"SKIP","floor":7.0},{"not_picked":["TheCursedMod:SpitefulPray","TheCursedMod:SoulCrush"],"picked":"TheCursedMod:Hemoplague","floor":10.0},{"not_picked":["TheCursedMod:Torture","TheCursedMod:SurpriseAttack"],"picked":"TheCursedMod:VitalStrike","floor":11.0},{"not_picked":["TheCursedMod:TroublousMinions","TheCursedMod:CursedArmor"],"picked":"TheCursedMod:LuckyCharm","floor":13.0},{"not_picked":["TheCursedMod:CursedArmor","TheCursedMod:OutForBlood"],"picked":"TheCursedMod:WearCloak","floor":14.0},{"not_picked":["TheCursedMod:CircleOfFlame","TheCursedMod:ReleasedKnowledge"],"picked":"TheCursedMod:WearCloak","floor":18.0},{"not_picked":["TheCursedMod:BloodBarrier","TheCursedMod:CircleOfCorruption"],"picked":"TheCursedMod:SurpriseAttack","floor":19.0},{"not_picked":["TheCursedMod:RapidMovement","TheCursedMod:CircleOfWindfury+1"],"picked":"TheCursedMod:FleshFromBone","floor":21.0},{"not_picked":["TheCursedMod:HellfireBreathing","TheCursedMod:CursedShiv"],"picked":"TheCursedMod:Hemoplague","floor":24.0},{"not_picked":["TheCursedMod:RavingStaff","TheCursedMod:BloodBarrier"],"picked":"TheCursedMod:Mangle","floor":29.0},{"not_picked":["TheCursedMod:RapidMovement","TheCursedMod:BlessingInDisguise+1"],"picked":"TheCursedMod:CursedBlade","floor":31.0},{"not_picked":["TheCursedMod:DarkBarrier","TheCursedMod:CollectTribute"],"picked":"TheCursedMod:VoidForm","floor":33.0},{"not_picked":["TheCursedMod:CursedShiv","TheCursedMod:TacticalStrike","TheCursedMod:CircleOfBlood+1"],"picked":"SKIP","floor":35},{"not_picked":["TheCursedMod:CursedStaff+1","TheCursedMod:Stretching+1","TheCursedMod:CircleOfFlame"],"picked":"SKIP","floor":37},{"not_picked":["TheCursedMod:CursedBlade+1","TheCursedMod:CircleOfFlame+1","TheCursedMod:ForbiddenAlchemy"],"picked":"SKIP","floor":38},{"not_picked":["TheCursedMod:SmokeScreen+1","TheCursedMod:Torture","TheCursedMod:CursedShiv+1"],"picked":"SKIP","floor":44},{"not_picked":["TheCursedMod:CursedMace","TheCursedMod:RavingStaff+1","TheCursedMod:CursedShiv+1"],"picked":"SKIP","floor":45},{"not_picked":["TheCursedMod:CursedMace","TheCursedMod:RavingStaff+1","TheCursedMod:CursedShiv+1"],"picked":"SKIP","floor":45},{"not_picked":["TheCursedMod:TacticalStrike","TheCursedMod:CursedBlade","TheCursedMod:PrepareRite+1"],"picked":"SKIP","floor":46},{"not_picked":["TheCursedMod:Stigma","TheCursedMod:CircleOfCorruption+1","TheCursedMod:CursedBlade"],"picked":"SKIP","floor":48}],"player_experience":426124,"relics_obtained":[{"floor":9.0,"key":"Potion Belt"},{"floor":26.0,"key":"Mummified Hand"},{"floor":31.0,"key":"Orichalcum"},{"floor":43,"key":"Pantograph"}],"event_choices":[{"damage_healed":0.0,"max_hp_gain":0.0,"max_hp_loss":0.0,"gold_gain":0.0,"event_name":"conspire:Investor","player_choice":"Leave","floor":3.0,"gold_loss":0.0,"damage_taken":0.0},{"damage_healed":0.0,"max_hp_gain":0.0,"max_hp_loss":0.0,"gold_gain":0.0,"event_name":"betterThird:BetterGoop","player_choice":"Slimed","floor":5.0,"gold_loss":44.0,"damage_taken":11.0},{"damage_healed":0.0,"max_hp_gain":0.0,"max_hp_loss":0.0,"gold_gain":0.0,"cards_transformed":["TheCursedMod:Strike_TheCursed","TheCursedMod:Defend_TheCursed"],"event_name":"Drug Dealer","player_choice":"Became Test Subject","floor":20.0,"gold_loss":0.0,"damage_taken":0.0,"cards_obtained":["TheCursedMod:SpitefulPlan","TheCursedMod:FuryStrike"]},{"cards_removed":["TheCursedMod:Defend_TheCursed"],"damage_healed":0.0,"max_hp_gain":0.0,"max_hp_loss":0.0,"gold_gain":0.0,"event_name":"Beggar","player_choice":"Gave Gold","floor":22.0,"gold_loss":75.0,"damage_taken":0.0},{"damage_healed":0,"gold_gain":0,"player_choice":"Ignored","damage_taken":0,"max_hp_gain":0,"max_hp_loss":0,"event_name":"Mysterious Sphere","floor":36,"gold_loss":0},{"damage_healed":0,"gold_gain":0,"player_choice":"Ignored","damage_taken":0,"max_hp_gain":0,"max_hp_loss":0,"event_name":"OrinTheCat","floor":41,"gold_loss":0}],"is_beta":false,"boss_relics":[{"not_picked":["beaked:SacredDeck","conspire:SlowCooker"],"picked":"TheCursedMod:OminousMark"},{"not_picked":["conspire:SeveredTorchhead","Honey Jar"],"picked":"conspire:RunicOctahedron"}],"items_purged_floors":[2,39,47],"is_endless":false,"potions_floor_spawned":[11,13,14,16,24,33,35,44,45],"ascension_level":0}}