{"host":"v4tuy5ykrbdcm9o9","time":1612027552,"event":{"mods":["BaseMod","Duelist Mod","Minty Spire (QoL Compilation)","Replay The Spire","StSLib"],"gold_per_floor":[20,20,33,33,50,65,95,44,44,64,15,48,63,76,76,172,172,192,15,15,28,28,28,55,72,97,125,140,140,159,184,265,362,362,380,380,396,396,415,444,444,473,473,488,506,534,584,595,595,595,595,595,399,432,432,432],"floor_reached":55,"language":"ENG","playtime":5224,"items_purged":[],"score":902,"play_id":"b8d10145-b509-4c6b-8f7d-785c5a7ea473","local_time":"20210130122552","is_ascension_mode":true,"campfire_choices":[{"floor":15,"key":"RECALL"},{"data":"Limit Break","floor":23,"key":"SMITH"},{"data":"Reaper","floor":29,"key":"SMITH"},{"floor":41,"key":"REST"},{"floor":49,"key":"REST"},{"data":"Anger","floor":52,"key":"SMITH"},{"data":"Perfected Strike","floor":52,"key":"SMITH"}],"circlet_count":0,"master_deck":["Strike_R","Strike_R","Strike_R","Strike_R","Strike_R","Defend_R","Defend_R","Defend_R","Defend_R","Bash","Perfected Strike+1","Life Link","Anger+1","ReplayTheSpireMod:Muscle Training","Feed","Thunderclap","Spot Weakness","Twin Strike","Pommel Strike","Anger","Limit Break+1","Reaper+1","Fire Breathing","Dropkick","Thunderclap+1","Wild Strike+1","Dropkick","Cleave","Sword Boomerang+1","Headbutt","Heavy Blade","Dropkick+1","Spot Weakness","Spot Weakness","Rampage","Infernal Blade+1","Replay:Undeath\u0027s Touch","Thunderclap","Twin Strike+1","Armaments+1","Inflame","Warcry"],"relics":["Burning Blood","Bag of Marbles","Bottled Lightning","PreservedInsect","Replay:Bronze Core","Ornamental Fan","Bronze Scales","Smiling Mask","Turnip","Runic Pyramid","Bag of Preparation","ReplayFunnel","Quantum Egg","ReplayTheSpireMod:TigerMarble","Replay:Arrowhead","Lantern","Bird Faced Urn"],"acts_visited":["Exordium","TheCity","TheBeyond","TheEnding"],"potions_floor_usage":[7,12,16,21,25,31,33,33,46,55],"damage_taken":[{"damage":8,"enemies":"2 Louse","floor":1,"turns":3},{"damage":3,"enemies":"Jaw Worm","floor":3,"turns":4},{"damage":1,"enemies":"Cultist","floor":5,"turns":3},{"damage":10,"enemies":"Large Slime","floor":6,"turns":6},{"damage":15,"enemies":"Replay:BlueRogue","floor":7,"turns":4},{"damage":28,"enemies":"Exordium Thugs","floor":10,"turns":3},{"damage":11,"enemies":"Gremlin Nob","floor":12,"turns":3},{"damage":7,"enemies":"Looter","floor":13,"turns":2},{"damage":1,"enemies":"Gremlin Gang","floor":14,"turns":4},{"damage":35,"enemies":"The Guardian","floor":16,"turns":7},{"damage":42,"enemies":"3 Byrds","floor":18,"turns":4},{"damage":13,"enemies":"2 Thieves","floor":21,"turns":3},{"damage":14,"enemies":"Gremlin Leader","floor":24,"turns":4},{"damage":18,"enemies":"Snecko","floor":25,"turns":4},{"damage":25,"enemies":"theDuelist:KaibaA2","floor":27,"turns":3},{"damage":16,"enemies":"Snake Plant","floor":28,"turns":2},{"damage":3,"enemies":"3 Cultists","floor":30,"turns":3},{"damage":15,"enemies":"Replay:Snechameleon","floor":31,"turns":2},{"damage":89,"enemies":"Collector","floor":33,"turns":7},{"damage":8,"enemies":"Orb Walker","floor":35,"turns":2},{"damage":37,"enemies":"3 Shapes","floor":37,"turns":3},{"damage":30,"enemies":"Maw","floor":39,"turns":6},{"damage":59,"enemies":"Giant Head","floor":40,"turns":6},{"damage":29,"enemies":"Reptomancer","floor":42,"turns":3},{"damage":20,"enemies":"Spire Growth","floor":44,"turns":3},{"damage":12,"enemies":"Jaw Worm Horde","floor":45,"turns":3},{"damage":10,"enemies":"Giant Head","floor":46,"turns":4},{"damage":42,"enemies":"Mind Bloom Boss Battle","floor":47,"turns":6},{"damage":3,"enemies":"Sphere and 2 Shapes","floor":48,"turns":3},{"damage":77,"enemies":"Replay:Hell Engine","floor":50,"turns":6},{"damage":25,"enemies":"Shield and Spear","floor":54,"turns":3},{"damage":235,"enemies":"The Heart","floor":55,"turns":8}],"seed_played":"-3680832887120863796","potions_obtained":[{"floor":6,"key":"Flashbang"},{"floor":7,"key":"HeartOfIron"},{"floor":14,"key":"Languid Potion"},{"floor":24,"key":"Strength Potion"},{"floor":30,"key":"GamblersBrew"},{"floor":31,"key":"SkillPotion"},{"floor":35,"key":"FairyPotion"},{"floor":42,"key":"Elixir"},{"floor":45,"key":"Regen Potion"},{"floor":47,"key":"FairyPotion"},{"floor":48,"key":"FairyPotion"}],"is_trial":false,"path_per_floor":["M","?","M","?","M","M","E","$","T","M","$","E","M","M","R","B",null,"M","$","?","M","$","R","E","M","T","E","M","R","M","E","R","B",null,"M","?","M","?","M","E","R","E","T","M","M","E","?","M","R","B",null,"R","$","E","B"],"character_chosen":"IRONCLAD","items_purchased":["Thunderclap","Twin Strike","Dropkick","Swift Potion","Strength Potion","Lantern","Warcry"],"campfire_rested":2,"item_purchase_floors":[8,11,19,19,19,53,53],"current_hp_per_floor":[86,86,89,82,87,83,74,74,74,55,55,50,49,57,57,28,84,51,51,105,101,101,101,93,103,103,96,86,86,89,98,98,30,89,87,87,56,56,41,38,70,47,47,33,27,51,33,36,68,32,89,89,89,79,0,0],"gold":432,"neow_bonus":"TWENTY_PERCENT_HP_BONUS","is_daily":false,"chose_seed":false,"campfire_upgraded":4,"win_rate":0.0,"timestamp":1612027552,"path_taken":["M","?","M","?","M","M","E","$","T","M","?","E","M","M","R","BOSS","M","?","?","M","$","R","E","M","T","E","M","R","?","E","R","BOSS","M","?","M","?","?","E","R","E","T","M","M","E","?","M","R","BOSS","R","$","E","BOSS"],"items_purchased_type":["Card","Card","Card","Potion","Potion","Relic","Card"],"build_version":"2020-12-22","purchased_purges":0,"victory":false,"max_hp_per_floor":[96,96,96,96,96,96,96,96,96,99,99,99,99,102,102,102,102,105,105,105,108,108,108,108,108,108,108,108,108,108,108,108,108,108,108,108,108,108,108,108,108,108,108,108,108,108,108,108,108,108,108,108,108,108,108,108],"card_choices":[{"not_picked":["Clothesline","Pommel Strike"],"picked":"Perfected Strike","floor":1},{"not_picked":["Intimidate","Power Through"],"picked":"Life Link","floor":3},{"not_picked":["Perfected Strike","Thunderclap"],"picked":"Anger","floor":5},{"not_picked":["Entrench","True Grit"],"picked":"ReplayTheSpireMod:Muscle Training","floor":6},{"not_picked":["Thunderclap","Clothesline"],"picked":"Feed","floor":7},{"not_picked":["Intimidate","Perfected Strike"],"picked":"Spot Weakness","floor":10},{"not_picked":["Hemokinesis","Wild Strike"],"picked":"Pommel Strike","floor":12},{"not_picked":["Body Slam","Wild Strike"],"picked":"Anger","floor":13},{"not_picked":["ReplayTheSpireMod:Strike From Hell","Clothesline"],"picked":"Limit Break","floor":14},{"not_picked":["Demonic Infusion","Immolate"],"picked":"Reaper","floor":16},{"not_picked":["Wild Strike","Clothesline"],"picked":"Fire Breathing","floor":18},{"not_picked":["Iron Wave","Flame Barrier"],"picked":"Thunderclap+1","floor":21},{"not_picked":["Hemogenesis","Sword Boomerang"],"picked":"Wild Strike+1","floor":24},{"not_picked":["Warcry","Thunderclap+1"],"picked":"Dropkick","floor":25},{"not_picked":["Run Through+1","Blood for Blood"],"picked":"Cleave","floor":27},{"not_picked":["True Grit","Whirlwind+1"],"picked":"Sword Boomerang+1","floor":28},{"not_picked":["Evolve","Body Slam"],"picked":"Headbutt","floor":30},{"not_picked":["Demonic Infusion","Cleave"],"picked":"Heavy Blade","floor":31},{"not_picked":["Brutality","Barricade"],"picked":"Offering","floor":33},{"not_picked":["Clothesline+1","ReplayTheSpireMod:Strike From Hell+1"],"picked":"Dropkick+1","floor":35},{"not_picked":["Clash","True Grit+1"],"picked":"Spot Weakness","floor":37},{"not_picked":["ReplayTheSpireMod:Strike From Hell+1","Ghostly Armor"],"picked":"Rampage","floor":39},{"not_picked":["Run Through+1","Wild Strike"],"picked":"Infernal Blade+1","floor":40},{"not_picked":["Massacre","Headbutt"],"picked":"Replay:Undeath\u0027s Touch","floor":42},{"not_picked":["Evolve","ReplayReversal+1"],"picked":"Thunderclap","floor":44},{"not_picked":["True Grit+1","Clash"],"picked":"Twin Strike+1","floor":45},{"not_picked":["Pommel Strike","Burning Pact+1"],"picked":"Armaments+1","floor":46},{"not_picked":["Headbutt+1","Defy Death+1"],"picked":"Inflame","floor":47},{"not_picked":["True Grit+1","Uppercut","Clash+1"],"picked":"SKIP","floor":48},{"not_picked":["Wild Strike+1","Brutality","Armaments"],"picked":"SKIP","floor":54}],"player_experience":701493,"relics_obtained":[{"floor":7,"key":"Bottled Lightning"},{"floor":12,"key":"PreservedInsect"},{"floor":24,"key":"Ornamental Fan"},{"floor":26,"key":"Bronze Scales"},{"floor":27,"key":"Smiling Mask"},{"floor":31,"key":"Turnip"},{"floor":40,"key":"Bag of Preparation"},{"floor":42,"key":"ReplayFunnel"},{"floor":43,"key":"Quantum Egg"},{"floor":46,"key":"ReplayTheSpireMod:TigerMarble"},{"floor":47,"key":"Replay:Arrowhead"},{"floor":54,"key":"Bird Faced Urn"}],"event_choices":[{"damage_healed":0,"gold_gain":0,"player_choice":"Ignored","damage_taken":0,"max_hp_gain":0,"max_hp_loss":0,"event_name":"Golden Wing","floor":2,"gold_loss":0},{"damage_healed":0,"gold_gain":0,"player_choice":"Success","damage_taken":7,"relics_obtained":["Bag of Marbles"],"max_hp_gain":0,"max_hp_loss":0,"event_name":"Scrap Ooze","floor":4,"gold_loss":0},{"damage_healed":54,"gold_gain":0,"player_choice":"Full Heal","damage_taken":0,"max_hp_gain":0,"max_hp_loss":0,"event_name":"Wheel of Change","floor":20,"gold_loss":0},{"damage_healed":0,"gold_gain":0,"player_choice":"Ignored","damage_taken":0,"max_hp_gain":0,"max_hp_loss":0,"event_name":"Tomb of Lord Red Mask","floor":36,"gold_loss":0},{"damage_healed":0,"gold_gain":0,"cards_transformed":["Offering"],"player_choice":"Transformed","damage_taken":0,"max_hp_gain":0,"max_hp_loss":0,"event_name":"Transmorgrifier","floor":38,"gold_loss":0,"cards_obtained":["Spot Weakness"]},{"damage_healed":0,"gold_gain":0,"player_choice":"Fight","damage_taken":0,"max_hp_gain":0,"max_hp_loss":0,"event_name":"MindBloom","floor":47,"gold_loss":0}],"is_beta":false,"boss_relics":[{"not_picked":["Empty Cage","Kintsugi"],"picked":"Replay:Bronze Core"},{"not_picked":["Fusion Hammer","Coffee Dripper"],"picked":"Runic Pyramid"}],"items_purged_floors":[],"is_endless":false,"potions_floor_spawned":[6,7,14,24,30,31,35,42,45,47,48,54],"killed_by":"The Heart","ascension_level":7}}