{"host":"2qyxu97h6u4ukicb","time":1612029673,"event":{"mods":["AchievementEnabler","BaseMod","BetterRewards","Colored Map","Colored Powertips","Minty Spire (QoL Compilation)","Replay The Spire","Shop Mod","StSLib"],"gold_per_floor":[109,129,146,146,163,163,177,177,177,188,200,375,67,95,95,190,190,204,40,51,51,61,61,61,61],"floor_reached":24,"language":"ENG","playtime":1263,"items_purged":["Decay"],"score":225,"play_id":"145350a3-ba54-4d29-94c5-e7bc6c5bbdcb","local_time":"20210130120113","is_ascension_mode":false,"campfire_choices":[{"data":"Vigilance","floor":6,"key":"SMITH"},{"data":"Eruption","floor":8,"key":"SMITH"},{"floor":15,"key":"REST"},{"floor":23,"key":"REST"}],"circlet_count":0,"master_deck":["Strike_P","Strike_P","Strike_P","Strike_P","Defend_P","Defend_P","Defend_P","Defend_P","Eruption+1","Vigilance+1","CutThroughFate+1","Consecrate","SashWhip","Worship","SashWhip+1","Consecrate","FollowUp","Doubt","Establishment","Judgement","Injury","Decay","EmptyFist"],"relics":["PureWater","NeowsBlessing","Matryoshka","Gremlin Food","MerchantsRug","Chameleon Ring","Replay:Ancient Bell","Orichalcum","Pantograph","Lizard Tail","Bronze Scales"],"acts_visited":["Exordium","TheCity"],"potions_floor_usage":[7,10,10,11,11,11,11,14,14,14,20],"damage_taken":[{"damage":0,"enemies":"Cultist","floor":1,"turns":1},{"damage":0,"enemies":"Jaw Worm","floor":2,"turns":1},{"damage":0,"enemies":"Small Slimes","floor":3,"turns":1},{"damage":24,"enemies":"Blue Slaver","floor":5,"turns":2},{"damage":0,"enemies":"3 Louse","floor":7,"turns":1},{"damage":18,"enemies":"2 Fungi Beasts","floor":10,"turns":2},{"damage":0,"enemies":"Gremlin Gang","floor":11,"turns":2},{"damage":0,"enemies":"Gremlin Nob","floor":14,"turns":2},{"damage":26,"enemies":"Slime Boss","floor":16,"turns":8},{"damage":49,"enemies":"Chosen","floor":18,"turns":5},{"damage":21,"enemies":"2 Thieves","floor":20,"turns":3},{"damage":18,"enemies":"Snake Plant","floor":22,"turns":4},{"damage":66,"enemies":"Book of Stabbing","floor":24,"turns":6}],"seed_played":"-6620340820265332604","potions_obtained":[{"floor":1,"key":"ColorlessPotion"},{"floor":5,"key":"EntropicBrew"},{"floor":7,"key":"Regen Potion"},{"floor":11,"key":"SkillPotion"}],"is_trial":false,"path_per_floor":["M","M","M","$","M","R","M","R","T","M","M","?","$","E","R","B",null,"M","$","M","T","M","R","E"],"character_chosen":"WATCHER","items_purchased":["Gremlin Food","MerchantsRug","Death Potion"],"campfire_rested":2,"item_purchase_floors":[13,13,19],"current_hp_per_floor":[72,72,72,72,48,48,48,48,48,35,35,35,35,35,56,30,72,23,23,2,2,22,43,0,0],"gold":61,"neow_bonus":"THREE_ENEMY_KILL","is_daily":false,"chose_seed":false,"campfire_upgraded":2,"win_rate":0.0,"timestamp":1612029673,"path_taken":["M","?","M","?","?","R","M","R","T","M","M","?","?","E","R","BOSS","M","$","M","?","M","R","E"],"items_purchased_type":["Relic","Relic","Potion"],"build_version":"2020-12-22","purchased_purges":1,"victory":false,"max_hp_per_floor":[72,72,72,72,72,72,72,72,72,72,72,72,72,72,72,72,72,72,72,72,72,72,72,72,72],"card_choices":[{"not_picked":["InnerPeace","Evaluate"],"picked":"CutThroughFate","floor":1},{"not_picked":["SashWhip","FollowUp"],"picked":"Consecrate","floor":2},{"not_picked":["Replay:AtTheReady","ThirdEye"],"picked":"SashWhip","floor":3},{"not_picked":["Replay:BluntJabs","Crescendo"],"picked":"Worship","floor":5},{"not_picked":["Prostrate","Collect"],"picked":"SashWhip","floor":7},{"not_picked":["Weave","Crescendo"],"picked":"Consecrate","floor":10},{"not_picked":["Prostrate","BattleHymn"],"picked":"FollowUp","floor":11},{"not_picked":["EmptyBody","FollowUp"],"picked":"Establishment","floor":14},{"not_picked":["LessonLearned","Replay:LoomingThreat"],"picked":"Judgement","floor":16},{"not_picked":["Voices","Sickly"],"picked":"Injury","floor":17},{"not_picked":["Replay:Hysterical Blindness","Normality"],"picked":"Decay","floor":17},{"not_picked":["Doubt","Spreading Infection"],"picked":"Decay","floor":17},{"not_picked":["Vault","CrushJoints"],"picked":"EmptyFist","floor":18},{"not_picked":["Vengeance","CrushJoints","ThirdEye+1"],"picked":"SKIP","floor":20},{"not_picked":["CrushJoints","Swivel","Wallop"],"picked":"SKIP","floor":22}],"player_experience":752922,"relics_obtained":[{"floor":9,"key":"Matryoshka"},{"floor":14,"key":"Chameleon Ring"},{"floor":21,"key":"Bronze Scales"}],"event_choices":[{"damage_healed":0,"gold_gain":175,"player_choice":"AGREE","damage_taken":0,"max_hp_gain":0,"max_hp_loss":0,"event_name":"Liars Game","floor":12,"gold_loss":0,"cards_obtained":["Doubt"]}],"is_beta":false,"boss_relics":[{"not_picked":["Calling Bell","Empty Cage"],"picked":"Replay:Ancient Bell"},{"not_picked":["Dream Catcher","Toy Ornithopter"],"picked":"Orichalcum"},{"not_picked":["The Courier","Quantum Egg"],"picked":"Pantograph"},{"not_picked":["WingedGreaves","Replay:Purple Gloves"],"picked":"Lizard Tail"}],"items_purged_floors":[19],"is_endless":false,"potions_floor_spawned":[1,5,7,11],"killed_by":"Book of Stabbing","ascension_level":0}}