{"host":"ysj15tgd1sneq0s0","time":1612024472,"event":{"mods":["AchievementEnabler","BaseMod","DeckTracker","Highlight Path","Minty Spire (QoL Compilation)","Permanent Neow","Quick Restart","StSLib","SuperFastMode","everything is the same but u backflip on backflip"],"gold_per_floor":[113,188,201,201,212,212,137,166,240,256,256,273,273,291,291,392,392,410,410,269,297,32,32,61,61,107,107,132,132,152,170,170,272,272,284,299,102,112,129,129,163,163,163,385,420,432,432,432,432,432],"floor_reached":51,"language":"KOR","playtime":2108,"items_purged":["Strike_G","Strike_G","Defend_G","Defend_G"],"score":837,"play_id":"daab6589-7cc3-4b6f-b29b-f76a8e4eef90","local_time":"20210131013432","is_ascension_mode":true,"campfire_choices":[{"floor":6,"key":"REST"},{"floor":11,"key":"REST"},{"data":"Cloak And Dagger","floor":15,"key":"SMITH"},{"data":"Backflip","floor":23,"key":"SMITH"},{"data":"Envenom","floor":29,"key":"SMITH"},{"floor":32,"key":"REST"},{"floor":40,"key":"REST"},{"data":"Cloak And Dagger","floor":42,"key":"SMITH"},{"floor":49,"key":"REST"}],"circlet_count":0,"master_deck":["Strike_G","Strike_G","Defend_G","Survivor","Neutralize","Flash of Steel","Backflip+1","Adrenaline","Noxious Fumes","Cloak And Dagger+1","Adrenaline","Accuracy","Prepared+1","Envenom+1","Blade Dance","A Thousand Cuts+1","Footwork+1","Cloak And Dagger+1","Choke+1","Blade Dance+1","Finisher+1","Flash of Steel"],"relics":["Ring of the Snake","Strawberry","Meat on the Bone","WristBlade","Red Mask","Frozen Egg 2","MutagenicStrength","Toy Ornithopter","Lizard Tail","SlaversCollar","Smiling Mask","Toxic Egg 2","Bag of Preparation"],"acts_visited":["Exordium","TheCity","TheBeyond"],"potions_floor_usage":[8,16,16,24,33,35,50,50,50],"damage_taken":[{"damage":7,"enemies":"Small Slimes","floor":1,"turns":3},{"damage":0,"enemies":"2 Louse","floor":3,"turns":2},{"damage":7,"enemies":"Jaw Worm","floor":5,"turns":4},{"damage":36,"enemies":"Gremlin Nob","floor":8,"turns":5},{"damage":10,"enemies":"Lots of Slimes","floor":10,"turns":5},{"damage":9,"enemies":"Exordium Thugs","floor":12,"turns":6},{"damage":15,"enemies":"Large Slime","floor":14,"turns":8},{"damage":19,"enemies":"The Guardian","floor":16,"turns":10},{"damage":0,"enemies":"Chosen","floor":18,"turns":4},{"damage":20,"enemies":"Masked Bandits","floor":21,"turns":4},{"damage":10,"enemies":"Gremlin Leader","floor":24,"turns":7},{"damage":14,"enemies":"Slavers","floor":28,"turns":4},{"damage":4,"enemies":"Shell Parasite","floor":30,"turns":2},{"damage":0,"enemies":"Cultist and Chosen","floor":31,"turns":3},{"damage":10,"enemies":"Collector","floor":33,"turns":6},{"damage":18,"enemies":"3 Darklings","floor":35,"turns":4},{"damage":2,"enemies":"Orb Walker","floor":36,"turns":2},{"damage":33,"enemies":"Spire Growth","floor":38,"turns":4},{"damage":27,"enemies":"Maw","floor":39,"turns":5},{"damage":3,"enemies":"Giant Head","floor":41,"turns":5},{"damage":20,"enemies":"Nemesis","floor":45,"turns":3},{"damage":0,"enemies":"Writhing Mass","floor":46,"turns":1},{"damage":75,"enemies":"Awakened One","floor":50,"turns":7}],"seed_played":"9023620072383957433","potions_obtained":[{"floor":1,"key":"Dexterity Potion"},{"floor":5,"key":"Fire Potion"},{"floor":14,"key":"PowerPotion"},{"floor":21,"key":"Regen Potion"},{"floor":28,"key":"Explosive Potion"},{"floor":31,"key":"Fire Potion"},{"floor":33,"key":"Ancient Potion"},{"floor":36,"key":"Explosive Potion"},{"floor":39,"key":"Block Potion"}],"is_trial":false,"path_per_floor":["M","?","M","?","M","R","$","E","T","M","R","M","?","M","R","B",null,"M","?","$","?","$","R","E","?","T","$","E","R","M","M","R","B",null,"M","M","$","M","M","R","E","R","T","?","E","M","?","?","R","B",null],"character_chosen":"THE_SILENT","items_purchased":["Accuracy","Envenom","Cloak And Dagger"],"campfire_rested":5,"item_purchase_floors":[20,22,37],"current_hp_per_floor":[63,52,52,45,38,59,59,30,30,32,55,46,46,43,43,36,77,77,77,77,57,57,57,62,62,62,62,48,48,44,44,67,62,77,59,57,57,36,21,44,41,41,41,41,33,45,45,45,68,19],"gold":432,"neow_bonus":"RANDOM_COLORLESS","is_daily":false,"chose_seed":false,"campfire_upgraded":4,"win_rate":0.0,"timestamp":1612024472,"path_taken":["M","?","M","?","M","R","?","E","T","?","R","M","?","M","R","BOSS","M","?","$","?","$","R","E","?","T","$","E","R","?","M","R","BOSS","M","?","$","M","M","R","E","R","T","?","E","M","?","?","R","BOSS"],"items_purchased_type":["Card","Card","Card"],"build_version":"2020-12-22","purchased_purges":4,"victory":true,"max_hp_per_floor":[70,70,70,70,70,70,70,77,77,77,77,77,77,77,77,77,77,77,77,77,77,77,77,77,77,77,77,77,77,77,77,77,77,77,77,77,77,77,77,77,77,77,77,77,77,77,77,77,77,77],"card_choices":[{"not_picked":["Forethought","Deep Breath"],"picked":"Flash of Steel","floor":0},{"not_picked":["Underhanded Strike","Tactician","Acrobatics"],"picked":"SKIP","floor":1},{"not_picked":["Predator","Outmaneuver"],"picked":"Backflip","floor":3},{"not_picked":["Sucker Punch","Outmaneuver","Heel Hook"],"picked":"SKIP","floor":5},{"not_picked":["Poisoned Stab","PiercingWail"],"picked":"Adrenaline","floor":8},{"not_picked":["Masterful Stab","Dagger Spray"],"picked":"Noxious Fumes","floor":10},{"not_picked":["Poisoned Stab","Bane","Underhanded Strike"],"picked":"SKIP","floor":12},{"not_picked":["Prepared","Glass Knife"],"picked":"Cloak And Dagger","floor":14},{"not_picked":["Glass Knife","Bullet Time"],"picked":"Adrenaline","floor":16},{"not_picked":["Acrobatics+1","All Out Attack+1","Flying Knee"],"picked":"SKIP","floor":18},{"not_picked":["Deadly Poison","Dagger Throw+1"],"picked":"Prepared+1","floor":21},{"not_picked":["Well Laid Plans+1","Bullet Time"],"picked":"Blade Dance","floor":24},{"not_picked":["Poisoned Stab+1","Deflect","Catalyst"],"picked":"SKIP","floor":28},{"not_picked":["Quick Slash+1","PiercingWail+1","Underhanded Strike"],"picked":"SKIP","floor":30},{"not_picked":["Sucker Punch+1","Calculated Gamble","Crippling Poison+1"],"picked":"SKIP","floor":31},{"not_picked":["Malaise","Envenom+1"],"picked":"A Thousand Cuts+1","floor":33},{"not_picked":["Slice","Backstab","Endless Agony"],"picked":"SKIP","floor":35},{"not_picked":["Backflip+1","Flechettes+1"],"picked":"Footwork+1","floor":36},{"not_picked":["Crippling Poison+1","Dash","Dagger Throw"],"picked":"SKIP","floor":38},{"not_picked":["Flying Knee","Cloak And Dagger+1"],"picked":"Choke+1","floor":39},{"not_picked":["Endless Agony+1","Escape Plan"],"picked":"Blade Dance+1","floor":41},{"not_picked":["Masterful Stab+1","Distraction+1"],"picked":"Finisher+1","floor":45},{"not_picked":["Underhanded Strike","Deflect+1","Outmaneuver+1"],"picked":"SKIP","floor":46},{"not_picked":["Blind+1","Metamorphosis+1"],"picked":"Flash of Steel","floor":48}],"player_experience":59343,"relics_obtained":[{"floor":8,"key":"Strawberry"},{"floor":9,"key":"Meat on the Bone"},{"floor":21,"key":"Red Mask"},{"floor":24,"key":"Frozen Egg 2"},{"floor":26,"key":"Toy Ornithopter"},{"floor":28,"key":"Lizard Tail"},{"floor":41,"key":"Smiling Mask"},{"floor":43,"key":"Toxic Egg 2"},{"floor":45,"key":"Bag of Preparation"}],"event_choices":[{"damage_healed":0,"gold_gain":75,"player_choice":"Gather Gold","damage_taken":11,"max_hp_gain":0,"max_hp_loss":0,"event_name":"World of Goop","floor":2,"gold_loss":0},{"cards_removed":["Strike_G"],"damage_healed":0,"gold_gain":0,"player_choice":"Card Removal","damage_taken":7,"max_hp_gain":0,"max_hp_loss":0,"event_name":"Golden Wing","floor":4,"gold_loss":0},{"cards_removed":["Defend_G"],"damage_healed":0,"gold_gain":0,"player_choice":"Forget","damage_taken":0,"max_hp_gain":0,"max_hp_loss":0,"event_name":"Living Wall","floor":13,"gold_loss":0},{"damage_healed":0,"gold_gain":0,"player_choice":"Ignored","damage_taken":0,"max_hp_gain":0,"max_hp_loss":0,"event_name":"The Mausoleum","floor":19,"gold_loss":0},{"damage_healed":0,"gold_gain":0,"player_choice":"Fought Bandits","damage_taken":0,"max_hp_gain":0,"max_hp_loss":0,"event_name":"Masked Bandits","floor":21,"gold_loss":0},{"damage_healed":0,"gold_gain":0,"player_choice":"Inject Mutagens","damage_taken":0,"relics_obtained":["MutagenicStrength"],"max_hp_gain":0,"max_hp_loss":0,"event_name":"Drug Dealer","floor":25,"gold_loss":0},{"damage_healed":0,"gold_gain":222,"player_choice":"Wore Mask","damage_taken":0,"max_hp_gain":0,"max_hp_loss":0,"event_name":"Tomb of Lord Red Mask","floor":44,"gold_loss":0},{"cards_removed":["Defend_G"],"damage_healed":0,"gold_gain":0,"player_choice":"Removed Skill","damage_taken":0,"max_hp_gain":0,"max_hp_loss":0,"event_name":"Falling","floor":47,"gold_loss":0},{"damage_healed":0,"gold_gain":0,"player_choice":"Memory 1","damage_taken":0,"max_hp_gain":0,"max_hp_loss":0,"event_name":"SensoryStone","floor":48,"gold_loss":0}],"is_beta":false,"boss_relics":[{"not_picked":["Empty Cage","Astrolabe"],"picked":"WristBlade"},{"not_picked":["HoveringKite","Fusion Hammer"],"picked":"SlaversCollar"}],"items_purged_floors":[7,20,22,37],"is_endless":false,"potions_floor_spawned":[1,5,14,21,28,31,33,36,39,45,46],"ascension_level":2}}