{"host":"qy7jow5usmjkdnnq","time":1612042069,"event":{"mods":["BaseMod","Colored Map","Downfall","Minty Spire (QoL Compilation)","Permanent Neow","Relic Stats","StSLib"],"gold_per_floor":[0,0,0,10,21,6,31,61,73,58,87,87,87,120,137,137,137,137],"floor_reached":16,"language":"ENG","playtime":1546,"items_purged":[],"score":153,"play_id":"78266ab0-00d8-4b01-bad5-059a5dd0d456","local_time":"20210130222749","is_ascension_mode":true,"campfire_choices":[{"floor":1.0,"key":"RECALL"},{"data":"champ:Endure","floor":13,"key":"SMITH"}],"circlet_count":0,"master_deck":["champ:Strike+1","champ:Strike+1","champ:Strike","champ:Defend+1","champ:Defend","champ:Defend","champ:Execute","champ:Taunt","downfall:Malfunctioning","champ:GladiatorStyle","champ:StanceDance","champ:Endure+1","champ:BringItOn","champ:Haymaker","champ:CrownThrow","champ:CrownThrow","champ:StanceDance"],"relics":["champ:ChampionCrown","Eternal Feather","Omamori","Boot","Unceasing Top","Darkstone Periapt","Kunai"],"acts_visited":["Exordium"],"potions_floor_usage":[16],"damage_taken":[{"damage":0.0,"enemies":"2 Louse","floor":4.0,"turns":2.0},{"damage":4.0,"enemies":"Small Slimes","floor":5.0,"turns":4.0},{"damage":20.0,"enemies":"downfall:FleeingMerchant","floor":6.0,"turns":4.0},{"damage":47.0,"enemies":"3 Sentries","floor":8.0,"turns":10.0},{"damage":17.0,"enemies":"Jaw Worm","floor":9.0,"turns":3.0},{"damage":15.0,"enemies":"downfall:FleeingMerchant","floor":10.0,"turns":4.0},{"damage":20,"enemies":"Lagavulin","floor":11,"turns":6},{"damage":35,"enemies":"3 Sentries","floor":14,"turns":6},{"damage":3,"enemies":"Blue Slaver","floor":15,"turns":4},{"damage":43,"enemies":"DF_ARCHETYPE_STREAMLINE","floor":16,"turns":10}],"seed_played":"-3522422483854464629","potions_obtained":[{"floor":5.0,"key":"SpeedPotion"},{"floor":9.0,"key":"SpeedPotion"},{"floor":15,"key":"Fire Potion"}],"is_trial":false,"path_per_floor":["R","?","?","M","M","$","T","E","M","$","E","?","R","E","M","B"],"character_chosen":"THE_CHAMP","items_purchased":[],"campfire_rested":0,"item_purchase_floors":[],"current_hp_per_floor":[81,81,69,69,65,65,65,48,46,41,31,31,40,25,22,0,0,0],"gold":137,"neow_bonus":"REMOVE_TWO","is_daily":false,"chose_seed":false,"campfire_upgraded":1,"win_rate":0.0,"timestamp":1612042069,"path_taken":["R","?","?","M","M","?","T","E","?","$","E","?","R","E","M","BOSS"],"items_purchased_type":[],"build_version":"2020-12-22","purchased_purges":0,"victory":false,"max_hp_per_floor":[90,90,90,90,90,90,90,90,90,90,90,90,90,90,90,90,90,90],"relic_stats":{"Darkstone Periapt":0,"counters":[10,53],"Eternal Feather":9,"Kunai":[1],"Boot":[9],"obtain_stats":[{"Darkstone Periapt":12,"champ:ChampionCrown":0,"Eternal Feather":3,"Omamori":7,"Kunai":14,"Boot":8,"Unceasing Top":11},{"Darkstone Periapt":7,"champ:ChampionCrown":0,"Eternal Feather":0,"Omamori":3,"Kunai":8,"Boot":4,"Unceasing Top":7},{"Darkstone Periapt":33,"champ:ChampionCrown":0,"Eternal Feather":0,"Omamori":10,"Kunai":39,"Boot":20,"Unceasing Top":33}],"Unceasing Top":[0]},"card_choices":[{"not_picked":["champ:PerfectedStrike","champ:TornadoPunch"],"picked":"champ:GladiatorStyle","floor":4.0},{"not_picked":["champ:Circumvent","champ:Shatter"],"picked":"champ:StanceDance","floor":5.0},{"not_picked":["champ:Lariat","champ:Parry"],"picked":"champ:Endure","floor":6.0},{"not_picked":["champ:EnchantCrown","champ:Backstep"],"picked":"champ:BringItOn","floor":8.0},{"not_picked":["champ:DefensiveStyle","champ:PreemptiveStrike"],"picked":"champ:Haymaker","floor":9.0},{"not_picked":["champ:Haymaker","champ:Improvising"],"picked":"champ:CrownThrow","floor":10.0},{"not_picked":["champ:DefensiveShout","champ:PerfectedStrike"],"picked":"champ:CrownThrow","floor":11},{"not_picked":["champ:DefensiveShout","champ:ShieldSigil","champ:BerserkersShout"],"picked":"SKIP","floor":14},{"not_picked":["champ:SkillfulDodge","champ:TornadoPunch"],"picked":"champ:StanceDance","floor":15}],"player_experience":686815,"relics_obtained":[{"floor":7.0,"key":"Omamori"},{"floor":8.0,"key":"Boot"},{"floor":11,"key":"Unceasing Top"},{"floor":14,"key":"Kunai"}],"event_choices":[{"damage_healed":0.0,"max_hp_gain":0.0,"max_hp_loss":0.0,"gold_gain":0.0,"event_name":"Scrap Ooze","player_choice":"Success","floor":3.0,"gold_loss":0.0,"damage_taken":12.0,"relics_obtained":["Eternal Feather"]}],"is_beta":false,"boss_relics":[],"items_purged_floors":[],"is_endless":false,"potions_floor_spawned":[5,9,15],"killed_by":"DF_ARCHETYPE_STREAMLINE","ascension_level":6}}