{"host":"guv5thfpx4d8ikzb","time":1612030602,"event":{"mods":["2.2 Compatiblity","AchievementEnabler","BaseMod","Block Reminder","Colored Map","Colored Powertips","Minty Spire (QoL Compilation)","Permanent Neow","Quick Restart","Relic Stats","Replay The Spire","StSLib"],"gold_per_floor":[99,374,386,45,58,58,87,87,87,103,135,135,153,153,153,256,256,268,300,313,231,330,330,361,381,406,406,437,150,150,47,47,152,152,163,163,180,198,68,68,103,122,122,148,148,159,263,283,283,283,283,283,105,135,135],"floor_reached":56,"language":"ENG","playtime":3956,"items_purged":["Regret"],"score":2120,"play_id":"11a5e459-5026-4dd7-97a2-81b9b4a84cfb","local_time":"20210130131642","daily_mods":["Heirloom"],"is_ascension_mode":true,"campfire_choices":[{"data":"ThirdEye","floor":6,"key":"SMITH"},{"data":"Replay:Hum","floor":6,"key":"SMITH"},{"data":"Adaptation","floor":8,"key":"SMITH"},{"data":"Eruption","floor":8,"key":"SMITH"},{"data":"MentalFortress","floor":12,"key":"SMITH"},{"data":"ForeignInfluence","floor":12,"key":"SMITH"},{"data":"ThirdEye","floor":15,"key":"SMITH"},{"data":"Steam","floor":15,"key":"SMITH"},{"data":"Replay:ManipulateFuture","floor":23,"key":"SMITH"},{"data":"ForeignInfluence","floor":23,"key":"SMITH"},{"data":"Defend_P","floor":30,"key":"SMITH"},{"data":"Vigilance","floor":30,"key":"SMITH"},{"floor":32,"key":"REST"},{"floor":40,"key":"RECALL"},{"data":"Defend_P","floor":45,"key":"SMITH"},{"floor":49,"key":"REST"},{"data":"Defend_P","floor":52,"key":"SMITH"}],"circlet_count":0,"master_deck":["Defend_P+4","Eruption+1","Vigilance+1","ForeignInfluence+1","Steam+1","Replay:Hum+1","Weave+1","Weave+1","Meditate+1","Consecrate+1","ThirdEye+1","MasterReality+1","Adaptation+1","ThirdEye+1","Replay:ManipulateFuture+1","MentalFortress+1","ThirdEye+1","Tantrum+1","Blasphemy+1","CutThroughFate+1","CrushJoints+1","CutThroughFate+1","InnerPeace+1","ForeignInfluence+1","DeusExMachina+1","FlurryOfBlows+1","FearNoEvil+1","MentalFortress+1","ThirdEye+1","Weave+1","EmptyBody+1","Vault+1","Meditate+1","CutThroughFate+1","Scrawl+1","FlurryOfBlows+1","InnerPeace+1","Tantrum+1","Tantrum+1","Adaptation+1","ThirdEye+1","CutThroughFate+1","JustLucky+1","JustLucky+1","JustLucky+1","FearNoEvil+1","FlurryOfBlows+1","Replay:DivineShield+1","TalkToTheHand+1","TalkToTheHand+1","Weave+1","Panache+1","Fasting2+1"],"relics":["PureWater","Golden Egg","GoldenEye","Prayer Wheel","Replay:PocketPolymizer","Replay:Arrowhead","Molten Egg 2","Pocketwatch","Mummified Hand","Replay:Bottled Flurry","Philosopher\u0027s Stone","Red Mask","Simple Rune","Lantern","Pet Ghost","OrangePellets","Bottled Tornado","VioletLotus","Whetstone","Yang","Divine Protection","ReplayTheSpireMod:Shallot"],"acts_visited":["Exordium","TheCity","TheBeyond","TheEnding"],"potions_floor_usage":[7,18,55,55,55,55],"damage_taken":[{"damage":0,"enemies":"2 Louse","floor":3,"turns":2},{"damage":1,"enemies":"Cultist","floor":5,"turns":3},{"damage":5,"enemies":"3 Sentries","floor":7,"turns":4},{"damage":0,"enemies":"Small Slimes","floor":10,"turns":1},{"damage":0,"enemies":"Replay:BlueRogue","floor":11,"turns":2},{"damage":0,"enemies":"2 Fungi Beasts","floor":13,"turns":2},{"damage":13,"enemies":"Hexaghost","floor":16,"turns":4},{"damage":20,"enemies":"2 Thieves","floor":18,"turns":3},{"damage":0,"enemies":"Masked Bandits","floor":19,"turns":2},{"damage":0,"enemies":"Chosen","floor":20,"turns":3},{"damage":22,"enemies":"Slavers","floor":24,"turns":2},{"damage":0,"enemies":"Snecko","floor":25,"turns":2},{"damage":40,"enemies":"Book of Stabbing","floor":28,"turns":3},{"damage":12,"enemies":"Pondfish","floor":33,"turns":3},{"damage":0,"enemies":"Orb Walker","floor":35,"turns":2},{"damage":0,"enemies":"3 Shapes","floor":37,"turns":3},{"damage":0,"enemies":"Writhing Mass","floor":38,"turns":1},{"damage":11,"enemies":"R_Hoarder","floor":41,"turns":3},{"damage":0,"enemies":"Maw","floor":42,"turns":2},{"damage":0,"enemies":"Giant Head","floor":44,"turns":2},{"damage":0,"enemies":"Spire Growth","floor":46,"turns":1},{"damage":0,"enemies":"Sphere and 2 Shapes","floor":48,"turns":1},{"damage":0,"enemies":"Awakened One","floor":50,"turns":3},{"damage":0,"enemies":"Shield and Spear","floor":54,"turns":3},{"damage":0,"enemies":"The Heart","floor":55,"turns":3}],"seed_played":"-7611857504656069595","potions_obtained":[{"floor":5,"key":"Adrenaline Potion"},{"floor":10,"key":"BlessingOfTheForge"},{"floor":13,"key":"AttackPotion"},{"floor":16,"key":"Reflective Coating"},{"floor":19,"key":"LiquidBronze"},{"floor":28,"key":"EntropicBrew"},{"floor":44,"key":"BottledMiracle"},{"floor":48,"key":"LiquidMemories"}],"is_trial":true,"path_per_floor":["?","?","M","$","M","R","E","R","T","M","E","R","M","?","R","B",null,"M","?","M","$","?","R","E","M","T","?","E","$","R","$","R","B",null,"M","?","M","M","$","R","E","M","T","E","R","M","?","M","R","B",null,"R","$","E","B",null],"character_chosen":"WATCHER","items_purchased":["Weave","Molten Egg 2","Consecrate+1","InnerPeace","OrangePellets","MentalFortress","ThirdEye","Bottled Tornado","EmptyBody","Tantrum+1","Adaptation","Weave+1","Panache","Divine Protection","Fasting2","DuplicationPotion"],"campfire_rested":2,"item_purchase_floors":[4,4,4,21,29,29,29,31,31,39,39,53,53,53,53,53],"current_hp_per_floor":[72,72,72,72,71,71,66,66,66,66,66,66,66,66,66,53,67,47,47,47,47,47,47,25,25,25,25,35,35,35,35,56,44,65,65,65,65,65,65,65,54,54,54,54,54,54,36,36,57,57,68,68,68,68,68],"gold":135,"neow_bonus":"","is_daily":false,"chose_seed":false,"campfire_upgraded":14,"win_rate":0.0,"timestamp":1612030602,"path_taken":["?","?","M","$","M","R","E","R","T","?","E","R","M","?","R","BOSS","M","?","M","$","?","R","E","M","T","?","E","?","R","$","R","BOSS","M","?","M","M","$","R","E","?","T","E","R","?","?","M","R","BOSS","R","$","E","BOSS"],"items_purchased_type":["Card","Relic","Card","Card","Relic","Card","Card","Relic","Card","Card","Card","Card","Card","Relic","Card","Potion"],"build_version":"2020-12-22","purchased_purges":1,"victory":true,"max_hp_per_floor":[72,72,72,72,72,72,72,72,72,72,72,72,72,72,72,72,72,72,72,72,72,72,72,72,72,72,72,72,72,72,72,72,72,72,72,72,72,72,72,72,72,72,72,72,72,72,72,72,72,72,72,72,72,72,72],"relic_stats":{"OrangePellets":[21],"counters":[25,60],"Mummified Hand":[61],"Prayer Wheel":13,"Yang":[154],"VioletLotus":[15],"Whetstone":[],"GoldenEye":[161],"obtain_stats":[{"Golden Egg":0,"Divine Protection":53,"Lantern":26,"Replay:PocketPolymizer":0,"Yang":44,"Whetstone":41,"Bottled Tornado":31,"GoldenEye":0,"Replay:Arrowhead":1,"Pet Ghost":28,"OrangePellets":29,"ReplayTheSpireMod:Shallot":54,"Mummified Hand":9,"Prayer Wheel":0,"Molten Egg 2":4,"Philosopher\u0027s Stone":17,"Simple Rune":24,"VioletLotus":34,"Replay:Bottled Flurry":11,"Red Mask":19,"PureWater":0,"Pocketwatch":7},{"Golden Egg":0,"Divine Protection":23,"Lantern":12,"Replay:PocketPolymizer":0,"Yang":20,"Whetstone":18,"Bottled Tornado":13,"GoldenEye":0,"Replay:Arrowhead":0,"Pet Ghost":13,"OrangePellets":13,"ReplayTheSpireMod:Shallot":24,"Mummified Hand":3,"Prayer Wheel":0,"Molten Egg 2":1,"Philosopher\u0027s Stone":7,"Simple Rune":11,"VioletLotus":14,"Replay:Bottled Flurry":5,"Red Mask":9,"PureWater":0,"Pocketwatch":3},{"Golden Egg":0,"Divine Protection":54,"Lantern":30,"Replay:PocketPolymizer":0,"Yang":49,"Whetstone":45,"Bottled Tornado":33,"GoldenEye":0,"Replay:Arrowhead":0,"Pet Ghost":33,"OrangePellets":33,"ReplayTheSpireMod:Shallot":57,"Mummified Hand":9,"Prayer Wheel":0,"Molten Egg 2":2,"Philosopher\u0027s Stone":18,"Simple Rune":28,"VioletLotus":36,"Replay:Bottled Flurry":12,"Red Mask":23,"PureWater":0,"Pocketwatch":9}],"Pocketwatch":[2]},"card_choices":[{"not_picked":["ThirdEye","PathToVictory"],"picked":"Replay:Hum","floor":3},{"not_picked":["Perseverance","MentalFortress"],"picked":"Meditate","floor":3},{"not_picked":["MentalFortress","Collect"],"picked":"ThirdEye","floor":5},{"not_picked":["EmptyBody","LikeWater","EmptyFist+1"],"picked":"SKIP","floor":5},{"not_picked":["Study","Judgement"],"picked":"Adaptation","floor":7},{"not_picked":["FollowUp+1","Sanctity"],"picked":"ThirdEye","floor":10},{"not_picked":["PathToVictory","EmptyFist+1","EmptyBody"],"picked":"SKIP","floor":10},{"not_picked":["DeceiveReality","Replay:AtTheReady"],"picked":"Replay:ManipulateFuture","floor":11},{"not_picked":["Halt","Worship"],"picked":"ThirdEye","floor":13},{"not_picked":["Evaluate","ClearTheMind","MasterReality"],"picked":"SKIP","floor":13},{"not_picked":["ConjureBlade","DevaForm"],"picked":"Blasphemy","floor":16},{"not_picked":["WindmillStrike+1","FlurryOfBlows+1"],"picked":"CutThroughFate+1","floor":18},{"not_picked":["Replay:Battleflow","FlyingSleeves+1","Sanctity"],"picked":"SKIP","floor":18},{"not_picked":["WindmillStrike+1","Replay:ManipulateFuture"],"picked":"CrushJoints+1","floor":19},{"not_picked":["Evaluate","FlyingSleeves+1"],"picked":"CutThroughFate+1","floor":20},{"not_picked":["BattleHymn","SashWhip+1","FollowUp+1"],"picked":"SKIP","floor":20},{"not_picked":["EmptyFist+1","CrushJoints+1"],"picked":"DeusExMachina","floor":24},{"not_picked":["Collect+1","DeceiveReality"],"picked":"FlurryOfBlows+1","floor":25},{"not_picked":["ReachHeaven+1","Crescendo","Evaluate"],"picked":"SKIP","floor":25},{"not_picked":["Study+1","SashWhip+1"],"picked":"FearNoEvil+1","floor":28},{"not_picked":["Omniscience","Replay:AllIn"],"picked":"Vault","floor":33},{"not_picked":["Conclude+1","Consecrate+1"],"picked":"Meditate+1","floor":35},{"not_picked":["Protect","EmptyFist+1"],"picked":"CutThroughFate+1","floor":35},{"not_picked":["FlyingSleeves+1","Replay:Vibes"],"picked":"FlurryOfBlows+1","floor":37},{"not_picked":["ReachHeaven+1","Evaluate+1","Conclude+1"],"picked":"SKIP","floor":37},{"not_picked":["FollowUp+1","Halt+1"],"picked":"InnerPeace+1","floor":38},{"not_picked":["Evaluate","WindmillStrike+1","Replay:BluntJabs+1"],"picked":"SKIP","floor":38},{"not_picked":["Consecrate+1","Replay:ManipulateFuture","Adaptation"],"picked":"SKIP","floor":41},{"not_picked":["FlyingSleeves+1","Consecrate+1"],"picked":"ThirdEye+1","floor":42},{"not_picked":["CarveReality+1","Perseverance+1","Pray+1"],"picked":"SKIP","floor":42},{"not_picked":["Prostrate","Replay:Anticipation"],"picked":"CutThroughFate+1","floor":44},{"not_picked":["Replay:BluntJabs+1","ClearTheMind+1"],"picked":"JustLucky+1","floor":46},{"not_picked":["Halt+1","Replay:ManipulateFuture","Replay:AllIn"],"picked":"SKIP","floor":46},{"not_picked":["CrushJoints+1","Consecrate+1"],"picked":"FearNoEvil+1","floor":47},{"not_picked":["Collect+1","JustLucky+1"],"picked":"FlurryOfBlows+1","floor":47},{"not_picked":["Consecrate+1","SashWhip+1"],"picked":"Replay:DivineShield+1","floor":48},{"not_picked":["Replay:Vibes","Indignation+1","Protect+1"],"picked":"SKIP","floor":48},{"not_picked":["FlyingSleeves+1","Replay:AllIn","FearNoEvil+1"],"picked":"SKIP","floor":54}],"player_experience":796284,"relics_obtained":[{"floor":7,"key":"Pocketwatch"},{"floor":9,"key":"Mummified Hand"},{"floor":11,"key":"Replay:Bottled Flurry"},{"floor":19,"key":"Red Mask"},{"floor":24,"key":"Simple Rune"},{"floor":26,"key":"Lantern"},{"floor":28,"key":"Pet Ghost"},{"floor":41,"key":"Whetstone"},{"floor":44,"key":"Yang"},{"floor":54,"key":"ReplayTheSpireMod:Shallot"}],"event_choices":[{"damage_healed":0,"gold_gain":275,"player_choice":"Desecrate","damage_taken":0,"max_hp_gain":0,"max_hp_loss":0,"event_name":"Golden Shrine","floor":2,"gold_loss":0,"cards_obtained":["Regret"]},{"damage_healed":0,"gold_gain":0,"player_choice":"Grow","damage_taken":0,"max_hp_gain":0,"max_hp_loss":0,"event_name":"Living Wall","floor":14,"gold_loss":0,"cards_upgraded":["ThirdEye"]},{"damage_healed":0,"gold_gain":0,"player_choice":"Fought Bandits","damage_taken":0,"max_hp_gain":0,"max_hp_loss":0,"event_name":"Masked Bandits","floor":19,"gold_loss":0},{"damage_healed":0,"gold_gain":99,"player_choice":"Stole From Cult","damage_taken":0,"max_hp_gain":0,"max_hp_loss":0,"event_name":"Nest","floor":22,"gold_loss":0},{"damage_healed":0,"gold_gain":0,"cards_transformed":["FlyingSleeves"],"player_choice":"Transformed","damage_taken":0,"max_hp_gain":0,"max_hp_loss":0,"event_name":"Transmorgrifier","floor":36,"gold_loss":0,"cards_obtained":["Scrawl"]}],"is_beta":false,"boss_relics":[{"not_picked":["Kintsugi","Ring of Chaos"],"picked":"Philosopher\u0027s Stone"},{"not_picked":["HolyWater","SacredBark"],"picked":"VioletLotus"}],"items_purged_floors":[4],"is_endless":false,"potions_floor_spawned":[5,10,13,16,19,25,28,37,38,44,48],"ascension_level":5}}