{"host":"yx5rao87132cy5xq","time":1612043256,"event":{"mods":["2.2 Compatiblity","AchievementEnabler","BaseMod","Bestiary","Colored Map","Colored Powertips","Minty Spire (QoL Compilation)","Quick Restart","Relic Stats","Slay-I","SuperFastMode"],"gold_per_floor":[114,39,56,67,67,67,77,110,135,152,166,201,201,221,221,221,221],"floor_reached":16,"language":"ENG","playtime":1157,"items_purged":[],"score":200,"play_id":"062999b4-7c63-4a59-acba-b022e2d257f4","local_time":"20210130224736","is_ascension_mode":true,"campfire_choices":[{"data":"Anger","floor":6.0,"key":"SMITH"},{"data":"Immolate","floor":13.0,"key":"SMITH"},{"data":"Flame Barrier","floor":15,"key":"SMITH"}],"circlet_count":0,"master_deck":["AscendersBane","Strike_R","Strike_R","Strike_R","Strike_R","Strike_R","Defend_R","Defend_R","Defend_R","Bash+1","Shrug It Off","Anger+1","Clothesline","Feel No Pain","Power Through","Iron Wave","Immolate+1","Second Wind","Flame Barrier+1"],"relics":["Burning Blood","Centennial Puzzle","Boot","Omamori"],"acts_visited":["Exordium"],"potions_floor_usage":[16],"damage_taken":[{"damage":6.0,"enemies":"Cultist","floor":1.0,"turns":3.0},{"damage":4.0,"enemies":"2 Louse","floor":3.0,"turns":4.0},{"damage":2.0,"enemies":"Small Slimes","floor":4.0,"turns":4.0},{"damage":4.0,"enemies":"Blue Slaver","floor":7.0,"turns":4.0},{"damage":18.0,"enemies":"3 Sentries","floor":8.0,"turns":11.0},{"damage":8.0,"enemies":"Looter","floor":10.0,"turns":4.0},{"damage":7.0,"enemies":"Large Slime","floor":11.0,"turns":5.0},{"damage":15.0,"enemies":"Lagavulin","floor":12.0,"turns":7.0},{"damage":12,"enemies":"Gremlin Gang","floor":14,"turns":2},{"damage":78,"enemies":"The Guardian","floor":16,"turns":12}],"seed_played":"-3040294279676717797","potions_obtained":[{"floor":3.0,"key":"FairyPotion"},{"floor":7.0,"key":"Explosive Potion"}],"is_trial":false,"path_per_floor":["M","?","M","M","?","R","M","E","T","M","M","E","R","M","R","B"],"character_chosen":"IRONCLAD","items_purchased":[],"campfire_rested":0,"item_purchase_floors":[],"current_hp_per_floor":[68,68,70,74,74,74,75,63,63,61,60,51,51,45,45,0,0],"gold":221,"neow_bonus":"UPGRADE_CARD","is_daily":false,"chose_seed":false,"campfire_upgraded":3,"win_rate":0.0,"timestamp":1612043256,"path_taken":["M","?","M","M","?","R","M","E","T","M","?","E","R","M","R","BOSS"],"items_purchased_type":[],"build_version":"2020-12-22","purchased_purges":0,"victory":false,"max_hp_per_floor":[75,75,75,75,75,75,75,75,75,75,75,75,75,75,75,75,75],"relic_stats":{"Centennial Puzzle":[15],"counters":[10,56],"Boot":[3],"obtain_stats":[{"Centennial Puzzle":8,"Omamori":12,"Boot":9,"Burning Blood":0},{"Centennial Puzzle":5,"Omamori":8,"Boot":5,"Burning Blood":0},{"Centennial Puzzle":26,"Omamori":42,"Boot":26,"Burning Blood":0}],"Burning Blood":53},"card_choices":[{"not_picked":["Clash","Seeing Red"],"picked":"Shrug It Off","floor":1.0},{"not_picked":["Hemokinesis","Infernal Blade"],"picked":"Anger","floor":3.0},{"not_picked":["Clash","Thunderclap"],"picked":"Clothesline","floor":4.0},{"not_picked":["Iron Wave","Reckless Charge"],"picked":"Feel No Pain","floor":7.0},{"not_picked":["Clash","Sentinel"],"picked":"Power Through","floor":8.0},{"not_picked":["Flex","Anger"],"picked":"Iron Wave","floor":10.0},{"not_picked":["Shrug It Off","Armaments"],"picked":"Immolate","floor":11.0},{"not_picked":["Uppercut","Anger"],"picked":"Second Wind","floor":12.0},{"not_picked":["Headbutt","Pommel Strike"],"picked":"Flame Barrier","floor":14}],"player_experience":917489,"relics_obtained":[{"floor":8.0,"key":"Centennial Puzzle"},{"floor":9.0,"key":"Boot"},{"floor":12.0,"key":"Omamori"}],"event_choices":[{"cards_removed":["Defend_R"],"damage_healed":0.0,"max_hp_gain":0.0,"max_hp_loss":0.0,"gold_gain":0.0,"event_name":"The Cleric","player_choice":"Card Removal","floor":2.0,"gold_loss":75.0,"damage_taken":0.0},{"damage_healed":0.0,"max_hp_gain":0.0,"max_hp_loss":0.0,"gold_gain":0.0,"event_name":"Match and Keep!","player_choice":"0 cards matched","floor":5.0,"gold_loss":0.0,"damage_taken":0.0,"cards_obtained":[]}],"is_beta":false,"boss_relics":[],"items_purged_floors":[],"is_endless":false,"potions_floor_spawned":[3,7,8,11,14],"killed_by":"The Guardian","ascension_level":15}}