{"host":"9gwavclf33b2mpxe","time":1612003883,"event":{"mods":["BaseMod","Bestiary","Block Reminder","Colored Map","Colored Powertips","Downfall","Highlight Path","Minty Spire (QoL Compilation)","Permanent Neow","Quick Restart","Relic Stats","StSLib","SuperFastMode"],"gold_per_floor":[99,99,9,9,83,96,96,111,11,22,22,42,42,27,44,149,149,149,163,79,89,102,130,130,155,12,31,31,31,31,48,48,48,48],"floor_reached":32,"language":"ENG","playtime":2069,"items_purged":["bronze:Strike","bronze:Defend"],"score":270,"play_id":"ae02abea-1a4e-4bec-a25c-3b0396c6bbdf","local_time":"20210130185123","is_ascension_mode":false,"campfire_choices":[{"floor":1.0,"key":"RECALL"},{"data":"bronze:Goto","floor":9.0,"key":"SMITH"},{"data":"bronze:FineTuning","floor":11.0,"key":"SMITH"},{"data":"bronze:Philosophize","floor":13.0,"key":"SMITH"},{"data":"bronze:Flail","floor":18.0,"key":"SMITH"},{"data":"bronze:ForceShield","floor":28,"key":"SMITH"},{"data":"bronze:InfiniteLoop","floor":30,"key":"SMITH"}],"circlet_count":0,"master_deck":["bronze:Defend","bronze:Defend","bronze:Replicate","bronze:Goto+1","bronze:MaxOutput+1","bronze:InfiniteLoop+1","bronze:TinkerersToolbox+1","bronze:InfiniteLoop+1","bronze:Philosophize+1","bronze:Flail+1","bronze:FineTuning+1","bronze:FollowUp","bronze:InfiniteBeams","bronze:ForceShield+1","bronze:HyperBeam","bronze:Optimize","bronze:Repulsor","bronze:BuggyMess+1","bronze:Deprecate+1","bronze:Fortify+1","bronze:Iterate+1","bronze:Overload+1","bronze:Invalidate+1","bronze:Shield+1"],"relics":["Astrolabe","downfall:ShatteredFragment","Mummified Hand","Unceasing Top","downfall:HeartBlessingRed","Philosopher\u0027s Stone","Toxic Egg 2","FossilizedHelix","Guardian:PocketSentry","Centennial Puzzle","champ:Barbells"],"acts_visited":["Exordium","TheCity"],"potions_floor_usage":[],"damage_taken":[{"damage":0.0,"enemies":"downfall:FleeingMerchant","floor":3.0,"turns":4.0},{"damage":0.0,"enemies":"Small Slimes","floor":6.0,"turns":2.0},{"damage":6.0,"enemies":"Jaw Worm","floor":8.0,"turns":2.0},{"damage":0.0,"enemies":"Cultist","floor":10.0,"turns":2.0},{"damage":8.0,"enemies":"Red Slaver","floor":12.0,"turns":3.0},{"damage":11.0,"enemies":"downfall:FleeingMerchant","floor":14.0,"turns":4.0},{"damage":7.0,"enemies":"Exordium Wildlife","floor":15.0,"turns":2.0},{"damage":7.0,"enemies":"WA_ARCHETYPE_RETAIN","floor":16.0,"turns":4.0},{"damage":0.0,"enemies":"3 Byrds","floor":19.0,"turns":3.0},{"damage":13.0,"enemies":"downfall:FleeingMerchant","floor":20.0,"turns":4.0},{"damage":0.0,"enemies":"Spheric Guardian","floor":21.0,"turns":2.0},{"damage":6.0,"enemies":"Centurion and Healer","floor":22.0,"turns":4.0},{"damage":21.0,"enemies":"Gremlin Leader","floor":23.0,"turns":6.0},{"damage":22.0,"enemies":"Book of Stabbing","floor":25.0,"turns":4.0},{"damage":0,"enemies":"3 Cultists","floor":27,"turns":3},{"damage":6,"enemies":"Cultist and Chosen","floor":31,"turns":2},{"damage":9,"enemies":"Shelled Parasite and Fungi","floor":32,"turns":2}],"seed_played":"6788306223703157132","potions_obtained":[{"floor":8.0,"key":"Regen Potion"},{"floor":10.0,"key":"SkillPotion"},{"floor":12.0,"key":"Explosive Potion"},{"floor":15.0,"key":"PowerPotion"},{"floor":19.0,"key":"LiquidBronze"},{"floor":25.0,"key":"Dexterity Potion"},{"floor":27,"key":"GamblersBrew"},{"floor":31,"key":"champ:CounterPotion"}],"is_trial":false,"path_per_floor":["R","?","$","?","T","M","T","M","R","M","R","M","R","$","M","B",null,"R","M","$","M","M","E","T","E","$","M","R","$","R","M","M"],"character_chosen":"THE_AUTOMATON","items_purchased":["Toxic Egg 2","bronze:BuggyMess+1","bronze:Deprecate+1","champ:Barbells"],"campfire_rested":0,"item_purchase_floors":[20,20,20,26],"current_hp_per_floor":[70,49,49,49,49,49,49,43,43,43,43,35,35,24,22,15,70,70,70,57,57,51,30,30,8,8,8,8,8,8,2,0,0,0],"gold":48,"neow_bonus":"BOSS_RELIC","is_daily":false,"chose_seed":false,"campfire_upgraded":6,"win_rate":0.0,"timestamp":1612003883,"path_taken":["R","?","$","?","?","M","T","M","R","M","R","M","R","$","M","BOSS","R","?","$","M","M","E","T","E","?","M","R","$","R","?","M"],"items_purchased_type":["Relic","Card","Card","Relic"],"build_version":"2020-12-22","purchased_purges":2,"victory":false,"max_hp_per_floor":[70,70,70,70,70,70,70,70,70,70,70,70,70,70,70,70,70,70,70,70,70,70,70,70,70,70,70,70,70,70,70,70,70,70],"relic_stats":{"Centennial Puzzle":[3],"counters":[17,53],"Mummified Hand":[67],"Astrolabe":["bronze:MaxOutput","bronze:InfiniteLoop","bronze:TinkerersToolbox"],"obtain_stats":[{"champ:Barbells":26,"Centennial Puzzle":25,"bronze:BronzeCore":0,"downfall:ShatteredFragment":2,"downfall:HeartBlessingRed":9,"Mummified Hand":5,"Astrolabe":0,"Philosopher\u0027s Stone":17,"Guardian:PocketSentry":24,"Toxic Egg 2":20,"Unceasing Top":7,"FossilizedHelix":23},{"champ:Barbells":14,"Centennial Puzzle":14,"bronze:BronzeCore":0,"downfall:ShatteredFragment":0,"downfall:HeartBlessingRed":3,"Mummified Hand":1,"Astrolabe":0,"Philosopher\u0027s Stone":8,"Guardian:PocketSentry":13,"Toxic Egg 2":10,"Unceasing Top":2,"FossilizedHelix":13},{"champ:Barbells":46,"Centennial Puzzle":46,"bronze:BronzeCore":0,"downfall:ShatteredFragment":0,"downfall:HeartBlessingRed":8,"Mummified Hand":4,"Astrolabe":0,"Philosopher\u0027s Stone":23,"Guardian:PocketSentry":42,"Toxic Egg 2":30,"Unceasing Top":6,"FossilizedHelix":42}],"Unceasing Top":[6]},"card_choices":[{"not_picked":["bronze:Refactor","bronze:BugBarrage"],"picked":"bronze:InfiniteLoop","floor":3.0},{"not_picked":["bronze:Constructor","bronze:GetLatest"],"picked":"bronze:Philosophize","floor":6.0},{"not_picked":["bronze:Separator","bronze:OilSpill"],"picked":"bronze:Flail","floor":8.0},{"not_picked":["bronze:Deprecate","bronze:Safeguard"],"picked":"bronze:FineTuning","floor":10.0},{"not_picked":["bronze:WildBeam","bronze:DelayedSlice"],"picked":"bronze:FollowUp","floor":12.0},{"not_picked":["bronze:Overheat","bronze:Repulsor"],"picked":"bronze:InfiniteBeams","floor":14.0},{"not_picked":["bronze:BitShift","bronze:Refactor"],"picked":"bronze:ForceShield","floor":15.0},{"not_picked":["bronze:AlphaBuild","bronze:Break"],"picked":"bronze:HyperBeam","floor":16.0},{"not_picked":["bronze:GetLatest","bronze:Constructor"],"picked":"bronze:Optimize","floor":19.0},{"not_picked":["bronze:DigitalCarnage","bronze:Flail+1"],"picked":"bronze:Repulsor","floor":20.0},{"not_picked":["bronze:Turbo+1","bronze:FollowUp"],"picked":"bronze:Fortify+1","floor":21.0},{"not_picked":["bronze:Constructor+1","bronze:Safeguard+1"],"picked":"bronze:Iterate","floor":22.0},{"not_picked":["bronze:Return+1","bronze:Turbo+1"],"picked":"bronze:Overload+1","floor":23.0},{"not_picked":["bronze:InfiniteBeams","bronze:Boost+1"],"picked":"bronze:Invalidate+1","floor":25.0},{"not_picked":["bronze:Frontload+1","bronze:Optimize"],"picked":"bronze:Shield+1","floor":27},{"not_picked":["bronze:DelayedSlice+1","bronze:WildBeam","bronze:CutThrough"],"picked":"SKIP","floor":31}],"player_experience":137108,"relics_obtained":[{"floor":5.0,"key":"Mummified Hand"},{"floor":7.0,"key":"Unceasing Top"},{"floor":23.0,"key":"FossilizedHelix"},{"floor":24.0,"key":"Guardian:PocketSentry"},{"floor":25.0,"key":"Centennial Puzzle"}],"event_choices":[{"cards_removed":["bronze:Strike"],"damage_healed":0.0,"max_hp_gain":0.0,"max_hp_loss":0.0,"gold_gain":0.0,"event_name":"The Cleric","player_choice":"Card Removal","floor":4.0,"gold_loss":0.0,"damage_taken":0.0}],"is_beta":false,"boss_relics":[{"not_picked":["Cursed Key","expansioncontent:StudyCardRelic"],"picked":"Philosopher\u0027s Stone"}],"items_purged_floors":[3,20],"is_endless":false,"potions_floor_spawned":[8,10,12,15,19,25,27,31],"killed_by":"Shelled Parasite and Fungi","ascension_level":0}}