{"host":"hqsnl0mtmp1qafm7","time":1612011560,"event":{"mods":["AchievementEnabler","Aspiration","BaseMod","Better Altar","Better Match","Better Note","Better Sensory Stone","Better Skull","Better Third Choice","Colored Map","Colored Powertips","Conspire","Curses Come First","Downfall","Friendly Minions","Hermit","Highlight Path","Hubris","Ironclad Rager","Minty Spire (QoL Compilation)","Monster B Gone","Permanent Neow","Quick Restart","Rare Cards Sparkle","Reliquary","Replay The Spire","Retaliation","Shop Mod","Smile Girya","StSLib","The Blue Laboratory","The Runesmith","Wandering Minibosses","egg","thorton"],"gold_per_floor":[109,56,42,42,42,42,59,136,136,121,121,121,147,18,18,122,122,136,146,146,163,234,234,266,266,266,236,236,252,271,290,290,400,400,424,574,574,613,636,636,659,659,659,460,460,460,460,460],"floor_reached":47,"language":"ENG","playtime":2428,"items_purged":[],"score":445,"play_id":"3aa4d650-33b7-4e90-b9ed-6c3e38977471","local_time":"20210130075920","is_ascension_mode":false,"campfire_choices":[{"data":"Specialist","floor":6.0,"key":"SMITH"},{"data":"hermit:Maintenance","floor":11.0,"key":"SMITH"},{"data":"hermit:Dive","floor":15.0,"key":"SMITH"},{"floor":23.0,"key":"REST"},{"floor":28.0,"key":"REST"},{"floor":32.0,"key":"REST"},{"floor":40.0,"key":"REST"},{"floor":46,"key":"REST"}],"circlet_count":0,"master_deck":["hermit:Strike_Hermit","hermit:Strike_Hermit","hermit:Strike_Hermit","hermit:Strike_Hermit","hermit:Defend_Hermit","hermit:Defend_Hermit","hermit:Defend_Hermit","hermit:Defend_Hermit","hermit:Covet","hexamod:FlamesFromBeyond","hexamod:FlamesFromBeyond","hexamod:RainOfEmbers+1","Specialist+1","hexamod:BurningTouch","ReplayTheSpireMod:Splinters","hermit:Dive+1","hermit:Maintenance+1","hermit:HeroicBravado","hermit:ShadowCloak","hermit:WideOpen+1","hermit:Dissolve","hermit:Grudge+1","hermit:TakeCover+1","hermit:TakeAim","hermit:Vantage+1","hermit:Scavenge","hermit:Roughhouse","hermit:Scavenge","hubris:Despair","hermit:HighNoon","hermit:FlashPowder+1"],"relics":["hermit:ClaspedLocket","m_HexaRing","reliquary:PorcupineQuills","aspiration:ChemicalBlood","conspire:SlowCooker","wanderingMiniBosses:ThiefScarf","hermit:Momento","ReplayTheSpireMod:Shallot","Unceasing Top","hubris:GlazedTorus","ReplayTheSpireMod:CursedCoin","Membership Card","Juzu Bracelet","Anchor","InkBottle","Sundial","Gremlin Food","conspire:DeflatedDodgeball","conspire:Dentures","TheAbacus"],"acts_visited":["Exordium","TheCity","TheBeyond"],"potions_floor_usage":[41,47],"damage_taken":[{"damage":1.0,"enemies":"Cultist","floor":1.0,"turns":4.0},{"damage":8.0,"enemies":"2 Louse","floor":3.0,"turns":5.0},{"damage":0.0,"enemies":"Small Slimes","floor":7.0,"turns":3.0},{"damage":8.0,"enemies":"2 Fungi Beasts","floor":10.0,"turns":5.0},{"damage":3.0,"enemies":"Lagavulin","floor":13.0,"turns":3.0},{"damage":7.0,"enemies":"Slime Boss","floor":16.0,"turns":10.0},{"damage":7.0,"enemies":"3 Byrds","floor":18.0,"turns":4.0},{"damage":21.0,"enemies":"2 Thieves","floor":19.0,"turns":4.0},{"damage":19.0,"enemies":"Snake Plant","floor":21.0,"turns":5.0},{"damage":6.0,"enemies":"Snecko","floor":22.0,"turns":5.0},{"damage":24.0,"enemies":"Slavers","floor":24.0,"turns":4.0},{"damage":0.0,"enemies":"Shelled Parasite and Fungi","floor":25.0,"turns":1.0},{"damage":21.0,"enemies":"Snake Plant","floor":29.0,"turns":4.0},{"damage":1.0,"enemies":"Snecko","floor":30.0,"turns":6.0},{"damage":11.0,"enemies":"Cultist and Chosen","floor":31.0,"turns":7.0},{"damage":25.0,"enemies":"Automaton","floor":33.0,"turns":11.0},{"damage":15.0,"enemies":"Orb Walker","floor":35.0,"turns":6.0},{"damage":23.0,"enemies":"conspire:MimicChest","floor":38.0,"turns":12.0},{"damage":6.0,"enemies":"3 Shapes","floor":39.0,"turns":8.0},{"damage":8,"enemies":"Jaw Worm Horde","floor":41,"turns":5},{"damage":53,"enemies":"Transient","floor":47,"turns":3}],"seed_played":"4544607227050825755","potions_obtained":[{"floor":3.0,"key":"Explosive Potion"},{"floor":7.0,"key":"ColorlessPotion"},{"floor":8.0,"key":"Doom Potion"},{"floor":8.0,"key":"sneckomod:MuddlingPotion"},{"floor":10.0,"key":"Venom Potion"},{"floor":19.0,"key":"blueLaboratory:BottledHope"},{"floor":21.0,"key":"blueLaboratory:FruitPunch"},{"floor":27.0,"key":"blueLaboratory:HummingbirdPotion"},{"floor":27.0,"key":"blueLaboratory:NullPotion"},{"floor":29.0,"key":"blueLaboratory:Moonshine"},{"floor":30.0,"key":"blueLaboratory:HummingbirdPotion"},{"floor":33.0,"key":"blueLaboratory:BottleOfRum"},{"floor":39.0,"key":"Swift Potion"}],"is_trial":false,"path_per_floor":["M","$","M","?","?","R","M","?","T","M","R","T","E","$","R","B",null,"M","M","?","M","M","R","E","M","T","?","R","M","M","M","R","B",null,"M","$","?","?","M","R","M","?","T","$","?","R","M"],"character_chosen":"HERMIT","items_purchased":["hexamod:FlamesFromBeyond","hermit:ShadowCloak","hermit:WideOpen","ReplayTheSpireMod:CursedCoin","Membership Card","Juzu Bracelet","Anchor","Gremlin Food","conspire:DeflatedDodgeball"],"campfire_rested":5,"item_purchase_floors":[2,14,14,36,36,36,36,44,44],"current_hp_per_floor":[74,74,66,66,66,66,66,66,66,58,58,58,55,55,55,48,75,68,47,47,28,24,47,23,23,23,23,46,25,24,13,36,11,77,62,32,32,9,3,26,18,26,26,26,26,49,0,0],"gold":460,"neow_bonus":"NOSTALGIA","is_daily":false,"chose_seed":false,"campfire_upgraded":3,"win_rate":0.0,"timestamp":1612011560,"path_taken":["M","$","M","?","?","R","M","?","T","?","R","?","E","$","R","BOSS","M","M","?","M","M","R","E","?","T","?","R","M","M","M","R","BOSS","M","?","?","?","M","R","M","?","T","$","?","R","M"],"items_purchased_type":["Card","Card","Card","Relic","Relic","Relic","Relic","Relic","Relic"],"build_version":"2020-12-22","purchased_purges":0,"victory":false,"max_hp_per_floor":[75,75,75,75,75,75,75,75,75,75,75,75,75,75,75,75,75,75,75,75,75,77,77,77,77,77,77,77,77,77,77,77,77,77,77,77,77,77,77,77,77,77,77,77,77,77,77,77],"card_choices":[{"not_picked":["hermit:Coalescence","hermit:Feint"],"picked":"hexamod:FlamesFromBeyond","floor":1.0},{"not_picked":["hermit:BigShot","hermit:Horror"],"picked":"hexamod:RainOfEmbers","floor":3.0},{"not_picked":["Replay:Bootleg Shield Generator","Chrysalis"],"picked":"Specialist","floor":4.0},{"not_picked":["hermit:Spite","hermit:SprayPray"],"picked":"hexamod:BurningTouch","floor":7.0},{"not_picked":["hermit:HoleUp","hermit:Gestalt"],"picked":"hermit:Dive","floor":8.0},{"not_picked":["hermit:Brawl","hermit:LuckOfTheDraw"],"picked":"hermit:Maintenance","floor":10.0},{"not_picked":["Wraith Form v2","hermit:Gestalt"],"picked":"hermit:HeroicBravado","floor":13.0},{"not_picked":["hexamod:Toasty","hermit:OverwhelmingPower"],"picked":"hermit:Dissolve","floor":16.0},{"not_picked":["hermit:PistolWhip","hermit:Manifest","hermit:BodyArmor"],"picked":"SKIP","floor":18.0},{"not_picked":["hermit:WideOpen","hermit:Enervate"],"picked":"hermit:Grudge","floor":19.0},{"not_picked":["hermit:WideOpen+1","hermit:Roulette","hermit:Cheat"],"picked":"SKIP","floor":21.0},{"not_picked":["hermit:Desperado","hermit:Vantage"],"picked":"hermit:TakeCover+1","floor":22.0},{"not_picked":["hermit:TakeCover+1","hermit:SprayPray"],"picked":"hermit:TakeAim","floor":24.0},{"not_picked":["hermit:Scavenge","hermit:LuckOfTheDraw"],"picked":"hermit:Vantage+1","floor":29.0},{"not_picked":["hermit:LowProfile","hermit:DeadOrAlive"],"picked":"hermit:Scavenge","floor":30.0},{"not_picked":["hermit:TrackingShot","hermit:BodyArmor+1","hermit:Glare+1"],"picked":"SKIP","floor":31.0},{"not_picked":["hermit:HeroicBravado","hermit:Reprieve"],"picked":"hermit:Roughhouse","floor":33.0},{"not_picked":["hermit:SprayPray","hermit:Vantage"],"picked":"hermit:Scavenge","floor":35.0},{"not_picked":["hexamod:FlamesFromBeyond","hermit:Misfire"],"picked":"hermit:HighNoon","floor":39.0},{"not_picked":["hermit:FullyLoaded+1","hermit:Cheat+1"],"picked":"hermit:FlashPowder+1","floor":41}],"player_experience":106331,"relics_obtained":[{"floor":9.0,"key":"ReplayTheSpireMod:Shallot"},{"floor":12.0,"key":"reliquary:PorcupineQuills"},{"floor":13.0,"key":"aspiration:ChemicalBlood"},{"floor":22.0,"key":"wanderingMiniBosses:ThiefScarf"},{"floor":22.0,"key":"hermit:Momento"},{"floor":22.0,"key":"ReplayTheSpireMod:Shallot"},{"floor":24.0,"key":"Unceasing Top"},{"floor":26.0,"key":"hubris:GlazedTorus"},{"floor":38.0,"key":"InkBottle"},{"floor":43,"key":"Sundial"}],"event_choices":[{"damage_healed":0.0,"max_hp_gain":0.0,"max_hp_loss":0.0,"gold_gain":1.0,"event_name":"betterStone:BetterStone","player_choice":"1","floor":4.0,"gold_loss":0.0,"damage_taken":0.0},{"damage_healed":0.0,"max_hp_gain":0.0,"max_hp_loss":0.0,"gold_gain":0.0,"event_name":"Accursed Blacksmith","player_choice":"Forge","floor":20.0,"gold_loss":0.0,"damage_taken":0.0,"cards_upgraded":["hermit:WideOpen"]},{"damage_healed":0.0,"max_hp_gain":0.0,"max_hp_loss":0.0,"gold_gain":0.0,"event_name":"The Woman in Blue","player_choice":"Bought 2 Potions","floor":27.0,"gold_loss":0.0,"damage_taken":0.0},{"cards_removed":["hermit:Snapshot"],"damage_healed":0.0,"max_hp_gain":0.0,"max_hp_loss":0.0,"gold_gain":0.0,"event_name":"Falling","player_choice":"Removed Attack","floor":37.0,"gold_loss":0.0,"damage_taken":0.0},{"damage_healed":0,"gold_gain":0,"player_choice":"Ignored","damage_taken":0,"max_hp_gain":0,"max_hp_loss":0,"event_name":"Tomb of Lord Red Mask","floor":45,"gold_loss":0}],"is_beta":false,"boss_relics":[{"not_picked":["Empty Cage","Runesmith:UraniumAnvil"],"picked":"conspire:SlowCooker"},{"not_picked":["Black Star","bronze:MakeshiftBattery"],"picked":"hermit:ClaspedLocket"}],"items_purged_floors":[],"is_endless":false,"potions_floor_spawned":[3,7,10,18,19,21,30,33,39],"killed_by":"Transient","ascension_level":0}}