{"host":"ifcf0cy5l3qbxi8r","time":1612014879,"event":{"mods":["Act Like it!","Arknights The Spire","BaseMod","Gensokyo","Minty Spire (QoL Compilation)","StSLib"],"gold_per_floor":[109,17,17,17,17,47,59,83,95,121,133,179,210,238,250,363,375,401,431,443,63,75,87,128,140,152,180,223,235,127,154,166,178,178],"floor_reached":33,"language":"ZHS","playtime":1287,"items_purged":[],"score":316,"play_id":"8b4b9638-2ff2-43d1-b11e-63f86add8aa5","local_time":"20210130215439","is_ascension_mode":true,"campfire_choices":[{"data":"ats:Burning Ground","floor":7,"key":"SMITH"},{"floor":15,"key":"REST"},{"floor":23,"key":"REST"},{"data":"ats:Absolute Focus","floor":25,"key":"SMITH"},{"floor":29,"key":"REST"},{"floor":32,"key":"REST"}],"circlet_count":0,"master_deck":["ats:Strike C+1","ats:Strike G","ats:Strike S","ats:Strike V","ats:Armor Crushing Shot","ats:Defend","ats:Defend","ats:Defend","ats:Defend","ats:Very Hot Blade","ats:Red Shift","ats:Burning Ground+1","ats:Soul Absorption+1","ats:Revitalization","ats:Sunburst","ats:Encircling Forest","ats:Part Time Job","ats:Healing Drone","ats:Volcano+1","CurseOfTheBell","ats:Flame Of Heaven","ats:Apocalypse","ats:Volcano+1","Gensokyo:RedCapeBlueCape+1","ats:Mental Burst+1","ats:Absolute Focus+1","ats:Ignite+1","ats:Part Time Job","ats:Apocalypse"],"relics":["ats:Sanity","NeowsBlessing","Gensokyo:Justice","ats:Originium","MawBank","Happy Flower","Calling Bell","Nunchaku","Molten Egg 2","Unceasing Top","ats:Arts","Regal Pillow","Whetstone","Shovel","Orichalcum","Gensokyo:LionMask"],"acts_visited":["Exordium","Gensokyo:Gensokyo"],"potions_floor_usage":[16,24,24,24,33],"damage_taken":[{"damage":0,"enemies":"Gensokyo:3_Fairies","floor":1,"turns":2},{"damage":9,"enemies":"Gensokyo:Mamizou","floor":6,"turns":3},{"damage":0,"enemies":"Gensokyo:Gryphon","floor":8,"turns":1},{"damage":0,"enemies":"Gensokyo:2_Kodama","floor":10,"turns":3},{"damage":25,"enemies":"Gensokyo:Cirno","floor":12,"turns":5},{"damage":18,"enemies":"Gensokyo:CorruptedTreant","floor":13,"turns":3},{"damage":11,"enemies":"Gensokyo:3_Kodama","floor":14,"turns":2},{"damage":52,"enemies":"Gensokyo:Kokoro","floor":16,"turns":12},{"damage":39,"enemies":"Gensokyo:3_Dogs","floor":18,"turns":3},{"damage":17,"enemies":"Gensokyo:2_Gloops","floor":19,"turns":4},{"damage":53,"enemies":"Gensokyo:Koishi","floor":24,"turns":8},{"damage":15,"enemies":"Gensokyo:Wraith","floor":27,"turns":4},{"damage":56,"enemies":"Gensokyo:Tenshi","floor":28,"turns":4},{"damage":45,"enemies":"Gensokyo:3_Gloops","floor":31,"turns":4},{"damage":98,"enemies":"Gensokyo:Kaguya","floor":33,"turns":10}],"seed_played":"8920466749276849934","potions_obtained":[{"floor":1,"key":"SneckoOil"},{"floor":6,"key":"Weak Potion"},{"floor":12,"key":"AttackPotion"},{"floor":19,"key":"AttackPotion"},{"floor":27,"key":"Weak Potion"},{"floor":28,"key":"FearPotion"}],"is_trial":false,"path_per_floor":["M","COS","?","?","?","E","R","M","T","M","?","E","M","M","R","B",null,"M","M","?","COS","?","R","E","R","T","M","E","R","?","M","R","B"],"character_chosen":"DOCTOR_CLASS","items_purchased":[],"campfire_rested":4,"item_purchase_floors":[],"current_hp_per_floor":[72,72,79,79,79,70,70,70,70,70,70,51,33,22,45,50,79,42,30,30,30,30,66,35,35,35,43,1,37,37,10,46,0,0],"gold":178,"neow_bonus":"THREE_ENEMY_KILL","is_daily":false,"chose_seed":false,"campfire_upgraded":2,"win_rate":0.0,"timestamp":1612014879,"path_taken":["M","COS","?","?","?","E","R","?","T","M","?","E","M","M","R","BOSS","M","M","?","COS","?","R","E","R","T","M","E","R","?","M","R","BOSS"],"items_purchased_type":[],"build_version":"2020-12-22","purchased_purges":0,"victory":false,"max_hp_per_floor":[72,72,79,79,79,79,79,79,79,79,79,79,79,79,79,79,79,79,79,79,79,73,73,73,73,73,73,73,73,73,73,73,73,73],"card_choices":[{"not_picked":["ats:Flame Of Heaven","ats:Guard Mode"],"picked":"ats:Very Hot Blade","floor":1},{"not_picked":["ats:Cat Scratch","ats:Powerful Strike"],"picked":"ats:Red Shift","floor":4},{"not_picked":["ats:Hook Shot","ats:Closed Bolt Burst Fire"],"picked":"ats:Burning Ground","floor":4},{"not_picked":["ats:Thorns+1","ats:Closed Bolt Burst Fire+1"],"picked":"ats:Soul Absorption+1","floor":6},{"not_picked":["ats:Soul Rend","ats:Defend Order"],"picked":"ats:Revitalization","floor":6},{"not_picked":["ats:Shadow Raid","ats:Assault Order"],"picked":"ats:Sunburst","floor":8},{"not_picked":["ats:Consecutive Shot Auto","ats:Sword Rain","ats:Support Order"],"picked":"SKIP","floor":10},{"not_picked":["ats:Powerful Strike","ats:Serious Mode"],"picked":"ats:Encircling Forest","floor":12},{"not_picked":["ats:Healing Strengthening","ats:Spore Proliferation"],"picked":"ats:Part Time Job","floor":13},{"not_picked":["ats:Absolute Focus","ats:Overload"],"picked":"ats:Healing Drone","floor":14},{"not_picked":["ats:Rat Pack","ats:Durian"],"picked":"ats:Volcano","floor":16},{"not_picked":["ats:Counter Healing Mode","ats:Collapsing Strike+1"],"picked":"ats:Flame Of Heaven","floor":18},{"not_picked":["ats:Shell Defense","ats:Revitalization"],"picked":"ats:Apocalypse","floor":19},{"not_picked":["ats:Absolute Focus+1","ats:Serious Mode+1"],"picked":"ats:Mental Burst+1","floor":24},{"not_picked":["ats:Closed Bolt Burst Fire+1","ats:Beaten Up"],"picked":"ats:Absolute Focus","floor":24},{"not_picked":["ats:Powerful Strike+1","ats:Very Hot Blade+1"],"picked":"ats:Ignite+1","floor":27},{"not_picked":["ats:Shadow Raid+1","ats:Spore Proliferation"],"picked":"ats:Part Time Job","floor":28},{"not_picked":["ats:Leaping Hammer+1","ats:Defend Order"],"picked":"ats:Apocalypse","floor":31}],"player_experience":101615,"relics_obtained":[{"floor":6,"key":"ats:Originium"},{"floor":6,"key":"MawBank"},{"floor":12,"key":"ats:Originium"},{"floor":12,"key":"Happy Flower"},{"floor":17,"key":"Nunchaku"},{"floor":17,"key":"Molten Egg 2"},{"floor":17,"key":"Unceasing Top"},{"floor":24,"key":"ats:Originium"},{"floor":24,"key":"Whetstone"},{"floor":26,"key":"Shovel"},{"floor":28,"key":"ats:Originium"},{"floor":28,"key":"Orichalcum"}],"event_choices":[],"is_beta":false,"boss_relics":[{"not_picked":["ats:Tactical Delivery","Runic Pyramid"],"picked":"Calling Bell"}],"items_purged_floors":[],"is_endless":false,"potions_floor_spawned":[1,6,12,13,19,27,28],"killed_by":"Gensokyo:Kaguya","ascension_level":2}}