{"host":"o98f72bjn8jxgroo","time":1612050927,"event":{"mods":["Act Like it!","BaseMod","ChefMod","Dio Mod","Fox Events","GifTheSpireLib","Hermit","Jedi Mod","Minty Spire (QoL Compilation)","Morshu Shopkeeper","Relic Stats","Reliquary","Smile Girya","Spicy Shops","StSLib","The Blackbeard","The Saiyan"],"gold_per_floor":[118,118,38,52,71,71,71,71,71,85,85,13,33,96,96,193,193,203,203,203,48,59,59,76,76,102,119,151,164,179,24,24,122,122,142,142,156,173,190,190,204,204,204,215,215,233,233,455,455,455],"floor_reached":51,"language":"PTB","playtime":3891,"items_purged":["Writhe","Regret"],"score":691,"play_id":"2c526a91-38b9-4cda-98de-726084210e93","local_time":"20210130215527","is_ascension_mode":false,"campfire_choices":[{"data":"dioMod:RoadRoller","floor":6.0,"key":"SMITH"},{"data":"dioMod:GoodbyeJojo","floor":8.0,"key":"SMITH"},{"data":"dioMod:Donut","floor":11.0,"key":"SMITH"},{"data":"dioMod:CutDeep","floor":15,"key":"SMITH"},{"data":"dioMod:ZaWarudo","floor":23,"key":"SMITH"},{"data":"dioMod:SadisticLaugh","floor":25,"key":"SMITH"},{"data":"dioMod:Hiss","floor":32,"key":"SMITH"},{"data":"dioMod:UltimateSacrifice","floor":40,"key":"SMITH"},{"data":"dioMod:Pluck","floor":42,"key":"SMITH"},{"data":"dioMod:DarkRebirth","floor":45,"key":"SMITH"},{"data":"dioMod:SevenPageMuda","floor":47,"key":"SMITH"},{"data":"dioMod:BloodSplash","floor":49,"key":"SMITH"}],"circlet_count":0,"master_deck":["dioMod:Strike","dioMod:Strike","dioMod:Strike","dioMod:Strike","Bite+1","dioMod:Defend","dioMod:Defend","dioMod:Defend","dioMod:Defend","dioMod:VengefulMuda","dioMod:RoadRoller+1","dioMod:Hiss+1","dioMod:GoodbyeJojo+1","dioMod:Donut+1","dioMod:CutDeep+1","dioMod:BloodSplash+1","dioMod:ZaWarudo+1","dioMod:SadisticLaugh+1","dioMod:DarkRebirth+1","dioMod:CoffinBath+1","dioMod:ComboFever","dioMod:BloodSuck+1","dioMod:SevenPageMuda+1","dioMod:UltimateSacrifice+1","dioMod:Minions+1","dioMod:Diversion","dioMod:DaggerSpree+1","dioMod:Pluck+1","dioMod:Muda","dioMod:DoubleTime+1","dioMod:SecretPlan+1"],"relics":["dioMod:VampireBlood","NeowsBlessing","reliquary:OuijaBoard","Incense Burner","reliquary:RedPaperclip","Torii","jedi:crownofsimplicity","Red Mask","Membership Card","reliquary:Bookmark","reliquary:KinkedSpring","reliquary:OuijaBoard"],"acts_visited":["Exordium","TheCity","TheBeyond"],"potions_floor_usage":[14,28,33,33,44,50,50],"damage_taken":[{"damage":0.0,"enemies":"Small Slimes","floor":1.0,"turns":1.0},{"damage":0.0,"enemies":"2 Louse","floor":4.0,"turns":1.0},{"damage":0.0,"enemies":"Jaw Worm","floor":5.0,"turns":1.0},{"damage":12.0,"enemies":"Blue Slaver","floor":10.0,"turns":2.0},{"damage":6.0,"enemies":"Large Slime","floor":13.0,"turns":5.0},{"damage":41,"enemies":"Lagavulin Event","floor":14,"turns":6},{"damage":42,"enemies":"Hexaghost","floor":16,"turns":8},{"damage":18,"enemies":"3 Byrds","floor":18,"turns":4},{"damage":23,"enemies":"Shell Parasite","floor":22,"turns":6},{"damage":25,"enemies":"Snake Plant","floor":24,"turns":3},{"damage":8,"enemies":"Snecko","floor":27,"turns":4},{"damage":20,"enemies":"Masked Bandits","floor":28,"turns":3},{"damage":19,"enemies":"Centurion and Healer","floor":29,"turns":5},{"damage":21,"enemies":"Shelled Parasite and Fungi","floor":30,"turns":5},{"damage":64,"enemies":"Champ","floor":33,"turns":13},{"damage":6,"enemies":"Orb Walker","floor":35,"turns":2},{"damage":10,"enemies":"3 Shapes","floor":37,"turns":4},{"damage":32,"enemies":"Jaw Worm Horde","floor":38,"turns":3},{"damage":40,"enemies":"3 Darklings","floor":39,"turns":4},{"damage":31,"enemies":"Writhing Mass","floor":41,"turns":4},{"damage":13,"enemies":"Maw","floor":44,"turns":5},{"damage":13,"enemies":"Transient","floor":46,"turns":6},{"damage":38,"enemies":"Jotaro","floor":50,"turns":7}],"seed_played":"4425269998602717577","potions_obtained":[{"floor":13.0,"key":"PowerPotion"},{"floor":24,"key":"jedi:tentaclejuice"},{"floor":27,"key":"AttackPotion"},{"floor":33,"key":"Fruit Juice"},{"floor":38,"key":"PowerPotion"},{"floor":39,"key":"jedi:StrikingPotion"},{"floor":41,"key":"FearPotion"}],"is_trial":false,"path_per_floor":["M","?","$","M","M","R","?","R","T","M","R","$","M","?","R","B",null,"M","?","?","$","M","R","M","R","T","M","?","M","M","$","R","B",null,"M","?","M","M","M","R","M","R","T","M","R","M","R","?","R","B",null],"character_chosen":"THE_DEFAULT","items_purchased":["dioMod:RoadRoller","Boot","dioMod:DarkRebirth","Membership Card","reliquary:Bookmark"],"campfire_rested":0,"item_purchase_floors":[3,12,21,31,31],"current_hp_per_floor":[75,75,75,75,75,75,72,72,72,66,66,66,69,37,37,4,75,67,67,67,67,53,53,34,34,34,41,33,38,40,40,40,15,80,77,77,80,60,50,50,22,22,22,42,42,49,49,49,49,24],"gold":455,"neow_bonus":"THREE_ENEMY_KILL","is_daily":false,"chose_seed":false,"campfire_upgraded":12,"win_rate":0.0,"timestamp":1612050927,"path_taken":["M","?","$","M","M","R","?","R","T","M","R","?","?","?","R","BOSS","M","?","?","$","?","R","M","R","T","M","?","?","M","$","R","BOSS","M","?","M","M","M","R","M","R","T","?","R","M","R","?","R","BOSS"],"items_purchased_type":["Card","Relic","Card","Relic","Relic"],"build_version":"2020-12-22","purchased_purges":2,"victory":true,"max_hp_per_floor":[75,75,75,75,75,75,75,75,75,75,75,75,75,75,75,75,75,75,75,75,75,75,75,75,75,75,75,75,75,75,75,75,80,80,80,80,80,80,80,80,80,80,80,80,80,80,80,80,80,80],"relic_stats":{"Torii":29,"counters":[23,102],"obtain_stats":[{"reliquary:OuijaBoard":7,"NeowsBlessing":0,"Torii":19,"Incense Burner":14,"Letter Opener":9,"jedi:crownofsimplicity":26,"Boot":12,"reliquary:Bookmark":31,"reliquary:KinkedSpring":34,"reliquary:RedPaperclip":17,"dioMod:VampireBlood":0,"reliquary:SculptingSteel":43,"Red Mask":28,"Membership Card":31},{"reliquary:OuijaBoard":3,"NeowsBlessing":0,"Torii":8,"Incense Burner":6,"Letter Opener":3,"jedi:crownofsimplicity":10,"Boot":4,"reliquary:Bookmark":14,"reliquary:KinkedSpring":15,"reliquary:RedPaperclip":7,"dioMod:VampireBlood":0,"reliquary:SculptingSteel":20,"Red Mask":12,"Membership Card":14},{"reliquary:OuijaBoard":3,"NeowsBlessing":0,"Torii":28,"Incense Burner":16,"Letter Opener":3,"jedi:crownofsimplicity":37,"Boot":5,"reliquary:Bookmark":54,"reliquary:KinkedSpring":67,"reliquary:RedPaperclip":24,"dioMod:VampireBlood":0,"reliquary:SculptingSteel":84,"Red Mask":44,"Membership Card":54}]},"card_choices":[{"not_picked":["dioMod:DaggerToss","dioMod:Minions"],"picked":"dioMod:VengefulMuda","floor":1.0},{"not_picked":["dioMod:HeavyLifting","dioMod:DaggerToss"],"picked":"dioMod:Hiss","floor":4.0},{"not_picked":["dioMod:ComboFever","dioMod:Hiss"],"picked":"dioMod:GoodbyeJojo","floor":5.0},{"not_picked":["dioMod:LaserVision","dioMod:ComposedMuda"],"picked":"dioMod:Donut","floor":10.0},{"not_picked":["dioMod:GoodbyeJojo","dioMod:MudaMudaMuda"],"picked":"dioMod:CutDeep","floor":13.0},{"not_picked":["dioMod:GoodbyeJojo","dioMod:Roundabout"],"picked":"dioMod:BloodSplash","floor":14},{"not_picked":["dioMod:GoldVial","dioMod:SevenPageMuda"],"picked":"dioMod:ZaWarudo","floor":16},{"not_picked":["dioMod:BloodTransfusion","dioMod:CoffinBath"],"picked":"dioMod:SadisticLaugh","floor":18},{"not_picked":["dioMod:HeavyLifting","dioMod:BlendIn"],"picked":"dioMod:CoffinBath+1","floor":22},{"not_picked":["dioMod:DaggerSpree","dioMod:TripleThreat","dioMod:WRYYY"],"picked":"SKIP","floor":24},{"not_picked":["dioMod:Hiss","dioMod:CoffinBath"],"picked":"dioMod:ComboFever","floor":27},{"not_picked":["dioMod:TripleThreat","dioMod:BloodShield"],"picked":"dioMod:BloodSuck+1","floor":28},{"not_picked":["dioMod:CoffinBath+1","dioMod:Hiss","dioMod:SlashThroughTime"],"picked":"SKIP","floor":29},{"not_picked":["dioMod:DominatingPresence","dioMod:SadisticLaugh"],"picked":"dioMod:SevenPageMuda","floor":30},{"not_picked":["dioMod:PathToHeaven","dioMod:RoadRoller"],"picked":"dioMod:UltimateSacrifice","floor":33},{"not_picked":["dioMod:HeavyLifting","dioMod:Hiss+1"],"picked":"dioMod:Minions+1","floor":35},{"not_picked":["dioMod:Hiss+1","dioMod:StreetSign+1"],"picked":"dioMod:Diversion","floor":37},{"not_picked":["dioMod:BloodTransfusion","dioMod:BloodShield"],"picked":"dioMod:DaggerSpree+1","floor":38},{"not_picked":["dioMod:BloodTransfusion","dioMod:CutDeep"],"picked":"dioMod:Pluck","floor":39},{"not_picked":["dioMod:DoubleTime+1","dioMod:BloodSuck"],"picked":"dioMod:Muda","floor":41},{"not_picked":["dioMod:StreetSign+1","dioMod:DisarmingVoice+1"],"picked":"dioMod:DoubleTime+1","floor":44},{"not_picked":["dioMod:BloodShield","dioMod:FlyAway+1"],"picked":"dioMod:SecretPlan+1","floor":46}],"player_experience":385231,"relics_obtained":[{"floor":9.0,"key":"Letter Opener"},{"floor":14,"key":"Incense Burner"},{"floor":26,"key":"jedi:crownofsimplicity"},{"floor":28,"key":"Red Mask"},{"floor":43,"key":"reliquary:SculptingSteel"}],"event_choices":[{"damage_healed":0.0,"max_hp_gain":0.0,"max_hp_loss":0.0,"gold_gain":0.0,"event_name":"Living Wall","player_choice":"Grow","floor":2.0,"gold_loss":0.0,"damage_taken":0.0,"cards_upgraded":["Bite"]},{"damage_healed":0.0,"max_hp_gain":0.0,"max_hp_loss":0.0,"gold_gain":0.0,"event_name":"Scrap Ooze","player_choice":"Success","floor":7.0,"gold_loss":0.0,"damage_taken":3.0,"relics_obtained":["reliquary:OuijaBoard"]},{"damage_healed":0,"gold_gain":30,"player_choice":"Searched \u00272\u0027 times","damage_taken":0,"max_hp_gain":0,"max_hp_loss":0,"event_name":"Dead Adventurer","floor":14,"gold_loss":0},{"damage_healed":0,"gold_gain":0,"player_choice":"Opened","damage_taken":0,"relics_obtained":["Torii"],"max_hp_gain":0,"max_hp_loss":0,"event_name":"The Mausoleum","floor":19,"gold_loss":0,"cards_obtained":["Writhe"]},{"damage_healed":0,"gold_gain":0,"player_choice":"Bought 0 Potions","damage_taken":0,"max_hp_gain":0,"max_hp_loss":0,"event_name":"The Woman in Blue","floor":20,"gold_loss":0},{"damage_healed":0,"gold_gain":0,"player_choice":"Fought Bandits","damage_taken":0,"max_hp_gain":0,"max_hp_loss":0,"event_name":"Masked Bandits","floor":28,"gold_loss":0},{"damage_healed":0,"gold_gain":0,"player_choice":"Ignored","damage_taken":0,"max_hp_gain":0,"max_hp_loss":0,"event_name":"Purifier","floor":36,"gold_loss":0},{"damage_healed":0,"gold_gain":222,"player_choice":"Wore Mask","damage_taken":0,"max_hp_gain":0,"max_hp_loss":0,"event_name":"Tomb of Lord Red Mask","floor":48,"gold_loss":0}],"is_beta":false,"boss_relics":[{"not_picked":["Runic Pyramid","Ectoplasm"],"picked":"reliquary:RedPaperclip"},{"not_picked":["Coffee Dripper","Sozu"],"picked":"reliquary:KinkedSpring"}],"items_purged_floors":[21,31],"is_endless":false,"potions_floor_spawned":[13,24,27,33,38,39,41],"ascension_level":0}}