{"host":"d744ndivyohnro60","time":1612024694,"event":{"mods":["BaseMod","Bestiary","Colored Powertips","Minty Spire (QoL Compilation)","Relic Stats"],"gold_per_floor":[113,129,129,139,156,156,173,201,201,201,213,213,248,263,263,366,666,681,681,681,655,565,565,565],"floor_reached":23,"language":"ENG","playtime":2160,"items_purged":[],"score":233,"play_id":"8bcf339c-af91-4b08-845e-9631da0029d5","local_time":"20210130113814","is_ascension_mode":true,"campfire_choices":[{"data":"Stack","floor":6,"key":"SMITH"},{"floor":10,"key":"REST"},{"data":"Coolheaded","floor":12,"key":"SMITH"},{"floor":15,"key":"REST"}],"circlet_count":0,"master_deck":["Strike_B","Strike_B+1","Strike_B","Defend_B","Defend_B","Defend_B","Zap+1","Dualcast","Cold Snap+1","Steam","Stack+1","Hologram+1","Turbo","Coolheaded+1","Cold Snap","BootSequence","Self Repair","Multi-Cast","CurseOfTheBell","Steam+1","Necronomicurse","Conserve Battery"],"relics":["Velvet Choker","War Paint","Mango","WingedGreaves","Calling Bell","Old Coin","StrikeDummy","Bag of Marbles","Necronomicon"],"acts_visited":["Exordium","TheCity"],"potions_floor_usage":[8,16,23],"damage_taken":[{"damage":0,"enemies":"Small Slimes","floor":1,"turns":3},{"damage":0,"enemies":"Cultist","floor":2,"turns":4},{"damage":5,"enemies":"Jaw Worm","floor":4,"turns":4},{"damage":16,"enemies":"Lots of Slimes","floor":5,"turns":5},{"damage":12,"enemies":"Large Slime","floor":7,"turns":7},{"damage":20,"enemies":"Lagavulin","floor":8,"turns":6},{"damage":1,"enemies":"2 Fungi Beasts","floor":11,"turns":5},{"damage":25,"enemies":"Gremlin Nob","floor":13,"turns":5},{"damage":0,"enemies":"Blue Slaver","floor":14,"turns":4},{"damage":39,"enemies":"Hexaghost","floor":16,"turns":17},{"damage":17,"enemies":"3 Byrds","floor":18,"turns":8},{"damage":11,"enemies":"2 Thieves","floor":21,"turns":5},{"damage":88,"enemies":"Book of Stabbing","floor":23,"turns":9}],"seed_played":"-3308257541285571795","potions_obtained":[{"floor":5,"key":"PowerPotion"},{"floor":11,"key":"Energy Potion"},{"floor":13,"key":"FairyPotion"},{"floor":14,"key":"FocusPotion"},{"floor":18,"key":"FearPotion"}],"is_trial":false,"path_per_floor":["M","M","?","M","M","R","M","E","T","R","M","R","E","M","R","B",null,"M","?","?","M","?","E"],"character_chosen":"DEFECT","items_purchased":[],"campfire_rested":2,"item_purchase_floors":[],"current_hp_per_floor":[75,75,75,70,54,54,42,22,36,62,61,61,36,36,62,30,89,79,63,63,59,59,0,0],"gold":565,"neow_bonus":"BOSS_RELIC","is_daily":false,"chose_seed":false,"campfire_upgraded":2,"win_rate":0.0,"timestamp":1612024694,"path_taken":["M","M","?","M","M","R","M","E","T","R","M","R","E","?","R","BOSS","M","?","?","?","?","E"],"items_purchased_type":[],"build_version":"2020-12-22","purchased_purges":0,"victory":false,"max_hp_per_floor":[75,75,75,75,75,75,75,75,89,89,89,89,89,89,89,89,89,89,89,89,89,89,89,89],"relic_stats":{"counters":[13,82],"Necronomicon":[0],"War Paint":["Zap","Hologram"],"obtain_stats":[{"Calling Bell":17,"Velvet Choker":0,"Mango":9,"WingedGreaves":13,"Bag of Marbles":17,"Necronomicon":19,"War Paint":8,"Cracked Core":0,"StrikeDummy":17,"Old Coin":17},{"Calling Bell":10,"Velvet Choker":0,"Mango":6,"WingedGreaves":8,"Bag of Marbles":10,"Necronomicon":11,"War Paint":6,"Cracked Core":0,"StrikeDummy":10,"Old Coin":10},{"Calling Bell":60,"Velvet Choker":0,"Mango":29,"WingedGreaves":39,"Bag of Marbles":60,"Necronomicon":68,"War Paint":29,"Cracked Core":0,"StrikeDummy":60,"Old Coin":60}]},"card_choices":[{"not_picked":["Sweeping Beam","Aggregate"],"picked":"Cold Snap","floor":1},{"not_picked":["Darkness","Redo"],"picked":"Steam","floor":2},{"not_picked":["Redo","Rip and Tear"],"picked":"Stack","floor":4},{"not_picked":["Scrape","Chaos"],"picked":"Hologram","floor":5},{"not_picked":["Steam","Gash"],"picked":"Turbo","floor":7},{"not_picked":["Meteor Strike","Go for the Eyes"],"picked":"Coolheaded","floor":8},{"not_picked":["Redo","Gash"],"picked":"Cold Snap","floor":11},{"not_picked":["Steam","Leap"],"picked":"BootSequence","floor":13},{"not_picked":["Cold Snap","Stack"],"picked":"Self Repair","floor":14},{"not_picked":["Reboot","Biased Cognition"],"picked":"Multi-Cast","floor":16},{"not_picked":["Streamline","Chaos"],"picked":"Steam+1","floor":18},{"not_picked":["Barrage","Coolheaded","Multi-Cast"],"picked":"SKIP","floor":21}],"player_experience":164178,"relics_obtained":[{"floor":8,"key":"War Paint"},{"floor":9,"key":"Mango"},{"floor":13,"key":"WingedGreaves"},{"floor":17,"key":"Old Coin"},{"floor":17,"key":"StrikeDummy"},{"floor":17,"key":"Bag of Marbles"},{"floor":19,"key":"Necronomicon"}],"event_choices":[{"damage_healed":0,"gold_gain":0,"player_choice":"Upgraded","damage_taken":0,"max_hp_gain":0,"max_hp_loss":0,"event_name":"Upgrade Shrine","floor":3,"gold_loss":0,"cards_upgraded":["Cold Snap"]},{"damage_healed":0,"gold_gain":0,"player_choice":"Obtained Book","damage_taken":16,"max_hp_gain":0,"max_hp_loss":0,"event_name":"Cursed Tome","floor":19,"gold_loss":0},{"damage_healed":0,"gold_gain":0,"cards_transformed":["Defend_B"],"player_choice":"Transformed","damage_taken":0,"max_hp_gain":0,"max_hp_loss":0,"event_name":"Transmorgrifier","floor":20,"gold_loss":0,"cards_obtained":["Conserve Battery"]},{"cards_removed":["Strike_B"],"damage_healed":0,"gold_gain":0,"player_choice":"Upgrade and Remove","damage_taken":0,"max_hp_gain":0,"max_hp_loss":0,"event_name":"Designer","floor":22,"gold_loss":90,"cards_upgraded":["Strike_B"]}],"is_beta":false,"boss_relics":[{"not_picked":["Empty Cage","Philosopher\u0027s Stone"],"picked":"Calling Bell"}],"items_purged_floors":[],"is_endless":false,"potions_floor_spawned":[5,11,13,14,18],"killed_by":"Book of Stabbing","ascension_level":3}}