{"host":"5yoj846f700ld8qy","time":1612046785,"event":{"mods":["AchievementEnabler","Aspiration","BaseMod","Better Altar","Better Match","Better Note","Better Sensory Stone","Better Skull","Better Third Choice","Colored Map","Colored Powertips","Minty Spire (QoL Compilation)","StSLib","UnlockEverythingMod"],"gold_per_floor":[109,109,109,1,18,18,50,6,30,42,80,92,130,158,170,260,272,304,34,34,45,45,74,74,102,149,149,166,166,0,0,0,72,72,88,105,123,139,151,151,0,0,0,0,30,30,355,381,381,381,381],"floor_reached":50,"language":"ENG","playtime":1720,"items_purged":["Strike_G"],"score":1329,"play_id":"4819e3fc-67f4-4447-9620-58c7b535804e","local_time":"20210131004625","is_ascension_mode":true,"campfire_choices":[{"floor":6.0,"key":"REST"},{"floor":10.0,"key":"REST"},{"data":"Envenom","floor":12.0,"key":"SMITH"},{"floor":15.0,"key":"REST"},{"floor":24,"key":"REST"},{"data":"Dash","floor":27,"key":"SMITH"},{"data":"Setup","floor":29,"key":"SMITH"},{"data":"Blade Dance","floor":32,"key":"SMITH"},{"data":"Cloak And Dagger","floor":40,"key":"SMITH"},{"data":"Noxious Fumes","floor":42,"key":"SMITH"},{"data":"Footwork","floor":44,"key":"SMITH"},{"floor":49,"key":"REST"}],"circlet_count":0,"master_deck":["AscendersBane","Strike_G+1","Strike_G+1","Strike_G+1","Strike_G+1","Defend_G+1","Defend_G+1","Defend_G+1","Defend_G+1","Defend_G+1","Survivor","Neutralize","Envenom+1","Footwork","Sadistic Nature","Dagger Spray","Backflip","Footwork+1","Setup+1","Noxious Fumes+1","Dodge and Roll","Dash+1","Bullet Time+1","Backflip+1","Blade Dance+1","Crippling Poison","Cloak And Dagger+1","Die Die Die","Parasite","Eviscerate+1","Prepared+1","Riddle With Holes","Prepared+1"],"relics":["Ring of the Snake","Nunchaku","Akabeko","MawBank","The Specimen","aspiration:FetidBarrel","Busted Crown","TwistedFunnel","MutagenicStrength","Vajra","Eternal Feather","War Paint","Snake Skull","aspiration:PoetsPen_weak","Red Mask","aspiration:Lifesprig","PreservedInsect","Old Coin","Ancient Tea Set"],"acts_visited":["Exordium","TheCity","TheBeyond"],"potions_floor_usage":[28,33,33,33,47,48,50,50],"damage_taken":[{"damage":9.0,"enemies":"Jaw Worm","floor":1.0,"turns":5.0},{"damage":6.0,"enemies":"2 Louse","floor":5.0,"turns":4.0},{"damage":26.0,"enemies":"Gremlin Nob","floor":7.0,"turns":4.0},{"damage":0.0,"enemies":"Lagavulin","floor":11.0,"turns":7.0},{"damage":21.0,"enemies":"Gremlin Nob","floor":13.0,"turns":4.0},{"damage":0.0,"enemies":"Cultist","floor":14.0,"turns":3.0},{"damage":0.0,"enemies":"Hexaghost","floor":16.0,"turns":9.0},{"damage":13.0,"enemies":"2 Thieves","floor":18.0,"turns":3.0},{"damage":15.0,"enemies":"3 Byrds","floor":21.0,"turns":3.0},{"damage":16,"enemies":"Slavers","floor":23,"turns":3},{"damage":0,"enemies":"Gremlin Leader","floor":25,"turns":2},{"damage":12,"enemies":"Snecko","floor":28,"turns":5},{"damage":20,"enemies":"Champ","floor":33,"turns":8},{"damage":0,"enemies":"3 Shapes","floor":35,"turns":1},{"damage":0,"enemies":"3 Darklings","floor":36,"turns":1},{"damage":0,"enemies":"Jaw Worm Horde","floor":37,"turns":2},{"damage":9,"enemies":"Writhing Mass","floor":38,"turns":5},{"damage":10,"enemies":"4 Shapes","floor":39,"turns":3},{"damage":37,"enemies":"Nemesis","floor":45,"turns":5},{"damage":0,"enemies":"Mind Bloom Boss Battle","floor":47,"turns":3},{"damage":22,"enemies":"Giant Head","floor":48,"turns":5},{"damage":50,"enemies":"Time Eater","floor":50,"turns":4}],"seed_played":"2320443902102595757","potions_obtained":[{"floor":1.0,"key":"Fire Potion"},{"floor":7.0,"key":"FearPotion"},{"floor":23,"key":"SneckoOil"},{"floor":28,"key":"EntropicBrew"},{"floor":39,"key":"DistilledChaos"},{"floor":45,"key":"AttackPotion"},{"floor":47,"key":"SpeedPotion"},{"floor":48,"key":"Ancient Potion"}],"is_trial":false,"path_per_floor":["M","?","?","$","M","R","E","$","T","R","E","R","E","M","R","B",null,"M","$","?","M","?","E","R","E","T","R","M","R","$","?","R","B",null,"M","M","M","M","M","R","?","R","T","R","E","?","?","E","R","B"],"character_chosen":"THE_SILENT","items_purchased":["Dagger Spray","Fire Potion","Setup","TwistedFunnel","Backflip","Snake Skull"],"campfire_rested":5,"item_purchase_floors":[4,4,8,19,19,30],"current_hp_per_floor":[35,17,17,17,11,30,4,4,4,23,23,23,2,2,21,21,55,42,42,42,27,27,11,30,30,30,45,33,48,48,49,64,44,61,61,61,61,52,42,60,60,66,66,66,29,29,29,7,43,0,0],"gold":381,"neow_bonus":"THREE_RARE_CARDS","is_daily":false,"chose_seed":false,"campfire_upgraded":7,"win_rate":0.0,"timestamp":1612046785,"path_taken":["M","?","?","$","M","R","E","$","T","R","E","R","E","M","R","BOSS","M","$","?","M","?","E","R","E","T","R","M","R","?","?","R","BOSS","M","?","M","M","M","R","?","R","T","R","E","?","?","E","R","BOSS"],"items_purchased_type":["Card","Potion","Card","Relic","Card","Relic"],"build_version":"2020-12-22","purchased_purges":1,"victory":false,"max_hp_per_floor":[66,66,66,66,66,66,66,66,66,66,66,66,66,66,66,66,66,66,66,66,66,66,66,66,66,66,66,66,66,66,66,66,66,66,66,66,66,66,66,66,66,66,66,66,66,63,63,63,63,63,63],"card_choices":[{"not_picked":["Storm of Steel","Night Terror"],"picked":"Envenom","floor":0.0},{"not_picked":["Poisoned Stab","Noxious Fumes"],"picked":"Footwork","floor":1.0},{"not_picked":["Madness","Dramatic Entrance"],"picked":"Sadistic Nature","floor":3.0},{"not_picked":["Deflect","Endless Agony"],"picked":"Backflip","floor":5.0},{"not_picked":["Outmaneuver","Tactician"],"picked":"Footwork","floor":7.0},{"not_picked":["After Image","Dagger Spray"],"picked":"Noxious Fumes","floor":11.0},{"not_picked":["Bane","Sucker Punch"],"picked":"Dodge and Roll","floor":13.0},{"not_picked":["Choke","Calculated Gamble"],"picked":"Dash","floor":14.0},{"not_picked":["Phantasmal Killer","Malaise"],"picked":"Bullet Time","floor":16.0},{"not_picked":["Flying Knee"],"picked":"SKIP","floor":18.0},{"not_picked":[],"picked":"Blade Dance","floor":21.0},{"not_picked":[],"picked":"Crippling Poison","floor":23},{"not_picked":[],"picked":"Cloak And Dagger","floor":25},{"not_picked":["Dagger Throw"],"picked":"SKIP","floor":28},{"not_picked":[],"picked":"Die Die Die","floor":33},{"not_picked":["Dagger Throw+1"],"picked":"SKIP","floor":35},{"not_picked":["Cloak And Dagger"],"picked":"SKIP","floor":36},{"not_picked":["Outmaneuver"],"picked":"SKIP","floor":37},{"not_picked":[],"picked":"Eviscerate+1","floor":38},{"not_picked":[],"picked":"Prepared+1","floor":39},{"not_picked":[],"picked":"Riddle With Holes","floor":45},{"not_picked":[],"picked":"Prepared+1","floor":47},{"not_picked":["Flying Knee"],"picked":"SKIP","floor":48}],"player_experience":420864,"relics_obtained":[{"floor":7.0,"key":"Akabeko"},{"floor":9.0,"key":"MawBank"},{"floor":11.0,"key":"The Specimen"},{"floor":13.0,"key":"aspiration:FetidBarrel"},{"floor":23,"key":"Vajra"},{"floor":25,"key":"Eternal Feather"},{"floor":26,"key":"War Paint"},{"floor":43,"key":"aspiration:Lifesprig"},{"floor":45,"key":"PreservedInsect"},{"floor":47,"key":"Old Coin"},{"floor":48,"key":"Ancient Tea Set"}],"event_choices":[{"damage_healed":0.0,"max_hp_gain":0.0,"max_hp_loss":0.0,"gold_gain":0.0,"event_name":"betterThird:BetterScrap","player_choice":"Relic ","floor":2.0,"gold_loss":0.0,"damage_taken":18.0,"cards_obtained":["Storm"]},{"damage_healed":0.0,"max_hp_gain":0.0,"max_hp_loss":0.0,"gold_gain":1.0,"event_name":"betterStone:BetterStone","player_choice":"1","floor":3.0,"gold_loss":0.0,"damage_taken":0.0},{"damage_healed":0.0,"max_hp_gain":0.0,"max_hp_loss":0.0,"gold_gain":0.0,"event_name":"Drug Dealer","player_choice":"Inject Mutagens","floor":20.0,"gold_loss":0.0,"damage_taken":0.0,"relics_obtained":["MutagenicStrength"]},{"damage_healed":0.0,"max_hp_gain":0.0,"max_hp_loss":9.0,"gold_gain":0.0,"event_name":"betterThird:BetterWriting","player_choice":"Simplicity","floor":22.0,"gold_loss":0.0,"damage_taken":0.0},{"damage_healed":1,"gold_gain":0,"player_choice":"LEAVE ","damage_taken":0,"relics_obtained":[],"max_hp_gain":0,"max_hp_loss":0,"event_name":"betterSkull:BetterSkull","floor":31,"gold_loss":0,"cards_upgraded":[]},{"damage_healed":0,"gold_gain":0,"player_choice":"Paid","damage_taken":0,"relics_obtained":["Red Mask"],"max_hp_gain":0,"max_hp_loss":0,"event_name":"Tomb of Lord Red Mask","floor":41,"gold_loss":151},{"damage_healed":0,"gold_gain":0,"player_choice":"Max HP","damage_taken":0,"max_hp_gain":0,"max_hp_loss":3,"event_name":"Winding Halls","floor":46,"gold_loss":0},{"damage_healed":0,"gold_gain":0,"player_choice":"Fight","damage_taken":0,"max_hp_gain":0,"max_hp_loss":0,"event_name":"MindBloom","floor":47,"gold_loss":0}],"is_beta":false,"boss_relics":[{"not_picked":["aspiration:FutureDiary","Philosopher\u0027s Stone"],"picked":"Busted Crown"},{"not_picked":["Snecko Eye","aspiration:RitualDagger"],"picked":"aspiration:PoetsPen_weak"}],"items_purged_floors":[19],"is_endless":false,"potions_floor_spawned":[1,7,23,28,39,45,47,48],"killed_by":"Time Eater","ascension_level":20}}