{"host":"h1qktzcccqnez8tx","time":1612036415,"event":{"mods":["AchievementEnabler","BaseMod","Bestiary","Better Note","Block Reminder","Colored Map","Colored Powertips","Curses Come First","Downfall","Highlight Path","Infinite Spire","Minty Spire (QoL Compilation)","Permanent Neow","Quick Restart","Relic Stats","Replay The Spire","Say the Spire","StSLib","UnlockEverythingMod"],"gold_per_floor":[99,99,199,251,279,308,400,412,409,441,553,598,610,652,674,686,686,686],"floor_reached":16,"language":"ENG","playtime":591,"items_purged":[],"score":191,"play_id":"1a0c1480-7b29-44cb-bc1c-71cb831add45","local_time":"20210130205335","daily_mods":["Hoarder"],"is_ascension_mode":true,"campfire_choices":[{"data":"hexamod:Sear","floor":1,"key":"SMITH"},{"data":"hexamod:BurningTouch","floor":8,"key":"SMITH"},{"floor":13,"key":"REST"}],"circlet_count":0,"master_deck":["hexamod:Strike","hexamod:Strike","hexamod:Strike","hexamod:Strike","hexamod:Defend","hexamod:Defend","hexamod:Defend","hexamod:Defend","hexamod:Sear+1","hexamod:Float","hexamod:BurningTouch+1","hexamod:BurningTouch","hexamod:BurningTouch","hexamod:BurningTouch","hexamod:BurningTouch","hexamod:BurningTouch","hexamod:BurningTouch","hexamod:BurningTouch","hexamod:BurningTouch","hexamod:PhantomCloak","hexamod:PhantomCloak","hexamod:PhantomCloak","hexamod:HauntingEcho","hexamod:HauntingEcho","hexamod:HauntingEcho"],"relics":["replay:Trail_Library","m_DevilBlood","MawBank","Bottled Lightning","Blue Doll","Quantum Egg"],"acts_visited":["Exordium"],"potions_floor_usage":[12,12,16,16],"damage_taken":[{"damage":0,"enemies":"Small Slimes","floor":5,"turns":3},{"damage":6,"enemies":"Jaw Worm","floor":6,"turns":3},{"damage":5,"enemies":"downfall:FleeingMerchant","floor":9,"turns":4},{"damage":17,"enemies":"2 Louse","floor":10,"turns":3},{"damage":22,"enemies":"3 Sentries","floor":12,"turns":9},{"damage":0,"enemies":"Lagavulin","floor":14,"turns":3},{"damage":17,"enemies":"3 Louse","floor":15,"turns":5},{"damage":49,"enemies":"DF_ARCHETYPE_STREAMLINE","floor":16,"turns":6}],"seed_played":"5856546615789572604","potions_obtained":[{"floor":4,"key":"SkillPotion"},{"floor":4,"key":"PowerPotion"},{"floor":6,"key":"Guardian:BlockOnCardUsePotion"},{"floor":12,"key":"Guardian:BlockOnCardUsePotion"}],"is_trial":true,"path_per_floor":["R","?","?","?","M","M","T","R","$","M","?","E","R","E","M","B"],"character_chosen":"THE_SPIRIT","items_purchased":[],"campfire_rested":1,"item_purchase_floors":[],"current_hp_per_floor":[70,70,70,53,59,55,55,55,56,41,41,21,42,42,29,0,0,0],"gold":686,"neow_bonus":"","is_daily":false,"chose_seed":false,"campfire_upgraded":2,"win_rate":0.0,"timestamp":1612036415,"path_taken":["R","?","?","?","M","M","T","R","$","M","?","E","R","E","?","BOSS"],"items_purchased_type":[],"build_version":"2020-12-22","purchased_purges":0,"victory":false,"max_hp_per_floor":[70,70,70,70,70,70,70,70,70,70,70,70,70,70,70,70,70,70],"relic_stats":{"counters":[8,36],"MawBank":144,"obtain_stats":[{"Quantum Egg":14,"m_DevilBlood":2,"Blue Doll":12,"Bottled Lightning":7,"MawBank":4,"hexamod:SpiritBrand":0,"replay:Trail_Library":0},{"Quantum Egg":6,"m_DevilBlood":0,"Blue Doll":5,"Bottled Lightning":2,"MawBank":0,"hexamod:SpiritBrand":0,"replay:Trail_Library":0},{"Quantum Egg":25,"m_DevilBlood":0,"Blue Doll":22,"Bottled Lightning":6,"MawBank":0,"hexamod:SpiritBrand":0,"replay:Trail_Library":0}]},"card_choices":[{"not_picked":["hexamod:SwordOfDarkness","hexamod:RetreatToShadows"],"picked":"hexamod:BurningTouch","floor":5},{"not_picked":["hexamod:GhostOfSpireFuture","hexamod:SpectralSpark"],"picked":"hexamod:BurningTouch","floor":6},{"not_picked":["Warcry","Carnage"],"picked":"hexamod:BurningTouch","floor":9},{"not_picked":["hexamod:PowerFromBeyond","hexamod:PhantomFireball"],"picked":"hexamod:PhantomCloak","floor":10},{"not_picked":["hexamod:SpectralAdrenaline","hexamod:HauntingEcho","hexamod:BacktrackSmack"],"picked":"SKIP","floor":12},{"not_picked":["hexamod:SpectersWail","hexamod:SpectralAdrenaline","hexamod:Again"],"picked":"SKIP","floor":14},{"not_picked":["hexamod:SpectersWail","hexamod:ChargedBarrage"],"picked":"hexamod:HauntingEcho","floor":15}],"player_experience":302993,"relics_obtained":[{"floor":4,"key":"MawBank"},{"floor":7,"key":"Bottled Lightning"},{"floor":12,"key":"Blue Doll"},{"floor":14,"key":"Quantum Egg"}],"event_choices":[],"is_beta":false,"boss_relics":[],"items_purged_floors":[],"is_endless":false,"potions_floor_spawned":[6,12],"killed_by":"DF_ARCHETYPE_STREAMLINE","ascension_level":1}}