{"host":"7ttbe3gzet1mthv0","time":1612050597,"event":{"mods":["AchievementEnabler","BaseMod","Bestiary","Better Match","Better Note","Better Sensory Stone","Better Third Choice","BetterRewards","CapriCore","Colored Map","Colored Powertips","Custom Start","Downfall","Hermit","Highlight Path","Infinite Spire","Jorbs\u0027s Wanderer Trilogy","Luminous","Marisa????????","Minty Spire (QoL Compilation)","Rare Cards Sparkle","Relic Stats","Spicy Shops","StSLib","The Alterego","The Bug Knight","The Cursed","The Hierophant","The Marked","Wandering Minibosses"],"gold_per_floor":[109,109,129,140,140,140,175,175,248,274,69,100,140,166,166,316,316,341,341,341,341,341,393,393,393,393,434,467,467,498,498,498,609,609,644,712,712,712,712,712],"floor_reached":39,"language":"SPA","playtime":3237,"items_purged":[],"score":407,"play_id":"73e5a4b0-25af-447d-a824-7adb07f49b6c","local_time":"20210131004957","is_ascension_mode":false,"campfire_choices":[{"data":"MagicChant","floor":6,"key":"SMITH"},{"data":"UpSweep","floor":8,"key":"SMITH"},{"floor":15,"key":"REST"},{"data":"OrrerysSun","floor":15,"key":"SMITH"},{"floor":24,"key":"REST"},{"data":"MillisecondPulsars","floor":24,"key":"SMITH"},{"data":"1","floor":29,"key":"LIFT"},{"data":"infinitespire:Collect","floor":32,"key":"SMITH"}],"circlet_count":0,"master_deck":["Strike_MRS","Strike_MRS","Strike_MRS","Strike_MRS+1","Defend_MRS","Defend_MRS","Defend_MRS","Defend_MRS+1","MasterSpark","UpSweep+1","MagicChant+1","OortCloud","SporeBomb","EnergyFlow","BigCrunch","PowerUp","WitchOfGreed","SprinkleStarSeal","OrrerysSun+1","MaximisePower","MillisecondPulsars+1","EarthLightRay","infinitespire:FutureSight","infinitespire:Collect+1","EscapeVelocity","Acceleration+1","Occultation","DarkMatter","UltimateShortwave","OpenUniverse+1"],"relics":["MiniHakkero","Tiny Chest","Mummified Hand","Orichalcum","infinitespire:Magic Flask","Black Star","Girya","BreadOfAWashokuLover","Bag of Marbles","infinitespire:Satchel","Ginger","Pantograph","SlaversCollar","WingedGreaves","infinitespire:WardingShard"],"acts_visited":["Exordium","TheCity","TheBeyond"],"potions_floor_usage":[12,13,16,18,27,33],"damage_taken":[{"damage":6,"enemies":"Cultist","floor":1,"turns":3},{"damage":0,"enemies":"2 Louse","floor":3,"turns":2},{"damage":0,"enemies":"Jaw Worm","floor":4,"turns":4},{"damage":11,"enemies":"Lagavulin","floor":7,"turns":6},{"damage":4,"enemies":"3 Sentries","floor":10,"turns":7},{"damage":6,"enemies":"Blue Slaver","floor":12,"turns":3},{"damage":11,"enemies":"Exordium Thugs","floor":13,"turns":4},{"damage":0,"enemies":"3 Louse","floor":14,"turns":3},{"damage":6,"enemies":"Slime Boss","floor":16,"turns":8},{"damage":5,"enemies":"Spheric Guardian","floor":18,"turns":4},{"damage":8,"enemies":"Nightmare","floor":23,"turns":9},{"damage":4,"enemies":"2 Thieves","floor":27,"turns":3},{"damage":4,"enemies":"3 Cultists","floor":28,"turns":5},{"damage":0,"enemies":"Snake Plant","floor":30,"turns":4},{"damage":27,"enemies":"Collector","floor":33,"turns":9},{"damage":0,"enemies":"3 Shapes","floor":35,"turns":5},{"damage":59,"enemies":"2 Orb Walkers","floor":36,"turns":7},{"damage":0,"enemies":"3 Darklings","floor":39,"turns":1}],"seed_played":"-3243183840554031389","potions_obtained":[{"floor":1,"key":"Dexterity Potion"},{"floor":4,"key":"SteroidPotion"},{"floor":12,"key":"BlessingOfTheForge"},{"floor":13,"key":"DuplicationPotion"},{"floor":16,"key":"Fire Potion"},{"floor":16,"key":"BottledSpark"},{"floor":18,"key":"Ancient Potion"},{"floor":27,"key":"SpeedPotion"},{"floor":28,"key":"BottledSpark"},{"floor":30,"key":"LiquidBronze"},{"floor":33,"key":"GamblersBrew"},{"floor":35,"key":"LiquidMemories"}],"is_trial":false,"path_per_floor":["M","?","M","M","?","R","E","R","T","E","$","M","M","M","R","B",null,"M","?","?","T","AVR","NM","R","T","T","M","M","R","M","?","R","B",null,"M","?","T","?","M"],"character_chosen":"MARISA","items_purchased":["infinitespire:Magic Flask","PowerUp","WitchOfGreed"],"campfire_rested":2,"item_purchase_floors":[11,11,11],"current_hp_per_floor":[76,60,60,60,60,60,49,49,49,45,45,39,28,28,52,46,82,77,77,77,77,77,73,82,82,82,78,78,78,82,82,82,56,82,82,33,33,33,33,33],"gold":712,"neow_bonus":"TEN_PERCENT_HP_BONUS","is_daily":false,"chose_seed":false,"campfire_upgraded":5,"win_rate":0.0,"timestamp":1612050597,"path_taken":["M","?","M","M","?","R","E","R","T","E","$","M","M","M","R","BOSS","M","?","?","?","AVR","NM","R","?","T","M","?","R","M","?","R","BOSS","M","?","?","?","M"],"items_purchased_type":["Relic","Card","Card"],"build_version":"2020-12-22","purchased_purges":0,"victory":false,"max_hp_per_floor":[82,82,82,82,82,82,82,82,82,82,82,82,82,82,82,82,82,82,82,82,82,82,82,82,82,82,82,82,82,82,82,82,82,82,82,82,82,82,82,82],"relic_stats":{"counters":[18,87],"Mummified Hand":[60],"Pantograph":0,"Tiny Chest":2,"Black Star":1,"Ginger":[5],"Orichalcum":[72],"obtain_stats":[{"Girya":21,"BreadOfAWashokuLover":23,"infinitespire:Magic Flask":11,"Ginger":26,"Orichalcum":10,"SlaversCollar":34,"infinitespire:WardingShard":37,"Mummified Hand":9,"Pantograph":31,"infinitespire:Satchel":25,"Tiny Chest":7,"WingedGreaves":36,"Black Star":17,"Bag of Marbles":23,"MiniHakkero":0},{"Girya":10,"BreadOfAWashokuLover":11,"infinitespire:Magic Flask":5,"Ginger":11,"Orichalcum":5,"SlaversCollar":15,"infinitespire:WardingShard":17,"Mummified Hand":4,"Pantograph":14,"infinitespire:Satchel":11,"Tiny Chest":4,"WingedGreaves":17,"Black Star":9,"Bag of Marbles":11,"MiniHakkero":0},{"Girya":44,"BreadOfAWashokuLover":53,"infinitespire:Magic Flask":22,"Ginger":53,"Orichalcum":22,"SlaversCollar":74,"infinitespire:WardingShard":86,"Mummified Hand":15,"Pantograph":65,"infinitespire:Satchel":53,"Tiny Chest":15,"WingedGreaves":86,"Black Star":40,"Bag of Marbles":53,"MiniHakkero":0}]},"card_choices":[{"not_picked":["GrandCross","GalacticHalo"],"picked":"MagicChant","floor":1},{"not_picked":["ManaConvection","GrandCross"],"picked":"OortCloud","floor":3},{"not_picked":["UnstableBomb","OneTimeOff"],"picked":"SporeBomb","floor":4},{"not_picked":["ShootingEcho","GravityBeat"],"picked":"EnergyFlow","floor":7},{"not_picked":["IllusionStar","DoubleSpark"],"picked":"BigCrunch","floor":10},{"not_picked":["DC","ShootingEcho"],"picked":"SprinkleStarSeal","floor":12},{"not_picked":["ShootingEcho","GrandCross"],"picked":"OrrerysSun","floor":13},{"not_picked":["ShootingEcho","OpenUniverse"],"picked":"MaximisePower","floor":14},{"not_picked":["AbsoluteMagnitude","BigCrunch"],"picked":"MillisecondPulsars","floor":16},{"not_picked":["FairyDestructionRay+1","MysteriousBeam"],"picked":"EarthLightRay","floor":18},{"not_picked":["GalacticHalo","SporeBomb"],"picked":"EscapeVelocity","floor":23},{"not_picked":["IllusionStar","MysteriousBeam"],"picked":"Acceleration+1","floor":27},{"not_picked":["MysteriousBeam+1","EnergyFlow"],"picked":"Occultation","floor":28},{"not_picked":["6A+1","GravityBeat"],"picked":"DarkMatter","floor":30},{"not_picked":["BigCrunch","CasketOfStar"],"picked":"UltimateShortwave","floor":33},{"not_picked":["6A","DoubleSpark","NonDirectionalLaser+1"],"picked":"SKIP","floor":35},{"not_picked":["ShootingEcho+1","DC+1"],"picked":"OpenUniverse+1","floor":36}],"player_experience":41242,"relics_obtained":[{"floor":7,"key":"Tiny Chest"},{"floor":9,"key":"Mummified Hand"},{"floor":10,"key":"Orichalcum"},{"floor":21,"key":"Girya"},{"floor":23,"key":"BreadOfAWashokuLover"},{"floor":23,"key":"Bag of Marbles"},{"floor":25,"key":"infinitespire:Satchel"},{"floor":26,"key":"Ginger"},{"floor":36,"key":"WingedGreaves"},{"floor":37,"key":"infinitespire:WardingShard"}],"event_choices":[{"damage_healed":76,"gold_gain":0,"player_choice":"Upgrade","damage_taken":16,"max_hp_gain":0,"max_hp_loss":82,"event_name":"betterThird:BetterShining","floor":2,"gold_loss":0,"cards_upgraded":["Strike_MRS","Defend_MRS"]},{"cards_removed":["WitchOfGreed"],"damage_healed":0,"gold_gain":0,"player_choice":"Give","damage_taken":0,"max_hp_gain":0,"max_hp_loss":0,"event_name":"betterNote:BetterNote","floor":19,"gold_loss":0,"cards_obtained":["Doubt"]},{"damage_healed":0,"gold_gain":0,"player_choice":"Ignored","damage_taken":0,"max_hp_gain":0,"max_hp_loss":0,"event_name":"Vampires","floor":20,"gold_loss":0},{"damage_healed":0,"gold_gain":0,"player_choice":"Opened","damage_taken":0,"relics_obtained":["Pantograph"],"max_hp_gain":0,"max_hp_loss":0,"event_name":"The Mausoleum","floor":31,"gold_loss":0},{"damage_healed":0,"gold_gain":0,"player_choice":"Fight","damage_taken":0,"max_hp_gain":0,"max_hp_loss":0,"event_name":"Mysterious Sphere","floor":36,"gold_loss":0},{"damage_healed":0,"gold_gain":0,"player_choice":"Ignored","damage_taken":0,"max_hp_gain":0,"max_hp_loss":0,"event_name":"Tomb of Lord Red Mask","floor":38,"gold_loss":0}],"is_beta":false,"boss_relics":[{"not_picked":["Snecko Eye","Tiny House"],"picked":"Black Star"},{"not_picked":["Fusion Hammer","Astrolabe"],"picked":"SlaversCollar"}],"items_purged_floors":[],"is_endless":true,"potions_floor_spawned":[1,4,13,16,28,35],"killed_by":"3 Darklings","ascension_level":0}}