{"host":"627up2rvtmm0cf0r","time":1612017943,"event":{"mods":["ATMod(°¢èªMod)","Act Like it!","BaseMod","Better Vampires","CapriCore","Card Filter","Card Forge","Colored Powertips","DeckTracker","Dota2Spire","Downfall","Energized Spire","Friendly Minions","Highlight Path","Infinite Spire","Jedi Mod","Minty Spire (QoL Compilation)","MostiFishMod","Permanent Neow","Practice Mode","Quick Restart","Relic Stats","Reliquary","Shop Mod","Spicy Shops","StSLib","SuperFastMode","TestMod","¡¾ÒÅÎï¿¨ÅÆ¡¿REMEMod","óô»ðÖ¸ÄÏ"],"gold_per_floor":[99,114,264,277,377,377,377,377],"floor_reached":6,"language":"ZHS","playtime":359,"items_purged":[],"score":36,"play_id":"bf060bb8-6a6e-4e24-831e-e80251e924f6","local_time":"20210130224543","is_ascension_mode":true,"campfire_choices":[{"data":"AT_ShadowStep","floor":1,"key":"SMITH"}],"circlet_count":0,"master_deck":["hexamod:Strike","hexamod:Strike","hexamod:Strike","hexamod:Defend","hexamod:Defend","hexamod:Defend","hexamod:Defend","hexamod:Sear","hexamod:Float","AT_ShadowStep+1","downfall:Icky","hexamod:Float"],"relics":["hexamod:SpiritBrand","Hammer of Thor","Seething Fire","Anvil of the Gods","DaveBox","testmod-TestBox","REME_ComplimentaryCards","AT_ATBox","testmod-Mahjong","The Courier","downfall:GremlinWheel"],"acts_visited":["Exordium"],"potions_floor_usage":[5],"damage_taken":[{"damage":0,"enemies":"2 Louse","floor":2,"turns":2},{"damage":1,"enemies":"Jaw Worm","floor":4,"turns":5},{"damage":54,"enemies":"Jaw Worm","floor":5,"turns":7},{"damage":26,"enemies":"Gremlin Nob","floor":6,"turns":4}],"seed_played":"-3594385626520121329","potions_obtained":[{"floor":2,"key":"FearPotion"}],"is_trial":false,"path_per_floor":["R","M","?","M","?","E"],"character_chosen":"THE_SPIRIT","items_purchased":[],"campfire_rested":0,"item_purchase_floors":[],"current_hp_per_floor":[70,70,70,70,16,0,0,0],"gold":377,"neow_bonus":"REMOVE_CARD","is_daily":false,"chose_seed":false,"campfire_upgraded":1,"win_rate":0.0,"timestamp":1612017943,"path_taken":["R","M","?","M","?","E"],"items_purchased_type":[],"build_version":"2020-12-22","purchased_purges":0,"victory":false,"max_hp_per_floor":[70,70,70,70,70,70,70,70],"relic_stats":{"counters":[4,18],"obtain_stats":[{"testmod-TestBox":0,"AT_ATBox":0,"downfall:GremlinWheel":5,"DaveBox":0,"testmod-Mahjong":0,"Anvil of the Gods":0,"Hammer of Thor":0,"The Courier":0,"Seething Fire":0,"hexamod:SpiritBrand":0,"REME_ComplimentaryCards":0},{"testmod-TestBox":0,"AT_ATBox":0,"downfall:GremlinWheel":3,"DaveBox":0,"testmod-Mahjong":0,"Anvil of the Gods":0,"Hammer of Thor":0,"The Courier":0,"Seething Fire":0,"hexamod:SpiritBrand":0,"REME_ComplimentaryCards":0},{"testmod-TestBox":0,"AT_ATBox":0,"downfall:GremlinWheel":14,"DaveBox":0,"testmod-Mahjong":0,"Anvil of the Gods":0,"Hammer of Thor":0,"The Courier":0,"Seething Fire":0,"hexamod:SpiritBrand":0,"REME_ComplimentaryCards":0}]},"card_choices":[{"not_picked":["hexamod:GhostOfSpireFuture","hexamod:PhantomCloak","hexamod:ShieldOfDarkness"],"picked":"SKIP","floor":2},{"not_picked":["hexamod:HeatMetal","hexamod:NightmareGuise","hexamod:NightmareStrike"],"picked":"SKIP","floor":4}],"player_experience":122814,"relics_obtained":[{"floor":5,"key":"downfall:GremlinWheel"}],"event_choices":[],"is_beta":false,"boss_relics":[],"items_purged_floors":[],"is_endless":false,"potions_floor_spawned":[2],"killed_by":"Gremlin Nob","ascension_level":1}}