{"host":"1tl36azeqm6yhdgj","time":1612047441,"event":{"mods":["AchievementEnabler","BaseMod","Minty Spire (QoL Compilation)","StSLib","The IronCluck","everything is the same but u backflip on backflip"],"gold_per_floor":[115,115,115,115,40,40,80,93,93,129,129,150,150,193,193,291,291,311,311,332,75,125,125,139,159,159,200,400,425,438,482,482,573,573,594,927,938,23,23,23,23,23],"floor_reached":41,"language":"ENG","playtime":1794,"items_purged":["Injury"],"score":969,"play_id":"296b376f-2ce9-4b6f-94b0-722dbe320ff1","local_time":"20210130175721","is_ascension_mode":true,"campfire_choices":[{"floor":6.0,"key":"REST"},{"floor":13.0,"key":"REST"},{"floor":15.0,"key":"REST"},{"data":"Body Slam","floor":23.0,"key":"SMITH"},{"floor":32.0,"key":"REST"},{"floor":40,"key":"RECALL"}],"circlet_count":0,"master_deck":["AscendersBane","Strike_R+1","Strike_R+1","Defend_R","Defend_R","Defend_R","Dramatic Entrance","Anger","Dropkick","Inflame","Cleave+1","Body Slam+1","Thunderclap+1","Demon Form","Reaper","Flame Barrier","Havoc","Iron Wave","Rampage","Dropkick","Metallicize","Double Tap","Shrug It Off","Uppercut","Barricade","Blood for Blood+1","Juggernaut+1","Perfected Strike+1","Burning Pact","Limit Break","Enlightenment","Bludgeon","Double Tap"],"relics":["Burning Blood","WingedGreaves","Bag of Preparation","Thread and Needle","Gremlin Horn","Akabeko","SacredBark","Red Skull","Eternal Feather","Question Card","Self Forming Clay","Astrolabe","Whetstone","PrismaticShard","Du-Vu Doll"],"acts_visited":["Exordium","TheCity","TheBeyond"],"potions_floor_usage":[],"damage_taken":[{"damage":8.0,"enemies":"2 Louse","floor":1.0,"turns":3.0},{"damage":39.0,"enemies":"Lagavulin","floor":7.0,"turns":7.0},{"damage":2.0,"enemies":"Small Slimes","floor":8.0,"turns":2.0},{"damage":4.0,"enemies":"Gremlin Nob","floor":10.0,"turns":3.0},{"damage":0.0,"enemies":"Jaw Worm","floor":12.0,"turns":3.0},{"damage":19.0,"enemies":"3 Sentries","floor":14.0,"turns":4.0},{"damage":60.0,"enemies":"Hexaghost","floor":16.0,"turns":8.0},{"damage":21.0,"enemies":"Spheric Guardian","floor":18.0,"turns":4.0},{"damage":3.0,"enemies":"Chosen","floor":20.0,"turns":5.0},{"damage":0.0,"enemies":"Shelled Parasite and Fungi","floor":24.0,"turns":5.0},{"damage":39.0,"enemies":"Snake Plant","floor":25.0,"turns":5.0},{"damage":0.0,"enemies":"Gremlin Leader","floor":27.0,"turns":4.0},{"damage":10.0,"enemies":"Centurion and Healer","floor":29.0,"turns":9.0},{"damage":36.0,"enemies":"Sentry and Sphere","floor":30.0,"turns":5.0},{"damage":21.0,"enemies":"Slavers","floor":31.0,"turns":4.0},{"damage":42.0,"enemies":"Champ","floor":33.0,"turns":11.0},{"damage":9.0,"enemies":"3 Shapes","floor":35.0,"turns":5.0},{"damage":10.0,"enemies":"Orb Walker","floor":37.0,"turns":4.0},{"damage":169,"enemies":"Giant Head","floor":41,"turns":8}],"seed_played":"-5258893527467796843","potions_obtained":[{"floor":8.0,"key":"Swift Potion"},{"floor":12.0,"key":"ElixirPotion"},{"floor":18.0,"key":"HeartOfIron"},{"floor":24.0,"key":"FairyPotion"},{"floor":27.0,"key":"Swift Potion"},{"floor":31.0,"key":"AttackPotion"}],"is_trial":false,"path_per_floor":["M","?","?","?","$","R","E","M","T","E","?","M","R","E","R","B",null,"M","?","M","$","?","R","M","M","T","E","?","M","M","E","R","B",null,"M","?","M","$","?","R","E"],"character_chosen":"IRONCLAD","items_purchased":["Red Skull","Rampage","Enlightenment","Whetstone","PrismaticShard","Du-Vu Doll","Bludgeon"],"campfire_rested":4,"item_purchase_floors":[21,21,38,38,38,38,38],"current_hp_per_floor":[66,43,43,32,32,54,21,25,25,27,27,33,55,42,64,10,59,44,44,47,47,47,47,53,27,27,66,66,71,41,40,75,51,69,66,66,71,71,71,75,0,0],"gold":23,"neow_bonus":"RANDOM_COLORLESS","is_daily":false,"chose_seed":false,"campfire_upgraded":1,"win_rate":0.0,"timestamp":1612047441,"path_taken":["M","?","?","?","?","R","E","?","T","E","?","M","R","E","R","BOSS","M","?","M","$","?","R","M","M","T","E","?","M","?","E","R","BOSS","M","?","M","$","?","R","E"],"items_purchased_type":["Relic","Card","Card","Relic","Relic","Relic","Card"],"build_version":"2020-12-22","purchased_purges":1,"victory":false,"max_hp_per_floor":[75,75,75,75,75,75,75,75,75,75,75,75,75,75,75,75,75,75,75,75,75,75,75,75,75,75,75,75,75,75,75,75,75,75,75,75,75,75,75,75,75,75],"card_choices":[{"not_picked":["Finesse","Deep Breath"],"picked":"Dramatic Entrance","floor":0.0},{"not_picked":["Armaments","Perfected Strike"],"picked":"Anger","floor":1.0},{"not_picked":["Spot Weakness","Havoc"],"picked":"Dropkick","floor":7.0},{"not_picked":["Thunderclap","Headbutt"],"picked":"Inflame","floor":8.0},{"not_picked":["Hemokinesis","Offering"],"picked":"Cleave","floor":10.0},{"not_picked":["Heavy Blade","Sever Soul"],"picked":"Thunderclap","floor":12.0},{"not_picked":["Sword Boomerang","Heavy Blade"],"picked":"Demon Form","floor":14.0},{"not_picked":["Berserk","Offering"],"picked":"Reaper","floor":16.0},{"not_picked":["Searing Blow","Wild Strike","Cleave"],"picked":"SKIP","floor":18.0},{"not_picked":["Perfected Strike","Anger"],"picked":"Iron Wave","floor":20.0},{"not_picked":["Flex","Hemokinesis"],"picked":"Dropkick","floor":24.0},{"not_picked":["Twin Strike+1","Carnage"],"picked":"Metallicize","floor":25.0},{"not_picked":["Anger","Metallicize+1"],"picked":"Double Tap","floor":27.0},{"not_picked":["Warcry","Thunderclap","Perfected Strike"],"picked":"Clothesline","floor":29.0},{"not_picked":["Wild Strike","Pommel Strike","Carnage"],"picked":"Shrug It Off","floor":30.0},{"not_picked":["Anger","Perfected Strike","Headbutt"],"picked":"Uppercut","floor":31.0},{"not_picked":["Brutality","Fiend Fire","Corruption"],"picked":"Barricade","floor":33.0},{"not_picked":["Whirlwind","Armaments","Anger+1"],"picked":"Burning Pact","floor":35.0},{"not_picked":["Uppercut+1","Wild Strike","True Grit"],"picked":"Limit Break","floor":37.0}],"player_experience":2111393,"relics_obtained":[{"floor":7.0,"key":"Bag of Preparation"},{"floor":9.0,"key":"Thread and Needle"},{"floor":10.0,"key":"Gremlin Horn"},{"floor":14.0,"key":"Akabeko"},{"floor":26.0,"key":"Eternal Feather"},{"floor":27.0,"key":"Question Card"},{"floor":31.0,"key":"Self Forming Clay"}],"event_choices":[{"damage_healed":0.0,"max_hp_gain":0.0,"max_hp_loss":0.0,"gold_gain":0.0,"event_name":"Shining Light","player_choice":"Entered Light","floor":2.0,"gold_loss":0.0,"damage_taken":23.0,"cards_upgraded":["Strike_R","Strike_R"]},{"damage_healed":0.0,"max_hp_gain":0.0,"max_hp_loss":0.0,"gold_gain":0.0,"event_name":"Golden Idol","player_choice":"Take Wound","floor":3.0,"gold_loss":0.0,"damage_taken":0.0,"relics_obtained":["Golden Idol"],"cards_obtained":["Injury"]},{"damage_healed":0.0,"max_hp_gain":0.0,"max_hp_loss":0.0,"gold_gain":0.0,"event_name":"Scrap Ooze","player_choice":"Success","floor":4.0,"gold_loss":0.0,"damage_taken":11.0,"relics_obtained":["WingedGreaves"]},{"damage_healed":0.0,"max_hp_gain":0.0,"max_hp_loss":0.0,"gold_gain":0.0,"cards_transformed":["Strike_R"],"event_name":"Living Wall","player_choice":"Change","floor":11.0,"gold_loss":0.0,"damage_taken":0.0,"cards_obtained":["Body Slam"]},{"damage_healed":0.0,"max_hp_gain":0.0,"max_hp_loss":0.0,"gold_gain":0.0,"cards_transformed":["Strike_R","Strike_R"],"event_name":"Drug Dealer","player_choice":"Became Test Subject","floor":19.0,"gold_loss":0.0,"damage_taken":0.0,"cards_obtained":["Flame Barrier","Havoc"]},{"damage_healed":0.0,"max_hp_gain":0.0,"max_hp_loss":0.0,"gold_gain":50.0,"event_name":"Nest","player_choice":"Stole From Cult","floor":22.0,"gold_loss":0.0,"damage_taken":0.0},{"damage_healed":0.0,"max_hp_gain":0.0,"max_hp_loss":0.0,"gold_gain":200.0,"event_name":"Wheel of Change","player_choice":"Gold","floor":28.0,"gold_loss":0.0,"damage_taken":0.0},{"damage_healed":0.0,"max_hp_gain":0.0,"max_hp_loss":0.0,"gold_gain":333.0,"event_name":"The Moai Head","player_choice":"Gave Idol","floor":36.0,"relics_lost":["Golden Idol"],"gold_loss":0.0,"damage_taken":0.0},{"damage_healed":0,"gold_gain":0,"player_choice":"1 cards matched","damage_taken":0,"max_hp_gain":0,"max_hp_loss":0,"event_name":"Match and Keep!","floor":39,"gold_loss":0,"cards_obtained":["Double Tap"]}],"is_beta":false,"boss_relics":[{"not_picked":["Snecko Eye","Velvet Choker"],"picked":"SacredBark"},{"not_picked":["Philosopher\u0027s Stone","Runic Cube"],"picked":"Astrolabe"}],"items_purged_floors":[5],"is_endless":false,"potions_floor_spawned":[8,12,18,24,27,31],"killed_by":"Giant Head","ascension_level":20}}