{"host":"nw4g04f085wnqcgt","time":1612034464,"event":{"mods":["AchievementEnabler","BaseMod","Colored Map","Colored Powertips","DeckTracker","Minty Spire (QoL Compilation)","Relic Sorter","SuperFastMode"],"gold_per_floor":[114,114,129,149,149,149,176,195,272,272,272],"floor_reached":10,"language":"ENG","playtime":339,"items_purged":[],"score":75,"play_id":"56145f33-f76b-4bb2-84af-bf61e4e450b1","local_time":"20210130142104","is_ascension_mode":true,"campfire_choices":[{"data":"Adaptation","floor":6,"key":"SMITH"}],"circlet_count":0,"master_deck":["Strike_P","Strike_P","Strike_P","Strike_P","Defend_P","Defend_P","Defend_P","Defend_P","Eruption","Vigilance","MentalFortress","ClearTheMind","Adaptation+1","Wish","EmptyMind","FlurryOfBlows"],"relics":["PureWater","NeowsBlessing","Girya"],"acts_visited":["Exordium"],"potions_floor_usage":[7,8],"damage_taken":[{"damage":0,"enemies":"Jaw Worm","floor":1,"turns":1},{"damage":0,"enemies":"2 Louse","floor":3,"turns":1},{"damage":0,"enemies":"Cultist","floor":4,"turns":1},{"damage":69,"enemies":"3 Sentries","floor":7,"turns":13},{"damage":2,"enemies":"Looter","floor":8,"turns":4},{"damage":18,"enemies":"Gremlin Nob","floor":10,"turns":2}],"seed_played":"-5337588169245389375","potions_obtained":[{"floor":1,"key":"CultistPotion"},{"floor":7,"key":"StancePotion"}],"is_trial":false,"path_per_floor":["M","?","M","M","?","R","E","M","T","E"],"character_chosen":"WATCHER","items_purchased":[],"campfire_rested":0,"item_purchase_floors":[],"current_hp_per_floor":[72,77,77,77,77,77,8,6,6,0,0],"gold":272,"neow_bonus":"THREE_ENEMY_KILL","is_daily":false,"chose_seed":false,"campfire_upgraded":1,"win_rate":0.0,"timestamp":1612034464,"path_taken":["M","?","M","M","?","R","E","M","T","E"],"items_purchased_type":[],"build_version":"2020-12-22","purchased_purges":0,"victory":false,"max_hp_per_floor":[72,77,77,77,77,77,77,77,77,77,77],"card_choices":[{"not_picked":["TalkToTheHand","EmptyBody"],"picked":"MentalFortress","floor":1},{"not_picked":["Prostrate","Protect"],"picked":"ClearTheMind","floor":3},{"not_picked":["WheelKick","BowlingBash"],"picked":"Adaptation","floor":4},{"not_picked":["Fasting2","Swivel"],"picked":"EmptyMind","floor":7},{"not_picked":["ClearTheMind","Wireheading"],"picked":"FlurryOfBlows","floor":8}],"player_experience":373179,"relics_obtained":[{"floor":7,"key":"Girya"}],"event_choices":[{"damage_healed":0,"gold_gain":0,"player_choice":"Donut","damage_taken":0,"max_hp_gain":5,"max_hp_loss":0,"event_name":"Big Fish","floor":2,"gold_loss":0},{"damage_healed":0,"gold_gain":0,"player_choice":"1 cards matched","damage_taken":0,"max_hp_gain":0,"max_hp_loss":0,"event_name":"Match and Keep!","floor":5,"gold_loss":0,"cards_obtained":["Wish"]}],"is_beta":false,"boss_relics":[],"items_purged_floors":[],"is_endless":false,"potions_floor_spawned":[1,7],"killed_by":"Gremlin Nob","ascension_level":2}}