{"host":"79kl9rvhjzhuunbo","time":1612025648,"event":{"mods":["AchievementEnabler","BaseMod","Colored Powertips","Defuse TimeMaze Blight","Friendly Minions","Highlight Path","Minty Spire (QoL Compilation)","Permanent Neow","Quick Restart","Random Character Button","Relic Sorter","StSLib","SuperFastMode","Synergy Search","Unceasing Turn Reminder"],"gold_per_floor":[119,99,110,185,204,204,234,57,57,85,85,107,7,7,7,107,107,127,146,161,36,36,62,62,93,139,150,150,178,178,178],"floor_reached":30,"language":"ENG","playtime":1764,"items_purged":["Strike_B","Strike_B","Defend_B"],"score":309,"play_id":"42f451e7-5d90-4a91-bcc1-f4a06147c14b","local_time":"20210130175408","is_ascension_mode":true,"campfire_choices":[{"floor":6.0,"key":"REST"},{"data":"Defragment","floor":11.0,"key":"SMITH"},{"floor":15.0,"key":"REST"},{"floor":24.0,"key":"REST"}],"circlet_count":0,"master_deck":["Defend_B","Defend_B","Zap","Dualcast","FTL","Streamline","Cold Snap","Redo","Defragment+1","Cold Snap","Cold Snap","Machine Learning","Fusion+1","Genetic Algorithm"],"relics":["Cracked Core","Girya","Emotion Chip","Odd Mushroom","SlaversCollar","Bronze Scales","DataDisk","Boot","Pocketwatch","Meat on the Bone"],"acts_visited":["Exordium","TheCity"],"potions_floor_usage":[29,30],"damage_taken":[{"damage":0.0,"enemies":"Jaw Worm","floor":1.0,"turns":3.0},{"damage":0.0,"enemies":"Cultist","floor":3.0,"turns":2.0},{"damage":0.0,"enemies":"2 Louse","floor":5.0,"turns":2.0},{"damage":13.0,"enemies":"3 Sentries","floor":7.0,"turns":7.0},{"damage":16.0,"enemies":"Lagavulin","floor":10.0,"turns":5.0},{"damage":8.0,"enemies":"The Mushroom Lair","floor":12.0,"turns":6.0},{"damage":4.0,"enemies":"The Guardian","floor":16.0,"turns":13.0},{"damage":4.0,"enemies":"Shell Parasite","floor":18.0,"turns":6.0},{"damage":2.0,"enemies":"Chosen","floor":19.0,"turns":5.0},{"damage":13.0,"enemies":"Centurion and Healer","floor":20.0,"turns":10.0},{"damage":22.0,"enemies":"Book of Stabbing","floor":23.0,"turns":7.0},{"damage":21.0,"enemies":"Gremlin Leader","floor":25.0,"turns":10.0},{"damage":0.0,"enemies":"Snecko","floor":27.0,"turns":5.0},{"damage":22,"enemies":"Slavers","floor":29,"turns":7},{"damage":13,"enemies":"Snake Plant","floor":30,"turns":1}],"seed_played":"-8305582748958439187","potions_obtained":[{"floor":1.0,"key":"Ancient Potion"},{"floor":2.0,"key":"Energy Potion"},{"floor":12.0,"key":"LiquidMemories"},{"floor":20.0,"key":"EssenceOfDarkness"},{"floor":23.0,"key":"FearPotion"},{"floor":27.0,"key":"Block Potion"},{"floor":29,"key":"PowerPotion"}],"is_trial":false,"path_per_floor":["M","?","M","?","M","R","E","$","T","E","R","?","$","?","R","B",null,"M","M","M","$","?","E","R","E","T","M","T","E","M"],"character_chosen":"DEFECT","items_purchased":["Defragment","Cold Snap"],"campfire_rested":3,"item_purchase_floors":[8,8],"current_hp_per_floor":[54,54,54,43,43,65,52,52,52,36,36,28,28,28,50,46,75,71,69,56,56,56,34,56,35,35,35,35,13,0,0],"gold":178,"neow_bonus":"TRANSFORM_TWO_CARDS","is_daily":false,"chose_seed":false,"campfire_upgraded":1,"win_rate":0.0,"timestamp":1612025648,"path_taken":["M","?","?","?","M","R","E","$","T","E","R","?","$","?","R","BOSS","M","?","?","$","?","E","R","E","T","M","?","E","M"],"items_purchased_type":["Card","Card"],"build_version":"2020-12-22","purchased_purges":3,"victory":false,"max_hp_per_floor":[75,75,75,75,75,75,75,75,75,75,75,75,75,75,75,75,75,75,75,75,75,75,75,75,75,75,75,75,75,75,75],"card_choices":[{"not_picked":["Melter","Steam","Consume"],"picked":"SKIP","floor":1.0},{"not_picked":["Coolheaded","Barrage","Rebound"],"picked":"SKIP","floor":3.0},{"not_picked":["Steam","Stack"],"picked":"Cold Snap","floor":5.0},{"not_picked":["Force Field","Hologram"],"picked":"Redo","floor":7.0},{"not_picked":["Coolheaded","Redo","Streamline"],"picked":"SKIP","floor":10.0},{"not_picked":["Compile Driver","Beam Cell"],"picked":"Cold Snap","floor":12.0},{"not_picked":["Rainbow","Amplify"],"picked":"Machine Learning","floor":16.0},{"not_picked":["Steam","Redo","Force Field"],"picked":"SKIP","floor":18.0},{"not_picked":["Hologram","Streamline","Tempest"],"picked":"SKIP","floor":19.0},{"not_picked":["Beam Cell","Tempest"],"picked":"Fusion+1","floor":20.0},{"not_picked":["Chaos+1","Thunder Strike","Consume"],"picked":"SKIP","floor":23.0},{"not_picked":["Heatsinks","Undo","Streamline+1"],"picked":"SKIP","floor":25.0},{"not_picked":["Gash","Go for the Eyes"],"picked":"Genetic Algorithm","floor":27.0},{"not_picked":["Hello World","Doom and Gloom","Rip and Tear"],"picked":"SKIP","floor":29}],"player_experience":275795,"relics_obtained":[{"floor":7.0,"key":"Girya"},{"floor":10.0,"key":"Emotion Chip"},{"floor":12.0,"key":"Odd Mushroom"},{"floor":23.0,"key":"Bronze Scales"},{"floor":25.0,"key":"DataDisk"},{"floor":26.0,"key":"Boot"},{"floor":28.0,"key":"Pocketwatch"},{"floor":29,"key":"Meat on the Bone"}],"event_choices":[{"damage_healed":0.0,"max_hp_gain":0.0,"max_hp_loss":0.0,"gold_gain":0.0,"event_name":"The Woman in Blue","player_choice":"Bought 1 Potion","floor":2.0,"gold_loss":0.0,"damage_taken":0.0},{"damage_healed":0.0,"max_hp_gain":0.0,"max_hp_loss":0.0,"gold_gain":75.0,"event_name":"World of Goop","player_choice":"Gather Gold","floor":4.0,"gold_loss":0.0,"damage_taken":11.0},{"damage_healed":0.0,"max_hp_gain":0.0,"max_hp_loss":0.0,"gold_gain":0.0,"event_name":"Mushrooms","player_choice":"Fought Mushrooms","floor":12.0,"gold_loss":0.0,"damage_taken":0.0},{"cards_removed":["Defend_B"],"damage_healed":0.0,"max_hp_gain":0.0,"max_hp_loss":0.0,"gold_gain":0.0,"event_name":"Purifier","player_choice":"Purged","floor":14.0,"gold_loss":0.0,"damage_taken":0.0},{"damage_healed":0.0,"max_hp_gain":0.0,"max_hp_loss":0.0,"gold_gain":0.0,"event_name":"Ghosts","player_choice":"Ignored","floor":22.0,"gold_loss":0.0,"damage_taken":0.0}],"is_beta":false,"boss_relics":[{"not_picked":["Pandora\u0027s Box","Velvet Choker"],"picked":"SlaversCollar"}],"items_purged_floors":[8,13,21],"is_endless":false,"potions_floor_spawned":[1,12,18,20,23,27,29],"killed_by":"Snake Plant","ascension_level":1}}