{"host":"8b2tzytxrazqquwe","time":1612042354,"event":{"mods":["BaseMod","Card Forge","Colored Map","Highlight Path","Minty Spire (QoL Compilation)","StSLib","The Marked"],"gold_per_floor":[115,65,15,25,35,70,108,154,166,197,209,221,248,278,290,407,419,444,456,393,422,434,446,475,520,532,544,556,568,580,608,620,729,741,773,785,797,797],"floor_reached":37,"language":"ENG","playtime":1296,"items_purged":[],"score":397,"play_id":"b188560c-8321-4716-83de-dd2a47ced3ba","local_time":"20210130213234","is_ascension_mode":false,"campfire_choices":[{"floor":12,"key":"REST"},{"data":"Darkness","floor":15,"key":"SMITH"},{"data":"Biased Cognition","floor":23,"key":"SMITH"},{"data":"Glacier","floor":32,"key":"SMITH"}],"circlet_count":0,"master_deck":["Strike_B","Strike_B","Defend_B","Defend_B","Defend_B","Defend_B","Zap","Dualcast","Rebound","Redo","Ball Lightning","Conserve Battery","Leap","Darkness+1","Biased Cognition+1","Redo+1","Glacier+1"],"relics":["Cracked Core","Hammer of Thor","Seething Fire","Anvil of the Gods","MawBank","Ancient Tea Set","Vajra","Oddly Smooth Stone","Nuclear Battery","Torii","MealTicket","Cursed Key"],"acts_visited":["Exordium","TheCity","TheBeyond"],"potions_floor_usage":[6,8,37,37,37],"damage_taken":[{"damage":1,"enemies":"2 Louse","floor":1,"turns":2},{"damage":1,"enemies":"Jaw Worm","floor":4,"turns":3},{"damage":3,"enemies":"Small Slimes","floor":5,"turns":2},{"damage":31,"enemies":"Lagavulin","floor":6,"turns":4},{"damage":37,"enemies":"3 Sentries","floor":8,"turns":7},{"damage":6,"enemies":"2 Fungi Beasts","floor":10,"turns":2},{"damage":0,"enemies":"Looter","floor":13,"turns":2},{"damage":14,"enemies":"3 Louse","floor":14,"turns":3},{"damage":13,"enemies":"The Guardian","floor":16,"turns":8},{"damage":4,"enemies":"Chosen","floor":18,"turns":3},{"damage":12,"enemies":"Shell Parasite","floor":21,"turns":4},{"damage":21,"enemies":"Snake Plant","floor":24,"turns":4},{"damage":2,"enemies":"Book of Stabbing","floor":25,"turns":4},{"damage":2,"enemies":"Centurion and Healer","floor":31,"turns":8},{"damage":65,"enemies":"Automaton","floor":33,"turns":10},{"damage":8,"enemies":"3 Shapes","floor":35,"turns":7},{"damage":93,"enemies":"Time Eater","floor":37,"turns":10}],"seed_played":"2473399859544683026","potions_obtained":[{"floor":4,"key":"Regen Potion"},{"floor":5,"key":"LiquidBronze"},{"floor":8,"key":"PotionOfCapacity"},{"floor":14,"key":"Weak Potion"},{"floor":25,"key":"EssenceOfDarkness"}],"is_trial":false,"path_per_floor":["M","?","$","M","M","E","T","E","T","M","$","R","M","M","R","B",null,"M","?","?","M","$","R","M","E","T","?","?","?","$","M","R","B",null,"M","?","B"],"character_chosen":"DEFECT","items_purchased":["Rebound"],"campfire_rested":1,"item_purchase_floors":[3],"current_hp_per_floor":[81,81,81,80,77,46,46,23,23,17,17,41,41,27,27,14,82,78,78,78,66,66,66,45,43,43,70,70,54,69,67,67,2,87,79,79,0,0],"gold":797,"neow_bonus":"TEN_PERCENT_HP_BONUS","is_daily":false,"chose_seed":false,"campfire_upgraded":3,"win_rate":0.0,"timestamp":1612042354,"path_taken":["M","?","$","M","M","E","?","E","T","?","$","R","M","M","R","BOSS","M","?","?","M","$","R","M","E","T","?","?","?","$","M","R","BOSS","M","?","BOSS"],"items_purchased_type":["Card"],"build_version":"2020-12-22","purchased_purges":0,"victory":false,"max_hp_per_floor":[82,82,82,82,82,82,82,82,82,82,82,82,82,82,82,82,82,82,82,82,82,82,82,82,82,82,82,82,87,87,87,87,87,87,87,87,87,87],"card_choices":[{"not_picked":["Gash","Conserve Battery","Consume"],"picked":"SKIP","floor":1},{"not_picked":["Conserve Battery","Beam Cell"],"picked":"Redo","floor":4},{"not_picked":["Coolheaded","Streamline"],"picked":"Ball Lightning","floor":5},{"not_picked":["Cold Snap","Rebound"],"picked":"Conserve Battery","floor":6},{"not_picked":["Coolheaded","Skim","Sweeping Beam"],"picked":"SKIP","floor":8},{"not_picked":["Rebound","Aggregate"],"picked":"Leap","floor":10},{"not_picked":["Go for the Eyes","Beam Cell","Consume"],"picked":"SKIP","floor":13},{"not_picked":["Cold Snap","Steam Power"],"picked":"Darkness","floor":14},{"not_picked":["Reboot","Rainbow"],"picked":"Biased Cognition","floor":16},{"not_picked":["Leap","Coolheaded"],"picked":"Redo+1","floor":18},{"not_picked":["Barrage","Loop"],"picked":"Glacier","floor":21},{"not_picked":["Coolheaded","Barrage+1","All For One"],"picked":"SKIP","floor":24},{"not_picked":["Compile Driver","Force Field","Stack"],"picked":"SKIP","floor":25},{"not_picked":["Consume+1","Chill","Blizzard+1"],"picked":"SKIP","floor":31},{"not_picked":["Rebound","Ball Lightning","Redo"],"picked":"SKIP","floor":35}],"player_experience":38168,"relics_obtained":[{"floor":6,"key":"MawBank"},{"floor":7,"key":"Ancient Tea Set"},{"floor":8,"key":"Vajra"},{"floor":9,"key":"Oddly Smooth Stone"},{"floor":25,"key":"Torii"},{"floor":26,"key":"MealTicket"}],"event_choices":[{"cards_removed":["Strike_B"],"damage_healed":0,"gold_gain":0,"player_choice":"Card Removal","damage_taken":0,"max_hp_gain":0,"max_hp_loss":0,"event_name":"The Cleric","floor":2,"gold_loss":50},{"damage_healed":0,"gold_gain":0,"player_choice":"Ignored","damage_taken":0,"max_hp_gain":0,"max_hp_loss":0,"event_name":"The Mausoleum","floor":19,"gold_loss":0},{"cards_removed":["Strike_B"],"damage_healed":0,"gold_gain":0,"player_choice":"Gave Gold","damage_taken":0,"max_hp_gain":0,"max_hp_loss":0,"event_name":"Beggar","floor":20,"gold_loss":75},{"damage_healed":27,"gold_gain":0,"player_choice":"Heal","damage_taken":0,"max_hp_gain":0,"max_hp_loss":0,"event_name":"The Library","floor":27,"gold_loss":0},{"damage_healed":0,"gold_gain":0,"player_choice":"Ignored","damage_taken":0,"max_hp_gain":0,"max_hp_loss":0,"event_name":"Cursed Tome","floor":28,"gold_loss":0},{"damage_healed":0,"gold_gain":0,"player_choice":"Shed Blood","damage_taken":21,"max_hp_gain":5,"max_hp_loss":0,"event_name":"Forgotten Altar","floor":29,"gold_loss":0},{"damage_healed":0,"gold_gain":0,"player_choice":"Took Portal","damage_taken":0,"max_hp_gain":0,"max_hp_loss":0,"event_name":"SecretPortal","floor":36,"gold_loss":0}],"is_beta":false,"boss_relics":[{"not_picked":["Sozu","SlaversCollar"],"picked":"Nuclear Battery"},{"not_picked":["Runic Dome","SacredBark"],"picked":"Cursed Key"}],"items_purged_floors":[],"is_endless":false,"potions_floor_spawned":[4,5,8,14,25],"killed_by":"Time Eater","ascension_level":0}}