{"host":"imy0w7zcgpxryx7c","time":1612048497,"event":{"mods":["AchievementEnabler","BaseMod","Colored Map","Colored Powertips","DeckTracker","Minty Spire (QoL Compilation)","Relic Sorter","StSLib"],"gold_per_floor":[217,57,7,82,96,96,21,41,94,106,150,162,199,230,242,349,361,373,373],"floor_reached":18,"language":"ENG","playtime":2257,"items_purged":["Defend_P"],"score":202,"play_id":"b62fb098-ded3-4854-95d9-71f441288f5b","local_time":"20210130181457","is_ascension_mode":true,"campfire_choices":[{"data":"Worship","floor":6,"key":"SMITH"},{"data":"Brilliance","floor":10,"key":"SMITH"},{"floor":12,"key":"REST"},{"floor":15,"key":"DIG"}],"circlet_count":0,"master_deck":["Strike_P","Strike_P","Strike_P","Strike_P","Defend_P","Defend_P","Defend_P","Vigilance","Worship+1","Brilliance+1","Swivel","SashWhip","WheelKick","Establishment"],"relics":["PureWater","MawBank","Gremlin Horn","Shovel","TungstenRod","Runic Pyramid"],"acts_visited":["Exordium","TheCity"],"potions_floor_usage":[8,13,16],"damage_taken":[{"damage":5,"enemies":"Small Slimes","floor":1,"turns":4},{"damage":1,"enemies":"Cultist","floor":5,"turns":3},{"damage":4,"enemies":"Jaw Worm","floor":8,"turns":3},{"damage":31,"enemies":"Gremlin Nob","floor":11,"turns":5},{"damage":8,"enemies":"3 Sentries","floor":13,"turns":7},{"damage":14,"enemies":"Large Slime","floor":14,"turns":4},{"damage":27,"enemies":"Slime Boss","floor":16,"turns":9},{"damage":2,"enemies":"Spheric Guardian","floor":18,"turns":3}],"seed_played":"7378826212195946889","potions_obtained":[{"floor":8,"key":"Fruit Juice"},{"floor":11,"key":"SkillPotion"},{"floor":14,"key":"Fire Potion"}],"is_trial":false,"path_per_floor":["M","$","?","?","M","R","$","M","T","R","E","R","E","M","R","B",null,"M"],"character_chosen":"WATCHER","items_purchased":["Brilliance"],"campfire_rested":1,"item_purchase_floors":[2],"current_hp_per_floor":[67,67,67,60,59,59,59,60,60,60,29,52,44,30,30,3,77,75,75],"gold":373,"neow_bonus":"HUNDRED_GOLD","is_daily":false,"chose_seed":false,"campfire_upgraded":2,"win_rate":0.0,"timestamp":1612048497,"path_taken":["M","$","?","?","?","R","$","M","T","R","E","R","E","M","R","BOSS","M"],"items_purchased_type":["Card"],"build_version":"2020-12-22","purchased_purges":1,"victory":false,"max_hp_per_floor":[72,72,72,72,72,72,72,77,77,77,77,77,77,77,77,77,77,77,77],"card_choices":[{"not_picked":["ClearTheMind","FollowUp"],"picked":"Worship","floor":1},{"not_picked":["Prostrate","EmptyBody"],"picked":"Swivel","floor":5},{"not_picked":["Halt","CutThroughFate"],"picked":"SashWhip","floor":8},{"not_picked":["EmptyFist","Indignation","SashWhip"],"picked":"SKIP","floor":11},{"not_picked":["PathToVictory","ConjureBlade"],"picked":"WheelKick","floor":13},{"not_picked":["ClearTheMind","EmptyFist","BowlingBash"],"picked":"SKIP","floor":14},{"not_picked":["Omniscience","Judgement"],"picked":"Establishment","floor":16}],"player_experience":326851,"relics_obtained":[{"floor":9,"key":"MawBank"},{"floor":11,"key":"Gremlin Horn"},{"floor":13,"key":"Shovel"},{"floor":15,"key":"TungstenRod"}],"event_choices":[{"cards_removed":["Eruption"],"damage_healed":0,"gold_gain":0,"player_choice":"Card Removal","damage_taken":0,"max_hp_gain":0,"max_hp_loss":0,"event_name":"The Cleric","floor":3,"gold_loss":50},{"damage_healed":0,"gold_gain":75,"player_choice":"Touch","damage_taken":7,"max_hp_gain":0,"max_hp_loss":0,"event_name":"FaceTrader","floor":4,"gold_loss":0}],"is_beta":false,"boss_relics":[{"not_picked":["Runic Dome","Cursed Key"],"picked":"Runic Pyramid"}],"items_purged_floors":[7],"is_endless":false,"potions_floor_spawned":[8,11,14],"killed_by":"Spheric Guardian","ascension_level":4}}