{"host":"lybtjr4pvyhi9yni","time":1612042511,"event":{"mods":["BaseMod","Downfall","Minty Spire (QoL Compilation)","Relic Stats","StSLib"],"gold_per_floor":[99,109,128,146,146,60,60,79,79,79,16,36,68,79,90,90,90,90],"floor_reached":16,"language":"ENG","playtime":1181,"items_purged":[],"score":102,"play_id":"51df95aa-0cfe-4572-832d-2db9f8e0aa70","local_time":"20210130153511","is_ascension_mode":false,"campfire_choices":[{"floor":1,"key":"RECALL"},{"data":"bronze:Goto","floor":9,"key":"SMITH"}],"circlet_count":0,"master_deck":["bronze:Strike","bronze:Strike","bronze:Strike","bronze:Defend","bronze:Defend","bronze:Defend","bronze:Defend","bronze:Replicate","bronze:Goto+1","bronze:Deprecate","bronze:OilSpill","bronze:Break","bronze:Backtrace","bronze:Allocate","bronze:Flail","bronze:Optimize","bronze:FineTuning","bronze:Mutator","bronze:ClassDefault","bronze:Invalidate"],"relics":["bronze:BronzeCore","InkBottle","Blue Candle","Odd Mushroom","Dream Catcher"],"acts_visited":["Exordium"],"potions_floor_usage":[16],"damage_taken":[{"damage":1,"enemies":"Cultist","floor":2,"turns":4},{"damage":7,"enemies":"Jaw Worm","floor":3,"turns":4},{"damage":3,"enemies":"Small Slimes","floor":4,"turns":3},{"damage":0,"enemies":"downfall:FleeingMerchant","floor":6,"turns":4},{"damage":18,"enemies":"Blue Slaver","floor":8,"turns":3},{"damage":5,"enemies":"downfall:FleeingMerchant","floor":11,"turns":4},{"damage":8,"enemies":"The Mushroom Lair","floor":12,"turns":3},{"damage":13,"enemies":"Gremlin Nob","floor":13,"turns":3},{"damage":4,"enemies":"3 Louse","floor":14,"turns":3},{"damage":13,"enemies":"Red Slaver","floor":15,"turns":2},{"damage":3,"enemies":"SI_SHIV_ARCHETYPE","floor":16,"turns":2}],"seed_played":"-3041167328740061463","potions_obtained":[{"floor":2,"key":"Energy Potion"},{"floor":8,"key":"Swift Potion"},{"floor":12,"key":"GamblersBrew"}],"is_trial":false,"path_per_floor":["R","M","M","M","?","$","T","M","R","?","$","?","E","M","M","B"],"character_chosen":"THE_AUTOMATON","items_purchased":["bronze:Allocate","bronze:FineTuning"],"campfire_rested":0,"item_purchase_floors":[6,11],"current_hp_per_floor":[77,76,69,66,66,66,66,48,48,45,40,32,19,15,2,0,0,0],"gold":90,"neow_bonus":"TEN_PERCENT_HP_BONUS","is_daily":false,"chose_seed":false,"campfire_upgraded":1,"win_rate":0.0,"timestamp":1612042511,"path_taken":["R","M","M","M","?","?","T","M","R","?","$","?","E","M","M","BOSS"],"items_purchased_type":["Card","Card"],"build_version":"2020-12-22","purchased_purges":0,"victory":false,"max_hp_per_floor":[77,77,77,77,77,77,77,77,77,77,77,77,77,77,77,77,77,77],"relic_stats":{"Dream Catcher":0,"counters":[11,35],"Blue Candle":[0],"obtain_stats":[{"Dream Catcher":13,"bronze:BronzeCore":0,"Blue Candle":10,"Odd Mushroom":12,"InkBottle":7},{"Dream Catcher":8,"bronze:BronzeCore":0,"Blue Candle":5,"Odd Mushroom":7,"InkBottle":4},{"Dream Catcher":28,"bronze:BronzeCore":0,"Blue Candle":18,"Odd Mushroom":25,"InkBottle":15}],"InkBottle":[8]},"card_choices":[{"not_picked":["bronze:Flail","bronze:Shield"],"picked":"bronze:Deprecate","floor":2},{"not_picked":["bronze:Frontload","bronze:DelayedGuard","bronze:Deprecate"],"picked":"SKIP","floor":3},{"not_picked":["bronze:ChosenStrike","bronze:Branch"],"picked":"bronze:OilSpill","floor":4},{"not_picked":["bronze:Overload","bronze:Branch"],"picked":"bronze:Backtrace","floor":6},{"not_picked":["bronze:FollowUp","bronze:MaxOutput"],"picked":"bronze:Flail","floor":8},{"not_picked":["bronze:Overheat","bronze:BitShift"],"picked":"bronze:Optimize","floor":11},{"not_picked":["bronze:Return","bronze:Optimize"],"picked":"bronze:Mutator","floor":13},{"not_picked":["bronze:WildBeam","bronze:Frontload"],"picked":"bronze:ClassDefault","floor":14},{"not_picked":["bronze:DigitalCarnage","bronze:BuggyMess"],"picked":"bronze:Invalidate","floor":15}],"player_experience":483482,"relics_obtained":[{"floor":7,"key":"InkBottle"},{"floor":12,"key":"Odd Mushroom"},{"floor":13,"key":"Dream Catcher"}],"event_choices":[{"damage_healed":0,"gold_gain":0,"player_choice":"Success","damage_taken":3,"relics_obtained":["Blue Candle"],"max_hp_gain":0,"max_hp_loss":0,"event_name":"Scrap Ooze","floor":10,"gold_loss":0},{"damage_healed":0,"gold_gain":0,"player_choice":"Fought Mushrooms","damage_taken":0,"max_hp_gain":0,"max_hp_loss":0,"event_name":"Mushrooms","floor":12,"gold_loss":0}],"is_beta":false,"boss_relics":[],"items_purged_floors":[],"is_endless":false,"potions_floor_spawned":[2,8,12,13,15],"killed_by":"SI_SHIV_ARCHETYPE","ascension_level":0}}