{"host":"c44ey07ufggfw2m8","time":1612013227,"event":{"mods":["2.2 Compatiblity","BaseMod","Colored Map","DeckTracker","Highlight Path","Keyboard Shortcuts","Minty Spire (QoL Compilation)","Permanent Neow","Quick Restart","StSLib","SuperFastMode","UnlockEverythingMod"],"gold_per_floor":[109,109,128,128,128,128,146,164,164,177,190,190,206,221,221,342,342,361,90,108,131,131,131,131],"floor_reached":23,"language":"KOR","playtime":560,"items_purged":["Riddle With Holes"],"score":281,"play_id":"a66914ca-2809-4b65-b534-4cf2566902b6","local_time":"20210130222707","is_ascension_mode":true,"campfire_choices":[{"data":"Bouncing Flask","floor":6,"key":"SMITH"},{"data":"Blur","floor":12,"key":"SMITH"},{"floor":15,"key":"REST"}],"circlet_count":0,"master_deck":["AscendersBane","Survivor","Neutralize","All Out Attack","Blur+1","Bouncing Flask+1","Poisoned Stab","Deadly Poison","Prepared+1","Dagger Spray","Blade Dance+1","Deadly Poison+1","Footwork","Dodge and Roll+1","Corpse Explosion+1","Burst+1","Tools of the Trade","Backstab","After Image","Phantasmal Killer+1","Burst+1","Crippling Poison+1","Sadistic Nature","Backflip+1"],"relics":["Ring of the Snake","Golden Idol","Toxic Egg 2","Vajra","Pandora\u0027s Box","Enchiridion"],"acts_visited":["Exordium","TheCity"],"potions_floor_usage":[14,16,23,23,23],"damage_taken":[{"damage":0,"enemies":"2 Louse","floor":1,"turns":2},{"damage":1,"enemies":"Jaw Worm","floor":3,"turns":4},{"damage":0,"enemies":"Cultist","floor":7,"turns":2},{"damage":20,"enemies":"Gremlin Gang","floor":8,"turns":4},{"damage":2,"enemies":"2 Fungi Beasts","floor":10,"turns":2},{"damage":0,"enemies":"Looter","floor":11,"turns":2},{"damage":0,"enemies":"Lots of Slimes","floor":13,"turns":1},{"damage":14,"enemies":"Gremlin Gang","floor":14,"turns":3},{"damage":5,"enemies":"Hexaghost","floor":16,"turns":8},{"damage":9,"enemies":"Shell Parasite","floor":18,"turns":4},{"damage":0,"enemies":"3 Byrds","floor":20,"turns":2},{"damage":21,"enemies":"Snecko","floor":21,"turns":4},{"damage":0,"enemies":"Slavers","floor":23,"turns":1}],"seed_played":"5821183671249263226","potions_obtained":[{"floor":3,"key":"Dexterity Potion"},{"floor":7,"key":"Poison Potion"},{"floor":14,"key":"FearPotion"},{"floor":16,"key":"BlessingOfTheForge"},{"floor":18,"key":"Strength Potion"},{"floor":21,"key":"LiquidBronze"}],"is_trial":false,"path_per_floor":["M","?","M","?","?","R","M","M","T","M","M","R","M","M","R","B",null,"M","$","M","M","?","E"],"character_chosen":"THE_SILENT","items_purchased":["Sadistic Nature"],"campfire_rested":1,"item_purchase_floors":[19],"current_hp_per_floor":[45,45,44,44,44,44,44,24,24,22,22,22,22,8,27,22,54,45,45,45,24,8,8,8],"gold":131,"neow_bonus":"TRANSFORM_TWO_CARDS","is_daily":false,"chose_seed":false,"campfire_upgraded":2,"win_rate":0.0,"timestamp":1612013227,"path_taken":["M","?","M","?","?","R","M","?","T","?","M","R","M","M","R","BOSS","M","$","M","?","?","E"],"items_purchased_type":["Card"],"build_version":"2020-12-22","purchased_purges":1,"victory":false,"max_hp_per_floor":[70,65,65,65,65,65,65,65,65,65,65,65,65,65,65,65,65,65,65,65,65,65,65,65],"card_choices":[{"not_picked":["Outmaneuver","Sucker Punch"],"picked":"Bouncing Flask","floor":1},{"not_picked":["Acrobatics","Infinite Blades"],"picked":"Poisoned Stab","floor":3},{"not_picked":["Masterful Stab","Setup+1"],"picked":"Prepared+1","floor":7},{"not_picked":["Flying Knee","Poisoned Stab"],"picked":"Dagger Spray","floor":8},{"not_picked":["Doppelganger+1","All Out Attack"],"picked":"Blade Dance+1","floor":10},{"not_picked":["Terror+1","Bane"],"picked":"Deadly Poison+1","floor":11},{"not_picked":["Poisoned Stab","Choke"],"picked":"Footwork","floor":13},{"not_picked":["Footwork","Choke"],"picked":"Dodge and Roll+1","floor":14},{"not_picked":["Glass Knife","Bullet Time+1"],"picked":"Corpse Explosion+1","floor":16},{"not_picked":["Deadly Poison+1","Dodge and Roll+1"],"picked":"Crippling Poison+1","floor":18},{"not_picked":["Caltrops","Quick Slash","Crippling Poison+1"],"picked":"SKIP","floor":20},{"not_picked":["PiercingWail+1","Flechettes"],"picked":"Backflip+1","floor":21}],"player_experience":96395,"relics_obtained":[{"floor":9,"key":"Vajra"},{"floor":22,"key":"Enchiridion"}],"event_choices":[{"damage_healed":0,"gold_gain":0,"player_choice":"Lose Max HP","damage_taken":0,"relics_obtained":["Golden Idol"],"max_hp_gain":0,"max_hp_loss":5,"event_name":"Golden Idol","floor":2,"gold_loss":0},{"damage_healed":0,"gold_gain":0,"cards_transformed":["Strike_G"],"player_choice":"Change","damage_taken":0,"max_hp_gain":0,"max_hp_loss":0,"event_name":"Living Wall","floor":4,"gold_loss":0,"cards_obtained":["Deadly Poison"]},{"damage_healed":0,"gold_gain":0,"player_choice":"Gave Potion","damage_taken":0,"relics_obtained":["Toxic Egg 2"],"max_hp_gain":0,"max_hp_loss":0,"event_name":"WeMeetAgain","floor":5,"gold_loss":0},{"damage_healed":0,"gold_gain":0,"player_choice":"Obtained Book","damage_taken":16,"max_hp_gain":0,"max_hp_loss":0,"event_name":"Cursed Tome","floor":22,"gold_loss":0}],"is_beta":false,"boss_relics":[{"not_picked":["Ring of the Serpent","Ectoplasm"],"picked":"Pandora\u0027s Box"}],"items_purged_floors":[19],"is_endless":false,"potions_floor_spawned":[3,7,14,16,18,21],"killed_by":"Slavers","ascension_level":10}}