{"host":"m4qpn8a4h7jhbw2f","time":1612038753,"event":{"mods":["BaseMod","Colored Map","Colored Powertips","Minty Spire (QoL Compilation)","Rare Cards Sparkle","Relic Stats"],"gold_per_floor":[19,37,50,62,62,62,62,62,100,112,70,131,131,50,50,169,169,184,184,205,1,21,21,21,21,75,95,69,69,69],"floor_reached":29,"language":"ENG","playtime":1898,"items_purged":["Strike_R"],"score":232,"play_id":"0e6151ca-c119-4b06-ac31-b253682f3f4b","local_time":"20210130153233","is_ascension_mode":true,"campfire_choices":[{"data":"Shockwave","floor":6,"key":"SMITH"},{"floor":10,"key":"REST"},{"data":"Iron Wave","floor":13,"key":"SMITH"},{"data":"Metallicize","floor":15,"key":"SMITH"},{"floor":23,"key":"REST"},{"floor":24,"key":"REST"}],"circlet_count":0,"master_deck":["Strike_R","Strike_R","Strike_R","Strike_R","Defend_R","Defend_R","Defend_R","Defend_R","Bash+1","Dropkick","Shockwave+1","Cleave+1","Iron Wave+1","Flex","Metallicize+1","Double Tap","RitualDagger","Metallicize","Iron Wave","Inflame","Rampage","Flex"],"relics":["Burning Blood","WingedGreaves","Golden Idol","MawBank","PreservedInsect","SlaversCollar","Happy Flower"],"acts_visited":["Exordium","TheCity"],"potions_floor_usage":[16,16],"damage_taken":[{"damage":1,"enemies":"Cultist","floor":1,"turns":3},{"damage":7,"enemies":"2 Louse","floor":2,"turns":3},{"damage":5,"enemies":"Small Slimes","floor":3,"turns":3},{"damage":14,"enemies":"Blue Slaver","floor":4,"turns":5},{"damage":36,"enemies":"The Guardian","floor":16,"turns":15},{"damage":39,"enemies":"Spheric Guardian","floor":18,"turns":6},{"damage":32,"enemies":"3 Byrds","floor":20,"turns":6},{"damage":14,"enemies":"Snecko","floor":22,"turns":6},{"damage":16,"enemies":"Shelled Parasite and Fungi","floor":27,"turns":4},{"damage":39,"enemies":"3 Cultists","floor":29,"turns":6}],"seed_played":"-6125855715484879115","potions_obtained":[{"floor":3,"key":"SkillPotion"},{"floor":4,"key":"PowerPotion"}],"is_trial":false,"path_per_floor":["M","M","M","M","?","R","?","T","T","R","$","?","R","$","R","B",null,"M","?","M","$","M","R","R","?","T","M","$","M"],"character_chosen":"IRONCLAD","items_purchased":["Flex","Metallicize","Metallicize","Iron Wave","Flex"],"campfire_rested":3,"item_purchase_floors":[11,14,21,21,28],"current_hp_per_floor":[80,79,80,72,56,56,36,36,36,60,60,60,60,60,60,30,80,47,41,15,15,7,31,55,47,47,37,37,0,0],"gold":69,"neow_bonus":"ONE_RARE_RELIC","is_daily":false,"chose_seed":false,"campfire_upgraded":3,"win_rate":0.0,"timestamp":1612038753,"path_taken":["M","M","M","?","?","R","?","?","T","R","$","?","R","$","R","BOSS","M","?","M","$","M","R","R","?","T","M","$","?"],"items_purchased_type":["Card","Card","Card","Card","Card"],"build_version":"2020-12-22","purchased_purges":1,"victory":false,"max_hp_per_floor":[80,80,80,80,80,80,80,80,80,80,80,80,80,80,80,80,80,80,80,80,80,80,80,80,80,80,80,80,80,80],"relic_stats":{"Happy Flower":[3],"counters":[10,57],"Golden Idol":39,"PreservedInsect":0,"MawBank":36,"obtain_stats":[{"SlaversCollar":17,"Happy Flower":26,"Golden Idol":7,"WingedGreaves":0,"PreservedInsect":9,"MawBank":8,"Burning Blood":0},{"SlaversCollar":5,"Happy Flower":8,"Golden Idol":4,"WingedGreaves":0,"PreservedInsect":4,"MawBank":4,"Burning Blood":0},{"SlaversCollar":29,"Happy Flower":47,"Golden Idol":14,"WingedGreaves":0,"PreservedInsect":14,"MawBank":14,"Burning Blood":0}],"Burning Blood":49},"card_choices":[{"not_picked":["Warcry","Searing Blow"],"picked":"Dropkick","floor":1},{"not_picked":["Warcry","Flex"],"picked":"Shockwave","floor":2},{"not_picked":["Combust","Clash"],"picked":"Cleave","floor":3},{"not_picked":["Twin Strike","Wild Strike"],"picked":"Iron Wave","floor":4},{"not_picked":["Brutality","Bludgeon"],"picked":"Double Tap","floor":16},{"not_picked":["Warcry","Headbutt","Sever Soul+1"],"picked":"SKIP","floor":18},{"not_picked":["Dark Embrace+1","Dual Wield","Body Slam"],"picked":"SKIP","floor":20},{"not_picked":["Combust","Fire Breathing"],"picked":"Inflame","floor":22},{"not_picked":["Sword Boomerang","Carnage"],"picked":"Rampage","floor":27}],"player_experience":171643,"relics_obtained":[{"floor":8,"key":"MawBank"},{"floor":9,"key":"PreservedInsect"},{"floor":26,"key":"Happy Flower"}],"event_choices":[{"damage_healed":0,"gold_gain":0,"player_choice":"Entered Light","damage_taken":16,"max_hp_gain":0,"max_hp_loss":0,"event_name":"Shining Light","floor":5,"gold_loss":0,"cards_upgraded":["Cleave","Bash"]},{"damage_healed":0,"gold_gain":0,"player_choice":"Take Damage","damage_taken":20,"relics_obtained":["Golden Idol"],"max_hp_gain":0,"max_hp_loss":0,"event_name":"Golden Idol","floor":7,"gold_loss":0},{"damage_healed":0,"gold_gain":61,"player_choice":"Gained Gold","damage_taken":0,"max_hp_gain":0,"max_hp_loss":0,"event_name":"Golden Wing","floor":12,"gold_loss":0},{"damage_healed":0,"gold_gain":0,"player_choice":"Joined the Cult","damage_taken":6,"max_hp_gain":0,"max_hp_loss":0,"event_name":"Nest","floor":19,"gold_loss":0,"cards_obtained":["RitualDagger"]},{"damage_healed":0,"gold_gain":0,"player_choice":"Damaged","damage_taken":8,"max_hp_gain":0,"max_hp_loss":0,"event_name":"Wheel of Change","floor":25,"gold_loss":0}],"is_beta":false,"boss_relics":[{"not_picked":["Runic Pyramid","Fusion Hammer"],"picked":"SlaversCollar"}],"items_purged_floors":[21],"is_endless":false,"potions_floor_spawned":[3,4],"killed_by":"3 Cultists","ascension_level":2}}