{"host":"gf8hyl7jhl0is674","time":1612047157,"event":{"mods":["2.2 Compatiblity","Act Like it!","Aspiration","BaseMod","Chen","Colored Map","Gensokyo","KinomotoSakuraMod(????)","Koishi","Marisa????????","Minty Spire (QoL Compilation)","Onozuka Komachi Mod","Permanent Neow","StSLib","The Administrix","The Blue Laboratory","The Servant 0.9.4","Waifu the Spire"],"gold_per_floor":[120,45,45,55,69,69,69,88,88,105,135,135,135,165,165,263,263,274,294,132,142,142,142],"floor_reached":22,"language":"ENG","playtime":2671,"items_purged":["AdministrixMod:Strike_Administrix"],"score":271,"play_id":"2810752f-530c-4566-9745-ebb4317cf7e0","local_time":"20210130155237","is_ascension_mode":false,"campfire_choices":[{"floor":6,"key":"RECALL"},{"data":"AdministrixMod:BegetEternity","floor":15,"key":"SMITH"}],"circlet_count":0,"master_deck":["AdministrixMod:Strike_Administrix","AdministrixMod:Strike_Administrix","AdministrixMod:Defend_Administrix","AdministrixMod:Defend_Administrix","AdministrixMod:BlueCloak","AdministrixMod:PassageOfAges","Bullet Time","Malaise","Neutralize","AdministrixMod:DiversionaryTactic","AdministrixMod:BegetEternity+1","AdministrixMod:RebukeDesires","AdministrixMod:SyncreticPlunge","Injury","AdministrixMod:ShadowPlay","AdministrixMod:NewbornDivinity","AdministrixMod:RegentEdict","AdministrixMod:PlateOfAntiquity","Gensokyo:Shovel","Gensokyo:ScrapIron","Gensokyo:BlemishedSteel","AdministrixMod:CastOffRegrets"],"relics":["AdministrixMod:ConductorRitualBaton","aspiration:DSix","Gensokyo:Justice","Orichalcum","Kunai","Omamori","Black Star"],"acts_visited":["Gensokyo:Gensokyo","Gensokyo:Gensokyoer"],"potions_floor_usage":[14,19],"damage_taken":[{"damage":0,"enemies":"Gensokyo:2_Kodama","floor":1,"turns":4},{"damage":0,"enemies":"Gensokyo:Gryphon","floor":4,"turns":3},{"damage":0,"enemies":"Gensokyo:3_Fairies","floor":5,"turns":3},{"damage":0,"enemies":"Gensokyo:VengefulSpirit","floor":8,"turns":3},{"damage":0,"enemies":"Gensokyo:Gryphon_and_Rabbit","floor":10,"turns":4},{"damage":21,"enemies":"Gensokyo:Cirno","floor":11,"turns":5},{"damage":0,"enemies":"Gensokyo:Mamizou","floor":14,"turns":5},{"damage":0,"enemies":"Gensokyo:Reimu","floor":16,"turns":9},{"damage":12,"enemies":"Gensokyo:CosmicMonolith","floor":18,"turns":5},{"damage":2,"enemies":"Gensokyo:Chomper","floor":19,"turns":4},{"damage":24,"enemies":"Gensokyo:Slime_Group","floor":21,"turns":5},{"damage":27,"enemies":"Gensokyo:Swordslinger","floor":22,"turns":2}],"seed_played":"5026296843471416664","potions_obtained":[{"floor":8,"key":"Swift Potion"},{"floor":11,"key":"AdministrixMod:AttunementTonic"},{"floor":16,"key":"FearPotion"},{"floor":18,"key":"SkillPotion"}],"is_trial":false,"path_per_floor":["M","$","?","M","M","R","?","M","T","M","E","?","T","E","R","B",null,"M","M","COS","M","M"],"character_chosen":"TheAdministrix","items_purchased":[],"campfire_rested":0,"item_purchase_floors":[],"current_hp_per_floor":[65,65,65,65,65,65,65,65,65,65,44,44,44,44,44,44,65,53,51,51,27,0,0],"gold":142,"neow_bonus":"DSIX","is_daily":false,"chose_seed":false,"campfire_upgraded":1,"win_rate":0.0,"timestamp":1612047157,"path_taken":["M","$","?","M","?","R","?","M","T","M","E","?","?","E","R","BOSS","M","M","COS","M","M"],"items_purchased_type":[],"build_version":"2020-12-22","purchased_purges":1,"victory":false,"max_hp_per_floor":[65,65,65,65,65,65,65,65,65,65,65,65,65,65,65,65,65,65,65,65,65,65,65],"card_choices":[{"not_picked":["AdministrixMod:SealAway","AdministrixMod:FuneraryRites"],"picked":"AdministrixMod:PassageOfAges","floor":1},{"not_picked":["AdministrixMod:TouchOfCinnabar","AdministrixMod:Metempsychosis"],"picked":"AdministrixMod:DiversionaryTactic","floor":4},{"not_picked":["AdministrixMod:RegentEdict","AdministrixMod:TouchOfCinnabar"],"picked":"AdministrixMod:BegetEternity","floor":5},{"not_picked":["AdministrixMod:ExtolVirtue","AdministrixMod:FeastOfDew"],"picked":"AdministrixMod:RebukeDesires","floor":8},{"not_picked":["AdministrixMod:TouchOfCinnabar","AdministrixMod:FeastOfDew"],"picked":"AdministrixMod:SyncreticPlunge","floor":10},{"not_picked":["AdministrixMod:FiendishCrimson","AdministrixMod:DreamsMausoleum","AdministrixMod:Transcension"],"picked":"SKIP","floor":11},{"not_picked":["AdministrixMod:Schism","AdministrixMod:RegentEdict"],"picked":"AdministrixMod:ShadowPlay","floor":14},{"not_picked":["AdministrixMod:GirlsDoItBetter","AdministrixMod:FearOfDeath"],"picked":"AdministrixMod:NewbornDivinity","floor":16},{"not_picked":["AdministrixMod:SeventeenArticleLaser","AdministrixMod:ExtolVirtue+1"],"picked":"AdministrixMod:RegentEdict","floor":18},{"not_picked":["AdministrixMod:RebukeDesires","AdministrixMod:NoblePath"],"picked":"AdministrixMod:PlateOfAntiquity","floor":19},{"not_picked":["AdministrixMod:BloodBargain+1","AdministrixMod:NoblePath"],"picked":"AdministrixMod:CastOffRegrets","floor":21}],"player_experience":351390,"relics_obtained":[{"floor":11,"key":"Orichalcum"},{"floor":14,"key":"Omamori"}],"event_choices":[],"is_beta":false,"boss_relics":[{"not_picked":["aspiration:SilentSkillbook","Ectoplasm"],"picked":"Black Star"}],"items_purged_floors":[2],"is_endless":false,"potions_floor_spawned":[8,11,16,18],"killed_by":"Gensokyo:Swordslinger","ascension_level":0}}