{"host":"gobyjzz6xbwq9f9i","time":1612042848,"event":{"mods":["AchievementEnabler","BaseMod","Bestiary","Colored Map","Minty Spire (QoL Compilation)","Relic Stats"],"gold_per_floor":[118,128,142,154,165,165,190,190,190,201,233,251,251,285,285,386,386,406,420,420,34,34,34,362,362,362,373,373,408,432,446,446,546,546,556,59,94,94,131,158,158,185,208,208,221,131,165,185,185,185],"floor_reached":51,"language":"ENG","playtime":2995,"items_purged":[],"score":922,"play_id":"87aedd47-0002-4a90-bdce-5b8ffe091462","local_time":"20210130134048","is_ascension_mode":false,"campfire_choices":[{"data":"TalkToTheHand","floor":6.0,"key":"SMITH"},{"data":"BowlingBash","floor":8.0,"key":"SMITH"},{"data":"FlurryOfBlows","floor":13.0,"key":"SMITH"},{"data":"Meditate","floor":15,"key":"SMITH"},{"data":"BowlingBash","floor":23,"key":"SMITH"},{"data":"CutThroughFate","floor":25,"key":"SMITH"},{"data":"Ragnarok","floor":32,"key":"SMITH"},{"floor":41,"key":"REST"},{"data":"Wish","floor":49,"key":"SMITH"}],"circlet_count":0,"master_deck":["Strike_P","Strike_P","Defend_P","Defend_P","Eruption","Vigilance","BowlingBash+1","Halt","TalkToTheHand+1","Adaptation","Meditate+1","FlurryOfBlows+1","BowlingBash+1","Ragnarok+1","Vault+1","Meditate+1","ForeignInfluence+1","CutThroughFate+1","FlurryOfBlows+1","Crescendo+1","WreathOfFlame","CutThroughFate","FlyingSleeves","EmptyBody+1","CrushJoints","CutThroughFate+1","Wireheading+1","Wish+1","InnerPeace","ClearTheMind+1","Blind","ThirdEye+1","WaveOfTheHand+1","Crescendo+1","Fasting2+1"],"relics":["Busted Crown","Bird Faced Urn","Question Card","HornCleat","Bottled Lightning","Astrolabe","Prayer Wheel","Old Coin","Art of War","Kunai","War Paint","Cursed Key","Letter Opener","Melange","FossilizedHelix","Meat on the Bone","Anchor","Happy Flower"],"acts_visited":["Exordium","TheCity","TheBeyond"],"potions_floor_usage":[14,24,50],"damage_taken":[{"damage":0.0,"enemies":"Small Slimes","floor":1.0,"turns":3.0},{"damage":0.0,"enemies":"2 Louse","floor":2.0,"turns":1.0},{"damage":0.0,"enemies":"Cultist","floor":3.0,"turns":2.0},{"damage":0.0,"enemies":"Large Slime","floor":4.0,"turns":4.0},{"damage":0.0,"enemies":"Exordium Wildlife","floor":5.0,"turns":3.0},{"damage":10.0,"enemies":"Lagavulin","floor":7.0,"turns":8.0},{"damage":1.0,"enemies":"Blue Slaver","floor":10.0,"turns":4.0},{"damage":1.0,"enemies":"3 Sentries","floor":11.0,"turns":4.0},{"damage":0.0,"enemies":"Large Slime","floor":12.0,"turns":3.0},{"damage":5,"enemies":"Lagavulin","floor":14,"turns":3},{"damage":9,"enemies":"Hexaghost","floor":16,"turns":9},{"damage":0,"enemies":"3 Byrds","floor":18,"turns":3},{"damage":0,"enemies":"Spheric Guardian","floor":19,"turns":2},{"damage":31,"enemies":"Gremlin Leader","floor":24,"turns":5},{"damage":2,"enemies":"Snecko","floor":27,"turns":3},{"damage":9,"enemies":"Book of Stabbing","floor":29,"turns":4},{"damage":0,"enemies":"Cultist and Chosen","floor":31,"turns":3},{"damage":0,"enemies":"Automaton","floor":33,"turns":8},{"damage":0,"enemies":"3 Darklings","floor":35,"turns":3},{"damage":9,"enemies":"Orb Walker","floor":37,"turns":4},{"damage":0,"enemies":"Transient","floor":39,"turns":5},{"damage":36,"enemies":"Reptomancer","floor":40,"turns":5},{"damage":0,"enemies":"Nemesis","floor":42,"turns":4},{"damage":0,"enemies":"4 Shapes","floor":45,"turns":6},{"damage":0,"enemies":"Reptomancer","floor":47,"turns":4},{"damage":0,"enemies":"Jaw Worm Horde","floor":48,"turns":5},{"damage":12,"enemies":"Time Eater","floor":50,"turns":8}],"seed_played":"-2337640063878369253","potions_obtained":[{"floor":2.0,"key":"AttackPotion"},{"floor":5.0,"key":"FairyPotion"},{"floor":10.0,"key":"PowerPotion"},{"floor":11.0,"key":"AttackPotion"},{"floor":14,"key":"FearPotion"},{"floor":24,"key":"Ancient Potion"},{"floor":29,"key":"SteroidPotion"}],"is_trial":false,"path_per_floor":["M","M","M","M","M","R","E","R","T","M","E","M","R","E","R","B",null,"M","M","?","$","?","R","E","R","T","M","?","E","T","M","R","B",null,"M","$","M","?","M","E","R","E","T","T","M","?","E","M","R","B",null],"character_chosen":"WATCHER","items_purchased":["Crescendo","Prayer Wheel","WreathOfFlame","Letter Opener","Blind","Melange"],"campfire_rested":1,"item_purchase_floors":[21,21,21,36,36,36],"current_hp_per_floor":[72,72,72,72,72,72,62,62,62,63,62,64,64,61,61,54,72,72,72,72,72,72,72,41,41,41,41,41,34,34,36,36,40,72,72,72,65,65,67,35,56,60,60,60,62,62,62,66,66,60],"gold":185,"neow_bonus":"BOSS_RELIC","is_daily":false,"chose_seed":false,"campfire_upgraded":8,"win_rate":0.0,"timestamp":1612042848,"path_taken":["M","M","M","M","M","R","E","R","T","M","E","M","R","E","R","BOSS","M","M","?","$","?","R","E","R","T","?","?","E","?","M","R","BOSS","M","$","M","?","M","E","R","E","T","?","M","?","E","?","R","BOSS"],"items_purchased_type":["Card","Relic","Card","Relic","Card","Relic"],"build_version":"2020-12-22","purchased_purges":0,"victory":true,"max_hp_per_floor":[72,72,72,72,72,72,72,72,72,72,72,72,72,72,72,72,72,72,72,72,72,72,72,72,72,72,72,72,72,72,72,72,72,72,72,72,72,72,72,72,72,72,72,72,72,72,72,72,72,72],"relic_stats":{"Happy Flower":[4],"counters":[27,116],"Astrolabe":["Vault","Meditate","ForeignInfluence"],"Melange":[15],"Letter Opener":[103],"War Paint":["Crescendo","EmptyBody"],"Question Card":28,"Cursed Key":1,"Busted Crown":68,"Bird Faced Urn":[42],"Prayer Wheel":7,"Art of War":[2],"Kunai":[34],"obtain_stats":[{"Happy Flower":47,"Astrolabe":17,"Melange":36,"Letter Opener":36,"War Paint":30,"Question Card":9,"Cursed Key":34,"Old Coin":24,"Anchor":43,"Busted Crown":0,"HornCleat":11,"Bird Faced Urn":7,"Prayer Wheel":21,"Art of War":26,"Bottled Lightning":14,"Kunai":29,"PureWater":0,"FossilizedHelix":40,"Meat on the Bone":42},{"Happy Flower":25,"Astrolabe":11,"Melange":19,"Letter Opener":19,"War Paint":16,"Question Card":6,"Cursed Key":18,"Old Coin":14,"Anchor":23,"Busted Crown":0,"HornCleat":8,"Bird Faced Urn":6,"Prayer Wheel":13,"Art of War":14,"Bottled Lightning":10,"Kunai":16,"PureWater":0,"FossilizedHelix":22,"Meat on the Bone":23},{"Happy Flower":103,"Astrolabe":44,"Melange":75,"Letter Opener":75,"War Paint":61,"Question Card":21,"Cursed Key":72,"Old Coin":54,"Anchor":93,"Busted Crown":0,"HornCleat":29,"Bird Faced Urn":21,"Prayer Wheel":49,"Art of War":54,"Bottled Lightning":35,"Kunai":61,"PureWater":0,"FossilizedHelix":89,"Meat on the Bone":93}],"Meat on the Bone":0},"card_choices":[{"not_picked":[],"picked":"BowlingBash","floor":1.0},{"not_picked":["Study"],"picked":"SKIP","floor":2.0},{"not_picked":["Prostrate"],"picked":"SKIP","floor":3.0},{"not_picked":[],"picked":"Halt","floor":4.0},{"not_picked":[],"picked":"TalkToTheHand","floor":5.0},{"not_picked":[],"picked":"Adaptation","floor":7.0},{"not_picked":["Protect"],"picked":"Meditate","floor":10.0},{"not_picked":["EmptyFist"],"picked":"FlurryOfBlows","floor":11.0},{"not_picked":["Meditate","ForeignInfluence"],"picked":"SKIP","floor":12.0},{"not_picked":["Worship"],"picked":"BowlingBash","floor":14},{"not_picked":["Omniscience"],"picked":"Ragnarok","floor":16},{"not_picked":["SashWhip"],"picked":"CutThroughFate","floor":18},{"not_picked":["Protect"],"picked":"FlurryOfBlows","floor":19},{"not_picked":["Swivel"],"picked":"FlyingSleeves","floor":24},{"not_picked":["FlyingSleeves"],"picked":"EmptyBody","floor":27},{"not_picked":["Protect","EmptyBody"],"picked":"SKIP","floor":27},{"not_picked":["SashWhip","EmptyBody"],"picked":"SKIP","floor":29},{"not_picked":["Vengeance"],"picked":"CutThroughFate+1","floor":31},{"not_picked":["Protect"],"picked":"Wireheading+1","floor":31},{"not_picked":["Omniscience"],"picked":"Wish","floor":33},{"not_picked":["ReachHeaven"],"picked":"InnerPeace","floor":35},{"not_picked":["FlyingSleeves+1"],"picked":"ClearTheMind+1","floor":35},{"not_picked":["JustLucky","CrushJoints+1"],"picked":"SKIP","floor":37},{"not_picked":["Worship","Crescendo"],"picked":"SKIP","floor":37},{"not_picked":["Protect+1"],"picked":"ThirdEye+1","floor":39},{"not_picked":["SashWhip+1"],"picked":"WaveOfTheHand+1","floor":39},{"not_picked":["SashWhip","PathToVictory+1"],"picked":"SKIP","floor":40},{"not_picked":["ForeignInfluence"],"picked":"Crescendo+1","floor":42},{"not_picked":["Alpha","Sanctity+1"],"picked":"SKIP","floor":45},{"not_picked":["Collect+1","JustLucky"],"picked":"SKIP","floor":45},{"not_picked":["Vengeance+1"],"picked":"Fasting2+1","floor":47},{"not_picked":["EmptyMind","Protect+1"],"picked":"SKIP","floor":48},{"not_picked":["Collect+1","PathToVictory+1"],"picked":"SKIP","floor":48}],"player_experience":1217599,"relics_obtained":[{"floor":7.0,"key":"Bird Faced Urn"},{"floor":9.0,"key":"Question Card"},{"floor":11.0,"key":"HornCleat"},{"floor":14,"key":"Bottled Lightning"},{"floor":24,"key":"Old Coin"},{"floor":26,"key":"Art of War"},{"floor":29,"key":"Kunai"},{"floor":30,"key":"War Paint"},{"floor":40,"key":"FossilizedHelix"},{"floor":42,"key":"Meat on the Bone"},{"floor":43,"key":"Anchor"},{"floor":47,"key":"Happy Flower"}],"event_choices":[{"damage_healed":0,"gold_gain":0,"player_choice":"Ignored","damage_taken":0,"max_hp_gain":0,"max_hp_loss":0,"event_name":"Beggar","floor":20,"gold_loss":0},{"damage_healed":0,"gold_gain":0,"cards_transformed":["Strike_P"],"player_choice":"Transformed","damage_taken":0,"max_hp_gain":0,"max_hp_loss":0,"event_name":"Transmorgrifier","floor":22,"gold_loss":0,"cards_obtained":["CutThroughFate"]},{"damage_healed":0,"gold_gain":0,"player_choice":"Read","damage_taken":0,"max_hp_gain":0,"max_hp_loss":0,"event_name":"The Library","floor":28,"gold_loss":0,"cards_obtained":["CrushJoints"]},{"damage_healed":0,"gold_gain":0,"player_choice":"Memory 1","damage_taken":0,"max_hp_gain":0,"max_hp_loss":0,"event_name":"SensoryStone","floor":38,"gold_loss":0},{"cards_removed":["Doubt"],"damage_healed":0,"gold_gain":0,"player_choice":"Upgrade and Remove","damage_taken":0,"max_hp_gain":0,"max_hp_loss":0,"event_name":"Designer","floor":46,"gold_loss":90,"cards_upgraded":["FlurryOfBlows"]}],"is_beta":false,"boss_relics":[{"not_picked":["Black Star","Snecko Eye"],"picked":"Astrolabe"},{"not_picked":["Philosopher\u0027s Stone","Velvet Choker"],"picked":"Cursed Key"}],"items_purged_floors":[],"is_endless":false,"potions_floor_spawned":[2,5,10,11,14,19,24,29,39,40,45],"ascension_level":0}}